{"host":"pieflzu1toyu3gz6","time":1612764247,"event":{"mods":["BaseMod","BetterRewards","Friendly Minions","HololiveMod","Hubris","Kiyohime¡]²M®V¡^","Koishi","Marisa¡]Ãú«B¡@Å]²z¨F¡^","Minty Spire (QoL Compilation)","Prisma Mod","Remilia¡]Á¢¦Ì²ú?¡^","Shop Mod","StSLib","The Bladedancer","The Bug Knight","The Servant 0.9.4","The Wild Card","Youmu¡]»î¾z§¯?¡^"],"gold_per_floor":[118,118,118,118,43,74,74,87,87,97,111,111,145,171,171,269,269,279,293,303,322,332,365,375,400,400,417,435,448,448,468,468,565,565,580,580,580,592,609,641,641,218,218,233,251,251,246,258,258,258],"floor_reached":51,"language":"ZHS","playtime":2658,"items_purged":["Strike_YM"],"score":790,"play_id":"6566876d-50f8-4cd8-8581-c01b04206248","local_time":"20210208140407","is_ascension_mode":false,"campfire_choices":[{"data":"CherryBlossomSword","floor":12,"key":"SMITH"},{"data":"Defend_YM","floor":15,"key":"SMITH"},{"floor":32,"key":"REST"},{"data":"HeartExcerptSlash","floor":41,"key":"SMITH"},{"floor":46,"key":"REST"},{"data":"SwordExtraction","floor":49,"key":"SMITH"}],"circlet_count":0,"master_deck":["Strike_YM","Strike_YM","Strike_YM+1","Defend_YM+1","Defend_YM","Defend_YM","SlashOfPresentWorld+1","WheelOfPainOfLivingAndDead+1","SanzenSekai","CherryBlossomSword+1","PretaSword","FlashingScatteredFlowers+1","LowerRealmReflectionSlash","CrescentMoonSlash","HellRealmSword","SuddenPhantomFormationSlashOfKarmicWind+1","PhosphoricSlash+1","HeartExcerptSlash+1","HumanRealmSword+1","HellGodSword+1","LifeCuttingSword","SanzenSekai","HeavenlyHaloSlash+1","AsTheSilentNirvana+1","SlashOfMeditation","LotusPostureSlash+1","StrangeHalfBody","SwordExtraction+1","HumanGodSword","Mayhem"],"relics":["HalfPhantom","NeowsBlessing","hubris:GlazedTorus","hubris:Towel","AntiCross","hubris:SphereOfDissonance","Thread and Needle","Whetstone","hubris:ScarierMask","FencingExperience","hubris:BottledRain","hubris:DeckOfHolding","Hololive_TopUpMoneyS","Oddly Smooth Stone","Happy Flower","Pantograph","War Paint"],"acts_visited":["Exordium","TheCity","TheBeyond"],"potions_floor_usage":[22,24,25,39,44,50],"damage_taken":[{"damage":0,"enemies":"Jaw Worm","floor":1,"turns":1},{"damage":0,"enemies":"Gremlin Nob","floor":6,"turns":1},{"damage":0,"enemies":"Small Slimes","floor":8,"turns":1},{"damage":0,"enemies":"Cultist","floor":10,"turns":2},{"damage":0,"enemies":"Blue Slaver","floor":11,"turns":1},{"damage":15,"enemies":"3 Sentries","floor":13,"turns":4},{"damage":40,"enemies":"The Guardian","floor":16,"turns":6},{"damage":0,"enemies":"Spheric Guardian","floor":18,"turns":3},{"damage":8,"enemies":"Shell Parasite","floor":19,"turns":2},{"damage":0,"enemies":"3 Cultists","floor":20,"turns":3},{"damage":0,"enemies":"Snecko","floor":21,"turns":3},{"damage":0,"enemies":"Snake Plant","floor":22,"turns":2},{"damage":19,"enemies":"Book of Stabbing","floor":23,"turns":3},{"damage":2,"enemies":"Cultist and Chosen","floor":24,"turns":2},{"damage":7,"enemies":"Gremlin Leader","floor":25,"turns":3},{"damage":0,"enemies":"Sentry and Sphere","floor":27,"turns":2},{"damage":17,"enemies":"Snake Plant","floor":28,"turns":3},{"damage":5,"enemies":"Centurion and Healer","floor":29,"turns":2},{"damage":6,"enemies":"Shelled Parasite and Fungi","floor":31,"turns":2},{"damage":8,"enemies":"Champ","floor":33,"turns":5},{"damage":6,"enemies":"Orb Walker","floor":35,"turns":2},{"damage":0,"enemies":"3 Shapes","floor":38,"turns":2},{"damage":0,"enemies":"Jaw Worm Horde","floor":39,"turns":2},{"damage":5,"enemies":"Giant Head","floor":40,"turns":5},{"damage":0,"enemies":"Transient","floor":44,"turns":5},{"damage":9,"enemies":"Sphere and 2 Shapes","floor":45,"turns":1},{"damage":11,"enemies":"Nemesis","floor":47,"turns":7},{"damage":10,"enemies":"Maw","floor":48,"turns":3},{"damage":51,"enemies":"Time Eater","floor":50,"turns":8}],"seed_played":"1010269329622880000","potions_obtained":[{"floor":8,"key":"Explosive Potion"},{"floor":10,"key":"Weak Potion"},{"floor":13,"key":"FearPotion"},{"floor":16,"key":"SkillPotion"},{"floor":22,"key":"AttackPotion"},{"floor":28,"key":"Energy Potion"},{"floor":29,"key":"CausticAgent"},{"floor":39,"key":"EssenceOfSteel"},{"floor":44,"key":"GamblersBrew"}],"is_trial":false,"path_per_floor":["M","?","?","?","$","E","$","M","T","M","M","R","E","T","R","B",null,"M","M","M","M","M","E","M","E","T","M","M","M","?","M","R","B",null,"M","?","?","M","M","E","R","$","T","M","M","R","E","M","R","B",null],"character_chosen":"YOUMU","items_purchased":["Happy Flower","SwordExtraction","HumanGodSword","Mayhem"],"campfire_rested":2,"item_purchase_floors":[42,42,42,42],"current_hp_per_floor":[75,72,72,72,72,72,72,72,72,72,72,72,57,57,57,17,75,75,67,67,67,67,48,46,39,39,39,22,17,42,36,58,50,75,69,69,69,69,69,64,64,64,64,64,55,75,64,54,54,24],"gold":258,"neow_bonus":"THREE_ENEMY_KILL","is_daily":false,"chose_seed":false,"campfire_upgraded":4,"win_rate":0.0,"timestamp":1612764247,"path_taken":["M","?","?","?","$","E","$","?","T","M","M","R","E","?","R","BOSS","M","M","M","M","M","E","M","E","T","M","M","?","?","M","R","BOSS","M","?","?","M","M","E","R","$","T","M","M","R","E","M","R","BOSS"],"items_purchased_type":["Relic","Card","Card","Card"],"build_version":"2020-12-22","purchased_purges":1,"victory":true,"max_hp_per_floor":[75,75,75,75,75,75,75,75,75,75,75,75,75,75,75,75,75,75,75,75,75,75,75,75,75,75,75,75,75,75,75,75,75,75,75,75,75,75,75,75,75,75,75,75,75,75,75,75,75,75],"card_choices":[{"not_picked":["HumanKnowledgeSword","SwordOfBindingDesires"],"picked":"SanzenSekai","floor":1},{"not_picked":["DispleasureOfTheSevenHakus","SlashClearingTheSixSenses"],"picked":"CherryBlossomSword","floor":6},{"not_picked":["TwoHundredYojanaInOneSlash","SwordOfBindingDesires"],"picked":"PretaSword","floor":8},{"not_picked":["ThreeKonsSevenHakus","LotusPostureSlash"],"picked":"FlashingScatteredFlowers","floor":10},{"not_picked":["GhostSword","BizarrenessOfSixRealms"],"picked":"LowerRealmReflectionSlash","floor":11},{"not_picked":["HumanKnowledgeSword","SlashOfMeditation"],"picked":"CrescentMoonSlash","floor":13},{"not_picked":["StrangeHalfBody","HeavenGodSword"],"picked":"HellRealmSword","floor":16},{"not_picked":["HellGodSword","RapidSlash"],"picked":"SuddenPhantomFormationSlashOfKarmicWind+1","floor":18},{"not_picked":["CherryBlossomFlashing","DispleasureOfTheSevenHakus"],"picked":"PhosphoricSlash+1","floor":19},{"not_picked":["LightFlashOfTheNetherworld","CrescentMoonSlash"],"picked":"HeartExcerptSlash","floor":20},{"not_picked":["ConstancyOfTheConventionalTruth+1","LowerRealmReflectionSlash"],"picked":"HumanRealmSword","floor":21},{"not_picked":["LowerRealmReflectionSlash","SlashOfDelusionalInnerEye"],"picked":"HellGodSword+1","floor":22},{"not_picked":["FlashingScatteredFlowers","FourBirthsSword"],"picked":"LifeCuttingSword","floor":23},{"not_picked":["BloodOfAsura+1","HeartExcerptSlash"],"picked":"SanzenSekai","floor":24},{"not_picked":["SlashClearingTheSixSenses+1","FiveSignsOfTheDyingDeva"],"picked":"HeavenlyHaloSlash+1","floor":25},{"not_picked":["SwordExtraction","ThreeKonsSevenHakus"],"picked":"AsTheSilentNirvana+1","floor":27},{"not_picked":["FlashingScatteredFlowers","LifeCuttingSword+1"],"picked":"SlashOfMeditation","floor":28},{"not_picked":["SlashClearingTheSixSenses+1","PhosphoricSlash"],"picked":"LotusPostureSlash+1","floor":29},{"not_picked":["SlashOfMeditation","RapidSlash","FastingOfTheYoungPreta"],"picked":"SKIP","floor":31},{"not_picked":["GreatEnlightenmentAppearingAndDisappearing","WickedSoul"],"picked":"StrangeHalfBody","floor":33}],"player_experience":8418,"relics_obtained":[{"floor":6,"key":"AntiCross"},{"floor":9,"key":"hubris:SphereOfDissonance"},{"floor":13,"key":"Thread and Needle"},{"floor":14,"key":"Whetstone"},{"floor":23,"key":"FencingExperience"},{"floor":25,"key":"hubris:BottledRain"},{"floor":26,"key":"hubris:DeckOfHolding"},{"floor":40,"key":"Oddly Smooth Stone"},{"floor":43,"key":"Pantograph"},{"floor":47,"key":"War Paint"}],"event_choices":[{"damage_healed":0,"gold_gain":0,"player_choice":"Success","damage_taken":3,"relics_obtained":["hubris:GlazedTorus"],"max_hp_gain":0,"max_hp_loss":0,"event_name":"Scrap Ooze","floor":2,"gold_loss":0},{"damage_healed":25,"gold_gain":0,"player_choice":"Heal","damage_taken":0,"max_hp_gain":0,"max_hp_loss":0,"event_name":"The Library","floor":30,"gold_loss":0},{"cards_removed":["Defend_YM"],"damage_healed":0,"gold_gain":0,"player_choice":"Removed Skill","damage_taken":0,"max_hp_gain":0,"max_hp_loss":0,"event_name":"Falling","floor":36,"gold_loss":0},{"damage_healed":0,"gold_gain":0,"player_choice":"Ignored","damage_taken":0,"max_hp_gain":0,"max_hp_loss":0,"event_name":"Tomb of Lord Red Mask","floor":37,"gold_loss":0}],"is_beta":false,"boss_relics":[{"not_picked":["hubris:BlackHole","hubris:HollowSoul"],"picked":"hubris:ScarierMask"},{"not_picked":["hubris:Stopwatch","Black Star"],"picked":"Hololive_TopUpMoneyS"}],"items_purged_floors":[5],"is_endless":false,"potions_floor_spawned":[8,10,13,16,19,20,22,28,29,39,40,44],"ascension_level":0}}