{"host":"rlwsj8oje50c4na7","time":1612793867,"event":{"mods":["2.2 Compatiblity","Act Like it!","Arknights","Aspiration","BaseMod","Beaked The Cultist","Bestiary","Better Altar","Better Match","Better Note","Better Sensory Stone","Better Skull","Better Third Choice","Better Vampires","BetterRewards","Bossed Relics","Colored Map","Colored Powertips","Conspire","Defuse TimeMaze Blight","Energized Spire","Friendly Minions","Gensokyo","GifTheSpireLib","GungeonMod","Halation","Hallownest","Hermit","Highlight Path","Hubris","Infinite Spire","Ironclad Rager","Jedi Mod","JesterMod","Jorbs\u0027s Wanderer Trilogy","Mad Scientist","Minty Spire (QoL Compilation)","Pale of the Ancients","Quick Restart","Random Character Button","Relic Filter","Relic Stats","Reliquary","Reorder Act Four","Replay The Spire","Retaliation","Shade Mod","Shop Mod","Spicy Shops","StSLib","Stuff the Spire","The Administrix","The Blackbeard","The Bladedancer","The Blue Laboratory","The Bug Knight","The Clintock","The Construct","The Cursed","The Disciple","The Exalted","The Hierophant","The IronCluck","The Judge","The Kombatant","The Marked","The Mystic","The Necromancer","The Runesmith","The Servant 0.9.4","TheSwordswoman","Waifu the Spire","everything is the same but u backflip on backflip","slay the spire mod where everything is the same but ironclad has a cowboy hat"],"gold_per_floor":[110,121,121,46,56,86,98,123,135,182,194,246,258,295,307,416,428,455,467,479,509,539,576,605,642,654,666,708,720,732,755,767,880,892,916,940,877,907,44,75,75,75,75,75,95,127,127,142,142,142,142,82,82,107,107],"floor_reached":56,"language":"ENG","playtime":11803,"items_purged":["Voices","WordoMod:Infected","Sickly"],"score":1405,"play_id":"9c110728-402c-46f2-93f8-f46164bef078","local_time":"20210208161747","is_ascension_mode":true,"campfire_choices":[{"data":"HollowMod:FocusHealStart","floor":7.0,"key":"SMITH"},{"data":"HollowMod:LifebloodCocoon","floor":11.0,"key":"SMITH"},{"floor":15.0,"key":"RECALL"},{"data":"HollowMod:VoidDash","floor":30.0,"key":"SMITH"},{"data":"HollowMod:HeavyBlow","floor":32.0,"key":"SMITH"},{"data":"HollowMod:VengefulVoid","floor":41.0,"key":"SMITH"},{"data":"HollowMod:LordofShades","floor":44.0,"key":"SMITH"},{"data":"HollowMod:VengefulVoid","floor":49.0,"key":"SMITH"},{"data":"HollowMod:CloakDash","floor":53,"key":"SMITH"}],"circlet_count":0,"master_deck":["HollowMod:NailStrikeStart","HollowMod:NailStrikeStart","HollowMod:NailStrikeStart","HollowMod:NailStrikeStart","HollowMod:QuickDashStart","HollowMod:QuickDashStart+1","HollowMod:QuickDashStart","HollowMod:QuickDashStart","HollowMod:FocusHealStart+1","HollowMod:PogoStrike","HollowMod:VengefulVoid+1","HollowMod:LifebloodCocoon+1","HollowMod:PerfectDash","HollowMod:HeavyBlow+1","HollowMod:BlackTendrils","HollowMod:VoidDash+1","HollowMod:SiblingsShadow+1","HollowMod:VengefulVoid+1","HollowMod:ShadowDash+1","HollowMod:CloakDash+1","HollowMod:MonarchWings+1","Replay:BasicMightCard+1","Sadistic Nature","HollowMod:LordofShades+1","HollowMod:VengefulVoid+1","HollowMod:HuntersJournal+1"],"relics":["Coffee Dripper","hubris:Icosahedron","Hallownest:BankAccountRelic","MawBank","StuffTheSpire:PointBlank","reliquary:PorcupineQuills","Bromod:ArcaneTrickery","energizedSpire:CursedPentagram","hubris:Towel","HollowMod:QueensCombRelic","StuffTheSpire:Barrel","StuffTheSpire:CocoNut","ReplayTheSpireMod:Ring of Addiction","Toy Ornithopter","Chameleon Ring","ReplayTheSpireMod:Ring of Exchange","Runesmith:AutoHammer","Bronze Scales","Philosopher\u0027s Stone","hubris:Spice","HollowMod:StagPassRelic","Ornamental Fan","DemoMod:NanoMachines","jedi:gremlinknob"],"acts_visited":["Hallownest:Greenpath","Hallownest:CityofTears","Hallownest:KingdomsEdge","TheEnding"],"potions_floor_usage":[54],"damage_taken":[{"damage":0.0,"enemies":"Hallownest:monsterHuskWarrior","floor":1.0,"turns":2.0},{"damage":0.0,"enemies":"Hallownest:2_Tiktiks_and_1_Crawlid","floor":2.0,"turns":3.0},{"damage":0.0,"enemies":"2_ Uuma","floor":5.0,"turns":5.0},{"damage":28.0,"enemies":"Hallownest:eliteCrystalGuardian","floor":6.0,"turns":6.0},{"damage":0.0,"enemies":"Hallownest:MossCreep_and_Mosskin","floor":8.0,"turns":8.0},{"damage":0.0,"enemies":"Hallownest:eliteVengeflyKing","floor":10.0,"turns":10.0},{"damage":18.0,"enemies":"conspire:MimicChest","floor":12.0,"turns":9.0},{"damage":0.0,"enemies":"Hallownest:eliteMossKnight","floor":14.0,"turns":15.0},{"damage":7.0,"enemies":"Hallownest:BossBrokenVessel","floor":16.0,"turns":24.0},{"damage":0.0,"enemies":"Hallownest:3_Youths","floor":18.0,"turns":9.0},{"damage":0.0,"enemies":"Hallownest:Guard_and_Sentry","floor":21.0,"turns":4.0},{"damage":0.0,"enemies":"Hallownest:2_Husk_Sentries","floor":22.0,"turns":5.0},{"damage":62.0,"enemies":"Hallownest:eliteWatcherKnight","floor":23.0,"turns":16.0},{"damage":18.0,"enemies":"Hallownest:Master_and_Novice","floor":24.0,"turns":4.0},{"damage":0.0,"enemies":"Hallownest:Nosk","floor":25.0,"turns":10.0},{"damage":2.0,"enemies":"Hallownest:eliteSoulWarrior","floor":28.0,"turns":4.0},{"damage":6.0,"enemies":"Hallownest:2_Flukemon","floor":31.0,"turns":5.0},{"damage":14.0,"enemies":"Hallownest:BossSoulMaster","floor":33.0,"turns":14.0},{"damage":15.0,"enemies":"Hallownest:2_Littles","floor":35.0,"turns":4.0},{"damage":0.0,"enemies":"Hallownest:Shield_Heavy","floor":36.0,"turns":4.0},{"damage":39.0,"enemies":"Hallownest:Xero_Hu_Marmu","floor":38.0,"turns":9.0},{"damage":0.0,"enemies":"Hallownest:eliteHiveKnight","floor":40.0,"turns":8.0},{"damage":0.0,"enemies":"Hallownest:2_Wing_and_1_Kings","floor":45.0,"turns":6.0},{"damage":0.0,"enemies":"Hallownest:eliteCollector","floor":46.0,"turns":6.0},{"damage":0.0,"enemies":"Hallownest:Slobbering_and_Violent","floor":48.0,"turns":4.0},{"damage":42,"enemies":"Hallownest:BossHollowKnight","floor":50,"turns":6},{"damage":24,"enemies":"Shield and Spear","floor":54,"turns":4},{"damage":20,"enemies":"The Heart","floor":55,"turns":6}],"seed_played":"5079816589784435660","potions_obtained":[{"floor":2.0,"key":"Fire Potion"},{"floor":10.0,"key":"blueLaboratory:SavagePotion"},{"floor":16.0,"key":"SmokeBomb"},{"floor":18.0,"key":"DDmod:CleansePotion"},{"floor":24.0,"key":"blueLaboratory:AbyssPotion"},{"floor":27.0,"key":"blueLaboratory:BubblePotion"},{"floor":27.0,"key":"Strength Potion"},{"floor":27.0,"key":"jedi:wingpotion"},{"floor":33.0,"key":"SpeedPotion"},{"floor":38.0,"key":"blueLaboratory:NullPotion"},{"floor":40.0,"key":"blueLaboratory:TrueEctoplasm"},{"floor":45.0,"key":"Milkshake"}],"is_trial":false,"path_per_floor":["M","M","?","?","M","E","R","M","T","E","R","?","?","E","R","B",null,"M","?","?","M","M","E","M","E","T","?","E","T","R","M","R","B",null,"M","M","?","M","$","E","R","T","T","R","M","E","AVR","M","R","B",null,"$","R","E","B",null],"character_chosen":"THE_BUGKNIGHT","items_purchased":["hubris:Spice","HollowMod:StagPassRelic","Sadistic Nature"],"campfire_rested":0,"item_purchase_floors":[39,39,39],"current_hp_per_floor":[75,75,75,75,75,47,47,59,59,71,71,61,61,75,75,75,75,75,75,75,75,75,28,31,50,57,57,57,57,57,57,55,55,55,45,53,53,27,35,59,59,57,57,57,55,63,55,53,53,11,53,51,51,32,33],"gold":107,"neow_bonus":"BOSS_RELIC","is_daily":false,"chose_seed":false,"campfire_upgraded":8,"win_rate":0.0,"timestamp":1612793867,"path_taken":["M","M","?","?","M","E","R","M","T","E","R","?","?","E","R","BOSS","M","?","?","?","M","E","M","E","T","?","E","?","R","M","R","BOSS","M","M","?","M","$","E","R","?","T","R","M","E","AVR","?","R","BOSS","$","R","E","BOSS"],"items_purchased_type":["Relic","Relic","Card"],"build_version":"2020-12-22","purchased_purges":3,"victory":true,"max_hp_per_floor":[75,75,75,75,75,75,75,75,75,75,75,75,75,75,75,75,75,75,75,75,75,75,50,50,50,57,57,57,57,57,57,55,55,55,53,53,53,53,59,59,59,57,57,57,55,63,55,53,53,53,53,51,51,43,43],"relic_stats":{"counters":[28,210],"Ornamental Fan":[60],"Bronze Scales":[288],"MawBank":396,"obtain_stats":[{"ReplayTheSpireMod:Ring of Exchange":27,"StuffTheSpire:Barrel":25,"HollowMod:VesselMask":0,"DemoMod:GlassGuonStoneRelic":5,"HollowMod:StagPassRelic":39,"hubris:Icosahedron":3,"energizedSpire:CursedPentagram":17,"Chameleon Ring":27,"Bromod:ArcaneTrickery":14,"Philosopher\u0027s Stone":34,"HollowMod:QueensCombRelic":23,"DemoMod:Armor":42,"ReplayTheSpireMod:Ring of Addiction":27,"jedi:gremlinknob":43,"hubris:Towel":19,"MawBank":6,"reliquary:PorcupineQuills":12,"Hallownest:BankAccountRelic":4,"hubris:Spice":39,"Ornamental Fan":40,"Bronze Scales":29,"StuffTheSpire:CocoNut":26,"DemoMod:NanoMachines":42,"Coffee Dripper":0,"StuffTheSpire:PointBlank":10,"Runesmith:AutoHammer":28,"Toy Ornithopter":27},{"ReplayTheSpireMod:Ring of Exchange":15,"StuffTheSpire:Barrel":15,"HollowMod:VesselMask":0,"DemoMod:GlassGuonStoneRelic":3,"HollowMod:StagPassRelic":21,"hubris:Icosahedron":2,"energizedSpire:CursedPentagram":9,"Chameleon Ring":15,"Bromod:ArcaneTrickery":8,"Philosopher\u0027s Stone":18,"HollowMod:QueensCombRelic":13,"DemoMod:Armor":22,"ReplayTheSpireMod:Ring of Addiction":15,"jedi:gremlinknob":22,"hubris:Towel":10,"MawBank":4,"reliquary:PorcupineQuills":7,"Hallownest:BankAccountRelic":2,"hubris:Spice":21,"Ornamental Fan":22,"Bronze Scales":16,"StuffTheSpire:CocoNut":15,"DemoMod:NanoMachines":22,"Coffee Dripper":0,"StuffTheSpire:PointBlank":6,"Runesmith:AutoHammer":16,"Toy Ornithopter":15},{"ReplayTheSpireMod:Ring of Exchange":130,"StuffTheSpire:Barrel":130,"HollowMod:VesselMask":0,"DemoMod:GlassGuonStoneRelic":10,"HollowMod:StagPassRelic":170,"hubris:Icosahedron":5,"energizedSpire:CursedPentagram":82,"Chameleon Ring":130,"Bromod:ArcaneTrickery":58,"Philosopher\u0027s Stone":153,"HollowMod:QueensCombRelic":116,"DemoMod:Armor":178,"ReplayTheSpireMod:Ring of Addiction":130,"jedi:gremlinknob":178,"hubris:Towel":91,"MawBank":16,"reliquary:PorcupineQuills":43,"Hallownest:BankAccountRelic":5,"hubris:Spice":170,"Ornamental Fan":178,"Bronze Scales":134,"StuffTheSpire:CocoNut":130,"DemoMod:NanoMachines":178,"Coffee Dripper":0,"StuffTheSpire:PointBlank":34,"Runesmith:AutoHammer":134,"Toy Ornithopter":130}],"Toy Ornithopter":0},"card_choices":[{"not_picked":["HollowMod:CoiledNail","HollowMod:PureNailStrike"],"picked":"HollowMod:VengefulVoid","floor":1.0},{"not_picked":["HollowMod:GrimmsGift","HollowMod:ShadowDash"],"picked":"HollowMod:LifebloodCocoon","floor":2.0},{"not_picked":["HollowMod:RecoilStrike","HollowMod:InfectedCysts"],"picked":"HollowMod:PerfectDash","floor":5.0},{"not_picked":["HollowMod:LifebloodCocoon","HollowMod:GoodIntentions"],"picked":"HollowMod:HeavyBlow","floor":6.0},{"not_picked":["HollowMod:SoulSplash","HollowMod:HowlingWraiths","HollowMod:NewGlowingWomb"],"picked":"SKIP","floor":8.0},{"not_picked":["HollowMod:DoubleDash","HollowMod:TaintedHusks"],"picked":"HollowMod:BlackTendrils","floor":10.0},{"not_picked":["HollowMod:ChannelNail","HollowMod:GoodIntentions","HollowMod:SoulEater"],"picked":"SKIP","floor":14.0},{"not_picked":["HollowMod:ChannelNail","HollowMod:GoodIntentions","HollowMod:SoulEater"],"picked":"SKIP","floor":14.0},{"not_picked":["HollowMod:PureVessel","HollowMod:theNailsmith"],"picked":"HollowMod:VoidDash","floor":16.0},{"not_picked":["HollowMod:ChannelNail+1","HollowMod:VengefulSpirit"],"picked":"HollowMod:SiblingsShadow+1","floor":18.0},{"not_picked":["HollowMod:NewGlowingWomb","HollowMod:SoulStrike","HollowMod:InfectedAttack+1"],"picked":"SKIP","floor":21.0},{"not_picked":["HollowMod:DesolateDive","HollowMod:DoubleDash+1","HollowMod:QuirrelsAssistance"],"picked":"SKIP","floor":22.0},{"not_picked":["HollowMod:CoiledNail","HollowMod:TaintedHusks","HollowMod:CornifersMapStart"],"picked":"SKIP","floor":23.0},{"not_picked":["HollowMod:SoulStrike","HollowMod:TaintedHusks+1"],"picked":"HollowMod:VengefulVoid","floor":24.0},{"not_picked":["HollowMod:RecoilStrike","HollowMod:DescendingDark"],"picked":"HollowMod:ShadowDash+1","floor":25.0},{"not_picked":["HollowMod:SharpenedNail+1","HollowMod:MothsMistake","HollowMod:ShadowDash"],"picked":"SKIP","floor":28.0},{"not_picked":["HollowMod:GoodIntentions","HollowMod:NewJinnsSoul"],"picked":"HollowMod:CloakDash","floor":31.0},{"not_picked":["HollowMod:ShadowDash+1","HollowMod:CycloneSlash","HollowMod:GoodIntentions+1"],"picked":"SKIP","floor":35.0},{"not_picked":["HollowMod:DreamGate+1","HollowMod:SoulEater"],"picked":"HollowMod:MonarchWings+1","floor":36.0},{"not_picked":["Forethought+1","Replay:Parry+1"],"picked":"Replay:BasicMightCard+1","floor":37.0},{"not_picked":["HollowMod:ShadowDash","HollowMod:InfectionAssault","HollowMod:SoulShaman+1"],"picked":"SKIP","floor":38.0},{"not_picked":["HollowMod:CloakDash+1","HollowMod:HornetsHelp"],"picked":"HollowMod:LordofShades","floor":40.0},{"not_picked":["HollowMod:SoulVessel+1","HollowMod:HowlingWraiths+1"],"picked":"HollowMod:VengefulVoid+1","floor":45.0},{"not_picked":["HollowMod:SoulMaster","HollowMod:SiblingsSouls","HollowMod:InfectedCysts"],"picked":"SKIP","floor":46.0},{"not_picked":["HollowMod:BrokenVessel","HollowMod:LifebloodCocoon"],"picked":"HollowMod:HuntersJournal+1","floor":48.0},{"not_picked":["HollowMod:SharpenedNail+1","hubris:SpiceAddiction","hubris:SpiceAddiction"],"picked":"SKIP","floor":54}],"player_experience":1048323,"relics_obtained":[{"floor":6.0,"key":"MawBank"},{"floor":10.0,"key":"StuffTheSpire:PointBlank"},{"floor":12.0,"key":"reliquary:PorcupineQuills"},{"floor":14.0,"key":"Bromod:ArcaneTrickery"},{"floor":23.0,"key":"HollowMod:QueensCombRelic"},{"floor":25.0,"key":"StuffTheSpire:Barrel"},{"floor":26.0,"key":"StuffTheSpire:CocoNut"},{"floor":27.0,"key":"ReplayTheSpireMod:Ring of Addiction"},{"floor":27.0,"key":"Toy Ornithopter"},{"floor":27.0,"key":"Chameleon Ring"},{"floor":27.0,"key":"ReplayTheSpireMod:Ring of Exchange"},{"floor":28.0,"key":"Runesmith:AutoHammer"},{"floor":29.0,"key":"Bronze Scales"},{"floor":40.0,"key":"Ornamental Fan"},{"floor":42.0,"key":"DemoMod:NanoMachines"},{"floor":43.0,"key":"jedi:gremlinknob"},{"floor":46.0,"key":"hubris:Spice"},{"floor":54,"key":"hubris:Spice"}],"event_choices":[{"damage_healed":0.0,"max_hp_gain":0.0,"max_hp_loss":0.0,"gold_gain":0.0,"event_name":"betterMatch:BetterMatch","player_choice":"2","floor":37.0,"gold_loss":0.0,"damage_taken":0.0,"cards_obtained":["betterMatch:ColorlessUncommonCard"]}],"is_beta":false,"boss_relics":[{"not_picked":["Replay:Drink Me","conspire:RoyalGoblet"],"picked":"energizedSpire:CursedPentagram"},{"not_picked":["aspiration:RunicSpoon","reliquary:Ember"],"picked":"Philosopher\u0027s Stone"}],"items_purged_floors":[39,47,52],"is_endless":false,"potions_floor_spawned":[2,10,16,18,24,33,38,40,45],"ascension_level":1}}