{"host":"lwpvkgc6ydwupigp","time":1612777995,"event":{"mods":["AchievementEnabler","BaseMod","Bestiary","Minty Spire (QoL Compilation)","Quick Restart","Relic Stats"],"gold_per_floor":[113,113,129,54,31,59,70,85,109,79,99,117,117,133,133,229,229,243,243,243,254,272,300,317,317,317,317,371,388,388,388,388,388,388],"floor_reached":33,"language":"ENG","playtime":60777,"items_purged":["Pain"],"score":294,"play_id":"8d66b0bf-b39e-4398-ac31-dc5114014592","local_time":"20210208105315","is_ascension_mode":false,"campfire_choices":[{"data":"Sucker Punch","floor":15,"key":"SMITH"},{"floor":25,"key":"REST"},{"data":"Poisoned Stab","floor":30,"key":"SMITH"},{"floor":32,"key":"REST"}],"circlet_count":0,"master_deck":["Strike_G+1","Strike_G+1","Strike_G+1","Strike_G+1","Strike_G+1","Defend_G+1","Defend_G+1","Defend_G+1","Defend_G+1","Defend_G+1","Survivor","Neutralize","Footwork","Backstab","Flying Knee","Sucker Punch+1","Dodge and Roll","Cloak And Dagger","Footwork","Poisoned Stab+1","Backflip","Phantasmal Killer","PiercingWail","Deadly Poison","Leg Sweep","Flechettes","Masterful Stab+1","All Out Attack","Terror"],"relics":["Ring of the Snake","NeowsBlessing","WarpedTongs","Potion Belt","Bag of Marbles","Velvet Choker","Toy Ornithopter","Bottled Flame","Nunchaku"],"acts_visited":["Exordium","TheCity"],"potions_floor_usage":[16,16,24,29,33,33],"damage_taken":[{"damage":0,"enemies":"Cultist","floor":1,"turns":1},{"damage":2,"enemies":"2 Louse","floor":3,"turns":1},{"damage":0,"enemies":"3 Sentries","floor":6,"turns":2},{"damage":0,"enemies":"Small Slimes","floor":7,"turns":3},{"damage":2,"enemies":"Red Slaver","floor":8,"turns":4},{"damage":1,"enemies":"Large Slime","floor":11,"turns":6},{"damage":1,"enemies":"3 Louse","floor":12,"turns":2},{"damage":0,"enemies":"Blue Slaver","floor":14,"turns":3},{"damage":34,"enemies":"The Guardian","floor":16,"turns":13},{"damage":1,"enemies":"Spheric Guardian","floor":18,"turns":4},{"damage":0,"enemies":"Chosen","floor":21,"turns":2},{"damage":0,"enemies":"3 Cultists","floor":22,"turns":5},{"damage":36,"enemies":"Slavers","floor":23,"turns":9},{"damage":21,"enemies":"Sentry and Sphere","floor":24,"turns":7},{"damage":12,"enemies":"Centurion and Healer","floor":29,"turns":8},{"damage":62,"enemies":"Champ","floor":33,"turns":15}],"seed_played":"9097672190383298365","potions_obtained":[{"floor":1,"key":"CultistPotion"},{"floor":11,"key":"Explosive Potion"},{"floor":12,"key":"Dexterity Potion"},{"floor":14,"key":"DuplicationPotion"},{"floor":21,"key":"SteroidPotion"},{"floor":22,"key":"FearPotion"}],"is_trial":false,"path_per_floor":["M","?","M","$","$","E","M","M","T","?","M","M","?","M","R","B",null,"M","?","$","M","M","E","M","R","T","?","T","M","R","?","R","B"],"character_chosen":"THE_SILENT","items_purchased":["Flying Knee"],"campfire_rested":2,"item_purchase_floors":[5],"current_hp_per_floor":[70,70,68,68,68,68,68,66,66,66,65,64,64,64,64,30,70,69,69,69,69,69,33,17,38,38,38,38,31,31,31,52,0,0],"gold":388,"neow_bonus":"THREE_ENEMY_KILL","is_daily":false,"chose_seed":false,"campfire_upgraded":2,"win_rate":0.0,"timestamp":1612777995,"path_taken":["M","?","M","?","$","E","M","M","T","?","M","M","?","?","R","BOSS","M","?","$","M","M","E","M","R","T","?","?","M","R","?","R","BOSS"],"items_purchased_type":["Card"],"build_version":"2020-12-22","purchased_purges":1,"victory":false,"max_hp_per_floor":[70,70,70,70,70,70,70,70,70,70,70,70,70,70,70,70,70,70,70,70,70,70,70,70,70,70,70,70,70,70,70,70,70,70],"relic_stats":{"Nunchaku":[5],"counters":[16,85],"obtain_stats":[{"Potion Belt":6,"Bottled Flame":26,"Nunchaku":28,"NeowsBlessing":0,"Velvet Choker":17,"Bag of Marbles":9,"Toy Ornithopter":23,"Ring of the Snake":0,"WarpedTongs":2},{"Potion Belt":3,"Bottled Flame":14,"Nunchaku":14,"NeowsBlessing":0,"Velvet Choker":9,"Bag of Marbles":5,"Toy Ornithopter":13,"Ring of the Snake":0,"WarpedTongs":1},{"Potion Belt":4,"Bottled Flame":62,"Nunchaku":62,"NeowsBlessing":0,"Velvet Choker":35,"Bag of Marbles":11,"Toy Ornithopter":55,"Ring of the Snake":0,"WarpedTongs":1}],"Toy Ornithopter":20,"Ring of the Snake":[32],"WarpedTongs":[77]},"card_choices":[{"not_picked":["Reflex","Expertise"],"picked":"Footwork","floor":1},{"not_picked":["Riddle With Holes","Flying Knee"],"picked":"Backstab","floor":3},{"not_picked":["A Thousand Cuts","Tools of the Trade"],"picked":"Sucker Punch","floor":6},{"not_picked":["Heel Hook","Flechettes"],"picked":"Dodge and Roll","floor":7},{"not_picked":["Reflex","Prepared"],"picked":"Cloak And Dagger","floor":8},{"not_picked":["Catalyst","Flying Knee"],"picked":"Footwork","floor":11},{"not_picked":["Deflect","Choke"],"picked":"Poisoned Stab","floor":12},{"not_picked":["Escape Plan","Choke"],"picked":"Backflip","floor":14},{"not_picked":["Envenom","Burst"],"picked":"Phantasmal Killer","floor":16},{"not_picked":["Bane","Acrobatics"],"picked":"PiercingWail","floor":18},{"not_picked":["Cloak And Dagger","Slice"],"picked":"Deadly Poison","floor":21},{"not_picked":["Tactician+1","Backflip+1"],"picked":"Leg Sweep","floor":22},{"not_picked":["Flying Knee","Dagger Throw"],"picked":"Flechettes","floor":23},{"not_picked":["A Thousand Cuts","Eviscerate"],"picked":"Masterful Stab+1","floor":24},{"not_picked":["Backflip+1","Outmaneuver"],"picked":"Terror","floor":29}],"player_experience":48069,"relics_obtained":[{"floor":6,"key":"Potion Belt"},{"floor":9,"key":"Bag of Marbles"},{"floor":23,"key":"Toy Ornithopter"},{"floor":26,"key":"Bottled Flame"},{"floor":28,"key":"Nunchaku"}],"event_choices":[{"damage_healed":0,"gold_gain":0,"player_choice":"Rummage","damage_taken":0,"relics_obtained":["WarpedTongs"],"max_hp_gain":0,"max_hp_loss":0,"event_name":"Accursed Blacksmith","floor":2,"gold_loss":0,"cards_obtained":["Pain"]},{"damage_healed":0,"gold_gain":0,"player_choice":"Left Gold","damage_taken":0,"max_hp_gain":0,"max_hp_loss":0,"event_name":"World of Goop","floor":10,"gold_loss":30},{"damage_healed":0,"gold_gain":0,"player_choice":"Ignored","damage_taken":0,"max_hp_gain":0,"max_hp_loss":0,"event_name":"Purifier","floor":13,"gold_loss":0},{"damage_healed":0,"gold_gain":0,"player_choice":"Simplicity","damage_taken":0,"max_hp_gain":0,"max_hp_loss":0,"event_name":"Back to Basics","floor":19,"gold_loss":0,"cards_upgraded":["Strike_G","Strike_G","Strike_G","Strike_G","Strike_G","Defend_G","Defend_G","Defend_G","Defend_G","Defend_G"]},{"damage_healed":0,"gold_gain":0,"player_choice":"Read","damage_taken":0,"max_hp_gain":0,"max_hp_loss":0,"event_name":"The Library","floor":27,"gold_loss":0,"cards_obtained":["All Out Attack"]},{"damage_healed":0,"gold_gain":0,"player_choice":"Ignored","damage_taken":0,"max_hp_gain":0,"max_hp_loss":0,"event_name":"Ghosts","floor":31,"gold_loss":0}],"is_beta":false,"boss_relics":[{"not_picked":["Ectoplasm","Snecko Eye"],"picked":"Velvet Choker"}],"items_purged_floors":[4],"is_endless":false,"potions_floor_spawned":[1,11,12,14,21,22],"killed_by":"Champ","ascension_level":0}}