{"host":"coat6gkfrd6s61c3","time":1612778812,"event":{"mods":["100% Spire Juice","2.2 Compatiblity","AchievementEnabler","Act Like it!","Aspiration","Bard","BaseMod","Beaked The Cultist","Better Third Choice","Bossed Relics","Colored Powertips","Conspire","Friendly Minions","Gremlin Mod","Halation","Hermit","Hubris","Hunter ??","Infinite Spire","Mad Scientist","Marisa????????","Marked Mod","Melee Mod","Minty Spire (QoL Compilation)","Pikachu Mod","Relic Stats","Reliquary","Replay The Spire","Robot Space Explorer","Shade Mod","Shop Mod","Smile Girya","SpireExporter+","StS++","StSLib","The Blackbeard","The Blue Laboratory","The Bug Knight","The Construct","The Cursed","The Disciple","The Hayseed","The Marked","The Mystic","The Sage","The Saiyan","The Servant 0.9.4","The Wild Card","The Witch","Yuri Mod","everything is the same but u backflip on backflip","slay the spire mod where everything is the same but ironclad has a cowboy hat","thorton"],"gold_per_floor":[118,130,130,144,144,144,175,70,94,15,63,63,82,158,158,261,261,245,245,262,277,277,277,277,277,277,319,319,319],"floor_reached":28,"language":"ENG","playtime":1481,"items_purged":["ReplayTheSpireMod:Splinters"],"score":214,"play_id":"36e766e6-e4fc-4fbb-8a5c-5fd30f802d89","local_time":"20210208203652","is_ascension_mode":false,"campfire_choices":[{"data":"Pikachu:Flash","floor":6,"key":"SMITH"},{"floor":12,"key":"REST"},{"floor":15,"key":"REST"},{"floor":23,"key":"REST"},{"data":"Pikachu:Attract","floor":25,"key":"SMITH"}],"circlet_count":0,"master_deck":["Pikachu:TailWhip","Pikachu:Growl","Pikachu:ThunderShock+1","Pikachu:ElectroBall","Pikachu:QuickAttack","Pikachu:ThunderShock","Pikachu:Defend_Yellow","Pikachu:Defend_Yellow+1","Pikachu:Defend_Yellow","Pikachu:Flash+1","Pikachu:ThunderPunch","Pikachu:Charge_Beam+1","Pikachu:ZapCannon","Pikachu:Cut","Pikachu:ElectroBall","Pikachu:Rage","Pikachu:Flash","Pikachu:Rain_Dance","Pikachu:Secret_Power","Pikachu:Double_Team","Pikachu:Thunder","Pikachu:Growl","Pikachu:LightScreen","Pikachu:Attract+1","Voices"],"relics":["Pikachu:LeftoversRelic","Unceasing Top","Dream Catcher","Ancient Tea Set","SlaversCollar","halation:Sosunser","halation:ForbiddenBikini","ReplayTheSpireMod:Ring of Challenge","Bottled Tornado","hubris:DisguiseKit"],"acts_visited":["Exordium","TheCity"],"potions_floor_usage":[13,16,16,16,28],"damage_taken":[{"damage":0.0,"enemies":"Jaw Worm","floor":1.0,"turns":4.0},{"damage":0.0,"enemies":"conspire:RoseBush","floor":2.0,"turns":3.0},{"damage":5.0,"enemies":"2 Louse","floor":4.0,"turns":3.0},{"damage":40,"enemies":"3 Sentries","floor":7,"turns":7},{"damage":29,"enemies":"Large Slime","floor":13,"turns":4},{"damage":35,"enemies":"Slime Boss","floor":16,"turns":7},{"damage":24,"enemies":"2 Thieves","floor":18,"turns":4},{"damage":17,"enemies":"3 Byrds","floor":20,"turns":4},{"damage":21,"enemies":"Shelled Parasite and Fungi","floor":21,"turns":5},{"damage":21,"enemies":"conspire:MimicChest","floor":27,"turns":8},{"damage":33,"enemies":"Cultist and Chosen","floor":28,"turns":6}],"seed_played":"7056485336913544163","potions_obtained":[{"floor":2.0,"key":"blueLaboratory:PhilterOfMotion"},{"floor":7,"key":"Dexterity Potion"},{"floor":11,"key":"GamblersBrew"},{"floor":13,"key":"blueLaboratory:NullPotion"},{"floor":20,"key":"StSpp:InhibitionPotion"}],"is_trial":false,"path_per_floor":["M","M","?","M","?","R","E","$","T","$","?","R","M","?","R","B",null,"M","AVR","M","M","$","R","?","R","T","?","M"],"character_chosen":"THE_DEFAULT","items_purchased":["Pikachu:Cut","Pikachu:ElectroBall","Pikachu:Rage"],"campfire_rested":3,"item_purchase_floors":[8,8,10],"current_hp_per_floor":[77,77,77,72,57,57,19,19,19,19,19,42,15,15,38,5,77,53,53,38,19,19,42,42,42,42,23,0,0],"gold":319,"neow_bonus":"TEN_PERCENT_HP_BONUS","is_daily":false,"chose_seed":false,"campfire_upgraded":2,"win_rate":0.0,"timestamp":1612778812,"path_taken":["M","M","?","M","?","R","E","$","T","?","?","R","?","?","R","BOSS","M","AVR","M","M","$","R","?","R","T","?","M"],"items_purchased_type":["Card","Card","Card"],"build_version":"2020-12-22","purchased_purges":1,"victory":false,"max_hp_per_floor":[77,77,77,77,77,77,77,77,77,77,77,77,77,77,77,77,77,77,77,77,77,77,77,77,77,77,77,77,77],"relic_stats":{"Dream Catcher":3,"counters":[11,55],"obtain_stats":[{"SlaversCollar":17,"hubris:DisguiseKit":27,"Dream Catcher":9,"halation:Sosunser":19,"halation:ForbiddenBikini":19,"ReplayTheSpireMod:Ring of Challenge":24,"Bottled Tornado":26,"Ancient Tea Set":11,"Pikachu:LeftoversRelic":0,"Unceasing Top":7},{"SlaversCollar":6,"hubris:DisguiseKit":10,"Dream Catcher":4,"halation:Sosunser":7,"halation:ForbiddenBikini":7,"ReplayTheSpireMod:Ring of Challenge":9,"Bottled Tornado":9,"Ancient Tea Set":4,"Pikachu:LeftoversRelic":0,"Unceasing Top":4},{"SlaversCollar":28,"hubris:DisguiseKit":49,"Dream Catcher":17,"halation:Sosunser":32,"halation:ForbiddenBikini":32,"ReplayTheSpireMod:Ring of Challenge":41,"Bottled Tornado":41,"Ancient Tea Set":17,"Pikachu:LeftoversRelic":0,"Unceasing Top":17}],"Unceasing Top":[1]},"card_choices":[{"not_picked":["Pikachu:Growl","Pikachu:QuickAttack"],"picked":"Pikachu:ThunderPunch","floor":1.0},{"not_picked":["Pikachu:WildCharge","Pikachu:Spark"],"picked":"Pikachu:Charge_Beam","floor":2.0},{"not_picked":["Pikachu:Charge_Beam","Pikachu:Rain_Dance"],"picked":"Pikachu:ZapCannon","floor":4.0},{"not_picked":["Pikachu:Thunderbolt","Pikachu:ZapCannon","Pikachu:Feint"],"picked":"SKIP","floor":7},{"not_picked":["Pikachu:Swagger","Pikachu:Charge_Beam"],"picked":"Pikachu:Flash","floor":11},{"not_picked":["Pikachu:Strength","Pikachu:Dig"],"picked":"Pikachu:Rain_Dance","floor":11},{"not_picked":["Pikachu:Growl","Pikachu:LightScreen"],"picked":"Pikachu:Secret_Power","floor":12},{"not_picked":["Pikachu:Spark","Pikachu:Swagger"],"picked":"Pikachu:Double_Team","floor":13},{"not_picked":["Pikachu:Metronome","Pikachu:Toxic"],"picked":"Pikachu:Thunder","floor":16},{"not_picked":["Pikachu:TakeDown","Pikachu:ElectroBall","Pikachu:Feint"],"picked":"SKIP","floor":18},{"not_picked":["Pikachu:ElectroBall+1","Pikachu:Iron_Tail+1"],"picked":"Pikachu:Growl","floor":20},{"not_picked":["Pikachu:Slam","Pikachu:Thunderbolt"],"picked":"Pikachu:LightScreen","floor":21},{"not_picked":["Pikachu:Agility","Pikachu:Rain_Dance"],"picked":"Pikachu:Attract","floor":23}],"player_experience":809424,"relics_obtained":[{"floor":7,"key":"Unceasing Top"},{"floor":9,"key":"Dream Catcher"},{"floor":11,"key":"Ancient Tea Set"},{"floor":24,"key":"ReplayTheSpireMod:Ring of Challenge"},{"floor":26,"key":"Bottled Tornado"},{"floor":27,"key":"hubris:DisguiseKit"}],"event_choices":[{"damage_healed":72,"gold_gain":0,"player_choice":"Upgrade","damage_taken":15,"max_hp_gain":0,"max_hp_loss":77,"event_name":"betterThird:BetterShining","floor":5,"gold_loss":0,"cards_upgraded":["Pikachu:Charge_Beam","Pikachu:ThunderShock"]},{"damage_healed":0,"gold_gain":76,"player_choice":"Gained Gold","damage_taken":0,"max_hp_gain":0,"max_hp_loss":0,"event_name":"Golden Wing","floor":14,"gold_loss":0}],"is_beta":false,"boss_relics":[{"not_picked":["hubris:HollowSoul","aspiration:PoetsPen"],"picked":"SlaversCollar"}],"items_purged_floors":[19],"is_endless":false,"potions_floor_spawned":[2,7,13,20],"killed_by":"Cultist and Chosen","ascension_level":0}}