{"host":"06gxn1c1bsk424jw","time":1612807605,"event":{"mods":["BaseMod","DeckTracker","Minty Spire (QoL Compilation)","SuperFastMode"],"gold_per_floor":[117,117,167,167,177,212,212,212,212,227,262,262,291,307,307,381,381,361,361,361],"floor_reached":19,"language":"KOR","playtime":894,"items_purged":[],"score":410,"play_id":"d4ff6122-fb95-4b05-b697-d4ff12f6fe34","local_time":"20210209030645","is_ascension_mode":true,"campfire_choices":[{"data":"Demon Form","floor":7,"key":"SMITH"},{"floor":15,"key":"REST"}],"circlet_count":0,"master_deck":["AscendersBane","Strike_R","Strike_R","Strike_R","Strike_R","Strike_R","Defend_R","Defend_R","Defend_R","Defend_R","Bash","Fire Breathing","Demon Form+1","Disarm","Brutality","Decay","Seeing Red","Limit Break","Metallicize+1"],"relics":["Burning Blood","NeowsBlessing","Incense Burner","Gremlin Horn","Mercury Hourglass","Prayer Wheel","Mark of Pain"],"acts_visited":["Exordium","TheCity"],"potions_floor_usage":[11,13,16],"damage_taken":[{"damage":0,"enemies":"Cultist","floor":1,"turns":1},{"damage":0,"enemies":"2 Louse","floor":5,"turns":1},{"damage":0,"enemies":"3 Sentries","floor":6,"turns":2},{"damage":26,"enemies":"Jaw Worm","floor":10,"turns":5},{"damage":21,"enemies":"Lagavulin","floor":11,"turns":6},{"damage":22,"enemies":"3 Sentries","floor":13,"turns":4},{"damage":21,"enemies":"Gremlin Gang","floor":14,"turns":4},{"damage":22,"enemies":"The Guardian","floor":16,"turns":11},{"damage":44,"enemies":"2 Thieves","floor":18,"turns":4},{"damage":22,"enemies":"3 Byrds","floor":19,"turns":3}],"seed_played":"-2927065076207692778","potions_obtained":[{"floor":6,"key":"EssenceOfSteel"},{"floor":11,"key":"GamblersBrew"},{"floor":14,"key":"SkillPotion"}],"is_trial":false,"path_per_floor":["M","$","?","$","M","E","R","$","T","M","E","?","E","M","R","B",null,"M","M"],"character_chosen":"IRONCLAD","items_purchased":[],"campfire_rested":1,"item_purchase_floors":[],"current_hp_per_floor":[74,74,67,67,73,75,75,75,75,55,40,40,24,9,31,15,60,22,0,0],"gold":361,"neow_bonus":"THREE_ENEMY_KILL","is_daily":false,"chose_seed":false,"campfire_upgraded":1,"win_rate":0.0,"timestamp":1612807605,"path_taken":["M","?","?","$","?","E","R","$","T","M","E","?","E","M","R","BOSS","M","M"],"items_purchased_type":[],"build_version":"2020-12-22","purchased_purges":0,"victory":false,"max_hp_per_floor":[75,75,75,75,75,75,75,75,75,75,75,75,75,75,75,75,75,75,75,75],"card_choices":[{"not_picked":["Warcry","Body Slam"],"picked":"Fire Breathing","floor":1},{"not_picked":["Spot Weakness","Fire Breathing","Twin Strike"],"picked":"SKIP","floor":5},{"not_picked":["Bloodletting","Flex"],"picked":"Demon Form","floor":6},{"not_picked":["Shrug It Off","Iron Wave"],"picked":"Disarm","floor":10},{"not_picked":["Headbutt","Wild Strike"],"picked":"Brutality","floor":11},{"not_picked":["Twin Strike","Sword Boomerang"],"picked":"Seeing Red","floor":13},{"not_picked":["Bloodletting","Havoc","Sword Boomerang"],"picked":"SKIP","floor":14},{"not_picked":["Flex","Corruption","Cleave"],"picked":"SKIP","floor":14},{"not_picked":["Brutality","Berserk"],"picked":"Limit Break","floor":16},{"not_picked":["Heavy Blade","Feel No Pain"],"picked":"Metallicize+1","floor":18},{"not_picked":["Perfected Strike","Metallicize","Bloodletting"],"picked":"SKIP","floor":18}],"player_experience":814786,"relics_obtained":[{"floor":6,"key":"Incense Burner"},{"floor":9,"key":"Gremlin Horn"},{"floor":11,"key":"Mercury Hourglass"},{"floor":13,"key":"Prayer Wheel"}],"event_choices":[{"damage_healed":0,"gold_gain":50,"player_choice":"Touch","damage_taken":7,"max_hp_gain":0,"max_hp_loss":0,"event_name":"FaceTrader","floor":3,"gold_loss":0},{"damage_healed":0,"gold_gain":0,"player_choice":"Cursed","damage_taken":0,"max_hp_gain":0,"max_hp_loss":0,"event_name":"Wheel of Change","floor":12,"gold_loss":0,"cards_obtained":["Decay"]}],"is_beta":false,"boss_relics":[{"not_picked":["Coffee Dripper","Fusion Hammer"],"picked":"Mark of Pain"}],"items_purged_floors":[],"is_endless":false,"potions_floor_spawned":[6,11,14],"killed_by":"3 Byrds","ascension_level":19}}