{"host":"13o02hya6v6rzuva","time":1612792158,"event":{"mods":["BaseMod","Minty Spire (QoL Compilation)","Relic Stats"],"gold_per_floor":[113,113,113,131,131,165,165,165,165,196,35,0,30,54,54,182,182,151,33,56,69,69,69],"floor_reached":22,"language":"ENG","playtime":871,"items_purged":[],"score":260,"play_id":"80189aa9-c933-405c-a3c7-1a51e3cb3a0c","local_time":"20210208144918","is_ascension_mode":true,"campfire_choices":[{"data":"Eruption","floor":8,"key":"SMITH"},{"floor":15,"key":"REST"}],"circlet_count":0,"master_deck":["Strike_P","Strike_P","Strike_P","Strike_P","Defend_P","Defend_P","Defend_P","Defend_P","Eruption+1","Vigilance+1","ThirdEye+1","FlurryOfBlows+1","CarveReality","LessonLearned","CutThroughFate","SpiritShield","LikeWater"],"relics":["PureWater","NeowsBlessing","Mercury Hourglass","Golden Idol","PreservedInsect","Ancient Tea Set","SacredBark","Regal Pillow"],"acts_visited":["Exordium","TheCity"],"potions_floor_usage":[10,10,18,22],"damage_taken":[{"damage":0,"enemies":"Cultist","floor":1,"turns":1},{"damage":0,"enemies":"2 Louse","floor":4,"turns":1},{"damage":0,"enemies":"Lagavulin","floor":6,"turns":1},{"damage":39,"enemies":"Gremlin Nob","floor":10,"turns":5},{"damage":12,"enemies":"Small Slimes","floor":14,"turns":4},{"damage":16,"enemies":"The Guardian","floor":16,"turns":11},{"damage":30,"enemies":"2 Thieves","floor":18,"turns":5},{"damage":1,"enemies":"Shell Parasite","floor":20,"turns":5},{"damage":17,"enemies":"Centurion and Healer","floor":21,"turns":7},{"damage":24,"enemies":"Cultist and Chosen","floor":22,"turns":6}],"seed_played":"-6198304744926983344","potions_obtained":[{"floor":1,"key":"SkillPotion"},{"floor":6,"key":"ColorlessPotion"},{"floor":10,"key":"Dexterity Potion"},{"floor":21,"key":"Swift Potion"}],"is_trial":false,"path_per_floor":["M","$","?","M","?","E","?","R","T","E","$","?","?","M","R","B",null,"M","?","M","M","M"],"character_chosen":"WATCHER","items_purchased":["LessonLearned"],"campfire_rested":1,"item_purchase_floors":[11],"current_hp_per_floor":[72,72,65,65,65,65,70,70,70,31,31,49,49,37,58,42,72,42,42,41,24,0,0],"gold":69,"neow_bonus":"THREE_ENEMY_KILL","is_daily":false,"chose_seed":false,"campfire_upgraded":1,"win_rate":0.0,"timestamp":1612792158,"path_taken":["M","$","?","M","?","E","?","R","T","E","$","?","?","M","R","BOSS","M","?","?","M","M"],"items_purchased_type":["Card"],"build_version":"2020-12-22","purchased_purges":0,"victory":false,"max_hp_per_floor":[72,72,72,72,67,67,72,72,72,72,72,72,72,72,72,72,72,72,72,72,72,72,72],"relic_stats":{"Regal Pillow":0,"counters":[10,46],"Golden Idol":55,"PreservedInsect":21,"obtain_stats":[{"Regal Pillow":19,"NeowsBlessing":0,"Golden Idol":5,"SacredBark":17,"PreservedInsect":6,"PureWater":0,"Ancient Tea Set":10,"Mercury Hourglass":3},{"Regal Pillow":7,"NeowsBlessing":0,"Golden Idol":2,"SacredBark":6,"PreservedInsect":3,"PureWater":0,"Ancient Tea Set":4,"Mercury Hourglass":1},{"Regal Pillow":28,"NeowsBlessing":0,"Golden Idol":2,"SacredBark":23,"PreservedInsect":3,"PureWater":0,"Ancient Tea Set":8,"Mercury Hourglass":1}],"Mercury Hourglass":[149]},"card_choices":[{"not_picked":["Conclude","SashWhip"],"picked":"ThirdEye","floor":1},{"not_picked":["Protect","Crescendo"],"picked":"FlurryOfBlows","floor":4},{"not_picked":["ForeignInfluence","WindmillStrike"],"picked":"CarveReality","floor":6},{"not_picked":["Scrawl","Protect","FlyingSleeves"],"picked":"SKIP","floor":10},{"not_picked":["Worship","CrushJoints"],"picked":"CutThroughFate","floor":14},{"not_picked":["Omniscience","Wish"],"picked":"SpiritShield","floor":16},{"not_picked":["InnerPeace","CrushJoints+1","CutThroughFate"],"picked":"SKIP","floor":18},{"not_picked":["BowlingBash","FlurryOfBlows","ThirdEye"],"picked":"SKIP","floor":20},{"not_picked":["SashWhip","PathToVictory"],"picked":"LikeWater","floor":21}],"player_experience":1194857,"relics_obtained":[{"floor":6,"key":"PreservedInsect"},{"floor":10,"key":"Ancient Tea Set"}],"event_choices":[{"damage_healed":0,"gold_gain":0,"player_choice":"Success","damage_taken":7,"relics_obtained":["Mercury Hourglass"],"max_hp_gain":0,"max_hp_loss":0,"event_name":"Scrap Ooze","floor":3,"gold_loss":0},{"damage_healed":0,"gold_gain":0,"player_choice":"Lose Max HP","damage_taken":0,"relics_obtained":["Golden Idol"],"max_hp_gain":0,"max_hp_loss":5,"event_name":"Golden Idol","floor":5,"gold_loss":0},{"damage_healed":0,"gold_gain":0,"player_choice":"Donut","damage_taken":0,"max_hp_gain":5,"max_hp_loss":0,"event_name":"Big Fish","floor":7,"gold_loss":0},{"damage_healed":18,"gold_gain":0,"player_choice":"Healed","damage_taken":0,"max_hp_gain":0,"max_hp_loss":0,"event_name":"The Cleric","floor":12,"gold_loss":35},{"damage_healed":0,"gold_gain":30,"player_choice":"Searched \u00271\u0027 times","damage_taken":0,"max_hp_gain":0,"max_hp_loss":0,"event_name":"Dead Adventurer","floor":13,"gold_loss":0},{"damage_healed":0,"gold_gain":0,"player_choice":"Paid Gold","damage_taken":0,"relics_obtained":["Regal Pillow"],"max_hp_gain":0,"max_hp_loss":0,"event_name":"WeMeetAgain","floor":19,"gold_loss":118}],"is_beta":false,"boss_relics":[{"not_picked":["Philosopher\u0027s Stone","Snecko Eye"],"picked":"SacredBark"}],"items_purged_floors":[],"is_endless":false,"potions_floor_spawned":[1,6,10,21],"killed_by":"Cultist and Chosen","ascension_level":4}}