{"host":"mvtpegmks4ispacb","time":1612820059,"event":{"mods":["AchievementEnabler","Act Like it!","Aspiration","BaseMod","Beaked The Cultist","Clockwork Mod","Colored Map","Downfall","GifTheSpireLib","Gremlin Mod","Hubris","Infinite Spire","Minty Spire (QoL Compilation)","Permanent Neow","Replay The Spire","StSLib","Stuff the Spire"],"gold_per_floor":[14,34,34,34,51,51,85,85,85,10,36,36,57,87,87,203,203,233,233,233,29,50,50,119,119,145,185,227,137,176,202,202,318,318,369,644,217,217,20,20,34,34],"floor_reached":41,"language":"ENG","playtime":2425,"items_purged":["Strike_B","Crystallizer","Gash","Regret"],"score":719,"play_id":"09050c1e-3248-48a3-8a19-5a2f46b3f914","local_time":"20210208153419","is_ascension_mode":true,"campfire_choices":[{"data":"Mayhem","floor":6,"key":"SMITH"},{"floor":8,"key":"REST"},{"data":"Zap","floor":12,"key":"SMITH"},{"floor":15,"key":"REST"},{"data":"ReplayTheSpireMod:Omega Cannon","floor":23,"key":"SMITH"},{"data":"Rainbow","floor":25,"key":"SMITH"},{"floor":32,"key":"REST"},{"data":"Creative AI","floor":40,"key":"SMITH"}],"circlet_count":0,"master_deck":["AscendersBane","Zap+1","Mayhem+1","Go for the Eyes","Core Surge","Conserve Battery","ReplayTheSpireMod:Omega Cannon+1","Leap","Rainbow+1","Electrodynamics","Core Surge","Storm","Ball Lightning","Hyperbeam","Undo","Replay:Fractal Strike","Glacier","Heatsinks+1","StuffTheSpire:Plugnplay+1","Leap","Static Discharge","Creative AI+1","Self Repair","Sadistic Nature","Madness","Madness","Chrysalis"],"relics":["Cracked Core","Juzu Bracelet","Replay:Bandana","Pandora\u0027s Box","aspiration:KaomsHeart"],"acts_visited":["Exordium","TheCity","TheBeyond"],"potions_floor_usage":[7,14,16,24,28,31,41,41],"damage_taken":[{"damage":8,"enemies":"Jaw Worm","floor":1,"turns":4},{"damage":0,"enemies":"Small Slimes","floor":2,"turns":3},{"damage":1,"enemies":"Cultist","floor":5,"turns":3},{"damage":30,"enemies":"Replay:BlueRogue","floor":7,"turns":5},{"damage":0,"enemies":"Red Slaver","floor":11,"turns":3},{"damage":8,"enemies":"Exordium Thugs","floor":13,"turns":5},{"damage":3,"enemies":"Blue Slaver","floor":14,"turns":2},{"damage":49,"enemies":"The Guardian","floor":16,"turns":11},{"damage":33,"enemies":"2 Thieves","floor":18,"turns":3},{"damage":4,"enemies":"Spheric Guardian","floor":22,"turns":3},{"damage":21,"enemies":"Gremlin Leader","floor":24,"turns":5},{"damage":8,"enemies":"Centurion and Healer","floor":27,"turns":4},{"damage":37,"enemies":"Book of Stabbing","floor":28,"turns":6},{"damage":8,"enemies":"Cultist and Chosen","floor":30,"turns":3},{"damage":17,"enemies":"Snake Plant","floor":31,"turns":4},{"damage":44,"enemies":"hubris:MusketHawk","floor":33,"turns":10},{"damage":31,"enemies":"3 Shapes","floor":35,"turns":3},{"damage":91,"enemies":"Giant Head","floor":41,"turns":8}],"seed_played":"3457037995721000957","potions_obtained":[{"floor":2,"key":"bronze:BurnAndBuffPotion"},{"floor":13,"key":"ColorlessPotion"},{"floor":14,"key":"Block Potion"},{"floor":18,"key":"BlessingOfTheForge"},{"floor":27,"key":"EssenceOfSteel"},{"floor":30,"key":"hexamod:SoulburnPotion"},{"floor":33,"key":"FearPotion"}],"is_trial":false,"path_per_floor":["M","M","?","?","M","R","E","R","T","$","M","R","M","M","R","B",null,"M","AVR","T","$","M","R","E","R","T","M","E","?","M","M","R","B",null,"M","?","$","?","$","R","E"],"character_chosen":"DEFECT","items_purchased":["Glacier","Heatsinks","PowerPotion","Self Repair","Sadistic Nature","Chrysalis","aspiration:KMNothing","aspiration:KMNothing","aspiration:KMNothing"],"campfire_rested":3,"item_purchase_floors":[21,21,37,37,37,39,39,39,39],"current_hp_per_floor":[60,60,45,53,52,52,22,44,44,44,44,44,36,33,55,6,58,25,125,125,125,121,121,100,100,100,92,55,55,47,30,82,38,141,110,110,110,88,88,88,0,0],"gold":34,"neow_bonus":"RANDOM_COLORLESS_2","is_daily":false,"chose_seed":false,"campfire_upgraded":5,"win_rate":0.0,"timestamp":1612820059,"path_taken":["M","M","?","?","?","R","E","R","T","$","M","R","M","M","R","BOSS","M","AVR","?","?","M","R","E","R","T","M","E","?","M","M","R","BOSS","M","?","$","?","$","R","E"],"items_purchased_type":["Card","Card","Potion","Card","Card","Card","Relic","Relic","Relic"],"build_version":"2020-12-22","purchased_purges":4,"victory":false,"max_hp_per_floor":[75,75,75,75,75,75,75,75,75,75,75,75,75,75,75,75,75,75,175,175,175,175,175,175,175,175,175,175,175,175,175,175,175,175,175,175,175,175,175,175,175,175],"card_choices":[{"not_picked":["ReplayTheSpireMod:Necrogeddon","HandOfGreed"],"picked":"Mayhem","floor":0},{"not_picked":["StuffTheSpire:Plugnplay","StuffTheSpire:LoadUp"],"picked":"Go for the Eyes","floor":1},{"not_picked":["Gash","Beam Cell"],"picked":"Core Surge","floor":2},{"not_picked":["StuffTheSpire:Plugnplay","Rebound","Panic Button"],"picked":"SKIP","floor":5},{"not_picked":["Fission","Time Bomb"],"picked":"Conserve Battery","floor":7},{"not_picked":["ReplayTheSpireMod:Repulse","Go for the Eyes","Streamline"],"picked":"SKIP","floor":11},{"not_picked":["Streamline","Rebound"],"picked":"ReplayTheSpireMod:Omega Cannon","floor":13},{"not_picked":["Force Field","Hologram"],"picked":"Leap","floor":14},{"not_picked":["Core Surge","hubris:SpecializedCircuitry"],"picked":"Rainbow","floor":16},{"not_picked":["Darkness","Compile Driver"],"picked":"Undo","floor":18},{"not_picked":["Sunder","Hologram","Ball Lightning"],"picked":"SKIP","floor":22},{"not_picked":["ReplayGash","Panic Button","Streamline"],"picked":"SKIP","floor":24},{"not_picked":["Rebound","Sunder"],"picked":"StuffTheSpire:Plugnplay+1","floor":27},{"not_picked":["Sweeping Beam+1","Barrage","Ball Lightning"],"picked":"SKIP","floor":28},{"not_picked":["Coolheaded","hubris:PowerSurge"],"picked":"Leap","floor":30},{"not_picked":["Steam+1","Gash"],"picked":"Static Discharge","floor":31},{"not_picked":["Multi-Cast","ReplayTheSpireMod:Omega Cannon"],"picked":"Creative AI","floor":33},{"not_picked":["Stack","Steam","StuffTheSpire:LoadUp+1"],"picked":"SKIP","floor":35}],"player_experience":685488,"relics_obtained":[{"floor":7,"key":"Juzu Bracelet"},{"floor":9,"key":"Replay:Bandana"},{"floor":24,"key":"aspiration:KMNothing"},{"floor":26,"key":"aspiration:KMNothing"},{"floor":28,"key":"aspiration:Stabinomicon"}],"event_choices":[{"damage_healed":0,"gold_gain":0,"player_choice":"Entered Light","damage_taken":15,"max_hp_gain":0,"max_hp_loss":0,"event_name":"Shining Light","floor":3,"gold_loss":0,"cards_upgraded":["Defend_B","Strike_B"]},{"cards_removed":["Dualcast"],"damage_healed":0,"gold_gain":0,"player_choice":"Upgrade and Remove","damage_taken":0,"max_hp_gain":0,"max_hp_loss":0,"event_name":"Designer","floor":29,"gold_loss":90,"cards_upgraded":["Heatsinks"]},{"damage_healed":0,"gold_gain":275,"player_choice":"Desecrate","damage_taken":0,"max_hp_gain":0,"max_hp_loss":0,"event_name":"Golden Shrine","floor":36,"gold_loss":0,"cards_obtained":["Regret"]},{"damage_healed":0,"gold_gain":0,"player_choice":"Embrace Madness","damage_taken":22,"max_hp_gain":0,"max_hp_loss":0,"event_name":"Winding Halls","floor":38,"gold_loss":0,"cards_obtained":["Madness","Madness"]}],"is_beta":false,"boss_relics":[{"not_picked":["aspiration:Stellarator","hubris:HollowSoul"],"picked":"Pandora\u0027s Box"},{"not_picked":["aspiration:KMNothing","aspiration:KMNothing"],"picked":"aspiration:KMNothing"}],"items_purged_floors":[10,19,21,37],"is_endless":false,"potions_floor_spawned":[2,13,14,18,27,30,33],"killed_by":"Giant Head","ascension_level":10}}