{"host":"v3qphhcqhwfpabne","time":1612807960,"event":{"mods":["100% Spire Juice","2.2 Compatiblity","AchievementEnabler","BaseMod","CapriCore","DeckTracker","KinomotoSakuraMod(ÙÊñýÜâ?)","Koishi","Marisa£¨Ùöéë¡¡Øª×âÞÞ£©","Minty Spire (QoL Compilation)","Permanent Neow","Prisma Mod","StSLib","Td1madao Mod","The Bug Knight","The Cursed","The Immortal","The Runesmith","WarShipGirlsR/??á´Ò³R mod"],"gold_per_floor":[111,128,128,142,63,63,83,112,112,131,142,142,161,176,176,281,281,294,294,313,66,83,83,83],"floor_reached":23,"language":"KOR","playtime":758,"items_purged":[],"score":272,"play_id":"fe8b50c0-af88-46e8-be47-52bc7097388e","local_time":"20210209031240","is_ascension_mode":true,"campfire_choices":[{"data":"Fire Breathing","floor":6,"key":"SMITH"},{"floor":12,"key":"REST"},{"data":"Infernal Blade","floor":15,"key":"SMITH"}],"circlet_count":0,"master_deck":["Strike_R","Strike_R","Strike_R","Strike_R","Strike_R","Defend_R","Defend_R","Defend_R","Defend_R","Bash","Reaper","Wild Strike","Infernal Blade+1","Reckless Charge","Fire Breathing+1","Wild Strike","Wild Strike","Barricade","Fire Breathing+1","Decay","Apotheosis","Power Through","Shrug It Off"],"relics":["Burning Blood","FaceOfCleric","Sundial","Pantograph","SacredBark"],"acts_visited":["Exordium","TheCity"],"potions_floor_usage":[20,22,22],"damage_taken":[{"damage":30,"enemies":"Small Slimes","floor":1,"turns":4},{"damage":1,"enemies":"Cultist","floor":2,"turns":4},{"damage":4,"enemies":"2 Louse","floor":4,"turns":3},{"damage":17,"enemies":"Looter","floor":7,"turns":3},{"damage":31,"enemies":"Lagavulin","floor":8,"turns":5},{"damage":31,"enemies":"Gremlin Gang","floor":10,"turns":3},{"damage":8,"enemies":"Blue Slaver","floor":11,"turns":3},{"damage":0,"enemies":"Exordium Wildlife","floor":13,"turns":3},{"damage":11,"enemies":"Exordium Thugs","floor":14,"turns":4},{"damage":2,"enemies":"Slime Boss","floor":16,"turns":6},{"damage":28,"enemies":"Spheric Guardian","floor":18,"turns":4},{"damage":33,"enemies":"Shell Parasite","floor":20,"turns":5},{"damage":27,"enemies":"Cultist and Chosen","floor":22,"turns":6},{"damage":48,"enemies":"Book of Stabbing","floor":23,"turns":3}],"seed_played":"-295433348088511436","potions_obtained":[{"floor":2,"key":"Weak Potion"},{"floor":4,"key":"EssenceOfSteel"},{"floor":8,"key":"LiquidMemories"}],"is_trial":false,"path_per_floor":["M","M","?","M","$","R","M","E","T","M","M","R","M","M","R","B",null,"M","?","M","$","M","E"],"character_chosen":"IRONCLAD","items_purchased":["Fire Breathing","Apotheosis","Power Through"],"campfire_rested":1,"item_purchase_floors":[5,21,21],"current_hp_per_floor":[56,65,65,74,74,74,64,40,40,28,27,52,59,59,59,88,88,67,67,41,41,29,0,0],"gold":83,"neow_bonus":"ONE_RANDOM_RARE_CARD","is_daily":false,"chose_seed":false,"campfire_upgraded":2,"win_rate":0.0,"timestamp":1612807960,"path_taken":["M","M","?","M","$","R","M","E","T","M","M","R","?","M","R","BOSS","M","?","M","$","M","E"],"items_purchased_type":["Card","Card","Card"],"build_version":"2020-12-22","purchased_purges":0,"victory":false,"max_hp_per_floor":[80,80,80,81,81,81,82,83,83,84,85,85,86,87,87,88,88,89,89,90,90,91,91,91],"card_choices":[{"not_picked":["Sword Boomerang","Dual Wield"],"picked":"Wild Strike","floor":1},{"not_picked":["Perfected Strike","Clothesline"],"picked":"Infernal Blade","floor":2},{"not_picked":["Sever Soul","Battle Trance"],"picked":"Reckless Charge","floor":4},{"not_picked":["Second Wind","Anger"],"picked":"Wild Strike","floor":7},{"not_picked":["Heavy Blade","Spot Weakness","Havoc"],"picked":"SKIP","floor":8},{"not_picked":["Double Tap","Thunderclap","Bloodletting"],"picked":"SKIP","floor":10},{"not_picked":["Heavy Blade","Headbutt","Anger"],"picked":"SKIP","floor":11},{"not_picked":["Sever Soul","Limit Break","Entrench"],"picked":"SKIP","floor":13},{"not_picked":["Entrench","Clash"],"picked":"Wild Strike","floor":14},{"not_picked":["Exhume","Demon Form"],"picked":"Barricade","floor":16},{"not_picked":["Sentinel+1","Headbutt"],"picked":"Fire Breathing+1","floor":18},{"not_picked":["Inflame","Cleave","Anger"],"picked":"SKIP","floor":20},{"not_picked":["Twin Strike","Carnage"],"picked":"Shrug It Off","floor":22}],"player_experience":124292,"relics_obtained":[{"floor":8,"key":"Sundial"},{"floor":9,"key":"Pantograph"}],"event_choices":[{"damage_healed":0,"gold_gain":0,"player_choice":"Trade","damage_taken":0,"relics_obtained":["FaceOfCleric"],"max_hp_gain":0,"max_hp_loss":0,"event_name":"FaceTrader","floor":3,"gold_loss":0},{"damage_healed":0,"gold_gain":0,"player_choice":"Smashed Altar","damage_taken":0,"max_hp_gain":0,"max_hp_loss":0,"event_name":"Forgotten Altar","floor":19,"gold_loss":0,"cards_obtained":["Decay"]}],"is_beta":false,"boss_relics":[{"not_picked":["Velvet Choker","Runic Dome"],"picked":"SacredBark"}],"items_purged_floors":[],"is_endless":false,"potions_floor_spawned":[2,4,8,14,16],"killed_by":"Book of Stabbing","ascension_level":2}}