{"host":"roqoyek1hn7n931r","time":1612795492,"event":{"mods":["A Magickal Journey","Act Like it!","Arknights","Aspiration","BaseMod","CapriCore","Colored Map","Colored Powertips","Conspire","Downfall","Duelist Mod","GifTheSpireLib","Hermit","Hubris","Infinite Spire","Jorbs\u0027s Wanderer Trilogy","Koishi","Marisa????????","Minty Spire (QoL Compilation)","READ ME - Guardian Mod","READ ME - Snecko Mod","Reliquary","Remilia??????","Replay The Spire","Shade Mod","Shop Mod","StSLib","The Alterego","The Animator","The Bug Knight","The Cursed","The Disciple","The Forsaken","The Gatherer","The Hierophant","The Marked","The Mystic","The Necromancer","The Runesmith","The Servant 0.9.4","TheVacant"],"gold_per_floor":[99,109,284,298,312,326,353,353,370,393,393,443,443,202,214,314,314,314,333,333,349,349,449,449,449,449,449,468,468,468],"floor_reached":29,"language":"ENG","playtime":3448,"items_purged":["Hallucinations"],"score":213,"play_id":"c7ee2af9-1200-4830-aacb-5195cb440778","local_time":"20210208154452","is_ascension_mode":false,"campfire_choices":[{"data":"Shade:TouchOfTheGrave","floor":8,"key":"SMITH"},{"data":"Shade:AuraOfUnlife","floor":11,"key":"SMITH"},{"data":"Shade:FingerOfDeath","floor":13,"key":"SMITH"},{"data":"Shade:GreaterAnimation","floor":18,"key":"SMITH"},{"data":"hubris:InfiniteBlow","floor":27,"key":"SMITH"}],"circlet_count":0,"master_deck":["Shade:Strike_Shade","Shade:Strike_Shade+1","Shade:Strike_Shade","Shade:Strike_Shade","Shade:Defend_Shade","Shade:Defend_Shade","Shade:Defend_Shade+1","Shade:Defend_Shade","Shade:AnimateDead","Shade:CarefulCut","Shade:SkeletonHug","Doubt","Shade:TouchOfTheGrave+1","Shade:CommandSoldier","Shade:FingerOfDeath+1","Shade:AuraOfUnlife+1","Shade:FleshToFlesh","Shade:Bonestorm","theDuelist:SummoningCurse","Shade:GreaterAnimation+1","Shade:CoffinDance+1","hubris:InfiniteBlow+1","Shade:Carnophage+1","theDuelist:PsiCurse","Shade:CommandSoldier"],"relics":["Shade:YorickPolishedSkull","Blood Vial","reliquary:WeakTea","Ring of Peace","Ring of Greed","Blue Doll","MealTicket","MerchantsRug","aspiration:RitualStick","Potion Belt","reliquary:Boomerang"],"acts_visited":["Exordium","TheCity"],"potions_floor_usage":[16,16,23,23],"damage_taken":[{"damage":0,"enemies":"Cultist","floor":2,"turns":3},{"damage":0,"enemies":"2 Louse","floor":4,"turns":3},{"damage":0,"enemies":"Small Slimes","floor":5,"turns":4},{"damage":3,"enemies":"Blue Slaver","floor":6,"turns":4},{"damage":1,"enemies":"2 Fungi Beasts","floor":9,"turns":3},{"damage":0,"enemies":"downfall:FleeingMerchant","floor":14,"turns":4},{"damage":0,"enemies":"Large Slime","floor":15,"turns":7},{"damage":17,"enemies":"SI_SHIV_ARCHETYPE","floor":16,"turns":16},{"damage":0,"enemies":"3 Byrds","floor":19,"turns":4},{"damage":6,"enemies":"Centurion and Healer","floor":21,"turns":8},{"damage":16,"enemies":"downfall:LadyInBlue","floor":23,"turns":11},{"damage":22,"enemies":"Snecko","floor":28,"turns":5},{"damage":11,"enemies":"Snake Plant","floor":29,"turns":2}],"seed_played":"-4305060182833482479","potions_obtained":[{"floor":4,"key":"Swift Potion"},{"floor":5,"key":"GamblersBrew"},{"floor":9,"key":"SteroidPotion"},{"floor":15,"key":"SkillPotion"},{"floor":19,"key":"bronze:BurnAndBuffPotion"},{"floor":23,"key":"Fruit Juice"},{"floor":23,"key":"Venom Potion"},{"floor":23,"key":"LiquidMemories"}],"is_trial":false,"path_per_floor":["R_BF","M","?","M","M","M","T","R","M","T","R","?","R","$","M","B",null,"R","M","?","M","?","?","PTL","PTL","T","R","M","M"],"character_chosen":"SHADE","items_purchased":["MerchantsRug"],"campfire_rested":0,"item_purchase_floors":[14],"current_hp_per_floor":[63,63,63,63,63,60,60,60,61,61,61,61,61,71,71,54,71,71,71,54,50,36,27,27,27,27,27,7,0,0],"gold":468,"neow_bonus":"TEN_PERCENT_HP_BONUS","is_daily":false,"chose_seed":false,"campfire_upgraded":5,"win_rate":0.0,"timestamp":1612795492,"path_taken":["R_BF","M","?","M","M","M","T","R","M","?","R","?","R","?","M","BOSS","R","M","?","M","?","?","PTL","PTL","T","R","M","M"],"items_purchased_type":["Relic"],"build_version":"2020-12-22","purchased_purges":1,"victory":false,"max_hp_per_floor":[71,71,71,71,71,71,71,71,71,71,71,71,71,71,71,71,71,71,71,71,71,71,76,76,76,76,76,76,76,76],"card_choices":[{"not_picked":["Shade:CoffinDance","Shade:BoneShards"],"picked":"Shade:SkeletonHug","floor":2},{"not_picked":["Shade:Brains","Shade:Premonition"],"picked":"Shade:TouchOfTheGrave","floor":4},{"not_picked":["Shade:ScuttlingHand","Shade:FuneraryArmor"],"picked":"Shade:CommandSoldier","floor":5},{"not_picked":["Shade:ClawBack","Shade:FleshOffering"],"picked":"Shade:FingerOfDeath","floor":6},{"not_picked":["Shade:AblativeArmor","Shade:Bonestorm"],"picked":"Shade:AuraOfUnlife","floor":9},{"not_picked":["Shade:GoDigging","Shade:OminousRitual"],"picked":"Shade:FleshToFlesh","floor":14},{"not_picked":["Shade:GraveStillness","Shade:GreyBargain"],"picked":"Shade:Bonestorm","floor":15},{"not_picked":["Shade:OfferingToTheBeyond","Shade:Tombstone"],"picked":"Shade:GreaterAnimation","floor":16},{"not_picked":["Shade:WallOfFlesh","Shade:BoneShards"],"picked":"Shade:CoffinDance+1","floor":19},{"not_picked":["infinitespire:DeathsTouch","infinitespire:Fortify"],"picked":"hubris:InfiniteBlow","floor":20},{"not_picked":["Shade:SensePrey","Shade:Frenzy"],"picked":"Shade:Carnophage+1","floor":21},{"not_picked":["Shade:DangerousRitual","Shade:Brains"],"picked":"Shade:CommandSoldier","floor":28}],"player_experience":104444,"relics_obtained":[{"floor":7,"key":"Blood Vial"},{"floor":10,"key":"reliquary:WeakTea"},{"floor":12,"key":"Ring of Peace"},{"floor":12,"key":"Ring of Greed"},{"floor":12,"key":"Blue Doll"},{"floor":12,"key":"MealTicket"},{"floor":23,"key":"Potion Belt"},{"floor":26,"key":"reliquary:Boomerang"}],"event_choices":[],"is_beta":false,"boss_relics":[{"not_picked":["Coffee Dripper","hubris:HollowSoul"],"picked":"Shade:YorickPolishedSkull"}],"items_purged_floors":[14],"is_endless":false,"potions_floor_spawned":[4,5,9,15,19],"killed_by":"Snake Plant","ascension_level":0}}