{"host":"qm4rv4rkpk76sbxu","time":1612777445,"event":{"mods":["BaseMod","Bestiary","Block Reminder","DeckTracker","Filter the Spire","Keyboard Shortcuts","Minty Spire (QoL Compilation)","MonsterHotkey","Quick Restart","Random Character Button","Relic Stats","Slay-I","StSLib","Unceasing Turn Reminder","ojb\u0027s Better Paths Mod","ojb\u0027s Info Mod"],"gold_per_floor":[10,29,29,29,45,78,1,36,36,36,60,99,173,173,173,301,301,322,322,322,343,364,398,416,416,416,416,459,459,477,492,492,622,622,640,663,361,379,86,124,124,124,124,124,457,457,473,507,507,507,507,507,16,49,49,49],"floor_reached":55,"language":"ENG","playtime":5304,"items_purged":["Strike_G","Normality"],"score":1015,"play_id":"3d399ab4-9999-488d-b37e-f7ecc01bc8e1","local_time":"20210208104405","is_ascension_mode":true,"campfire_choices":[{"floor":10.0,"key":"REST"},{"data":"All Out Attack","floor":15.0,"key":"SMITH"},{"data":"Catalyst","floor":25.0,"key":"SMITH"},{"data":"Corpse Explosion","floor":27.0,"key":"SMITH"},{"data":"Wraith Form v2","floor":29.0,"key":"SMITH"},{"floor":32.0,"key":"REST"},{"data":"Wraith Form v2","floor":42.0,"key":"SMITH"},{"data":"Catalyst","floor":44.0,"key":"SMITH"},{"floor":49.0,"key":"RECALL"},{"data":"Venomology","floor":52,"key":"SMITH"}],"circlet_count":0,"master_deck":["Strike_G","Strike_G","Strike_G","Defend_G","Defend_G","Defend_G","Defend_G","Defend_G","Survivor","Neutralize","Endless Agony","Distraction","Dagger Throw","All Out Attack+1","Wraith Form v2+1","Blur","Slice+1","Underhanded Strike+1","Corpse Explosion+1","Dash+1","Wraith Form v2+1","Catalyst+1","Outmaneuver+1","Terror+1","Backflip","Venomology+1","Poisoned Stab+1","Backflip+1","Catalyst+1","Slice+1","Injury","Blur","Backflip","Backflip","Leg Sweep"],"relics":["Ring of the Snake","The Specimen","Paper Crane","Tiny Chest","Molten Egg 2","Ancient Tea Set","Singing Bowl","Philosopher\u0027s Stone","Pear","Kunai","InkBottle","Pantograph","Cursed Key","Medical Kit","ClockworkSouvenir","Oddly Smooth Stone","White Beast Statue","Bag of Marbles","Shuriken","CaptainsWheel","Snake Skull"],"acts_visited":["Exordium","TheCity","TheBeyond","TheEnding"],"potions_floor_usage":[50,54,55,55,55],"damage_taken":[{"damage":0.0,"enemies":"2 Louse","floor":1.0,"turns":5.0},{"damage":0.0,"enemies":"Small Slimes","floor":2.0,"turns":2.0},{"damage":0.0,"enemies":"Jaw Worm","floor":5.0,"turns":3.0},{"damage":33.0,"enemies":"Lagavulin","floor":6.0,"turns":10.0},{"damage":24.0,"enemies":"3 Sentries","floor":8.0,"turns":8.0},{"damage":1.0,"enemies":"Looter","floor":11.0,"turns":4.0},{"damage":8.0,"enemies":"Lagavulin","floor":12.0,"turns":8.0},{"damage":2.0,"enemies":"Lagavulin Event","floor":13.0,"turns":5.0},{"damage":11.0,"enemies":"Hexaghost","floor":16.0,"turns":11.0},{"damage":4.0,"enemies":"Chosen","floor":18.0,"turns":5.0},{"damage":2.0,"enemies":"Shell Parasite","floor":21.0,"turns":7.0},{"damage":0.0,"enemies":"Chosen and Byrds","floor":22.0,"turns":7.0},{"damage":45.0,"enemies":"Slavers","floor":23.0,"turns":4.0},{"damage":2.0,"enemies":"Centurion and Healer","floor":24.0,"turns":3.0},{"damage":2.0,"enemies":"Book of Stabbing","floor":28.0,"turns":4.0},{"damage":14.0,"enemies":"Cultist and Chosen","floor":30.0,"turns":3.0},{"damage":0.0,"enemies":"Snake Plant","floor":31.0,"turns":3.0},{"damage":49.0,"enemies":"Automaton","floor":33.0,"turns":10.0},{"damage":3.0,"enemies":"3 Darklings","floor":35.0,"turns":4.0},{"damage":6.0,"enemies":"3 Shapes","floor":36.0,"turns":4.0},{"damage":7.0,"enemies":"Sphere and 2 Shapes","floor":38.0,"turns":4.0},{"damage":26.0,"enemies":"Reptomancer","floor":40.0,"turns":6.0},{"damage":0.0,"enemies":"Jaw Worm Horde","floor":47.0,"turns":4.0},{"damage":0.0,"enemies":"Giant Head","floor":48.0,"turns":8.0},{"damage":26,"enemies":"Donu and Deca","floor":50,"turns":8},{"damage":36,"enemies":"Shield and Spear","floor":54,"turns":5},{"damage":106,"enemies":"The Heart","floor":55,"turns":9}],"seed_played":"-7910863806347007978","potions_obtained":[{"floor":1.0,"key":"Block Potion"},{"floor":6.0,"key":"LiquidBronze"},{"floor":8.0,"key":"ColorlessPotion"},{"floor":11.0,"key":"DuplicationPotion"},{"floor":18.0,"key":"PowerPotion"},{"floor":22.0,"key":"LiquidBronze"},{"floor":24.0,"key":"DuplicationPotion"},{"floor":31.0,"key":"GamblersBrew"},{"floor":33.0,"key":"Weak Potion"},{"floor":40.0,"key":"GamblersBrew"}],"is_trial":false,"path_per_floor":["M","M","?","?","M","E","$","E","T","R","M","E","?","?","R","B",null,"M","?","T","M","M","E","M","R","T","R","E","R","M","M","R","B",null,"M","M","$","M","$","E","T","R","T","R","?","?","M","E","R","B",null,"R","$","E","B"],"character_chosen":"THE_SILENT","items_purchased":["Wraith Form v2","Medical Kit","Catalyst","ClockworkSouvenir","Oddly Smooth Stone","Backflip","CaptainsWheel","Strength Potion"],"campfire_rested":2,"item_purchase_floors":[7,37,37,39,39,53,53,53],"current_hp_per_floor":[70,70,70,65,65,32,32,8,8,27,26,18,16,16,16,5,65,61,61,71,69,69,24,22,22,22,22,22,22,10,12,36,12,81,78,72,72,65,65,41,41,41,41,41,41,41,41,41,41,40,83,83,83,47,0,0],"gold":49,"neow_bonus":"ONE_RARE_RELIC","is_daily":false,"chose_seed":false,"campfire_upgraded":7,"win_rate":0.0,"timestamp":1612777445,"path_taken":["M","M","?","?","M","E","?","E","T","R","M","E","?","?","R","BOSS","M","?","?","M","?","E","M","R","T","R","E","R","M","M","R","BOSS","M","M","?","?","$","E","?","R","T","R","?","?","?","E","R","BOSS","R","$","E","BOSS"],"items_purchased_type":["Card","Relic","Card","Relic","Relic","Card","Relic","Potion"],"build_version":"2020-12-22","purchased_purges":2,"victory":false,"max_hp_per_floor":[70,70,70,65,65,65,65,65,65,65,65,65,65,65,65,65,65,65,65,75,75,75,75,75,75,75,75,77,77,79,81,81,81,81,81,81,81,81,81,83,83,83,83,83,83,83,83,83,83,83,83,83,83,83,83,83],"relic_stats":{"Singing Bowl":8,"counters":[27,154],"Shuriken":[9],"Pantograph":75,"Tiny Chest":2,"Snake Skull":[6],"Kunai":[39],"Cursed Key":2,"Medical Kit":[9],"obtain_stats":[{"Pear":20,"The Specimen":0,"Singing Bowl":13,"Golden Idol":4,"Oddly Smooth Stone":39,"Snake Skull":54,"Paper Crane":6,"Ancient Tea Set":12,"Cursed Key":34,"Medical Kit":37,"White Beast Statue":40,"ClockworkSouvenir":39,"CaptainsWheel":53,"Shuriken":48,"Pantograph":28,"Tiny Chest":8,"Molten Egg 2":9,"Philosopher\u0027s Stone":17,"Bag of Marbles":43,"Kunai":23,"InkBottle":26,"Ring of the Snake":0},{"Pear":10,"The Specimen":0,"Singing Bowl":7,"Golden Idol":2,"Oddly Smooth Stone":21,"Snake Skull":26,"Paper Crane":4,"Ancient Tea Set":7,"Cursed Key":18,"Medical Kit":20,"White Beast Statue":22,"ClockworkSouvenir":21,"CaptainsWheel":25,"Shuriken":24,"Pantograph":15,"Tiny Chest":5,"Molten Egg 2":5,"Philosopher\u0027s Stone":9,"Bag of Marbles":22,"Kunai":13,"InkBottle":14,"Ring of the Snake":0},{"Pear":61,"The Specimen":0,"Singing Bowl":40,"Golden Idol":7,"Oddly Smooth Stone":114,"Snake Skull":145,"Paper Crane":20,"Ancient Tea Set":40,"Cursed Key":102,"Medical Kit":110,"White Beast Statue":120,"ClockworkSouvenir":114,"CaptainsWheel":140,"Shuriken":132,"Pantograph":86,"Tiny Chest":28,"Molten Egg 2":28,"Philosopher\u0027s Stone":56,"Bag of Marbles":120,"Kunai":79,"InkBottle":82,"Ring of the Snake":0}],"InkBottle":[38],"Ring of the Snake":[59]},"card_choices":[{"not_picked":["Deflect","Reflex"],"picked":"Endless Agony","floor":1.0},{"not_picked":["Bane","Deflect","Escape Plan"],"picked":"SKIP","floor":2.0},{"not_picked":["Dagger Spray","Quick Slash"],"picked":"Dagger Throw","floor":5.0},{"not_picked":["Heel Hook","Well Laid Plans"],"picked":"All Out Attack","floor":6.0},{"not_picked":["Storm of Steel","PiercingWail"],"picked":"Blur","floor":8.0},{"not_picked":["Blade Dance","Outmaneuver"],"picked":"Slice+1","floor":11.0},{"not_picked":["Infinite Blades","Riddle With Holes+1","Dodge and Roll"],"picked":"SKIP","floor":12.0},{"not_picked":["Bane+1","Infinite Blades"],"picked":"Underhanded Strike+1","floor":13.0},{"not_picked":["Grand Finale+1","Doppelganger"],"picked":"Corpse Explosion","floor":16.0},{"not_picked":["Dagger Throw+1","Distraction"],"picked":"Dash+1","floor":18.0},{"not_picked":["Deadly Poison","Concentrate"],"picked":"Catalyst","floor":21.0},{"not_picked":["PiercingWail+1","Calculated Gamble"],"picked":"Outmaneuver+1","floor":22.0},{"not_picked":["Masterful Stab+1","Prepared"],"picked":"Terror+1","floor":23.0},{"not_picked":["Predator+1","All Out Attack+1"],"picked":"Backflip","floor":24.0},{"not_picked":["Doppelganger","Choke+1","Accuracy"],"picked":"Singing Bowl","floor":28.0},{"not_picked":["Dagger Throw+1","Deflect","Setup"],"picked":"Singing Bowl","floor":30.0},{"not_picked":["Quick Slash+1","PiercingWail","Underhanded Strike+1"],"picked":"Singing Bowl","floor":31.0},{"not_picked":["A Thousand Cuts","Corpse Explosion"],"picked":"Venomology","floor":33.0},{"not_picked":["Deadly Poison","Cloak And Dagger+1"],"picked":"Poisoned Stab+1","floor":35.0},{"not_picked":["Deadly Poison+1","Riddle With Holes+1"],"picked":"Backflip+1","floor":36.0},{"not_picked":["Poisoned Stab+1","Choke+1"],"picked":"Slice+1","floor":38.0},{"not_picked":["Sucker Punch+1","Finisher+1","Storm of Steel"],"picked":"Singing Bowl","floor":40.0},{"not_picked":["Acrobatics+1","Sucker Punch+1"],"picked":"Blur","floor":47.0},{"not_picked":["Slice+1","Reflex"],"picked":"Backflip","floor":48.0},{"not_picked":["Quick Slash+1","All Out Attack+1"],"picked":"Leg Sweep","floor":54}],"player_experience":1520596,"relics_obtained":[{"floor":6.0,"key":"Paper Crane"},{"floor":8.0,"key":"Tiny Chest"},{"floor":9.0,"key":"Molten Egg 2"},{"floor":12.0,"key":"Ancient Tea Set"},{"floor":20.0,"key":"Pear"},{"floor":23.0,"key":"Kunai"},{"floor":26.0,"key":"InkBottle"},{"floor":28.0,"key":"Pantograph"},{"floor":40.0,"key":"White Beast Statue"},{"floor":43.0,"key":"Bag of Marbles"},{"floor":48.0,"key":"Shuriken"},{"floor":54,"key":"Snake Skull"}],"event_choices":[{"damage_healed":0.0,"max_hp_gain":0.0,"max_hp_loss":0.0,"gold_gain":0.0,"cards_transformed":["Strike_G"],"event_name":"Living Wall","player_choice":"Change","floor":3.0,"gold_loss":0.0,"damage_taken":0.0,"cards_obtained":["Distraction"]},{"damage_healed":0.0,"max_hp_gain":0.0,"max_hp_loss":5.0,"gold_gain":0.0,"event_name":"Golden Idol","player_choice":"Lose Max HP","floor":4.0,"gold_loss":0.0,"damage_taken":0.0,"relics_obtained":["Golden Idol"]},{"damage_healed":0.0,"max_hp_gain":0.0,"max_hp_loss":0.0,"gold_gain":30.0,"event_name":"Dead Adventurer","player_choice":"Searched \u00273\u0027 times","floor":13.0,"gold_loss":0.0,"damage_taken":0.0,"relics_obtained":["Singing Bowl"]},{"damage_healed":0.0,"max_hp_gain":0.0,"max_hp_loss":0.0,"gold_gain":0.0,"event_name":"NoteForYourself","player_choice":"Ignored","floor":14.0,"gold_loss":0.0,"damage_taken":0.0},{"damage_healed":0.0,"max_hp_gain":0.0,"max_hp_loss":0.0,"gold_gain":0.0,"event_name":"Duplicator","player_choice":"Copied","floor":19.0,"gold_loss":0.0,"damage_taken":0.0,"cards_obtained":["Wraith Form v2"]},{"damage_healed":0.0,"max_hp_gain":0.0,"max_hp_loss":0.0,"gold_gain":333.0,"event_name":"The Moai Head","player_choice":"Gave Idol","floor":45.0,"relics_lost":["Golden Idol"],"gold_loss":0.0,"damage_taken":0.0},{"damage_healed":0.0,"max_hp_gain":0.0,"max_hp_loss":0.0,"gold_gain":0.0,"event_name":"Tomb of Lord Red Mask","player_choice":"Ignored","floor":46.0,"gold_loss":0.0,"damage_taken":0.0}],"is_beta":false,"boss_relics":[{"not_picked":["Runic Pyramid","Empty Cage"],"picked":"Philosopher\u0027s Stone"},{"not_picked":["Sozu","Velvet Choker"],"picked":"Cursed Key"}],"items_purged_floors":[37,53],"is_endless":false,"potions_floor_spawned":[1,6,8,11,18,22,24,31,33,35,40,47,48,54],"killed_by":"The Heart","ascension_level":4}}