{"host":"f8toxsj3bk02pkeu","time":1612782860,"event":{"mods":["BaseMod","Minty Spire (QoL Compilation)","Permanent Neow","Quick Restart","StSLib","SuperFastMode"],"gold_per_floor":[112,112,9,84,98,125,125,159,159,159,177,193,193,193],"floor_reached":13,"language":"ENG","playtime":280,"items_purged":["Defend_R"],"score":186,"play_id":"f5e12625-2c47-455a-b2f9-e50c92be59b5","local_time":"20210208041420","is_ascension_mode":true,"campfire_choices":[{"data":"Juggernaut","floor":7,"key":"SMITH"},{"data":"Pommel Strike","floor":10,"key":"SMITH"}],"circlet_count":0,"master_deck":["AscendersBane","Strike_R","Strike_R","Strike_R","Strike_R","Strike_R","Defend_R","Defend_R","Defend_R","Bash","Shrug It Off","Shrug It Off","Pommel Strike+1","Juggernaut+1","Shrug It Off"],"relics":["Burning Blood","Meat on the Bone","Bag of Preparation","Pen Nib"],"acts_visited":["Exordium"],"potions_floor_usage":[6],"damage_taken":[{"damage":0,"enemies":"2 Louse","floor":1,"turns":3},{"damage":4,"enemies":"Cultist","floor":5,"turns":4},{"damage":38,"enemies":"Gremlin Nob","floor":6,"turns":4},{"damage":20,"enemies":"Lagavulin","floor":8,"turns":8},{"damage":0,"enemies":"Jaw Worm","floor":11,"turns":4},{"damage":0,"enemies":"Exordium Wildlife","floor":12,"turns":4},{"damage":57,"enemies":"Gremlin Nob","floor":13,"turns":4}],"seed_played":"3344127346991318836","potions_obtained":[{"floor":1,"key":"SkillPotion"}],"is_trial":false,"path_per_floor":["M","?","$","?","M","E","R","E","T","R","M","M","E"],"character_chosen":"IRONCLAD","items_purchased":["Shrug It Off"],"campfire_rested":0,"item_purchase_floors":[3],"current_hp_per_floor":[88,88,88,77,79,47,47,45,45,45,51,57,0,0],"gold":193,"neow_bonus":"TWENTY_PERCENT_HP_BONUS","is_daily":false,"chose_seed":false,"campfire_upgraded":2,"win_rate":0.0,"timestamp":1612782860,"path_taken":["M","?","?","?","M","E","R","E","T","R","M","M","E"],"items_purchased_type":["Card"],"build_version":"2020-12-22","purchased_purges":1,"victory":false,"max_hp_per_floor":[89,89,89,89,89,89,89,89,89,89,89,89,89,89],"card_choices":[{"not_picked":["Rage","Twin Strike"],"picked":"Shrug It Off","floor":1},{"not_picked":["Burning Pact","Rupture"],"picked":"Pommel Strike","floor":5},{"not_picked":["Evolve","Dropkick"],"picked":"Juggernaut","floor":6},{"not_picked":["Flex","Searing Blow","Twin Strike"],"picked":"SKIP","floor":8},{"not_picked":["Thunderclap","Cleave","Anger"],"picked":"SKIP","floor":11},{"not_picked":["Sword Boomerang","Flex"],"picked":"Shrug It Off","floor":12}],"player_experience":986417,"relics_obtained":[{"floor":6,"key":"Meat on the Bone"},{"floor":8,"key":"Bag of Preparation"},{"floor":9,"key":"Pen Nib"}],"event_choices":[{"cards_removed":["Normality"],"damage_healed":0,"gold_gain":0,"player_choice":"Removed Curses","damage_taken":0,"max_hp_gain":0,"max_hp_loss":0,"event_name":"Fountain of Cleansing","floor":2,"gold_loss":0},{"damage_healed":0,"gold_gain":75,"player_choice":"Gather Gold","damage_taken":11,"max_hp_gain":0,"max_hp_loss":0,"event_name":"World of Goop","floor":4,"gold_loss":0}],"is_beta":false,"boss_relics":[],"items_purged_floors":[3],"is_endless":false,"potions_floor_spawned":[1],"killed_by":"Gremlin Nob","ascension_level":20}}