{"host":"ga4s3hj9m6nkn6gp","time":1612800242,"event":{"mods":["AchievementEnabler","BaseMod","Bestiary","Colored Powertips","Highlight Path","Minty Spire (QoL Compilation)","Relic Stats","everything is the same but u backflip on backflip"],"gold_per_floor":[114,131,131,150,75,75,75,75],"floor_reached":7,"language":"ENG","playtime":247,"items_purged":[],"score":82,"play_id":"6704495e-e65a-4085-98fc-776af4dcde3c","local_time":"20210208170402","is_ascension_mode":true,"campfire_choices":[{"data":"Dagger Spray","floor":6,"key":"SMITH"}],"circlet_count":0,"master_deck":["AscendersBane","Strike_G","Strike_G","Strike_G","Strike_G","Strike_G","Defend_G","Defend_G","Defend_G","Defend_G","Defend_G","Survivor","Neutralize","Poisoned Stab","Footwork","Dagger Spray+1"],"relics":["Ring of the Snake","NeowsBlessing"],"acts_visited":["Exordium"],"potions_floor_usage":[],"damage_taken":[{"damage":0,"enemies":"Cultist","floor":1,"turns":1},{"damage":0,"enemies":"2 Louse","floor":2,"turns":1},{"damage":0,"enemies":"Small Slimes","floor":4,"turns":1},{"damage":60,"enemies":"Lagavulin","floor":7,"turns":11}],"seed_played":"640586807871664843","potions_obtained":[],"is_trial":false,"path_per_floor":["M","M","?","M","?","R","E"],"character_chosen":"THE_SILENT","items_purchased":[],"campfire_rested":0,"item_purchase_floors":[],"current_hp_per_floor":[59,59,59,59,59,59,0,0],"gold":75,"neow_bonus":"THREE_ENEMY_KILL","is_daily":false,"chose_seed":false,"campfire_upgraded":1,"win_rate":0.0,"timestamp":1612800242,"path_taken":["M","?","?","?","?","R","E"],"items_purchased_type":[],"build_version":"2020-12-22","purchased_purges":0,"victory":false,"max_hp_per_floor":[66,66,66,66,66,66,66,66],"relic_stats":{"counters":[4,14],"obtain_stats":[{"NeowsBlessing":0,"Ring of the Snake":0},{"NeowsBlessing":0,"Ring of the Snake":0},{"NeowsBlessing":0,"Ring of the Snake":0}],"Ring of the Snake":[8]},"card_choices":[{"not_picked":["Outmaneuver","Sucker Punch"],"picked":"Poisoned Stab","floor":1},{"not_picked":["Terror","Deflect"],"picked":"Footwork","floor":2},{"not_picked":["Cloak And Dagger","Accuracy"],"picked":"Dagger Spray","floor":4}],"player_experience":754169,"relics_obtained":[],"event_choices":[{"damage_healed":0,"gold_gain":0,"player_choice":"Cursed","damage_taken":0,"max_hp_gain":0,"max_hp_loss":0,"event_name":"Wheel of Change","floor":3,"gold_loss":0,"cards_obtained":["Decay"]},{"cards_removed":["Decay"],"damage_healed":0,"gold_gain":0,"player_choice":"Card Removal","damage_taken":0,"max_hp_gain":0,"max_hp_loss":0,"event_name":"The Cleric","floor":5,"gold_loss":75}],"is_beta":false,"boss_relics":[],"items_purged_floors":[],"is_endless":false,"potions_floor_spawned":[],"killed_by":"Lagavulin","ascension_level":20}}