{"host":"oopoa2qluour3scl","time":1612794311,"event":{"mods":["2.2 Compatiblity","AchievementEnabler","AlwaysNeverKeys","BaseMod","Better Match","Better Note","Better Sensory Stone","Better Synergies","Better Third Choice","Better Vampires","BetterRewards","Bossed Relics","Colored Powertips","Communication Mod","Infinite Spire","Minty Spire (QoL Compilation)","Practice Mode","Random Character Button","Relic Filter Mod","Relic Stats","Smile Girya","StS++","StSLib","SuperFastMode","Swap Starting Deck Mod","Weighted Paths"],"gold_per_floor":[119,119,22,22,22,22,347,347,347,364,382,394,394,419,419,516,516,536,19,30,49,49,49,81,81,81,81,31,59,59,158,158,256,256,267,317,334,334,334,334,334,334],"floor_reached":41,"language":"ENG","playtime":2413,"items_purged":["Burn","Defend_P"],"score":460,"play_id":"61f3e89f-8823-474e-a25a-5516e460e63d","local_time":"20210208152511","is_ascension_mode":false,"campfire_choices":[{"data":"infinitespire:TheBestDefense","floor":6,"key":"SMITH"},{"data":"Crescendo","floor":8,"key":"SMITH"},{"data":"MasterReality","floor":13,"key":"SMITH"},{"floor":15,"key":"REST"},{"data":"Adaptation","floor":23,"key":"SMITH"},{"floor":25,"key":"REST"},{"data":"1","floor":27,"key":"LIFT"},{"floor":32,"key":"REST"},{"floor":40,"key":"REST"}],"circlet_count":0,"master_deck":["Strike_P","Strike_P","Strike_P","Strike_P","Defend_P","Defend_P","Defend_P","Eruption","Vigilance","Crescendo+1","infinitespire:TheBestDefense+1","Adaptation+1","MasterReality+1","InnerPeace","InnerPeace","DeusExMachina","Adaptation+1","ReachHeaven","CarveReality","infinitespire:NeuralNetwork+1","Perseverance","DeusExMachina","Establishment","FlurryOfBlows+1","ClearTheMind","Evaluate+1","infinitespire:TheBestDefense","infinitespire:Starlight"],"relics":["PureWater","NeowsBlessing","infinitespire:Satchel","Old Coin","infinitespire:Lucky Rock","Centennial Puzzle","Tiny House","Lee\u0027s Waffle","Ginger","infinitespire:BottledMercury","Girya","Darkstone Periapt","Sozu","infinitespire:Golems Mask","infinitespire:Eraser","Cursed Key"],"acts_visited":["Exordium","TheCity","TheBeyond"],"potions_floor_usage":[16,21,24,24,24,30,36,37],"damage_taken":[{"damage":0,"enemies":"Cultist","floor":1,"turns":1},{"damage":0,"enemies":"3 Sentries","floor":7,"turns":1},{"damage":0,"enemies":"Jaw Worm","floor":10,"turns":1},{"damage":0,"enemies":"2 Louse","floor":11,"turns":2},{"damage":3,"enemies":"Exordium Wildlife","floor":12,"turns":4},{"damage":9,"enemies":"Gremlin Nob","floor":14,"turns":5},{"damage":14,"enemies":"Slime Boss","floor":16,"turns":13},{"damage":17,"enemies":"Shell Parasite","floor":18,"turns":8},{"damage":15,"enemies":"3 Byrds","floor":20,"turns":5},{"damage":11,"enemies":"Sentry and Sphere","floor":21,"turns":4},{"damage":25,"enemies":"Slavers","floor":24,"turns":5},{"damage":31,"enemies":"Gremlin Leader","floor":29,"turns":4},{"damage":0,"enemies":"Snake Plant","floor":30,"turns":2},{"damage":28,"enemies":"Automaton","floor":33,"turns":9},{"damage":50,"enemies":"3 Shapes","floor":35,"turns":5},{"damage":0,"enemies":"Mind Bloom Boss Battle","floor":36,"turns":3},{"damage":27,"enemies":"Orb Walker","floor":37,"turns":3},{"damage":8,"enemies":"infinitespire:Three Voidlings","floor":41,"turns":4},{"damage":58,"enemies":"Nightmare_Alpha","floor":41,"turns":2}],"seed_played":"8649133551083216969","potions_obtained":[{"floor":11,"key":"StSpp:ScatteredPotion"},{"floor":12,"key":"SneckoOil"},{"floor":16,"key":"StSpp:ScatteredPotion"},{"floor":29,"key":"SmokeBomb"},{"floor":33,"key":"GamblersBrew"}],"is_trial":false,"path_per_floor":["M","?","$","?","?","R","E","R","T","M","M","M","R","E","R","B",null,"M","$","M","M","?","R","E","R","T","R","?","E","M","?","R","B",null,"M","?","M","?","AVR","R","?"],"character_chosen":"WATCHER","items_purchased":["EmptyBody","Lee\u0027s Waffle","Ginger","ReachHeaven"],"campfire_rested":4,"item_purchase_floors":[3,19,19,19],"current_hp_per_floor":[72,72,72,72,54,54,54,54,54,54,54,51,51,42,63,49,72,55,79,64,53,53,53,28,51,51,51,51,20,20,20,43,15,79,29,29,2,2,2,25,0,0],"gold":334,"neow_bonus":"THREE_ENEMY_KILL","is_daily":false,"chose_seed":false,"campfire_upgraded":4,"win_rate":0.0,"timestamp":1612794311,"path_taken":["M","?","$","?","?","R","E","R","T","?","?","M","R","E","R","BOSS","M","$","M","M","?","R","E","R","T","R","?","E","?","?","R","BOSS","M","?","M","?","AVR","R","?"],"items_purchased_type":["Card","Relic","Relic","Card"],"build_version":"2020-12-22","purchased_purges":2,"victory":false,"max_hp_per_floor":[72,72,72,72,72,72,72,72,72,72,72,72,72,72,72,72,72,72,79,79,79,79,79,79,79,79,79,79,79,79,79,79,79,79,79,79,79,79,79,79,79,79],"relic_stats":{"Darkstone Periapt":0,"Sozu":2,"Centennial Puzzle":[34],"Lee\u0027s Waffle":24,"counters":[123,465],"Ginger":[4],"Cursed Key":0,"obtain_stats":[{"infinitespire:BottledMercury":24,"Tiny House":34,"CeramicFish":48,"Vajra":28,"Whetstone":26,"Ginger":54,"Bottled Tornado":43,"Sling":20,"Boot":25,"Old Coin":7,"Sozu":0,"Centennial Puzzle":14,"HornCleat":30,"Sundial":42,"MealTicket":26,"infinitespire:Golems Mask":36,"Toxic Egg 2":26,"Girya":37,"Dead Branch":31,"Astrolabe":34,"Oddly Smooth Stone":9,"Letter Opener":24,"Question Card":38,"Cables":0,"Bottled Flame":10,"Shuriken":38,"Bronze Scales":0,"Bird Faced Urn":9,"Snecko Eye":17,"Molten Egg 2":26,"Pandora\u0027s Box":17,"StrikeDummy":6,"Unceasing Top":0,"Pocketwatch":6,"Meat on the Bone":0,"Darkstone Periapt":29,"Regal Pillow":0,"Singing Bowl":25,"Melange":20,"Yang":40,"Bag of Preparation":53,"Cursed Key":17,"Smiling Mask":40,"SsserpentHead":6,"Nunchaku":53,"Mummified Hand":0,"Pantograph":0,"Gambling Chip":37,"infinitespire:Eraser":39,"Cracked Core":0,"StSpp:SailorCap":10,"Lee\u0027s Waffle":19,"NeowsBlessing":0,"Golden Idol":0,"Damaru":23,"infinitespire:Lucky Rock":9,"Frozen Egg 2":23,"Orichalcum":31,"GoldenEye":8,"DataDisk":40,"Anchor":11,"infinitespire:Satchel":4,"Turnip":23,"Coffee Dripper":34,"Bag of Marbles":6,"Bottled Lightning":54,"Membership Card":53,"PureWater":29,"Toy Ornithopter":23,"FossilizedHelix":20,"TungstenRod":0},{"infinitespire:BottledMercury":115,"Tiny House":91,"CeramicFish":30,"Vajra":20,"Whetstone":4,"Ginger":73,"Bottled Tornado":28,"Sling":43,"Boot":62,"Old Coin":106,"Sozu":0,"Centennial Puzzle":110,"HornCleat":21,"Sundial":69,"MealTicket":86,"infinitespire:Golems Mask":120,"Toxic Egg 2":62,"Girya":25,"Dead Branch":64,"Astrolabe":65,"Oddly Smooth Stone":51,"Letter Opener":45,"Question Card":25,"Cables":0,"Bottled Flame":39,"Shuriken":25,"Bronze Scales":0,"Bird Faced Urn":9,"Snecko Eye":42,"Molten Egg 2":19,"Pandora\u0027s Box":82,"StrikeDummy":37,"Unceasing Top":74,"Pocketwatch":9,"Meat on the Bone":74,"Darkstone Periapt":116,"Regal Pillow":33,"Singing Bowl":19,"Melange":83,"Yang":95,"Bag of Preparation":72,"Cursed Key":56,"Smiling Mask":67,"SsserpentHead":100,"Nunchaku":31,"Mummified Hand":0,"Pantograph":0,"Gambling Chip":93,"infinitespire:Eraser":121,"Cracked Core":0,"StSpp:SailorCap":78,"Lee\u0027s Waffle":112,"NeowsBlessing":104,"Golden Idol":0,"Damaru":85,"infinitespire:Lucky Rock":106,"Frozen Egg 2":17,"Orichalcum":90,"GoldenEye":38,"DataDisk":27,"Anchor":53,"infinitespire:Satchel":105,"Turnip":61,"Coffee Dripper":23,"Bag of Marbles":50,"Bottled Lightning":32,"Membership Card":72,"PureWater":88,"Toy Ornithopter":3,"FossilizedHelix":58,"TungstenRod":74},{"infinitespire:BottledMercury":433,"Tiny House":330,"CeramicFish":94,"Vajra":64,"Whetstone":18,"Ginger":259,"Bottled Tornado":90,"Sling":156,"Boot":217,"Old Coin":386,"Sozu":0,"Centennial Puzzle":398,"HornCleat":66,"Sundial":240,"MealTicket":309,"infinitespire:Golems Mask":456,"Toxic Egg 2":217,"Girya":81,"Dead Branch":223,"Astrolabe":228,"Oddly Smooth Stone":180,"Letter Opener":167,"Question Card":81,"Cables":0,"Bottled Flame":133,"Shuriken":81,"Bronze Scales":0,"Bird Faced Urn":31,"Snecko Eye":150,"Molten Egg 2":61,"Pandora\u0027s Box":293,"StrikeDummy":121,"Unceasing Top":262,"Pocketwatch":31,"Meat on the Bone":262,"Darkstone Periapt":437,"Regal Pillow":102,"Singing Bowl":61,"Melange":297,"Yang":349,"Bag of Preparation":255,"Cursed Key":196,"Smiling Mask":234,"SsserpentHead":370,"Nunchaku":96,"Mummified Hand":0,"Pantograph":0,"Gambling Chip":340,"infinitespire:Eraser":459,"Cracked Core":0,"StSpp:SailorCap":276,"Lee\u0027s Waffle":419,"NeowsBlessing":384,"Golden Idol":0,"Damaru":304,"infinitespire:Lucky Rock":386,"Frozen Egg 2":54,"Orichalcum":325,"GoldenEye":124,"DataDisk":86,"Anchor":185,"infinitespire:Satchel":385,"Turnip":213,"Coffee Dripper":73,"Bag of Marbles":178,"Bottled Lightning":99,"Membership Card":255,"PureWater":318,"Toy Ornithopter":14,"FossilizedHelix":203,"TungstenRod":262}]},"card_choices":[{"not_picked":["Halt","EmptyBody"],"picked":"Crescendo","floor":1},{"not_picked":["infinitespire:DeathsTouch","infinitespire:Menacing"],"picked":"infinitespire:TheBestDefense","floor":5},{"not_picked":["CrushJoints","Crescendo","Sanctity"],"picked":"SKIP","floor":7},{"not_picked":["FlurryOfBlows","StSpp:TimeDodge","Adaptation"],"picked":"SKIP","floor":10},{"not_picked":["FlurryOfBlows","StSpp:TimeDodge"],"picked":"Adaptation","floor":10},{"not_picked":["SashWhip","FlyingSleeves"],"picked":"MasterReality","floor":11},{"not_picked":["Crescendo","SashWhip"],"picked":"InnerPeace","floor":12},{"not_picked":["Evaluate","StSpp:Renounce"],"picked":"InnerPeace","floor":14},{"not_picked":["LessonLearned","Establishment"],"picked":"DeusExMachina","floor":16},{"not_picked":["Weave","WaveOfTheHand"],"picked":"Adaptation+1","floor":18},{"not_picked":["Worship","EmptyBody"],"picked":"CarveReality","floor":20},{"not_picked":["Collect","SignatureMove","CrushJoints"],"picked":"SKIP","floor":21},{"not_picked":["Perseverance","ClearTheMind","Worship"],"picked":"SKIP","floor":24},{"not_picked":["ClearTheMind","Worship"],"picked":"Perseverance","floor":24},{"not_picked":["EmptyFist","Brilliance"],"picked":"DeusExMachina","floor":29},{"not_picked":["StSpp:VitalPoint","Brilliance"],"picked":"Establishment","floor":33},{"not_picked":["StSpp:Renounce+1","PathToVictory"],"picked":"FlurryOfBlows+1","floor":35},{"not_picked":["EmptyBody+1","FollowUp+1"],"picked":"ClearTheMind","floor":36},{"not_picked":["EmptyFist+1","Crescendo"],"picked":"Evaluate+1","floor":37}],"player_experience":501050,"relics_obtained":[{"floor":4,"key":"infinitespire:Satchel"},{"floor":7,"key":"Old Coin"},{"floor":9,"key":"infinitespire:Lucky Rock"},{"floor":14,"key":"Centennial Puzzle"},{"floor":24,"key":"infinitespire:BottledMercury"},{"floor":26,"key":"Girya"},{"floor":29,"key":"Darkstone Periapt"},{"floor":36,"key":"infinitespire:Golems Mask"}],"event_choices":[{"damage_healed":72,"gold_gain":0,"player_choice":"Embrace Burn","damage_taken":0,"max_hp_gain":0,"max_hp_loss":72,"event_name":"betterThird:BetterShining","floor":2,"gold_loss":0},{"cards_removed":["infinitespire:TheBestDefense"],"damage_healed":0,"gold_gain":0,"player_choice":"Take \u0026 Give","damage_taken":0,"max_hp_gain":0,"max_hp_loss":0,"event_name":"betterNote:BetterNote","floor":22,"gold_loss":0,"cards_obtained":["infinitespire:NeuralNetwork"]},{"damage_healed":0,"gold_gain":0,"player_choice":"Bet on Owner","damage_taken":0,"max_hp_gain":0,"max_hp_loss":0,"event_name":"The Joust","floor":28,"gold_loss":50},{"damage_healed":0,"gold_gain":99,"player_choice":"Steal","damage_taken":0,"max_hp_gain":0,"max_hp_loss":0,"event_name":"betterThird:BetterNest","floor":31,"gold_loss":0},{"damage_healed":0,"gold_gain":0,"player_choice":"Fight","damage_taken":0,"max_hp_gain":0,"max_hp_loss":0,"event_name":"MindBloom","floor":36,"gold_loss":0},{"cards_removed":["EmptyBody"],"damage_healed":0,"gold_gain":0,"player_choice":"Removed Skill","damage_taken":0,"max_hp_gain":0,"max_hp_loss":0,"event_name":"Falling","floor":38,"gold_loss":0}],"is_beta":false,"boss_relics":[{"not_picked":["Busted Crown","Pandora\u0027s Box"],"picked":"Tiny House"},{"not_picked":["Astrolabe","Calling Bell"],"picked":"Sozu"}],"items_purged_floors":[3,39],"is_endless":false,"potions_floor_spawned":[11,12,16,29,33,35,37],"killed_by":"Nightmare_Alpha","ascension_level":0}}