{"host":"yans4pr1zf0lm9bx","time":1612797245,"event":{"mods":["AchievementEnabler","Act Like it!","BaseMod","Hallownest","Minty Spire (QoL Compilation)","Replay The Spire","StSLib","SuperFastMode","The Bug Knight"],"gold_per_floor":[111,127,140,154,8,40,40,79,79,120,120,141,170,170,170,170,170],"floor_reached":16,"language":"ENG","playtime":1966,"items_purged":["HollowMod:VengefulVoid"],"score":127,"play_id":"32778ec7-ff45-4c1a-ac95-4cfbb0b38a74","local_time":"20210208101405","is_ascension_mode":true,"campfire_choices":[{"data":"HollowMod:LuriensSpire","floor":7,"key":"SMITH"},{"floor":11,"key":"REST"}],"circlet_count":0,"master_deck":["HollowMod:NailStrikeStart","HollowMod:NailStrikeStart","HollowMod:NailStrikeStart","HollowMod:NailStrikeStart","HollowMod:QuickDashStart","HollowMod:QuickDashStart","HollowMod:QuickDashStart","HollowMod:QuickDashStart","HollowMod:FocusHealStart","HollowMod:PogoStrike","HollowMod:TaintedHusks","HollowMod:NewLittleFool","HollowMod:HuntersJournal","HollowMod:NewInfectedGuardian","HollowMod:LuriensSpire+1","HollowMod:DashSlash","HollowMod:DreamGate","HollowMod:NewGlowingWomb","HollowMod:InfectedAttack"],"relics":["Honey Jar","Unceasing Top","CeramicFish","Toy Ornithopter","Letter Opener","Hallownest:DreamNailRelic"],"acts_visited":["Hallownest:Greenpath"],"potions_floor_usage":[6,13],"damage_taken":[{"damage":0,"enemies":"Hallownest:monsterHuskGuard","floor":1,"turns":3},{"damage":1,"enemies":"2_ Uuma","floor":2,"turns":6},{"damage":0,"enemies":"Hallownest:2_Baldur","floor":3,"turns":4},{"damage":3,"enemies":"Hallownest:MossCreep_and_Mosskin","floor":4,"turns":5},{"damage":23,"enemies":"Hallownest:eliteMossKnight","floor":6,"turns":9},{"damage":19,"enemies":"Hallownest:eliteVengeflyKing","floor":8,"turns":13},{"damage":20,"enemies":"Hallownest:eliteMossKnight","floor":10,"turns":11},{"damage":4,"enemies":"Hallownest:1_Ooma_and_2_Uuma","floor":12,"turns":10},{"damage":3,"enemies":"Hallownest:1_Baldur_1_Crawlid_1_Warrior","floor":13,"turns":6},{"damage":39,"enemies":"Hallownest:BossBrokenVessel","floor":16,"turns":6}],"seed_played":"1737694217907332145","potions_obtained":[{"floor":2,"key":"FearPotion"},{"floor":4,"key":"SpeedPotion"},{"floor":8,"key":"Languid Potion"},{"floor":10,"key":"SteroidPotion"},{"floor":12,"key":"Block Potion"}],"is_trial":false,"path_per_floor":["M","M","M","M","$","E","R","E","T","E","R","M","M","?","R","B"],"character_chosen":"THE_BUGKNIGHT","items_purchased":["HollowMod:NewInfectedGuardian"],"campfire_rested":1,"item_purchase_floors":[5],"current_hp_per_floor":[75,74,74,71,71,48,48,29,29,9,31,27,35,35,35,0,0],"gold":170,"neow_bonus":"BOSS_RELIC","is_daily":false,"chose_seed":false,"campfire_upgraded":1,"win_rate":0.0,"timestamp":1612797245,"path_taken":["M","M","M","M","$","E","R","E","T","E","R","M","M","?","R","BOSS"],"items_purchased_type":["Card"],"build_version":"2020-12-22","purchased_purges":1,"victory":false,"max_hp_per_floor":[75,75,75,75,75,75,75,75,75,75,75,75,75,75,75,75,75],"card_choices":[{"not_picked":["HollowMod:ShadowDash","HollowMod:HeavyBlow","HollowMod:DoubleDash"],"picked":"HollowMod:TaintedHusks","floor":1},{"not_picked":["HollowMod:HeavyBlow","HollowMod:HowlingWraiths","HollowMod:MonomonsArchive"],"picked":"HollowMod:VengefulVoid","floor":2},{"not_picked":["HollowMod:CoiledNail","HollowMod:ChannelNail","HollowMod:CrystalDash"],"picked":"HollowMod:NewLittleFool","floor":3},{"not_picked":["HollowMod:CloakDash","HollowMod:SoulSplash","HollowMod:InfectedAttack"],"picked":"HollowMod:HuntersJournal","floor":4},{"not_picked":["HollowMod:SoulSplash","HollowMod:SoulVessel","HollowMod:PerfectDash"],"picked":"HollowMod:LuriensSpire","floor":6},{"not_picked":["HollowMod:WraithStrike","HollowMod:DreamGate","HollowMod:DoubleDash"],"picked":"HollowMod:DashSlash","floor":8},{"not_picked":["HollowMod:GrimmsGift","HollowMod:NewInfectedGuardian","HollowMod:LuriensSpire"],"picked":"HollowMod:DreamGate","floor":10},{"not_picked":["HollowMod:LifebloodCocoon","HollowMod:DesolateDive","HollowMod:DoubleDash"],"picked":"HollowMod:NewGlowingWomb","floor":12},{"not_picked":["HollowMod:FallenFury","HollowMod:SharpenedNail","HollowMod:SoulStrike"],"picked":"HollowMod:InfectedAttack","floor":13}],"player_experience":269591,"relics_obtained":[{"floor":6,"key":"Unceasing Top"},{"floor":8,"key":"CeramicFish"},{"floor":9,"key":"Toy Ornithopter"},{"floor":10,"key":"Letter Opener"}],"event_choices":[],"is_beta":false,"boss_relics":[],"items_purged_floors":[5],"is_endless":false,"potions_floor_spawned":[2,4,8,10,12],"killed_by":"Hallownest:BossBrokenVessel","ascension_level":1}}