{"host":"q0qnzbgdx8oqogg9","time":1612828117,"event":{"mods":["BaseMod","Minty Spire (QoL Compilation)","StSLib"],"gold_per_floor":[114,126,141,91,166,166,196,196,247,7,7,7,7],"floor_reached":12,"language":"ENG","playtime":306,"items_purged":["Strike_B"],"score":122,"play_id":"728fd77e-e025-4159-8f9a-dc7c9b75a68c","local_time":"20210208184837","is_ascension_mode":true,"campfire_choices":[{"data":"Defragment","floor":6,"key":"SMITH"}],"circlet_count":0,"master_deck":["AscendersBane","Strike_B","Strike_B","Defend_B","Defend_B","Defend_B","Defend_B","Zap","Dualcast","Cold Snap","Defragment+1","Machine Learning","Sunder","Panacea","Self Repair"],"relics":["Runic Dome","Omamori","Golden Idol","Blood Vial","Akabeko"],"acts_visited":["Exordium"],"potions_floor_usage":[12,12],"damage_taken":[{"damage":1,"enemies":"Cultist","floor":1,"turns":4},{"damage":3,"enemies":"Small Slimes","floor":2,"turns":4},{"damage":2,"enemies":"Jaw Worm","floor":3,"turns":4},{"damage":11,"enemies":"3 Sentries","floor":7,"turns":10},{"damage":43,"enemies":"Gremlin Nob","floor":12,"turns":5}],"seed_played":"5101301316905278315","potions_obtained":[{"floor":3,"key":"Energy Potion"},{"floor":7,"key":"SpeedPotion"}],"is_trial":false,"path_per_floor":["M","M","M","?","?","R","E","?","T","$","?","E"],"character_chosen":"DEFECT","items_purchased":["Panacea","Self Repair"],"campfire_rested":0,"item_purchase_floors":[10,10],"current_hp_per_floor":[67,64,62,62,51,51,40,40,40,40,28,0,0],"gold":7,"neow_bonus":"BOSS_RELIC","is_daily":false,"chose_seed":false,"campfire_upgraded":1,"win_rate":0.0,"timestamp":1612828117,"path_taken":["M","M","M","?","?","R","E","?","T","$","?","E"],"items_purchased_type":["Card","Card"],"build_version":"2020-12-22","purchased_purges":1,"victory":false,"max_hp_per_floor":[75,75,75,75,75,75,75,69,69,69,69,69,69],"card_choices":[{"not_picked":["Steam","Go for the Eyes"],"picked":"Cold Snap","floor":1},{"not_picked":["Sweeping Beam","Hologram"],"picked":"Defragment","floor":2},{"not_picked":["Compile Driver","Hello World"],"picked":"Machine Learning","floor":3},{"not_picked":["Fusion","Doom and Gloom"],"picked":"Sunder","floor":7}],"player_experience":347276,"relics_obtained":[{"floor":7,"key":"Omamori"},{"floor":9,"key":"Blood Vial"}],"event_choices":[{"cards_removed":["Strike_B"],"damage_healed":0,"gold_gain":0,"player_choice":"Card Removal","damage_taken":0,"max_hp_gain":0,"max_hp_loss":0,"event_name":"The Cleric","floor":4,"gold_loss":50},{"damage_healed":0,"gold_gain":75,"player_choice":"Gather Gold","damage_taken":11,"max_hp_gain":0,"max_hp_loss":0,"event_name":"World of Goop","floor":5,"gold_loss":0},{"damage_healed":0,"gold_gain":0,"player_choice":"Lose Max HP","damage_taken":0,"relics_obtained":["Golden Idol"],"max_hp_gain":0,"max_hp_loss":6,"event_name":"Golden Idol","floor":8,"gold_loss":0},{"damage_healed":0,"gold_gain":0,"player_choice":"Success","damage_taken":12,"relics_obtained":["Akabeko"],"max_hp_gain":0,"max_hp_loss":0,"event_name":"Scrap Ooze","floor":11,"gold_loss":0}],"is_beta":false,"boss_relics":[],"items_purged_floors":[10],"is_endless":false,"potions_floor_spawned":[3,7],"killed_by":"Gremlin Nob","ascension_level":12}}