{"host":"m3rs92yjkwi06hli","time":1612808809,"event":{"mods":["Act Like it!","Aspiration","BaseMod","Colored Map","Conspire","Defuse TimeMaze Blight","Dio Mod","Energized Spire","Hubris","Infinite Spire","Minty Spire (QoL Compilation)","Relic Stats","Replay The Spire","Spicy Shops","StSLib"],"gold_per_floor":[113,125,125,125,139,139,164,164,210,228,259,259,272,285,285,388,388,405,180,180,200,300,335,335,355,423,499,519,618,618,633,633,633,633],"floor_reached":33,"language":"ENG","playtime":1124,"items_purged":["dioMod:Strike"],"score":327,"play_id":"d85b576c-c7c9-4fd3-9fec-654a218a2d5f","local_time":"20210208122649","is_ascension_mode":true,"campfire_choices":[{"data":"dioMod:UltimateSacrifice","floor":6,"key":"SMITH"},{"floor":12,"key":"REST"},{"data":"dioMod:Pluck","floor":15,"key":"SMITH"},{"floor":24,"key":"REST"}],"circlet_count":0,"master_deck":["dioMod:Strike+1","dioMod:Strike+1","Bite","dioMod:Defend","dioMod:Defend","dioMod:Defend","dioMod:Defend","dioMod:Freeze","dioMod:StreetSign","dioMod:UltimateSacrifice+1","Replay:Sssssssssshield","dioMod:StreetSign","dioMod:Diversion+1","dioMod:FlyAway","dioMod:BloodTransfusion","dioMod:DaggerSpree","dioMod:Roundabout","dioMod:Pluck+1","dioMod:SevenPageMuda+1","dioMod:BlendIn","dioMod:ComboFever","dioMod:CautiousMuda+1","dioMod:FlyAway","dioMod:DominatingPresence"],"relics":["dioMod:VampireBlood","infinitespire:Lucky Rock","Pondfish Scales","Replay:Mystery Machine","StoneCalendar","energizedSpire:OgreHead","Bag of Preparation","aspiration:HummingbirdHeart","hubris:MobiusCoin","ReplayTheSpireMod:TigerMarble"],"acts_visited":["Exordium","TheCity"],"potions_floor_usage":[11,33,33],"damage_taken":[{"damage":0,"enemies":"Small Slimes","floor":1,"turns":3},{"damage":0,"enemies":"2 Louse","floor":2,"turns":3},{"damage":3,"enemies":"Cultist","floor":5,"turns":3},{"damage":35,"enemies":"3 Sentries","floor":7,"turns":9},{"damage":4,"enemies":"Blue Slaver","floor":10,"turns":2},{"damage":23,"enemies":"Lagavulin","floor":11,"turns":4},{"damage":18,"enemies":"Large Slime","floor":13,"turns":2},{"damage":14,"enemies":"Lots of Slimes","floor":14,"turns":2},{"damage":19,"enemies":"The Guardian","floor":16,"turns":9},{"damage":22,"enemies":"2 Thieves","floor":18,"turns":3},{"damage":26,"enemies":"conspire:FuzzyDice","floor":21,"turns":4},{"damage":42,"enemies":"Gremlin Leader","floor":23,"turns":9},{"damage":8,"enemies":"conspire:HollyBat","floor":25,"turns":5},{"damage":20,"enemies":"Slavers","floor":27,"turns":6},{"damage":14,"enemies":"Snake Plant","floor":28,"turns":3},{"damage":12,"enemies":"3 Cultists","floor":31,"turns":3},{"damage":83,"enemies":"Collector","floor":33,"turns":6}],"seed_played":"2083689213332007423","potions_obtained":[{"floor":1,"key":"Elixir"},{"floor":7,"key":"DistilledChaos"},{"floor":14,"key":"Swift Potion"},{"floor":21,"key":"SkillPotion"}],"is_trial":false,"path_per_floor":["M","M","?","?","M","R","E","?","T","M","E","R","M","M","R","B",null,"M","$","?","M","?","E","R","M","T","E","M","?","?","M","R_BF","B"],"character_chosen":"THE_DEFAULT","items_purchased":["Bag of Preparation"],"campfire_rested":2,"item_purchase_floors":[19],"current_hp_per_floor":[75,75,60,60,62,62,40,33,33,34,28,50,45,56,56,54,75,61,61,47,39,39,32,56,63,63,64,65,65,65,74,80,0,0],"gold":633,"neow_bonus":"RANDOM_COMMON_RELIC","is_daily":false,"chose_seed":false,"campfire_upgraded":2,"win_rate":0.0,"timestamp":1612808809,"path_taken":["M","M","?","?","?","R","E","?","T","M","E","R","M","M","R","BOSS","M","$","?","M","?","E","R","M","T","E","?","?","?","M","R_BF","BOSS"],"items_purchased_type":["Relic"],"build_version":"2020-12-22","purchased_purges":1,"victory":false,"max_hp_per_floor":[75,75,75,75,75,75,75,75,75,75,75,75,75,75,75,75,75,75,75,80,80,80,80,80,80,80,80,80,80,80,80,80,80,80],"relic_stats":{"counters":[17,76],"StoneCalendar":[120],"Bag of Preparation":[14],"obtain_stats":[{"hubris:MobiusCoin":26,"Pondfish Scales":7,"dioMod:VampireBlood":0,"StoneCalendar":11,"energizedSpire:OgreHead":17,"Bag of Preparation":19,"aspiration:HummingbirdHeart":23,"ReplayTheSpireMod:TigerMarble":27,"infinitespire:Lucky Rock":0,"Replay:Mystery Machine":9},{"hubris:MobiusCoin":13,"Pondfish Scales":4,"dioMod:VampireBlood":0,"StoneCalendar":6,"energizedSpire:OgreHead":9,"Bag of Preparation":10,"aspiration:HummingbirdHeart":12,"ReplayTheSpireMod:TigerMarble":14,"infinitespire:Lucky Rock":0,"Replay:Mystery Machine":4},{"hubris:MobiusCoin":58,"Pondfish Scales":18,"dioMod:VampireBlood":0,"StoneCalendar":24,"energizedSpire:OgreHead":37,"Bag of Preparation":40,"aspiration:HummingbirdHeart":53,"ReplayTheSpireMod:TigerMarble":64,"infinitespire:Lucky Rock":0,"Replay:Mystery Machine":18}]},"card_choices":[{"not_picked":["dioMod:CoffinBath","dioMod:DisarmingVoice"],"picked":"dioMod:Freeze","floor":1},{"not_picked":["dioMod:Hiss","dioMod:WRYYY"],"picked":"dioMod:StreetSign","floor":2},{"not_picked":["dioMod:CutDeep","dioMod:Hiss"],"picked":"dioMod:Diversion","floor":5},{"not_picked":["dioMod:BloodShield","dioMod:DarkRebirth"],"picked":"dioMod:FlyAway","floor":7},{"not_picked":["dioMod:Donut","dioMod:BlendIn"],"picked":"dioMod:BloodTransfusion","floor":10},{"not_picked":["dioMod:FlyAway","dioMod:ComposedMuda"],"picked":"dioMod:DaggerSpree","floor":11},{"not_picked":["dioMod:Pluck","dioMod:SadisticLaugh"],"picked":"dioMod:Roundabout","floor":13},{"not_picked":["dioMod:DisarmingVoice","dioMod:TripleThreat"],"picked":"dioMod:Pluck","floor":14},{"not_picked":["dioMod:GoldVial","dioMod:PathToHeaven"],"picked":"dioMod:SevenPageMuda","floor":16},{"not_picked":["dioMod:Roundabout","dioMod:WRYYY"],"picked":"dioMod:BlendIn","floor":18},{"not_picked":["dioMod:DaggerSpree","dioMod:FlyAway+1"],"picked":"dioMod:ComboFever","floor":21},{"not_picked":["dioMod:DisarmingVoice","dioMod:BloodSplash","dioMod:BloodShield"],"picked":"SKIP","floor":23},{"not_picked":["dioMod:SadisticLaugh","dioMod:Muda"],"picked":"dioMod:CautiousMuda+1","floor":25},{"not_picked":["dioMod:VengefulMuda","dioMod:CoffinBath"],"picked":"dioMod:FlyAway","floor":27},{"not_picked":["dioMod:Roundabout","dioMod:VengefulMuda"],"picked":"dioMod:DominatingPresence","floor":28},{"not_picked":["dioMod:CutDeep+1","dioMod:SadisticLaugh","dioMod:Despair"],"picked":"SKIP","floor":31}],"player_experience":777671,"relics_obtained":[{"floor":7,"key":"Pondfish Scales"},{"floor":9,"key":"Replay:Mystery Machine"},{"floor":11,"key":"StoneCalendar"},{"floor":23,"key":"aspiration:HummingbirdHeart"},{"floor":26,"key":"hubris:MobiusCoin"},{"floor":27,"key":"ReplayTheSpireMod:TigerMarble"}],"event_choices":[{"damage_healed":0,"gold_gain":0,"player_choice":"Entered Light","damage_taken":15,"max_hp_gain":0,"max_hp_loss":0,"event_name":"Shining Light","floor":3,"gold_loss":0,"cards_upgraded":["dioMod:Strike","dioMod:Strike"]},{"damage_healed":0,"gold_gain":0,"player_choice":"3 cards matched","damage_taken":0,"max_hp_gain":0,"max_hp_loss":0,"event_name":"Match and Keep!","floor":4,"gold_loss":0,"cards_obtained":["dioMod:UltimateSacrifice","Replay:Sssssssssshield","dioMod:StreetSign"]},{"cards_removed":["dioMod:Strike"],"damage_healed":0,"gold_gain":0,"player_choice":"Card Removal","damage_taken":7,"max_hp_gain":0,"max_hp_loss":0,"event_name":"Golden Wing","floor":8,"gold_loss":0},{"damage_healed":0,"gold_gain":0,"player_choice":"Shed Blood","damage_taken":19,"max_hp_gain":5,"max_hp_loss":0,"event_name":"Forgotten Altar","floor":20,"gold_loss":0},{"damage_healed":0,"gold_gain":100,"player_choice":"Pray","damage_taken":0,"max_hp_gain":0,"max_hp_loss":0,"event_name":"Golden Shrine","floor":22,"gold_loss":0},{"damage_healed":0,"gold_gain":99,"player_choice":"Stole From Cult","damage_taken":0,"max_hp_gain":0,"max_hp_loss":0,"event_name":"Nest","floor":29,"gold_loss":0},{"damage_healed":0,"gold_gain":0,"player_choice":"Upgraded","damage_taken":0,"max_hp_gain":0,"max_hp_loss":0,"event_name":"Upgrade Shrine","floor":30,"gold_loss":0,"cards_upgraded":["dioMod:SevenPageMuda"]}],"is_beta":false,"boss_relics":[{"not_picked":["ReplayTheSpireMod:DimensionalGlitch","conspire:SlowCooker"],"picked":"energizedSpire:OgreHead"}],"items_purged_floors":[19],"is_endless":false,"potions_floor_spawned":[1,7,14,21,25],"killed_by":"Collector","ascension_level":2}}