{"host":"dwyzfvnzfcqffr30","time":1612747561,"event":{"mods":["2.2 Compatiblity","Act Like it!","Aspiration","BaseMod","Beaked The Cultist","Better Altar","Better Match","Better Note","Better Sensory Stone","Better Skull","Better Third Choice","Clockwork Mod","Colored Map","Colored Powertips","Conspire","Downfall","Elementarium","GifTheSpireLib","Halation","Hermit","Hubris","Infinite Spire","Ironclad Rager","Jedi Mod","Menagerie","Mimic Mod","Minty Spire (QoL Compilation)","Permanent Neow","Random Character Button","Relic Filter Mod","Reliquary","Replay The Spire","Spicy Shops","Spikes Relics","StSLib","Stuff the Spire","The Construct","The Disciple","The Druid","The Marked","TheFirefly","Trackpad","Wandering Minibosses"],"gold_per_floor":[124,150,176,176,205,245,257,316,376,388,447,511,523,595,607,736,748,836,848,937,1034,420,420,480,480,503,572,572,636,705,790,790,934,934,1035,1035,1123,1123,1222,1333,537,601,601,601,693,693,768,838,838,840,840,840,966,1968,2019],"floor_reached":56,"language":"ENG","playtime":4628,"items_purged":["Looming Evil","Injury","Shame","theDruid:Strike_O+1","Shame"],"score":2126,"play_id":"34e77f8d-9e59-4cfd-8924-e4c8a1825132","local_time":"20210207172601","is_ascension_mode":true,"campfire_choices":[{"floor":7.0,"key":"REST"},{"floor":15,"key":"RECALL"},{"data":"1","floor":23,"key":"LIFT"},{"data":"2","floor":25,"key":"LIFT"},{"data":"3","floor":32,"key":"LIFT"},{"floor":46,"key":"REST"},{"data":"thefirefly:ChargedLaser+2","floor":49,"key":"SMITH"},{"data":"BlessedFruit+1","floor":52,"key":"SMITH"}],"circlet_count":0,"master_deck":["AscendersBane","thefirefly:ChargedLaser+3","theDruid:Strike_O+1","theDruid:Strike_O+1","theDruid:Strike_O+1","theDruid:Defend_O+1","theDruid:Defend_O+1","theDruid:Defend_O+1","theDruid:Defend_O+1","theDruid:BriarArmor+1","theDruid:WildSlash+1","MasterReality+1","Apotheosis+1","theDruid:Resupply+1","theDruid:FelineGrace+2","infinitespire:Oblivion+1","theDruid:IronClaw+1","BlessedFruit+2","BlessedFruit+2","theDruid:PouncingStrike+1","theDruid:Swipe+1","wanderingMiniBosses:FinaleOfPromise+1"],"relics":["theDruid:CrownOfTheWilds","Girya","Bottled Tornado","halation:Prosthetics","hubris:TinFlute","SacredBark","conspire:InfiniteJournal","infinitespire:EvilPickle","Quantum Egg","Frozen Egg 2","Molten Egg 2","Toxic Egg 2","MawBank","theDruid:ArmillarySphere","Menagerie:HuntersKnife","Replay:Ancient Bell","hubris:TenFootPole","theDruid:TigersClaw","HeavenlyBonsai","Orichalcum","trackpad:SappingStone","Letter Opener","halation:IllGainedPizza","infinitespire:ShieldingShard","Gremlin Food","beaked:ShinyBauble","CaptainsWheel","Elementarium:ElementariumTrophy","construct:ClawGrip","expansioncontent:StudyCardRelic","trackpad:RapidFire","aspiration:Lifesprig","reliquary:ExpiredCoupon","Replay:WaspNest","Garlic","CeramicFish","Shuriken","wanderingMiniBosses:Blackblade","Membership Card","Replay:Rubber Ducky","hubris:NiceRug","ShockBauble"],"acts_visited":["Menagerie:Menagerie","Elementarium:Elementarium","TheBeyond","TheEnding"],"potions_floor_usage":[16,18,30,30,40,42,42,55,55],"damage_taken":[{"damage":2.0,"enemies":"Menagerie:WhisperingWraith","floor":1.0,"turns":4.0},{"damage":0.0,"enemies":"Menagerie:2_RABBITS","floor":2.0,"turns":2.0},{"damage":0.0,"enemies":"Menagerie:MonstrousExperiment","floor":3.0,"turns":3.0},{"damage":3.0,"enemies":"Menagerie:MENAGERIE_WILDLIFE","floor":5.0,"turns":3.0},{"damage":0.0,"enemies":"Menagerie:Hydra","floor":6.0,"turns":2.0},{"damage":4.0,"enemies":"Menagerie:VoidReaper","floor":8.0,"turns":4.0},{"damage":0.0,"enemies":"Menagerie:BEAST_MAGE_AND_PROWLING_AMALGAM","floor":11.0,"turns":3.0},{"damage":0.0,"enemies":"Menagerie:RedMage","floor":12.0,"turns":2.0},{"damage":0,"enemies":"Menagerie:STYGIAN_BOAR_AND_WHISPERING_WRAITH","floor":14,"turns":3},{"damage":0,"enemies":"Menagerie:Chimera","floor":16,"turns":5},{"damage":1,"enemies":"Elementarium:2_ELEMENTALS","floor":18,"turns":2},{"damage":0,"enemies":"Elementarium:VoidCorruption","floor":20,"turns":9},{"damage":10,"enemies":"Elementarium:RubyGolem","floor":21,"turns":3},{"damage":2,"enemies":"Elementarium:ElementalPortal","floor":24,"turns":5},{"damage":0,"enemies":"Elementarium:FIRE_NOBILITY","floor":27,"turns":5},{"damage":0,"enemies":"Elementarium:WarGolem","floor":29,"turns":3},{"damage":0,"enemies":"Elementarium:VOID_CORRUPTION_AND_ORB_OF_FIRE","floor":30,"turns":3},{"damage":0,"enemies":"Elementarium:CYCLONE_AND_ORB_OF_FIRE","floor":31,"turns":4},{"damage":1,"enemies":"Elementarium:PHOENIXES","floor":33,"turns":7},{"damage":0,"enemies":"3 Shapes","floor":35,"turns":4},{"damage":0,"enemies":"Orb Walker","floor":37,"turns":3},{"damage":7,"enemies":"Writhing Mass","floor":39,"turns":4},{"damage":0,"enemies":"Nemesis","floor":40,"turns":3},{"damage":0,"enemies":"Reptomancer","floor":42,"turns":4},{"damage":0,"enemies":"4 Shapes","floor":45,"turns":4},{"damage":0,"enemies":"Sphere and 2 Shapes","floor":47,"turns":2},{"damage":0,"enemies":"Maw","floor":48,"turns":3},{"damage":0,"enemies":"Replay:Hell Engine","floor":50,"turns":4},{"damage":0,"enemies":"hubris:Merchant","floor":53,"turns":3},{"damage":0,"enemies":"Shield and Spear","floor":54,"turns":4},{"damage":0,"enemies":"The Heart","floor":55,"turns":5}],"seed_played":"607774719067953986","potions_obtained":[{"floor":1.0,"key":"champ:CounterPotion"},{"floor":2.0,"key":"PowerPotion"},{"floor":11.0,"key":"jedi:StrikingPotion"},{"floor":21,"key":"Block Potion"},{"floor":27,"key":"AttackPotion"},{"floor":31,"key":"Block Potion"},{"floor":37,"key":"Reflective Coating"},{"floor":53,"key":"Reflective Coating"},{"floor":53,"key":"Milkshake"}],"is_trial":false,"path_per_floor":["M","M","M","?","M","E","R","E","T","?","M","M","$","M","R","B",null,"M","AVR","M","M","$","R","E","R","T","E","?","E","M","M","R","B",null,"M","?","M","AVR","M","E","$","E","T","?","M","R","M","M","R","B",null,"R","$","E","B",null],"character_chosen":"DRUID","items_purchased":["trackpad:SappingStone","Letter Opener","halation:IllGainedPizza","reliquary:ExpiredCoupon","Replay:WaspNest","champ:CounterPotion","Garlic","Membership Card","Replay:Rubber Ducky"],"campfire_rested":2,"item_purchase_floors":[22,22,22,41,41,41,41,53,53],"current_hp_per_floor":[25,25,25,19,16,16,24,20,20,20,20,20,20,20,20,20,24,23,23,29,23,23,23,26,26,26,31,31,35,35,39,39,42,53,55,55,61,61,58,62,62,67,67,67,71,82,84,89,89,95,95,95,102,109,115],"gold":2019,"neow_bonus":"ONE_RARE_RELIC","is_daily":false,"chose_seed":false,"campfire_upgraded":2,"win_rate":0.0,"timestamp":1612747561,"path_taken":["M","?","M","?","M","E","R","E","T","?","?","M","$","M","R","BOSS","M","AVR","M","M","$","R","E","R","T","E","?","E","?","M","R","BOSS","M","?","M","AVR","M","E","$","E","T","?","M","R","?","M","R","BOSS","R","$","E","BOSS"],"items_purchased_type":["Relic","Relic","Relic","Relic","Relic","Potion","Relic","Relic","Relic"],"build_version":"2020-12-22","purchased_purges":5,"victory":true,"max_hp_per_floor":[27,27,27,27,27,27,27,27,27,25,25,25,25,25,25,25,25,25,25,31,35,35,35,40,40,40,45,45,49,49,53,53,57,57,59,59,65,65,69,73,73,78,78,78,82,82,84,89,89,95,95,95,102,109,115],"card_choices":[{"not_picked":["theDruid:Resourcefulness+1","theDruid:Stampede+1"],"picked":"theDruid:Resupply+1","floor":1.0},{"not_picked":["theDruid:ForestsSoul+1","theDruid:Starfall+1"],"picked":"theDruid:FelineGrace+1","floor":2.0},{"not_picked":["theDruid:FelineGrace+1","theDruid:TakeShelter+1","theDruid:Starfall+1"],"picked":"SKIP","floor":3.0},{"not_picked":["Replay:Fractal Strike","infinitespire:FutureSight"],"picked":"infinitespire:Oblivion","floor":4.0},{"not_picked":["theDruid:AstralShield+1","theDruid:FullMoon+1","theDruid:Starfall+1"],"picked":"SKIP","floor":5.0},{"not_picked":["theDruid:TwinStars+1","theDruid:ThickHide+1","theDruid:TakeShelter+1"],"picked":"SKIP","floor":6.0},{"not_picked":["theDruid:BagofTricks+1","theDruid:Impale+1"],"picked":"theDruid:IronClaw+1","floor":8.0},{"not_picked":["theDruid:RockSlide+1","theDruid:PlagueClaw+1","theDruid:TakeShelter+1"],"picked":"SKIP","floor":11.0},{"not_picked":["theDruid:TwilightsCall+1","theDruid:Infestation+1","theDruid:BloodiedFur+1"],"picked":"SKIP","floor":12.0},{"not_picked":["theDruid:PlagueClaw+1","theDruid:Slingshot+1","theDruid:ExposingSlash+1"],"picked":"SKIP","floor":14},{"not_picked":["Normality","Replay:Hysterical Blindness"],"picked":"Looming Evil","floor":17},{"not_picked":["hubris:Lust","Regret"],"picked":"Shame","floor":17},{"not_picked":["conspire:Blindness","hubris:Envy"],"picked":"Injury","floor":17},{"not_picked":["theDruid:ExposingSlash+1","theDruid:FeralPlants+1","theDruid:ThornStrike+1"],"picked":"SKIP","floor":18},{"not_picked":["theDruid:Impale+1","theDruid:BackupSupplies+1"],"picked":"theDruid:PouncingStrike+1","floor":20},{"not_picked":["theDruid:ThornStrike+1","theDruid:ThickHide+1","theDruid:TakeShelter+1"],"picked":"SKIP","floor":21},{"not_picked":["theDruid:IronClaw+1","theDruid:TwilightsCall+1","theDruid:Pathfinder+1"],"picked":"SKIP","floor":24},{"not_picked":["theDruid:ThickHide+1","theDruid:Fortitude+1","theDruid:Moonbeam+1"],"picked":"SKIP","floor":27},{"not_picked":["theDruid:TwilightsCall+1","theDruid:Gore+1","theDruid:Resupply+1"],"picked":"SKIP","floor":29},{"not_picked":["theDruid:Slingshot+1","theDruid:BlessedStrike+1","theDruid:BrambleLash+1"],"picked":"SKIP","floor":30},{"not_picked":["theDruid:Gore+1","theDruid:RockSlide+1","theDruid:BrambleLash+1"],"picked":"SKIP","floor":31},{"not_picked":["theDruid:Impale+1","theDruid:PlagueClaw+1","theDruid:ThickHide+1"],"picked":"SKIP","floor":35},{"not_picked":["theDruid:Infestation+1","theDruid:FuriousSlash+1"],"picked":"theDruid:Swipe+1","floor":37},{"not_picked":["theDruid:BrambleLash+1","theDruid:Entangle+1","theDruid:BackupSupplies+1"],"picked":"SKIP","floor":39},{"not_picked":["theDruid:BlessedStrike+1","theDruid:BloodiedFur+1","theDruid:SerratedFlesh+1"],"picked":"SKIP","floor":40},{"not_picked":["theDruid:RockSlide+1","theDruid:MysticBarrier+1","theDruid:TakeShelter+1"],"picked":"SKIP","floor":42},{"not_picked":[],"picked":"wanderingMiniBosses:FinaleOfPromise","floor":45},{"not_picked":["theDruid:Swipe+1","theDruid:FuriousSlash+1","theDruid:Guidance+1"],"picked":"SKIP","floor":45},{"not_picked":["theDruid:FeralPlants+1","theDruid:RockSlide+1","theDruid:TakeShelter+1"],"picked":"SKIP","floor":47},{"not_picked":["theDruid:ThornStrike+1","theDruid:Gore+1","theDruid:TakeShelter+1"],"picked":"SKIP","floor":48},{"not_picked":["theDruid:Gore+1"],"picked":"SKIP","floor":53},{"not_picked":["theDruid:Thornburst+1"],"picked":"SKIP","floor":53},{"not_picked":["theDruid:TwilightsCall+1"],"picked":"SKIP","floor":53},{"not_picked":["theDruid:Infestation+1"],"picked":"SKIP","floor":53},{"not_picked":["theDruid:IronbarkArmor+1"],"picked":"SKIP","floor":53},{"not_picked":["Trip+1"],"picked":"SKIP","floor":53},{"not_picked":["jedi:RedIncense+1"],"picked":"SKIP","floor":53},{"not_picked":["theDruid:Resupply+1","theDruid:ThickHide+1","theDruid:PlagueClaw+1"],"picked":"SKIP","floor":54}],"player_experience":3078563,"relics_obtained":[{"floor":6.0,"key":"MawBank"},{"floor":8.0,"key":"theDruid:ArmillarySphere"},{"floor":24,"key":"infinitespire:ShieldingShard"},{"floor":26,"key":"Gremlin Food"},{"floor":27,"key":"beaked:ShinyBauble"},{"floor":29,"key":"CaptainsWheel"},{"floor":40,"key":"aspiration:Lifesprig"},{"floor":42,"key":"CeramicFish"},{"floor":43,"key":"Shuriken"},{"floor":45,"key":"wanderingMiniBosses:Blackblade"},{"floor":54,"key":"ShockBauble"}],"event_choices":[{"damage_healed":0.0,"max_hp_gain":0.0,"max_hp_loss":0.0,"gold_gain":0.0,"event_name":"betterThird:BetterWriting","player_choice":"Simplicity","floor":0.0,"gold_loss":0.0,"damage_taken":0.0},{"damage_healed":0.0,"max_hp_gain":0.0,"max_hp_loss":2.0,"gold_gain":0.0,"event_name":"Menagerie:BigGameHunter","player_choice":"Take","floor":10.0,"gold_loss":0.0,"damage_taken":0.0,"relics_obtained":["Menagerie:HuntersKnife"]},{"damage_healed":0,"gold_gain":0,"player_choice":"Ignored","damage_taken":0,"max_hp_gain":0,"max_hp_loss":0,"event_name":"Elementarium:ChestOfTheGoldenMirage","floor":36,"gold_loss":0},{"damage_healed":0,"gold_gain":0,"player_choice":"Upgraded","damage_taken":0,"max_hp_gain":0,"max_hp_loss":0,"event_name":"Upgrade Shrine","floor":44,"gold_loss":0,"cards_upgraded":["theDruid:FelineGrace"]}],"is_beta":false,"boss_relics":[{"not_picked":["trackpad:StolenKidneys","jedi:hotpepper"],"picked":"Replay:Ancient Bell"},{"not_picked":["infinitespire:Lucky Rock","halation:PromiseList"],"picked":"hubris:TenFootPole"},{"not_picked":["SpikesRelics:ToyHorsey","infinitespire:WardingShard"],"picked":"theDruid:TigersClaw"},{"not_picked":["Gambling Chip","BlackRope"],"picked":"HeavenlyBonsai"},{"not_picked":["Sandwich","reliquary:RedPaperclip"],"picked":"construct:ClawGrip"}],"items_purged_floors":[19,22,38,41,53],"is_endless":false,"potions_floor_spawned":[1,2,3,11,14,21,27,31,37,39,47,48,54],"ascension_level":15}}