{"host":"8gdkjaczyd21tne7","time":1612773066,"event":{"mods":["Ascension Reborn","BaseMod","Colored Powertips","Minty Spire (QoL Compilation)","Relic Stats","Spicy Shops","StSLib","The Bug Knight"],"gold_per_floor":[115,65,65,78,89,115,115,146,146,146,180,195,10,10,10,116,116,136,150,29,29,38,77,106,148,203,53,53,53,66,22,22,136,136,150,150,159,170,7,7,7],"floor_reached":40,"language":"ZHS","playtime":1579,"items_purged":["HollowMod:SoulEater"],"score":558,"play_id":"f5e3d902-93d9-40d5-adb2-7ef7499a1945","local_time":"20210208163106","daily_mods":["Specialized","Vintage","Heirloom","Time Dilation","Flight"],"is_ascension_mode":true,"campfire_choices":[{"data":"HollowMod:SoulStrike","floor":7.0,"key":"SMITH"},{"floor":15.0,"key":"REST"},{"data":"Barricade","floor":29,"key":"SMITH"},{"data":"Phantasmal Killer","floor":32,"key":"SMITH"}],"circlet_count":0,"master_deck":["HollowMod:NailStrikeStart+1","HollowMod:NailStrikeStart+1","HollowMod:NailStrikeStart+1","HollowMod:NailStrikeStart+1","HollowMod:QuickDashStart+1","HollowMod:QuickDashStart+1","HollowMod:QuickDashStart+1","HollowMod:QuickDashStart+1","HollowMod:FocusHealStart+1","HollowMod:PogoStrike+1","HollowMod:DoubleDash","HollowMod:SoulStrike+1","HollowMod:MantisMark","HollowMod:AwokenDreamNail","Barricade+1","HollowMod:DesolateDive","HollowMod:MonarchWings","HollowMod:FallenFury","Crescendo","Phantasmal Killer+1","HollowMod:CycloneSlash+1","HollowMod:LordofShades","HollowMod:MylasSalvation+1","HollowMod:SiblingsSouls+1"],"relics":["HollowMod:VesselMask","Incense Burner","Matryoshka","MealTicket","HollowMod:LifeEnderRelic","Kunai","Potion Belt","Orichalcum","Bottled Lightning","CeramicFish","Letter Opener","PrismaticShard","Bronze Scales","SlaversCollar","Eternal Feather","Pen Nib","Nunchaku","Torii","HollowMod:MantisClawRelic","Toxic Egg 2","Vajra","HollowMod:StagPassRelic","Unceasing Top","Busted Crown","Dream Catcher","Bag of Preparation","Ice Cream"],"acts_visited":["Exordium","TheCity","TheBeyond"],"potions_floor_usage":[24,33,33],"damage_taken":[{"damage":0.0,"enemies":"Jaw Worm","floor":1.0,"turns":3.0},{"damage":0.0,"enemies":"2 Louse","floor":4.0,"turns":2.0},{"damage":0.0,"enemies":"Cultist","floor":5.0,"turns":3.0},{"damage":31.0,"enemies":"HollowMod:MossKnight","floor":6.0,"turns":9.0},{"damage":25.0,"enemies":"Lagavulin","floor":8.0,"turns":7.0},{"damage":10.0,"enemies":"HollowMod:MossKnight","floor":11.0,"turns":5.0},{"damage":4.0,"enemies":"2 Fungi Beasts","floor":12.0,"turns":3.0},{"damage":38.0,"enemies":"The Guardian","floor":16.0,"turns":10.0},{"damage":4.0,"enemies":"Spheric Guardian","floor":18.0,"turns":3.0},{"damage":12.0,"enemies":"2 Thieves","floor":19.0,"turns":3.0},{"damage":0.0,"enemies":"HollowMod:Nosk","floor":23.0,"turns":9.0},{"damage":31,"enemies":"Slavers","floor":24,"turns":4},{"damage":15,"enemies":"HollowMod:Nosk","floor":25,"turns":5},{"damage":9,"enemies":"Snake Plant","floor":30,"turns":4},{"damage":54,"enemies":"HollowMod:NKGrimm","floor":33,"turns":4},{"damage":14,"enemies":"Orb Walker","floor":35,"turns":2},{"damage":1,"enemies":"3 Darklings","floor":38,"turns":2},{"damage":96,"enemies":"Reptomancer","floor":40,"turns":2}],"seed_played":"-2270981287868438911","potions_obtained":[{"floor":4.0,"key":"Energy Potion"},{"floor":8.0,"key":"GamblersBrew"},{"floor":12.0,"key":"DuplicationPotion"},{"floor":18.0,"key":"DistilledChaos"},{"floor":19.0,"key":"DuplicationPotion"},{"floor":25,"key":"PowerPotion"},{"floor":30,"key":"AttackPotion"},{"floor":35,"key":"Dexterity Potion"}],"is_trial":true,"path_per_floor":["M","?","?","M","M","E","R","E","T","?","E","M","$","?","R","B",null,"M","M","$","?","?","E","E","E","T","?","?","R","M","$","R","B",null,"M","?","?","M","$","E"],"character_chosen":"THE_BUGKNIGHT","items_purchased":["PrismaticShard","HollowMod:SoulEater","HollowMod:DesolateDive","HollowMod:MonarchWings","HollowMod:CycloneSlash","Ice Cream","HollowMod:SiblingsSouls+1"],"campfire_rested":1,"item_purchase_floors":[13,13,20,20,31,39,39],"current_hp_per_floor":[75,75,75,75,75,50,50,35,35,35,31,27,42,42,64,36,75,71,65,75,61,61,71,46,31,31,31,31,43,40,55,67,19,80,66,66,66,65,80,0,0],"gold":7,"neow_bonus":"","is_daily":false,"chose_seed":false,"campfire_upgraded":3,"win_rate":0.0,"timestamp":1612773066,"path_taken":["M","?","?","M","?","E","R","E","T","?","E","M","$","?","R","BOSS","M","M","?","?","?","E","E","E","T","?","?","R","?","$","R","BOSS","M","?","?","M","?","E"],"items_purchased_type":["Relic","Card","Card","Card","Card","Relic","Card"],"build_version":"2020-12-22","purchased_purges":1,"victory":false,"max_hp_per_floor":[75,75,75,75,75,75,75,75,75,75,75,75,75,75,75,75,75,75,75,75,80,80,80,80,80,80,80,80,80,80,80,80,80,80,80,80,80,80,80,80,80],"relic_stats":{"Torii":15,"counters":[18,80],"CeramicFish":108,"Eternal Feather":24,"Pen Nib":[6],"Bag of Preparation":[2],"Letter Opener":[120],"Orichalcum":[84],"Nunchaku":[4],"Dream Catcher":0,"Busted Crown":0,"Bronze Scales":[169],"MealTicket":55,"Kunai":[20],"obtain_stats":[{"Ice Cream":39,"Torii":24,"CeramicFish":11,"Vajra":26,"HollowMod:VesselMask":0,"Incense Burner":0,"Bag of Preparation":38,"PrismaticShard":13,"HollowMod:StagPassRelic":27,"Nunchaku":23,"Dream Catcher":35,"Matryoshka":1,"MealTicket":4,"Kunai":6,"HollowMod:MantisClawRelic":25,"Toxic Egg 2":26,"Potion Belt":8,"HollowMod:LifeEnderRelic":5,"Eternal Feather":18,"Pen Nib":19,"Letter Opener":12,"Orichalcum":9,"SlaversCollar":17,"Busted Crown":34,"Bronze Scales":14,"Bottled Lightning":9,"Unceasing Top":30},{"Ice Cream":17,"Torii":12,"CeramicFish":6,"Vajra":13,"HollowMod:VesselMask":0,"Incense Burner":0,"Bag of Preparation":17,"PrismaticShard":7,"HollowMod:StagPassRelic":13,"Nunchaku":11,"Dream Catcher":16,"Matryoshka":1,"MealTicket":2,"Kunai":4,"HollowMod:MantisClawRelic":13,"Toxic Egg 2":13,"Potion Belt":5,"HollowMod:LifeEnderRelic":3,"Eternal Feather":9,"Pen Nib":10,"Letter Opener":7,"Orichalcum":5,"SlaversCollar":8,"Busted Crown":15,"Bronze Scales":7,"Bottled Lightning":5,"Unceasing Top":14},{"Ice Cream":78,"Torii":61,"CeramicFish":29,"Vajra":66,"HollowMod:VesselMask":0,"Incense Burner":0,"Bag of Preparation":78,"PrismaticShard":32,"HollowMod:StagPassRelic":66,"Nunchaku":57,"Dream Catcher":76,"Matryoshka":3,"MealTicket":5,"Kunai":17,"HollowMod:MantisClawRelic":66,"Toxic Egg 2":66,"Potion Belt":24,"HollowMod:LifeEnderRelic":8,"Eternal Feather":45,"Pen Nib":48,"Letter Opener":32,"Orichalcum":24,"SlaversCollar":42,"Busted Crown":74,"Bronze Scales":32,"Bottled Lightning":24,"Unceasing Top":70}],"Unceasing Top":[0]},"card_choices":[{"not_picked":["HollowMod:GoodIntentions","HollowMod:WraithStrike"],"picked":"HollowMod:SoulStrike","floor":6.0},{"not_picked":["HollowMod:InfectionAssault","HollowMod:SoulShaman"],"picked":"HollowMod:MantisMark","floor":8.0},{"not_picked":["HollowMod:ShadowDash","HollowMod:SoulStrike"],"picked":"HollowMod:AwokenDreamNail","floor":11.0},{"not_picked":["Adrenaline","Fission"],"picked":"Barricade","floor":16.0},{"not_picked":["Rebound+1","Acrobatics"],"picked":"Crescendo","floor":23.0},{"not_picked":["EmptyFist","Evaluate+1","Steam Power+1"],"picked":"SKIP","floor":24},{"not_picked":["Hologram","Distraction"],"picked":"Phantasmal Killer","floor":25},{"not_picked":["Biased Cognition","Scrawl+1"],"picked":"HollowMod:LordofShades","floor":33}],"player_experience":203614,"relics_obtained":[{"floor":1.0,"key":"Matryoshka"},{"floor":4.0,"key":"MealTicket"},{"floor":5.0,"key":"HollowMod:LifeEnderRelic"},{"floor":6.0,"key":"Kunai"},{"floor":8.0,"key":"Potion Belt"},{"floor":9.0,"key":"Orichalcum"},{"floor":9.0,"key":"Bottled Lightning"},{"floor":11.0,"key":"CeramicFish"},{"floor":12.0,"key":"Letter Opener"},{"floor":18.0,"key":"Eternal Feather"},{"floor":19.0,"key":"Pen Nib"},{"floor":23.0,"key":"Nunchaku"},{"floor":24,"key":"Torii"},{"floor":25,"key":"HollowMod:MantisClawRelic"},{"floor":26,"key":"Toxic Egg 2"},{"floor":26,"key":"Vajra"},{"floor":30,"key":"Unceasing Top"},{"floor":35,"key":"Dream Catcher"},{"floor":38,"key":"Bag of Preparation"}],"event_choices":[{"cards_removed":["HollowMod:DoubleDash"],"damage_healed":0.0,"max_hp_gain":0.0,"max_hp_loss":0.0,"gold_gain":0.0,"event_name":"The Cleric","player_choice":"Card Removal","floor":2.0,"gold_loss":50.0,"damage_taken":0.0},{"cards_removed":["HollowMod:DoubleDash"],"damage_healed":5.0,"max_hp_gain":0.0,"max_hp_loss":0.0,"gold_gain":0.0,"event_name":"Bonfire Elementals","player_choice":"Offered Common","floor":3.0,"gold_loss":0.0,"damage_taken":0.0},{"cards_removed":["HollowMod:DoubleDash"],"damage_healed":5.0,"max_hp_gain":0.0,"max_hp_loss":0.0,"gold_gain":0.0,"event_name":"Bonfire Elementals","player_choice":"Offered Special","floor":3.0,"gold_loss":0.0,"damage_taken":0.0},{"damage_healed":0.0,"max_hp_gain":0.0,"max_hp_loss":0.0,"gold_gain":0.0,"event_name":"WeMeetAgain","player_choice":"Gave Potion","floor":14.0,"gold_loss":0.0,"damage_taken":0.0,"relics_obtained":["Bronze Scales"]},{"damage_healed":0.0,"max_hp_gain":5.0,"max_hp_loss":0.0,"gold_gain":0.0,"event_name":"Forgotten Altar","player_choice":"Shed Blood","floor":21.0,"gold_loss":0.0,"damage_taken":19.0},{"damage_healed":0.0,"max_hp_gain":0.0,"max_hp_loss":0.0,"gold_gain":0.0,"event_name":"The Library","player_choice":"Read","floor":22.0,"gold_loss":0.0,"damage_taken":0.0,"cards_obtained":["HollowMod:FallenFury"]},{"cards_removed":["HollowMod:DoubleDash"],"damage_healed":0,"gold_gain":0,"player_choice":"Purged","damage_taken":0,"max_hp_gain":0,"max_hp_loss":0,"event_name":"Purifier","floor":28,"gold_loss":0},{"cards_removed":["HollowMod:DoubleDash"],"damage_healed":0,"gold_gain":0,"player_choice":"Removed Skill","damage_taken":0,"max_hp_gain":0,"max_hp_loss":0,"event_name":"Falling","floor":36,"gold_loss":0}],"is_beta":false,"boss_relics":[{"not_picked":["Runic Dome","Cursed Key"],"picked":"SlaversCollar"},{"not_picked":["Velvet Choker","Astrolabe"],"picked":"Busted Crown"}],"items_purged_floors":[39],"is_endless":false,"potions_floor_spawned":[4,8,12,18,19,25,30,35],"killed_by":"Reptomancer","ascension_level":0}}