{"host":"dpbezu80jg8zk7un","time":1612800257,"event":{"mods":["BaseMod","Colored Map","Colored Powertips","Custom Start","DeckTracker","Minty Spire (QoL Compilation)","Quick Restart","StSLib","SuperFastMode"],"gold_per_floor":[10,22,40,40,40,40,54,81,81,98,98,115,115,132,132,132,132],"floor_reached":16,"language":"KOR","playtime":358,"items_purged":[],"score":208,"play_id":"3f277b02-9484-4e50-8171-751892b1e723","local_time":"20210209010417","is_ascension_mode":true,"campfire_choices":[{"data":"Eruption","floor":6,"key":"SMITH"},{"floor":11,"key":"REST"},{"data":"CrushJoints","floor":13,"key":"SMITH"},{"data":"SandsOfTime","floor":15,"key":"SMITH"}],"circlet_count":0,"master_deck":["AscendersBane","Strike_P","Strike_P","Strike_P","Strike_P","Defend_P","Defend_P","Defend_P","Defend_P","Eruption+1","Vigilance","FlurryOfBlows","EmptyBody","CrushJoints+1","SandsOfTime+1"],"relics":["PureWater","Ginger","SsserpentHead","Lantern"],"acts_visited":["Exordium"],"potions_floor_usage":[8],"damage_taken":[{"damage":9,"enemies":"Cultist","floor":1,"turns":4},{"damage":0,"enemies":"Small Slimes","floor":2,"turns":4},{"damage":3,"enemies":"2 Louse","floor":3,"turns":3},{"damage":12,"enemies":"Exordium Wildlife","floor":7,"turns":7},{"damage":24,"enemies":"Lagavulin","floor":8,"turns":7},{"damage":1,"enemies":"Red Slaver","floor":10,"turns":3},{"damage":9,"enemies":"Exordium Thugs","floor":12,"turns":4},{"damage":4,"enemies":"Looter","floor":14,"turns":2},{"damage":44,"enemies":"The Guardian","floor":16,"turns":6}],"seed_played":"3479522377782858600","potions_obtained":[{"floor":2,"key":"Dexterity Potion"},{"floor":7,"key":"LiquidBronze"}],"is_trial":false,"path_per_floor":["M","M","M","$","?","R","M","E","T","M","R","M","R","M","R","B"],"character_chosen":"WATCHER","items_purchased":[],"campfire_rested":1,"item_purchase_floors":[],"current_hp_per_floor":[52,52,49,49,49,49,37,13,13,12,32,23,23,19,19,0,0],"gold":132,"neow_bonus":"ONE_RARE_RELIC","is_daily":false,"chose_seed":false,"campfire_upgraded":3,"win_rate":0.0,"timestamp":1612800257,"path_taken":["M","M","M","$","?","R","M","E","T","M","R","M","R","M","R","BOSS"],"items_purchased_type":[],"build_version":"2020-12-22","purchased_purges":0,"victory":false,"max_hp_per_floor":[68,68,68,68,68,68,68,68,68,68,68,68,68,68,68,68,68],"card_choices":[{"not_picked":["Crescendo","Fasting2"],"picked":"FlurryOfBlows","floor":1},{"not_picked":["Prostrate","FlurryOfBlows"],"picked":"EmptyBody","floor":2},{"not_picked":["Halt","EmptyMind","EmptyFist"],"picked":"SKIP","floor":3},{"not_picked":["Halt","WindmillStrike"],"picked":"CrushJoints","floor":7},{"not_picked":["FollowUp","Evaluate"],"picked":"SandsOfTime","floor":8},{"not_picked":["EmptyFist","Consecrate","Worship"],"picked":"SKIP","floor":10},{"not_picked":["PathToVictory","CrushJoints","SashWhip"],"picked":"SKIP","floor":12},{"not_picked":["ClearTheMind","BowlingBash","FlurryOfBlows"],"picked":"SKIP","floor":14}],"player_experience":2952121,"relics_obtained":[{"floor":8,"key":"Lantern"}],"event_choices":[{"damage_healed":0,"gold_gain":0,"player_choice":"Trade","damage_taken":0,"relics_obtained":["SsserpentHead"],"max_hp_gain":0,"max_hp_loss":0,"event_name":"FaceTrader","floor":5,"gold_loss":0}],"is_beta":false,"boss_relics":[],"items_purged_floors":[],"is_endless":false,"potions_floor_spawned":[2,7],"killed_by":"The Guardian","ascension_level":20}}