{"host":"xhy9gc4eyomy2i9o","time":1612792162,"event":{"mods":["AchievementEnabler","Act Like it!","BaseMod","Better Vampires","Minty Spire (QoL Compilation)","Permanent Neow","Quick Restart","Replay The Spire","Shop Mod","StSLib","Waifu the Spire"],"gold_per_floor":[115,115,133,143,154,154,182,182,231,231,244,244,16,32,32,132,232,142,180,105,105,118,118,118,118],"floor_reached":24,"language":"ZHS","playtime":1030,"items_purged":["Strike_B"],"score":335,"play_id":"dfc98b43-0722-4f6e-a695-51e9318e2853","local_time":"20210208214922","is_ascension_mode":true,"campfire_choices":[{"data":"Beam Cell","floor":6.0,"key":"SMITH"},{"floor":8.0,"key":"REST"},{"data":"Self Repair","floor":10.0,"key":"SMITH"},{"data":"Hologram","floor":15.0,"key":"SMITH"},{"data":"Ghostly","floor":23,"key":"SMITH"}],"circlet_count":0,"master_deck":["AscendersBane","Strike_B","Strike_B","Defend_B","Defend_B+1","Defend_B","Defend_B","Zap+1","Dualcast","Gash","Beam Cell+1","Self Repair+1","Hologram+1","Gash","Ghostly+1","Ghostly","Ghostly","Ghostly","Ghostly","Go for the Eyes+1"],"relics":["Nuclear Battery","White Beast Statue","Blood Vial","Bag of Marbles","Replay:Bottled Flurry","War Paint","Replay:Wanted Poster","Prayer Wheel","Durian"],"acts_visited":["Exordium","TheCity"],"potions_floor_usage":[16],"damage_taken":[{"damage":6.0,"enemies":"Jaw Worm","floor":1.0,"turns":4.0},{"damage":10.0,"enemies":"Small Slimes","floor":3.0,"turns":4.0},{"damage":5.0,"enemies":"2 Louse","floor":4.0,"turns":3.0},{"damage":16.0,"enemies":"Large Slime","floor":5.0,"turns":6.0},{"damage":22.0,"enemies":"3 Sentries","floor":7.0,"turns":8.0},{"damage":0.0,"enemies":"3 Louse","floor":11.0,"turns":2.0},{"damage":6.0,"enemies":"Blue Slaver","floor":14.0,"turns":4.0},{"damage":39,"enemies":"Hexaghost","floor":16,"turns":11},{"damage":46,"enemies":"2 Thieves","floor":18,"turns":5},{"damage":9,"enemies":"Shell Parasite","floor":22,"turns":8},{"damage":71,"enemies":"Gremlin Leader","floor":24,"turns":11}],"seed_played":"2457695961711073505","potions_obtained":[{"floor":3.0,"key":"Swift Potion"},{"floor":4.0,"key":"LiquidMemories"},{"floor":5.0,"key":"BlessingOfTheForge"},{"floor":7.0,"key":"Explosive Potion"},{"floor":11.0,"key":"FocusPotion"},{"floor":14.0,"key":"SpeedPotion"},{"floor":16,"key":"FairyPotion"}],"is_trial":false,"path_per_floor":["M","?","M","M","M","R","E","R","T","R","M","T","$","M","R","B",null,"M","?","?","?","M","R","E"],"character_chosen":"DEFECT","items_purchased":["War Paint"],"campfire_rested":1,"item_purchase_floors":[13],"current_hp_per_floor":[62,59,49,44,28,28,6,28,28,28,40,40,40,46,46,19,61,27,32,32,32,35,35,0,0],"gold":118,"neow_bonus":"BOSS_RELIC","is_daily":false,"chose_seed":false,"campfire_upgraded":4,"win_rate":0.0,"timestamp":1612792162,"path_taken":["M","?","M","M","M","R","E","R","T","R","M","?","$","M","R","BOSS","M","?","?","?","M","R","E"],"items_purchased_type":["Relic"],"build_version":"2020-12-22","purchased_purges":1,"victory":false,"max_hp_per_floor":[75,75,75,75,75,75,75,75,75,75,75,75,75,75,75,75,75,75,80,80,40,40,40,40,40],"card_choices":[{"not_picked":["Stack","Turbo"],"picked":"Gash","floor":1.0},{"not_picked":["Sweeping Beam","Streamline","Conserve Battery"],"picked":"SKIP","floor":3.0},{"not_picked":["Stack","Conserve Battery"],"picked":"Beam Cell","floor":4.0},{"not_picked":["BasicCrystalCard","Sweeping Beam","Doom and Gloom"],"picked":"SKIP","floor":5.0},{"not_picked":["Beam Cell","Storm"],"picked":"Self Repair","floor":7.0},{"not_picked":["Ball Lightning","BasicCrystalCard","Heatsinks"],"picked":"SKIP","floor":11.0},{"not_picked":["Turbo","Conserve Battery"],"picked":"Hologram","floor":14.0},{"not_picked":["ReplayRNGCard","Seek"],"picked":"ReplayTheSpireMod:Fabricate Wheel","floor":16},{"not_picked":["Blizzard","Leap"],"picked":"Gash","floor":18},{"not_picked":["Tempest","Leap","Beam Cell"],"picked":"SKIP","floor":18},{"not_picked":["Scrape","Double Energy"],"picked":"Go for the Eyes+1","floor":22},{"not_picked":["BasicCrystalCard","Ball Lightning","Aggregate"],"picked":"SKIP","floor":22}],"player_experience":535749,"relics_obtained":[{"floor":7.0,"key":"Blood Vial"},{"floor":9.0,"key":"Bag of Marbles"},{"floor":12.0,"key":"Replay:Bottled Flurry"},{"floor":19,"key":"Durian"}],"event_choices":[{"damage_healed":0.0,"max_hp_gain":0.0,"max_hp_loss":0.0,"gold_gain":0.0,"event_name":"Scrap Ooze","player_choice":"Success","floor":2.0,"gold_loss":0.0,"damage_taken":3.0,"relics_obtained":["White Beast Statue"]},{"cards_removed":["Strike_B"],"damage_healed":0,"gold_gain":0,"player_choice":"Gave Gold","damage_taken":0,"max_hp_gain":0,"max_hp_loss":0,"event_name":"Beggar","floor":20,"gold_loss":75},{"damage_healed":0,"gold_gain":0,"player_choice":"Became a Ghost","damage_taken":0,"max_hp_gain":0,"max_hp_loss":40,"event_name":"Ghosts","floor":21,"gold_loss":0,"cards_obtained":["Ghostly","Ghostly","Ghostly","Ghostly","Ghostly"]}],"is_beta":false,"boss_relics":[{"not_picked":["ChewingGum","Tiny House"],"picked":"Replay:Wanted Poster"}],"items_purged_floors":[13],"is_endless":false,"potions_floor_spawned":[3,4,5,7,11,14,16,18,22],"killed_by":"Gremlin Leader","ascension_level":12}}