{"host":"sum4dy402bbv9y4o","time":1612826356,"event":{"mods":["Aspiration","BaseMod","Conspire","Highlight Path","Minty Spire (QoL Compilation)","StSLib"],"gold_per_floor":[114,114,31,49,64,94,113,113,164,164,189,213,243,260,260,337,337,349,367,367,10,30,61,61,89,164,164,8,33,33,52,52,126,126,139,139,187,187,62,94,94,129,152,152,152,168,198,212,212,212,212,212],"floor_reached":51,"language":"ENG","playtime":2504,"items_purged":["Strike_P","Strike_P","Strike_P"],"score":1693,"play_id":"c6b3194a-e6bb-470a-8e48-8629d33c3b6a","local_time":"20210209021916","is_ascension_mode":true,"campfire_choices":[{"data":"Eruption","floor":8,"key":"SMITH"},{"data":"Wallop","floor":10,"key":"SMITH"},{"data":"Perseverance","floor":15,"key":"SMITH"},{"data":"Rage","floor":24,"key":"SMITH"},{"floor":27,"key":"REST"},{"data":"Feed","floor":30,"key":"SMITH"},{"data":"DeusExMachina","floor":32,"key":"SMITH"},{"data":"MentalFortress","floor":41,"key":"SMITH"},{"data":"TalkToTheHand","floor":44,"key":"SMITH"},{"data":"Body Slam","floor":45,"key":"SMITH"},{"data":"Study","floor":49,"key":"SMITH"}],"circlet_count":0,"master_deck":["AscendersBane","Strike_P","Defend_P","Defend_P","Defend_P","Eruption+1","Vigilance","Wallop+1","Perseverance+1","CarveReality","FollowUp","Consecrate","Prostrate","BowlingBash","CarveReality","MentalFortress+1","FlurryOfBlows","BowlingBash","DeusExMachina+1","Rage+1","FollowUp","EmptyFist","FollowUp","Feed+1","Cleave","Establishment","FlurryOfBlows","DeusExMachina","Body Slam+1","Madness","Madness","TalkToTheHand+1","Study+1"],"relics":["PureWater","aspiration:Nostalgia","Ring of the Snake","Art of War","Boot","Dead Branch","Odd Mushroom","aspiration:FrozenJewel","aspiration:IroncladSkillbook","MutagenicStrength","Blood Vial","Bottled Lightning","Omamori","aspiration:HummingbirdHeart","Thread and Needle","Black Star","WingedGreaves","CloakClasp","Letter Opener","Smiling Mask","Lantern","Damaru","Nunchaku","Potion Belt"],"acts_visited":["Exordium","TheCity","TheBeyond"],"potions_floor_usage":[6,12,33,47,47],"damage_taken":[{"damage":0,"enemies":"Jaw Worm","floor":1,"turns":3},{"damage":0,"enemies":"Cultist","floor":4,"turns":3},{"damage":0,"enemies":"Small Slimes","floor":5,"turns":2},{"damage":2,"enemies":"3 Sentries","floor":6,"turns":4},{"damage":5,"enemies":"Blue Slaver","floor":7,"turns":4},{"damage":16,"enemies":"Gremlin Nob","floor":11,"turns":3},{"damage":0,"enemies":"The Mushroom Lair","floor":12,"turns":2},{"damage":4,"enemies":"3 Sentries","floor":13,"turns":3},{"damage":0,"enemies":"Large Slime","floor":14,"turns":2},{"damage":15,"enemies":"Hexaghost","floor":16,"turns":8},{"damage":0,"enemies":"2 Thieves","floor":18,"turns":3},{"damage":0,"enemies":"Chosen","floor":19,"turns":2},{"damage":0,"enemies":"Snake Plant","floor":22,"turns":1},{"damage":29,"enemies":"Book of Stabbing","floor":23,"turns":4},{"damage":31,"enemies":"Gremlin Leader","floor":25,"turns":5},{"damage":6,"enemies":"Book of Stabbing","floor":29,"turns":2},{"damage":0,"enemies":"Snecko","floor":31,"turns":2},{"damage":44,"enemies":"Automaton","floor":33,"turns":7},{"damage":0,"enemies":"Orb Walker","floor":35,"turns":3},{"damage":0,"enemies":"2 Orb Walkers","floor":37,"turns":4},{"damage":10,"enemies":"Reptomancer","floor":40,"turns":8},{"damage":7,"enemies":"Nemesis","floor":42,"turns":5},{"damage":0,"enemies":"3 Darklings","floor":46,"turns":1},{"damage":0,"enemies":"Reptomancer","floor":47,"turns":5},{"damage":13,"enemies":"Spire Growth","floor":48,"turns":3},{"damage":30,"enemies":"conspire:OrnateMirror","floor":50,"turns":7},{"damage":49,"enemies":"Donu and Deca","floor":51,"turns":5}],"seed_played":"5474239897402705132","potions_obtained":[{"floor":4,"key":"Fire Potion"},{"floor":5,"key":"BottledMiracle"},{"floor":7,"key":"Ancient Potion"},{"floor":14,"key":"Dexterity Potion"},{"floor":23,"key":"SteroidPotion"},{"floor":35,"key":"Strength Potion"}],"is_trial":false,"path_per_floor":["M","?","$","M","M","E","M","R","T","R","E","?","E","M","R","B",null,"M","M","?","$","M","E","R","E","T","R","$","E","R","M","R","B",null,"M","?","?","?","$","E","R","E","T","R","R","M","E","M","R","B","B"],"character_chosen":"WATCHER","items_purchased":["CarveReality","Blood Vial","EmptyFist","FollowUp","Cleave"],"campfire_rested":1,"item_purchase_floors":[3,21,21,21,28],"current_hp_per_floor":[61,61,61,61,61,59,54,54,54,54,38,38,34,34,34,19,56,60,64,64,64,68,43,43,18,18,38,38,38,38,44,44,10,57,67,53,63,59,59,59,59,58,58,58,58,64,74,67,67,43,0,0],"gold":212,"neow_bonus":"NOSTALGIA","is_daily":false,"chose_seed":false,"campfire_upgraded":10,"win_rate":0.0,"timestamp":1612826356,"path_taken":["M","?","$","M","?","E","M","R","T","R","E","?","E","M","R","BOSS","M","M","?","$","M","E","R","E","T","R","$","E","R","M","R","BOSS","M","?","?","?","$","E","R","E","T","R","R","M","E","M","R","BOSS","BOSS"],"items_purchased_type":["Card","Relic","Card","Card","Card"],"build_version":"2020-12-22","purchased_purges":3,"victory":false,"max_hp_per_floor":[68,68,68,68,68,68,68,68,68,68,68,68,68,68,68,68,68,68,68,68,68,68,68,68,68,68,68,68,68,68,68,68,72,72,76,76,80,80,80,84,84,84,84,84,84,84,88,88,88,88,88,88],"card_choices":[{"not_picked":["FlyingSleeves","Weave"],"picked":"Wallop","floor":1},{"not_picked":["Worship","LikeWater"],"picked":"FollowUp","floor":4},{"not_picked":["Crescendo","Study"],"picked":"Consecrate","floor":5},{"not_picked":["ForeignInfluence","Wireheading"],"picked":"Prostrate","floor":6},{"not_picked":["Halt","WheelKick"],"picked":"BowlingBash","floor":7},{"not_picked":["Indignation","FlyingSleeves"],"picked":"CarveReality","floor":11},{"not_picked":["CutThroughFate","ThirdEye"],"picked":"MentalFortress","floor":12},{"not_picked":["Sanctity","ForeignInfluence"],"picked":"FlurryOfBlows","floor":13},{"not_picked":["Crescendo","Evaluate"],"picked":"BowlingBash","floor":14},{"not_picked":["DevaForm","ConjureBlade"],"picked":"DeusExMachina","floor":16},{"not_picked":["Clash","Cleave","Collect"],"picked":"Rage","floor":18},{"not_picked":["Anger","Havoc","InnerPeace"],"picked":"FollowUp","floor":19},{"not_picked":["Entrench","WindmillStrike","Collect","Burning Pact"],"picked":"SKIP","floor":22},{"not_picked":["Clash","BattleHymn","Wild Strike","Twin Strike"],"picked":"SKIP","floor":23},{"not_picked":["Uppercut+1","Protect","Pray"],"picked":"Feed","floor":25},{"not_picked":["Wild Strike","FollowUp","Rupture"],"picked":"Establishment","floor":29},{"not_picked":["WindmillStrike","Protect","Anger"],"picked":"FlurryOfBlows","floor":31},{"not_picked":["Offering","Barricade","Juggernaut"],"picked":"DeusExMachina","floor":33},{"not_picked":["Pommel Strike+1","Disarm","BowlingBash+1"],"picked":"Body Slam","floor":35},{"not_picked":["FlurryOfBlows","Clash+1","FollowUp","Thunderclap"],"picked":"SKIP","floor":40},{"not_picked":["FollowUp+1","CutThroughFate","Prostrate"],"picked":"TalkToTheHand","floor":42},{"not_picked":["Heavy Blade+1","FollowUp+1","Sword Boomerang+1","Protect"],"picked":"SKIP","floor":46},{"not_picked":["MasterReality","BowlingBash+1","Clothesline","Scrawl"],"picked":"SKIP","floor":47},{"not_picked":["Wild Strike","Flex+1","Searing Blow"],"picked":"Study","floor":48}],"player_experience":3066650,"relics_obtained":[{"floor":6,"key":"Art of War"},{"floor":9,"key":"Boot"},{"floor":11,"key":"Dead Branch"},{"floor":12,"key":"Odd Mushroom"},{"floor":13,"key":"aspiration:FrozenJewel"},{"floor":23,"key":"Bottled Lightning"},{"floor":25,"key":"Omamori"},{"floor":26,"key":"aspiration:HummingbirdHeart"},{"floor":29,"key":"Thread and Needle"},{"floor":37,"key":"WingedGreaves"},{"floor":40,"key":"CloakClasp"},{"floor":40,"key":"Letter Opener"},{"floor":42,"key":"Smiling Mask"},{"floor":42,"key":"Lantern"},{"floor":43,"key":"Damaru"},{"floor":47,"key":"Nunchaku"},{"floor":47,"key":"Potion Belt"}],"event_choices":[{"damage_healed":0,"gold_gain":0,"cards_transformed":["Defend_P"],"player_choice":"Transformed","damage_taken":0,"max_hp_gain":0,"max_hp_loss":0,"event_name":"Transmorgrifier","floor":2,"gold_loss":0,"cards_obtained":["Perseverance"]},{"damage_healed":0,"gold_gain":0,"player_choice":"Fought Mushrooms","damage_taken":0,"max_hp_gain":0,"max_hp_loss":0,"event_name":"Mushrooms","floor":12,"gold_loss":0},{"damage_healed":0,"gold_gain":0,"player_choice":"Inject Mutagens","damage_taken":0,"relics_obtained":["MutagenicStrength"],"max_hp_gain":0,"max_hp_loss":0,"event_name":"Drug Dealer","floor":20,"gold_loss":0},{"damage_healed":0,"gold_gain":0,"player_choice":"Embrace Madness","damage_taken":14,"max_hp_gain":0,"max_hp_loss":0,"event_name":"Winding Halls","floor":36,"gold_loss":0,"cards_obtained":["Madness","Madness"]},{"damage_healed":0,"gold_gain":0,"player_choice":"Fight","damage_taken":0,"max_hp_gain":0,"max_hp_loss":0,"event_name":"Mysterious Sphere","floor":37,"gold_loss":0},{"damage_healed":0,"gold_gain":0,"player_choice":"Leave","damage_taken":0,"max_hp_gain":0,"max_hp_loss":0,"event_name":"conspire:Investor","floor":38,"gold_loss":0}],"is_beta":false,"boss_relics":[{"not_picked":["aspiration:RunicSpoon","conspire:RunicOctahedron"],"picked":"aspiration:IroncladSkillbook"},{"not_picked":["Calling Bell","Busted Crown"],"picked":"Black Star"}],"items_purged_floors":[21,28,39],"is_endless":false,"potions_floor_spawned":[4,5,7,14,18,19,23,35,37],"killed_by":"Donu and Deca","ascension_level":20}}