{"host":"92ge7uk92o4z80va","time":1612754665,"event":{"mods":["AchievementEnabler","Act Like it!","Aspiration","BaseMod","Beaked The Cultist","Better Third Choice","BetterRewards","Conspire","Curses Come First","Evolution","Hermit","Hubris","Infinite Spire","Koishi","Lobotomy","LobotomyExtend","Marisa????????","Minty Spire (QoL Compilation)","Quick Restart","Replay The Spire","Robot Space Explorer","Spire Arcade","StSLib","The Blue Laboratory","The Bug Knight","The Runesmith","The Saiyan"],"gold_per_floor":[119,133,133,133,150,150,176,176,176,176,190,205,215,226,226,329,329,341,353,369,291,291,291],"floor_reached":22,"language":"ENG","playtime":645,"items_purged":[],"score":265,"play_id":"70a0df20-3c42-4994-a143-9fb69905a9ac","local_time":"20210207222425","is_ascension_mode":false,"campfire_choices":[{"data":"Consume","floor":6,"key":"SMITH"},{"data":"Dualcast","floor":8,"key":"SMITH"},{"data":"Defend_B+1","floor":10,"key":"SMITH"},{"data":"ReplayGash","floor":15,"key":"SMITH"}],"circlet_count":0,"master_deck":["Ball Lightning","Ball Lightning","Ball Lightning","Strike_B","Defend_B","Defend_B+1","Defend_B","Defend_B+2","Zap","Dualcast+1","Consume+1","Gash","Steam Power","Gash","Gash","ReplayGash+1","Conserve Battery","aspiration:Polymerization","Echo Form","Aggregate","Gash","Aggregate","Doom and Gloom"],"relics":["Cracked Core","EVO:Axolotl","aspiration:Nostalgia","PureWater","LetterFromLob","Bottled Flame","Simple Rune","Sozu"],"acts_visited":["Exordium","TheCity"],"potions_floor_usage":[22],"damage_taken":[{"damage":1,"enemies":"Jaw Worm","floor":1,"turns":2},{"damage":0,"enemies":"Cultist","floor":2,"turns":2},{"damage":0,"enemies":"Small Slimes","floor":5,"turns":2},{"damage":31,"enemies":"Lagavulin","floor":7,"turns":4},{"damage":0,"enemies":"3 Louse","floor":11,"turns":2},{"damage":15,"enemies":"Lots of Slimes","floor":12,"turns":2},{"damage":2,"enemies":"Blue Slaver","floor":13,"turns":2},{"damage":0,"enemies":"3 Louse","floor":14,"turns":3},{"damage":0,"enemies":"Slime Boss","floor":16,"turns":4},{"damage":18,"enemies":"2 Thieves","floor":18,"turns":4},{"damage":8,"enemies":"Shell Parasite","floor":19,"turns":4},{"damage":16,"enemies":"Centurion and Healer","floor":20,"turns":5},{"damage":37,"enemies":"Snake Plant","floor":22,"turns":2}],"seed_played":"-2696693354270819602","potions_obtained":[{"floor":1,"key":"blueLaboratory:EnragingPotion"},{"floor":2,"key":"blueLaboratory:BiasPotion"},{"floor":5,"key":"blueLaboratory:BottledHope"}],"is_trial":false,"path_per_floor":["M","M","$","?","M","R","E","R","T","R","M","M","M","M","R","B",null,"M","M","M","$","M"],"character_chosen":"DEFECT","items_purchased":["Doom and Gloom"],"campfire_rested":0,"item_purchase_floors":[21],"current_hp_per_floor":[74,74,74,74,74,74,43,43,43,43,43,28,26,26,26,26,75,57,49,33,33,0,0],"gold":291,"neow_bonus":"NOSTALGIA","is_daily":false,"chose_seed":false,"campfire_upgraded":4,"win_rate":0.0,"timestamp":1612754665,"path_taken":["M","M","$","?","M","R","E","R","T","R","M","M","M","M","R","BOSS","M","M","?","$","M"],"items_purchased_type":["Card"],"build_version":"2020-12-22","purchased_purges":0,"victory":false,"max_hp_per_floor":[75,75,75,75,75,75,75,75,75,75,75,75,75,75,75,75,75,75,75,75,75,75,75],"card_choices":[{"not_picked":["Steam","Cold Snap"],"picked":"Consume","floor":1},{"not_picked":["Beam Cell","Steam"],"picked":"Gash","floor":2},{"not_picked":["Turbo","Reprogram"],"picked":"Steam Power","floor":5},{"not_picked":["Blizzard","Reinforced Body"],"picked":"Gash","floor":7},{"not_picked":["Creative AI","Rebound"],"picked":"Gash","floor":11},{"not_picked":["Turbo","hubris:Ukulele"],"picked":"ReplayGash","floor":12},{"not_picked":["Hologram","Heatsinks"],"picked":"Conserve Battery","floor":13},{"not_picked":["Stack","Scrape"],"picked":"aspiration:Polymerization","floor":14},{"not_picked":["Mirror Shield","ReplayTheSpireMod:Fabricate Wheel"],"picked":"Echo Form","floor":16},{"not_picked":["Redo","Compile Driver"],"picked":"Aggregate","floor":18},{"not_picked":["Coolheaded","Self Repair"],"picked":"Gash","floor":19},{"not_picked":["Coolheaded","Heatsinks+1"],"picked":"Aggregate","floor":20}],"player_experience":51709,"relics_obtained":[{"floor":1,"key":"LetterFromLob"},{"floor":7,"key":"Bottled Flame"},{"floor":9,"key":"Simple Rune"}],"event_choices":[],"is_beta":false,"boss_relics":[{"not_picked":["SlaversCollar","conspire:SeveredTorchhead"],"picked":"Sozu"}],"items_purged_floors":[],"is_endless":false,"potions_floor_spawned":[1,2,5,14,18,19],"killed_by":"Snake Plant","ascension_level":0}}