{"host":"i0dcpa89fcfo7o2v","time":1612780612,"event":{"mods":["2.2 Compatiblity","AchievementEnabler","Alarm Clock","AlwaysNeverKeys","BaseMod","Better Altar","Better Match","Better Note","Better Sensory Stone","Better Skull","Better Third Choice","Better Vampires","BetterRewards","Block Reminder","Colored Map","Colored Powertips","Conspire","Curses Come First","Defuse TimeMaze Blight","Displayed Cursed Tome","Downfall","Energized Spire","Gold Saver","Halation","Highlight Path","Hubris","Minty Spire (QoL Compilation)","Quick Restart","Relic Stats","Replay The Spire","Shop Mod","Spicy Shops","StSLib","Synergy Search","The Jungle","Transform Curses","Uncapped","Wandering Minibosses"],"gold_per_floor":[87,102,116,147,163,175,200,37,37,49,49,63,63,48,64,162,162,62,77,77,125,139,159,159,159,46,59,59,76,99,113,125,229,229,229,245,257,311,146,146,199,199,252,282,311,340,377,409,438,450,450,450],"floor_reached":50,"language":"ENG","playtime":2879,"items_purged":["bronze:Strike","downfall:Aged","downfall:Bewildered"],"score":721,"play_id":"026c827e-3583-4301-8d8a-86e9af83784a","local_time":"20210208113652","is_ascension_mode":true,"campfire_choices":[{"data":"bronze:Goto","floor":1.0,"key":"SMITH"},{"data":"bronze:Flail","floor":9.0,"key":"SMITH"},{"data":"bronze:Separator","floor":11.0,"key":"SMITH"},{"data":"bronze:Philosophize","floor":18.0,"key":"SMITH"},{"data":"bronze:Branch","floor":25.0,"key":"SMITH"},{"data":"bronze:Separator","floor":28.0,"key":"SMITH"},{"data":"bronze:BuggyMess","floor":35.0,"key":"SMITH"},{"data":"bronze:Mutator","floor":40,"key":"SMITH"},{"data":"bronze:Terminator","floor":42,"key":"SMITH"}],"circlet_count":0,"master_deck":["bronze:Strike","bronze:Strike","bronze:Strike","bronze:Defend","bronze:Defend","bronze:Defend","bronze:Defend","bronze:Replicate","bronze:Goto+1","bronze:Flail+1","bronze:Repair","bronze:BuggyMess+1","bronze:Separator+1","bronze:FineTuning","bronze:Repair","bronze:Philosophize+1","bronze:InfiniteLoop+1","bronze:Separator+1","bronze:CleanCode+1","bronze:WhirlingStrike","bronze:Branch+1","bronze:Philosophize+1","bronze:Iterate+1","bronze:Iterate","bronze:Mutator+1","bronze:HardenedForm","bronze:FineTuning+1","bronze:BuggyMess+1","bronze:BronzeOrb","bronze:Terminator+1","Parasite","Writhe","Decay","hubris:Lust","bronze:CutThrough+1","bronze:Optimize","bronze:Separator","bronze:Boost+1","bronze:Iterate+1"],"relics":["bronze:BronzeCore","downfall:HeartBlessingBlue","downfall:HeartBlessingGreen","Tiny Chest","PreservedInsect","TheAbacus","downfall:ExtraCursedKey","energizedSpire:NeverEndingSparkler","downfall:HeartBlessingRed","wanderingMiniBosses:Inkheart","halation:BottledLove","Omamori","Snack Pack","Strawberry","Ring of Chaos","champ:DeflectingBracers","champ:Barbells","Orichalcum","Blue Doll","MawBank","hexamod:BolsterEngine"],"acts_visited":["Exordium","TheCity","TheBeyond"],"potions_floor_usage":[47,47,47,50],"damage_taken":[{"damage":0.0,"enemies":"Jaw Worm","floor":2.0,"turns":2.0},{"damage":0.0,"enemies":"Cultist","floor":3.0,"turns":3.0},{"damage":30.0,"enemies":"conspire:MimicChest","floor":4.0,"turns":6.0},{"damage":0.0,"enemies":"Small Slimes","floor":5.0,"turns":2.0},{"damage":8.0,"enemies":"Blue Slaver","floor":6.0,"turns":2.0},{"damage":0.0,"enemies":"downfall:FleeingMerchant","floor":8.0,"turns":4.0},{"damage":7.0,"enemies":"Exordium Wildlife","floor":10.0,"turns":2.0},{"damage":3.0,"enemies":"Red Slaver","floor":12.0,"turns":3.0},{"damage":4.0,"enemies":"downfall:FleeingMerchant","floor":14.0,"turns":6.0},{"damage":8.0,"enemies":"Exordium Thugs","floor":15.0,"turns":2.0},{"damage":38.0,"enemies":"DF_ARCHETYPE_STREAMLINE","floor":16.0,"turns":8.0},{"damage":2.0,"enemies":"3 Byrds","floor":19.0,"turns":5.0},{"damage":22.0,"enemies":"Centurion and Healer","floor":22.0,"turns":5.0},{"damage":20.0,"enemies":"Snecko","floor":23.0,"turns":4.0},{"damage":10.0,"enemies":"downfall:FleeingMerchant","floor":26.0,"turns":4.0},{"damage":14.0,"enemies":"Cultist and Chosen","floor":27.0,"turns":2.0},{"damage":12.0,"enemies":"3 Cultists","floor":29.0,"turns":4.0},{"damage":16.0,"enemies":"Chosen and Byrds","floor":31.0,"turns":4.0},{"damage":28.0,"enemies":"Centurion and Healer","floor":32.0,"turns":4.0},{"damage":92.0,"enemies":"SI_MIRROR_ARCHETYPE","floor":33.0,"turns":8.0},{"damage":21.0,"enemies":"3 Darklings","floor":36.0,"turns":3.0},{"damage":20.0,"enemies":"3 Shapes","floor":37.0,"turns":4.0},{"damage":35.0,"enemies":"2 Orb Walkers","floor":38.0,"turns":5.0},{"damage":0,"enemies":"downfall:FleeingMerchant","floor":39,"turns":1},{"damage":0,"enemies":"3 Darklings","floor":44,"turns":2},{"damage":8,"enemies":"4 Shapes","floor":45,"turns":3},{"damage":0,"enemies":"Jaw Worm Horde","floor":46,"turns":2},{"damage":18,"enemies":"Nemesis","floor":47,"turns":5},{"damage":0,"enemies":"3 Darklings","floor":48,"turns":3},{"damage":25,"enemies":"4 Shapes","floor":49,"turns":3},{"damage":104,"enemies":"WA_ARCHETYPE_DIVINITY","floor":50,"turns":5}],"seed_played":"771661857491684542","potions_obtained":[{"floor":6.0,"key":"Adrenaline Potion"},{"floor":10.0,"key":"AttackPotion"},{"floor":12.0,"key":"Weak Potion"},{"floor":15.0,"key":"Cursed Concoction"},{"floor":19.0,"key":"SpeedPotion"},{"floor":22.0,"key":"EntropicBrew"},{"floor":27.0,"key":"FearPotion"},{"floor":36.0,"key":"Reflective Coating"},{"floor":38.0,"key":"SpeedPotion"},{"floor":44,"key":"Venom Potion"},{"floor":47,"key":"LifebloodPotion"}],"is_trial":false,"path_per_floor":["R","M","M","?","M","M","T","$","R","M","R","M","?","$","M","B",null,"R","M","T","T","M","M","T","R","$","M","R","M","T","M","M","B",null,"R","M","M","?","$","R","T","R","T","M","M","M","E","M","M","B"],"character_chosen":"THE_AUTOMATON","items_purchased":["TheAbacus","champ:Barbells","Orichalcum","bronze:Terminator"],"campfire_rested":0,"item_purchase_floors":[8,39,39,39],"current_hp_per_floor":[80,80,80,50,50,49,49,56,56,57,57,69,69,76,75,52,73,73,78,78,78,58,52,52,52,65,57,57,58,65,60,50,67,82,82,68,59,42,53,53,53,53,53,64,71,77,72,86,66,0,0,0],"gold":450,"neow_bonus":"THREE_CARDS","is_daily":false,"chose_seed":false,"campfire_upgraded":9,"win_rate":0.0,"timestamp":1612780612,"path_taken":["R","M","M","?","?","M","T","$","R","M","R","M","?","?","M","BOSS","R","M","?","?","M","?","T","R","$","?","R","M","?","?","M","BOSS","R","M","?","?","$","R","T","R","?","M","M","?","E","?","M","BOSS"],"items_purchased_type":["Relic","Relic","Relic","Card"],"build_version":"2020-12-22","purchased_purges":3,"victory":false,"max_hp_per_floor":[80,80,80,80,80,80,80,80,80,80,80,80,80,80,80,80,80,80,80,80,80,80,80,80,80,80,80,80,80,87,87,87,87,87,87,87,87,87,87,87,87,87,87,87,87,87,87,87,87,87,87,87],"relic_stats":{"TheAbacus":[84],"counters":[31,116],"Tiny Chest":3,"PreservedInsect":147,"Orichalcum":[18],"MawBank":84,"obtain_stats":[{"champ:Barbells":39,"bronze:BronzeCore":0,"downfall:HeartBlessingRed":18,"halation:BottledLove":20,"downfall:HeartBlessingGreen":1,"Blue Doll":41,"PreservedInsect":7,"Ring of Chaos":34,"champ:DeflectingBracers":38,"Omamori":21,"Orichalcum":39,"MawBank":43,"TheAbacus":8,"downfall:HeartBlessingBlue":1,"energizedSpire:NeverEndingSparkler":17,"Strawberry":30,"Tiny Chest":4,"downfall:ExtraCursedKey":13,"Snack Pack":24,"hexamod:BolsterEngine":47,"wanderingMiniBosses:Inkheart":19},{"champ:Barbells":24,"bronze:BronzeCore":0,"downfall:HeartBlessingRed":11,"halation:BottledLove":12,"downfall:HeartBlessingGreen":0,"Blue Doll":24,"PreservedInsect":5,"Ring of Chaos":20,"champ:DeflectingBracers":23,"Omamori":12,"Orichalcum":24,"MawBank":24,"TheAbacus":6,"downfall:HeartBlessingBlue":0,"energizedSpire:NeverEndingSparkler":11,"Strawberry":17,"Tiny Chest":3,"downfall:ExtraCursedKey":8,"Snack Pack":14,"hexamod:BolsterEngine":28,"wanderingMiniBosses:Inkheart":12},{"champ:Barbells":93,"bronze:BronzeCore":0,"downfall:HeartBlessingRed":40,"halation:BottledLove":45,"downfall:HeartBlessingGreen":0,"Blue Doll":93,"PreservedInsect":15,"Ring of Chaos":80,"champ:DeflectingBracers":92,"Omamori":45,"Orichalcum":93,"MawBank":93,"TheAbacus":19,"downfall:HeartBlessingBlue":0,"energizedSpire:NeverEndingSparkler":40,"Strawberry":64,"Tiny Chest":11,"downfall:ExtraCursedKey":24,"Snack Pack":54,"hexamod:BolsterEngine":105,"wanderingMiniBosses:Inkheart":45}]},"card_choices":[{"not_picked":["bronze:Backtrace","bronze:BronzeArmor"],"picked":"bronze:Flail","floor":0.0},{"not_picked":["bronze:OilSpill","bronze:Shield"],"picked":"bronze:Repair","floor":2.0},{"not_picked":["bronze:DelayedGuard","bronze:BuggyMess","bronze:WildBeam"],"picked":"SKIP","floor":3.0},{"not_picked":["bronze:OilSpill","bronze:DigitalCarnage"],"picked":"bronze:BuggyMess","floor":4.0},{"not_picked":["bronze:DelayedGuard","bronze:DigitalCarnage"],"picked":"bronze:Separator","floor":5.0},{"not_picked":["bronze:BitShift","bronze:Invalidate","bronze:FollowUp"],"picked":"SKIP","floor":6.0},{"not_picked":["bronze:Flail","bronze:ClassDefault"],"picked":"bronze:FineTuning","floor":8.0},{"not_picked":["bronze:DelayedGuard","bronze:ForLoop"],"picked":"bronze:Repair","floor":10.0},{"not_picked":["bronze:BitShift","bronze:BuggyMess"],"picked":"bronze:Philosophize","floor":12.0},{"not_picked":["bronze:WildBeam","bronze:Allocate","bronze:DelayedGuard"],"picked":"SKIP","floor":14.0},{"not_picked":["bronze:ShipIt","bronze:MaxOutput"],"picked":"bronze:Separator","floor":15.0},{"not_picked":["bronze:Mutator","bronze:HyperBeam"],"picked":"bronze:CleanCode","floor":16.0},{"not_picked":["bronze:Frontload+1","bronze:Turbo"],"picked":"bronze:WhirlingStrike","floor":19.0},{"not_picked":["bronze:BugBarrage","bronze:DelayedGuard"],"picked":"bronze:Branch","floor":22.0},{"not_picked":["bronze:CloningBeam","bronze:OilSpill","bronze:ForLoop"],"picked":"SKIP","floor":23.0},{"not_picked":["bronze:Repulsor","bronze:Turbo","bronze:MaxOutput"],"picked":"SKIP","floor":26.0},{"not_picked":["bronze:Separator","bronze:OilSpill"],"picked":"bronze:Philosophize+1","floor":27.0},{"not_picked":["bronze:Overheat","bronze:Return"],"picked":"bronze:Iterate+1","floor":29.0},{"not_picked":["bronze:BuggyMess","bronze:ClassDefault"],"picked":"bronze:Iterate","floor":31.0},{"not_picked":["bronze:Philosophize","bronze:ForceShield"],"picked":"bronze:Mutator","floor":32.0},{"not_picked":["bronze:Format","bronze:Library"],"picked":"bronze:HardenedForm","floor":33.0},{"not_picked":["bronze:ChildClass+1","bronze:BugBarrage+1"],"picked":"bronze:FineTuning+1","floor":36.0},{"not_picked":["bronze:Shield","bronze:NullPointer","bronze:Boost"],"picked":"SKIP","floor":37.0},{"not_picked":["bronze:Turbo","bronze:CutThrough"],"picked":"bronze:BuggyMess+1","floor":38.0},{"not_picked":["bronze:Virus","bronze:Overheat+1"],"picked":"bronze:BronzeOrb","floor":39},{"not_picked":["bronze:Turbo","bronze:ForLoop"],"picked":"bronze:CutThrough+1","floor":44},{"not_picked":["bronze:Iterate+1","bronze:CutThrough+1"],"picked":"bronze:Optimize","floor":45},{"not_picked":["bronze:Constructor","bronze:Repair+1"],"picked":"bronze:Separator","floor":46},{"not_picked":["bronze:FollowUp+1","bronze:SpaghettiCode","bronze:Backtrace+1"],"picked":"SKIP","floor":47},{"not_picked":["bronze:Overheat","bronze:Terminator"],"picked":"bronze:Boost+1","floor":48},{"not_picked":["bronze:Deprecate","bronze:ForceShield+1"],"picked":"bronze:Iterate+1","floor":49}],"player_experience":233030,"relics_obtained":[{"floor":4.0,"key":"Tiny Chest"},{"floor":7.0,"key":"PreservedInsect"},{"floor":19.0,"key":"wanderingMiniBosses:Inkheart"},{"floor":20.0,"key":"halation:BottledLove"},{"floor":21.0,"key":"Omamori"},{"floor":24.0,"key":"Snack Pack"},{"floor":30.0,"key":"Strawberry"},{"floor":38.0,"key":"champ:DeflectingBracers"},{"floor":41,"key":"Blue Doll"},{"floor":43,"key":"MawBank"},{"floor":47,"key":"hexamod:BolsterEngine"}],"event_choices":[{"damage_healed":0.0,"max_hp_gain":0.0,"max_hp_loss":0.0,"gold_gain":0.0,"event_name":"Mysterious Sphere","player_choice":"Fight","floor":38.0,"gold_loss":0.0,"damage_taken":0.0}],"is_beta":false,"boss_relics":[{"not_picked":["halation:PlatinumPhoenix","energizedSpire:StickyHand"],"picked":"energizedSpire:NeverEndingSparkler"},{"not_picked":["Runic Pyramid","Pandora\u0027s Box"],"picked":"Ring of Chaos"}],"items_purged_floors":[8,26,39],"is_endless":false,"potions_floor_spawned":[6,10,12,15,19,22,27,36,38,44,45,47],"killed_by":"WA_ARCHETYPE_DIVINITY","ascension_level":5}}