{"host":"qnw6fh3z6mhgqap2","time":1612745495,"event":{"mods":["BaseMod","Downfall","Minty Spire (QoL Compilation)","Quick Restart","Replay The Spire","StSLib","SuperFastMode"],"gold_per_floor":[116,116,216,232,244,275,103,136,159,159,495,495,519,338,338,453,453,481,481,500,538,538,575,575,622,622,385,401,417,417],"floor_reached":29,"language":"ENG","playtime":2119,"items_purged":["Defend_P"],"score":373,"play_id":"ab49a507-902f-4695-ae54-7b5fe1389b3a","local_time":"20210208015135","is_ascension_mode":true,"campfire_choices":[{"floor":12,"key":"REST"},{"floor":15,"key":"REST"},{"data":"Devotion","floor":24,"key":"SMITH"}],"circlet_count":0,"master_deck":["Defend_P","Defend_P","Defend_P","Eruption","Vigilance","FearNoEvil+1","Halt","ThirdEye","WindmillStrike+1","Mayhem+1","Replay:DivineShield","DeceiveReality","FollowUp","FollowUp","BattleHymn","Devotion+1","Halt+1","Bite","Bite","Bite","Bite","Bite","Worship+1","CrushJoints+1","Crescendo+1","InnerPeace+1","Fasting2","Consecrate+1"],"relics":["PureWater","NeowsBlessing","Bag of Marbles","Replay:Bandana","Replay:Rubber Ducky","Old Coin","Replay:Bronze Core","Replay:Kaleidoscope","Pen Nib","Shuriken","Guide Book"],"acts_visited":["Exordium","TheCity"],"potions_floor_usage":[8,8,11,29],"damage_taken":[{"damage":0,"enemies":"2 Louse","floor":1,"turns":1},{"damage":0,"enemies":"Cultist","floor":4,"turns":1},{"damage":0,"enemies":"Jaw Worm","floor":5,"turns":1},{"damage":33,"enemies":"Lagavulin","floor":6,"turns":6},{"damage":17,"enemies":"3 Sentries","floor":8,"turns":10},{"damage":13,"enemies":"Gremlin Nob","floor":11,"turns":5},{"damage":17,"enemies":"Exordium Thugs","floor":13,"turns":9},{"damage":0,"enemies":"Fading Forest","floor":16,"turns":11},{"damage":5,"enemies":"Chosen","floor":18,"turns":8},{"damage":4,"enemies":"Spheric Guardian","floor":20,"turns":5},{"damage":14,"enemies":"Centurion and Healer","floor":21,"turns":3},{"damage":22,"enemies":"Gremlin Leader","floor":23,"turns":6},{"damage":24,"enemies":"Book of Stabbing","floor":25,"turns":5},{"damage":9,"enemies":"Sentry and Sphere","floor":28,"turns":6},{"damage":28,"enemies":"Gremlin Leader","floor":29,"turns":3}],"seed_played":"2368505518879038721","potions_obtained":[{"floor":1,"key":"ColorlessPotion"},{"floor":5,"key":"FearPotion"},{"floor":8,"key":"PowerPotion"},{"floor":16,"key":"Ancient Potion"},{"floor":20,"key":"Dexterity Potion"},{"floor":21,"key":"Fruit Juice"}],"is_trial":false,"path_per_floor":["M","?","?","M","M","E","$","E","T","?","E","R","M","$","R","B",null,"M","?","M","M","?","E","R","E","T","$","M","E"],"character_chosen":"WATCHER","items_purchased":["Mayhem","FollowUp","BattleHymn","Guide Book","Fasting2"],"campfire_rested":2,"item_purchase_floors":[7,14,14,27,27],"current_hp_per_floor":[72,65,65,65,65,32,32,15,15,15,2,23,6,6,27,37,72,67,50,46,38,38,28,28,14,14,14,13,0,0],"gold":417,"neow_bonus":"THREE_ENEMY_KILL","is_daily":false,"chose_seed":false,"campfire_upgraded":1,"win_rate":0.0,"timestamp":1612745495,"path_taken":["M","?","?","?","M","E","?","E","T","?","E","R","M","$","R","BOSS","M","?","M","M","?","E","R","E","T","$","M","E"],"items_purchased_type":["Card","Card","Card","Relic","Card"],"build_version":"2020-12-22","purchased_purges":1,"victory":false,"max_hp_per_floor":[72,72,72,72,72,72,72,72,72,72,72,72,72,72,72,72,72,72,50,50,50,50,50,50,50,50,50,50,55,55],"card_choices":[{"not_picked":["Protect","Replay:BluntJabs"],"picked":"FearNoEvil","floor":1},{"not_picked":["Replay:AtTheReady","Replay:BluntJabs"],"picked":"Halt","floor":4},{"not_picked":["Adaptation","Replay:AtTheReady"],"picked":"ThirdEye","floor":5},{"not_picked":["Crescendo","Evaluate"],"picked":"WindmillStrike","floor":6},{"not_picked":["Sanctity","PathToVictory"],"picked":"Replay:DivineShield","floor":8},{"not_picked":["Replay:ManipulateFuture","Swivel"],"picked":"DeceiveReality","floor":11},{"not_picked":["SashWhip","Protect","FearNoEvil"],"picked":"SKIP","floor":13},{"not_picked":["MasterReality","Ragnarok"],"picked":"Devotion","floor":16},{"not_picked":["FlyingSleeves","CrushJoints"],"picked":"Halt+1","floor":18},{"not_picked":["Protect","FlyingSleeves"],"picked":"Worship+1","floor":20},{"not_picked":["Evaluate+1","CutThroughFate+1"],"picked":"CrushJoints+1","floor":21},{"not_picked":["Replay:Vibes+1","PathToVictory"],"picked":"Crescendo+1","floor":23},{"not_picked":["SignatureMove","Replay:BluntJabs+1"],"picked":"InnerPeace+1","floor":25},{"not_picked":["Tantrum","Evaluate"],"picked":"Consecrate+1","floor":28}],"player_experience":184660,"relics_obtained":[{"floor":6,"key":"Bag of Marbles"},{"floor":8,"key":"Replay:Bandana"},{"floor":9,"key":"Replay:Rubber Ducky"},{"floor":11,"key":"Old Coin"},{"floor":23,"key":"Replay:Kaleidoscope"},{"floor":25,"key":"Pen Nib"},{"floor":26,"key":"Shuriken"}],"event_choices":[{"cards_removed":["Strike_P"],"damage_healed":0,"gold_gain":0,"player_choice":"Card Removal","damage_taken":7,"max_hp_gain":0,"max_hp_loss":0,"event_name":"Golden Wing","floor":2,"gold_loss":0},{"damage_healed":0,"gold_gain":100,"player_choice":"Pray","damage_taken":0,"max_hp_gain":0,"max_hp_loss":0,"event_name":"Golden Shrine","floor":3,"gold_loss":0},{"damage_healed":0,"gold_gain":0,"player_choice":"Forge","damage_taken":0,"max_hp_gain":0,"max_hp_loss":0,"event_name":"Accursed Blacksmith","floor":10,"gold_loss":0,"cards_upgraded":["Mayhem"]},{"damage_healed":0,"gold_gain":0,"player_choice":"Became a vampire","damage_taken":0,"max_hp_gain":0,"max_hp_loss":22,"event_name":"Vampires","floor":19,"gold_loss":0,"cards_obtained":["Bite","Bite","Bite","Bite","Bite"]},{"damage_healed":0,"gold_gain":0,"player_choice":"Bought 0 Potions","damage_taken":0,"max_hp_gain":0,"max_hp_loss":0,"event_name":"The Woman in Blue","floor":22,"gold_loss":0}],"is_beta":false,"boss_relics":[{"not_picked":["Abe\u0027s Treasure","ChewingGum"],"picked":"Replay:Bronze Core"}],"items_purged_floors":[14],"is_endless":false,"potions_floor_spawned":[1,5,8,16,20,21,23],"killed_by":"Gremlin Leader","ascension_level":1}}