{"host":"i0avyit1s6jb1siw","time":1612806866,"event":{"mods":["BaseMod","DeckTracker","Dota2Spire","Highlight Path","Minty Spire (QoL Compilation)","Quick Restart","StSLib","SuperFastMode"],"gold_per_floor":[112,126,126,146,164,164,181,181,210,210,220,293,310,310,235,14,14,14,14],"floor_reached":18,"language":"ENG","playtime":363,"items_purged":[],"score":228,"play_id":"860ac3c2-cb4e-452e-967c-5afd4af6c81b","local_time":"20210208185426","is_ascension_mode":true,"campfire_choices":[{"data":"Choke","floor":6.0,"key":"SMITH"},{"floor":14.0,"key":"REST"},{"data":"Envenom","floor":17,"key":"SMITH"}],"circlet_count":0,"master_deck":["AscendersBane","Strike_G","Strike_G","Strike_G","Strike_G","Strike_G","Defend_G","Defend_G","Defend_G","Defend_G","Defend_G","Survivor","Neutralize","Well Laid Plans","Choke+1","Envenom+1","Dagger Throw","Leg Sweep","Backstab","Blade Dance","Backflip"],"relics":["Runic Dome","Ninja Scroll","TwistedFunnel"],"acts_visited":["Exordium"],"potions_floor_usage":[],"damage_taken":[{"damage":5.0,"enemies":"2 Louse","floor":1.0,"turns":3.0},{"damage":0.0,"enemies":"Cultist","floor":2.0,"turns":4.0},{"damage":5.0,"enemies":"Small Slimes","floor":4.0,"turns":4.0},{"damage":8.0,"enemies":"Blue Slaver","floor":5.0,"turns":5.0},{"damage":13.0,"enemies":"Red Slaver","floor":7.0,"turns":3.0},{"damage":10.0,"enemies":"Lagavulin","floor":9.0,"turns":5.0},{"damage":9.0,"enemies":"Exordium Wildlife","floor":11.0,"turns":6.0},{"damage":3.0,"enemies":"3 Louse","floor":13.0,"turns":2.0},{"damage":53,"enemies":"Slime Boss","floor":18,"turns":7}],"seed_played":"-4842896461368454629","potions_obtained":[{"floor":1.0,"key":"CunningPotion"},{"floor":4.0,"key":"FairyPotion"},{"floor":9.0,"key":"Dexterity Potion"}],"is_trial":false,"path_per_floor":["M","M","?","M","M","R","M","R","E","T","M","?","M","R","?","$","R","B"],"character_chosen":"THE_SILENT","items_purchased":["TwistedFunnel","Backflip"],"campfire_rested":1,"item_purchase_floors":[16,16],"current_hp_per_floor":[54,54,54,49,41,41,28,28,18,18,9,9,6,25,25,25,25,0,0],"gold":14,"neow_bonus":"BOSS_RELIC","is_daily":false,"chose_seed":false,"campfire_upgraded":2,"win_rate":0.0,"timestamp":1612806866,"path_taken":["M","M","?","?","M","R","M","R","E","T","?","?","M","R","?","$","R","BOSS"],"items_purchased_type":["Relic","Card"],"build_version":"2020-12-22","purchased_purges":0,"victory":false,"max_hp_per_floor":[66,66,66,66,66,66,66,66,66,66,66,66,66,66,66,66,66,66,66],"card_choices":[{"not_picked":["Expertise","Prepared"],"picked":"Well Laid Plans","floor":1.0},{"not_picked":["Dodge and Roll","Deadly Poison"],"picked":"Choke","floor":2.0},{"not_picked":["PiercingWail","Deadly Poison"],"picked":"Envenom","floor":4.0},{"not_picked":["Bane","Prepared"],"picked":"Dagger Throw","floor":5.0},{"not_picked":["Masterful Stab","Slice"],"picked":"Leg Sweep","floor":7.0},{"not_picked":["Flechettes","Setup"],"picked":"Backstab","floor":9.0},{"not_picked":["Acrobatics","Choke","Poisoned Stab"],"picked":"SKIP","floor":11.0},{"not_picked":["Predator","Quick Slash"],"picked":"Blade Dance","floor":13.0}],"player_experience":2427787,"relics_obtained":[{"floor":9.0,"key":"Ninja Scroll"}],"event_choices":[{"damage_healed":0.0,"max_hp_gain":0.0,"max_hp_loss":0.0,"gold_gain":0.0,"event_name":"Wheel of Change","player_choice":"Cursed","floor":3.0,"gold_loss":0.0,"damage_taken":0.0,"cards_obtained":["Decay"]},{"damage_healed":0.0,"max_hp_gain":0.0,"max_hp_loss":0.0,"gold_gain":73.0,"event_name":"Golden Wing","player_choice":"Gained Gold","floor":12.0,"gold_loss":0.0,"damage_taken":0.0},{"cards_removed":["Decay"],"damage_healed":0,"gold_gain":0,"player_choice":"Card Removal","damage_taken":0,"max_hp_gain":0,"max_hp_loss":0,"event_name":"The Cleric","floor":15,"gold_loss":75}],"is_beta":false,"boss_relics":[],"items_purged_floors":[],"is_endless":false,"potions_floor_spawned":[1,4,9],"killed_by":"Slime Boss","ascension_level":20}}