{"host":"axuns55dzq466eei","time":1612780746,"event":{"mods":["BaseMod","Colored Map","Keyboard Shortcuts","Minty Spire (QoL Compilation)","StSLib","SuperFastMode"],"gold_per_floor":[116,116,133,143,153,153,184,184,211,223,223,238,238,250,250,250,250],"floor_reached":16,"language":"KOR","playtime":268,"items_purged":[],"score":208,"play_id":"ebdb9451-ee23-46e8-aa0b-8c3fdf827b6c","local_time":"20210208193906","is_ascension_mode":true,"campfire_choices":[{"data":"Inflame","floor":6,"key":"SMITH"},{"data":"Pummel","floor":8,"key":"SMITH"},{"data":"Clothesline","floor":11,"key":"SMITH"},{"data":"Uppercut","floor":15,"key":"SMITH"}],"circlet_count":0,"master_deck":["AscendersBane","Strike_R","Strike_R","Strike_R","Strike_R","Strike_R","Defend_R","Defend_R","Defend_R","Defend_R","Bash+1","Shrug It Off","Pummel+1","Clothesline+1","Inflame+1","Power Through","Uppercut+1"],"relics":["Burning Blood","NeowsBlessing","PreservedInsect","Strawberry"],"acts_visited":["Exordium"],"potions_floor_usage":[7,16],"damage_taken":[{"damage":0,"enemies":"Small Slimes","floor":1,"turns":1},{"damage":0,"enemies":"Cultist","floor":3,"turns":1},{"damage":0,"enemies":"Jaw Worm","floor":4,"turns":1},{"damage":25,"enemies":"Large Slime","floor":5,"turns":7},{"damage":47,"enemies":"3 Sentries","floor":7,"turns":8},{"damage":0,"enemies":"Red Slaver","floor":10,"turns":4},{"damage":6,"enemies":"Exordium Thugs","floor":12,"turns":4},{"damage":17,"enemies":"Large Slime","floor":14,"turns":4},{"damage":36,"enemies":"Hexaghost","floor":16,"turns":9}],"seed_played":"1260143531327797190","potions_obtained":[{"floor":1,"key":"BloodPotion"},{"floor":5,"key":"BlessingOfTheForge"},{"floor":7,"key":"SteroidPotion"}],"is_trial":false,"path_per_floor":["M","?","M","M","M","R","E","R","T","M","R","M","?","M","R","B"],"character_chosen":"IRONCLAD","items_purchased":[],"campfire_rested":0,"item_purchase_floors":[],"current_hp_per_floor":[74,74,75,75,56,56,15,15,22,28,28,28,28,17,17,0,0],"gold":250,"neow_bonus":"THREE_ENEMY_KILL","is_daily":false,"chose_seed":false,"campfire_upgraded":4,"win_rate":0.0,"timestamp":1612780746,"path_taken":["M","?","?","M","M","R","E","R","T","M","R","M","?","M","R","BOSS"],"items_purchased_type":[],"build_version":"2020-12-22","purchased_purges":0,"victory":false,"max_hp_per_floor":[75,75,75,75,75,75,75,75,82,82,82,82,82,82,82,82,82],"card_choices":[{"not_picked":["Dark Embrace","Perfected Strike"],"picked":"Shrug It Off","floor":1},{"not_picked":["Thunderclap","Rage"],"picked":"Pummel","floor":3},{"not_picked":["Warcry","Heavy Blade"],"picked":"Clothesline","floor":4},{"not_picked":["Clash","Cleave"],"picked":"Inflame","floor":5},{"not_picked":["Heavy Blade","Rampage","Headbutt"],"picked":"SKIP","floor":7},{"not_picked":["True Grit","Headbutt","Combust"],"picked":"SKIP","floor":10},{"not_picked":["True Grit","Clash"],"picked":"Power Through","floor":12},{"not_picked":["Clothesline","Twin Strike"],"picked":"Uppercut","floor":14}],"player_experience":1117803,"relics_obtained":[{"floor":7,"key":"PreservedInsect"},{"floor":9,"key":"Strawberry"}],"event_choices":[{"damage_healed":0,"gold_gain":0,"player_choice":"Forge","damage_taken":0,"max_hp_gain":0,"max_hp_loss":0,"event_name":"Accursed Blacksmith","floor":2,"gold_loss":0,"cards_upgraded":["Bash"]},{"damage_healed":0,"gold_gain":0,"player_choice":"Ignored","damage_taken":0,"max_hp_gain":0,"max_hp_loss":0,"event_name":"Liars Game","floor":13,"gold_loss":0}],"is_beta":false,"boss_relics":[],"items_purged_floors":[],"is_endless":false,"potions_floor_spawned":[1,5,7,10],"killed_by":"Hexaghost","ascension_level":20}}