{"host":"mcdusr64esz012l0","time":1612826027,"event":{"mods":["BaseMod","Minty Spire (QoL Compilation)","Relic Stats"],"gold_per_floor":[115,128,278,290,215,242,242,274,274,285,285,310,310,350,350,422,422,442,442,25,35,55,55,55],"floor_reached":23,"language":"ENG","playtime":1081,"items_purged":["Strike_P"],"score":472,"play_id":"238a873e-5249-4667-8281-ac8642352286","local_time":"20210208181347","is_ascension_mode":true,"campfire_choices":[{"floor":7,"key":"REST"},{"floor":13,"key":"REST"},{"data":"Eruption","floor":15,"key":"SMITH"}],"circlet_count":0,"master_deck":["AscendersBane","Strike_P","Strike_P","Strike_P","Defend_P","Defend_P","Defend_P","Defend_P","Eruption+1","Vigilance","EmptyFist","Consecrate","ThirdEye","Adaptation","Meditate+1","DevaForm","Protect+1","CutThroughFate"],"relics":["PureWater","NeowsBlessing","StrikeDummy","Incense Burner","Ice Cream","Toxic Egg 2","Du-Vu Doll","Philosopher\u0027s Stone","Pantograph"],"acts_visited":["Exordium","TheCity"],"potions_floor_usage":[8,12,16,23,23],"damage_taken":[{"damage":0,"enemies":"Small Slimes","floor":1,"turns":1},{"damage":0,"enemies":"Jaw Worm","floor":2,"turns":1},{"damage":0,"enemies":"2 Louse","floor":4,"turns":1},{"damage":53,"enemies":"Lagavulin","floor":6,"turns":7},{"damage":0,"enemies":"Gremlin Nob","floor":8,"turns":2},{"damage":3,"enemies":"Gremlin Gang","floor":10,"turns":4},{"damage":1,"enemies":"Lagavulin","floor":12,"turns":5},{"damage":0,"enemies":"2 Fungi Beasts","floor":14,"turns":4},{"damage":15,"enemies":"The Guardian","floor":16,"turns":7},{"damage":56,"enemies":"3 Byrds","floor":18,"turns":4},{"damage":15,"enemies":"Shell Parasite","floor":21,"turns":5},{"damage":7,"enemies":"Snake Plant","floor":22,"turns":5},{"damage":59,"enemies":"Book of Stabbing","floor":23,"turns":5}],"seed_played":"5758481508845926367","potions_obtained":[{"floor":1,"key":"SkillPotion"},{"floor":2,"key":"Regen Potion"},{"floor":14,"key":"DuplicationPotion"},{"floor":16,"key":"GamblersBrew"},{"floor":21,"key":"Fire Potion"}],"is_trial":false,"path_per_floor":["M","M","?","M","?","E","R","E","T","M","T","E","R","M","R","B",null,"M","?","$","M","M","E"],"character_chosen":"WATCHER","items_purchased":["Pantograph","Protect+1"],"campfire_rested":2,"item_purchase_floors":[20,20],"current_hp_per_floor":[61,61,61,61,61,8,28,33,33,30,30,29,49,49,49,34,60,4,78,78,63,56,0,0],"gold":55,"neow_bonus":"THREE_ENEMY_KILL","is_daily":false,"chose_seed":false,"campfire_upgraded":1,"win_rate":0.0,"timestamp":1612826027,"path_taken":["M","M","?","M","?","E","R","E","T","M","?","E","R","M","R","BOSS","M","?","$","M","?","E"],"items_purchased_type":["Relic","Card"],"build_version":"2020-12-22","purchased_purges":1,"victory":false,"max_hp_per_floor":[68,68,68,68,68,68,68,68,68,68,68,68,68,68,68,68,68,68,78,78,78,78,78,78],"relic_stats":{"counters":[13,51],"Pantograph":0,"obtain_stats":[{"Ice Cream":9,"Du-Vu Doll":12,"NeowsBlessing":0,"Pantograph":20,"Philosopher\u0027s Stone":17,"Incense Burner":8,"PureWater":0,"Toxic Egg 2":11,"StrikeDummy":6},{"Ice Cream":5,"Du-Vu Doll":7,"NeowsBlessing":0,"Pantograph":10,"Philosopher\u0027s Stone":9,"Incense Burner":5,"PureWater":0,"Toxic Egg 2":6,"StrikeDummy":4},{"Ice Cream":12,"Du-Vu Doll":21,"NeowsBlessing":0,"Pantograph":36,"Philosopher\u0027s Stone":32,"Incense Burner":12,"PureWater":0,"Toxic Egg 2":16,"StrikeDummy":10}]},"card_choices":[{"not_picked":["JustLucky","Perseverance"],"picked":"EmptyFist","floor":1},{"not_picked":["EmptyBody","Prostrate","JustLucky"],"picked":"SKIP","floor":2},{"not_picked":["MentalFortress","PathToVictory"],"picked":"Consecrate","floor":4},{"not_picked":["PathToVictory","FlyingSleeves","InnerPeace"],"picked":"SKIP","floor":6},{"not_picked":["Nirvana","DevaForm"],"picked":"ThirdEye","floor":8},{"not_picked":["CutThroughFate","Halt"],"picked":"Adaptation","floor":10},{"not_picked":["Consecrate","Meditate+1"],"picked":"Wish+1","floor":12},{"not_picked":["ClearTheMind+1","EmptyFist"],"picked":"Meditate+1","floor":14},{"not_picked":["ConjureBlade+1","Ragnarok"],"picked":"DevaForm","floor":16},{"not_picked":["BowlingBash","CrushJoints","Pray+1"],"picked":"SKIP","floor":18},{"not_picked":["FollowUp","Indignation+1"],"picked":"CutThroughFate","floor":21},{"not_picked":["EmptyBody+1","Sanctity+1","CrushJoints+1"],"picked":"SKIP","floor":22}],"player_experience":1055102,"relics_obtained":[{"floor":6,"key":"StrikeDummy"},{"floor":8,"key":"Incense Burner"},{"floor":9,"key":"Ice Cream"},{"floor":11,"key":"Toxic Egg 2"},{"floor":12,"key":"Du-Vu Doll"}],"event_choices":[{"damage_healed":0,"gold_gain":150,"player_choice":"AGREE","damage_taken":0,"max_hp_gain":0,"max_hp_loss":0,"event_name":"Liars Game","floor":3,"gold_loss":0,"cards_obtained":["Doubt"]},{"cards_removed":["Doubt"],"damage_healed":0,"gold_gain":0,"player_choice":"Card Removal","damage_taken":0,"max_hp_gain":0,"max_hp_loss":0,"event_name":"The Cleric","floor":5,"gold_loss":75},{"cards_removed":["Wish"],"damage_healed":64,"gold_gain":0,"player_choice":"Offered Rare","damage_taken":0,"max_hp_gain":10,"max_hp_loss":0,"event_name":"Bonfire Elementals","floor":19,"gold_loss":0}],"is_beta":false,"boss_relics":[{"not_picked":["HolyWater","Snecko Eye"],"picked":"Philosopher\u0027s Stone"}],"items_purged_floors":[20],"is_endless":false,"potions_floor_spawned":[1,2,14,16,21],"killed_by":"Book of Stabbing","ascension_level":20}}