{"host":"m6aaltr68g9tvoay","time":1612753906,"event":{"mods":["AchievementEnabler","BaseMod","Colored Map","Downfall","Minty Spire (QoL Compilation)","Slay the Relics Exporter","StSLib"],"gold_per_floor":[99,114,114,114,114,128,128,143,162,62,62,89,89,116,136,235,235,235,251,251,251,265,31,31,59,59,75,60,60,77,77,88,185,185,185,203,213,288,298,309,336,351,361,261,274,274,326,34,50,50],"floor_reached":51,"language":"ENG","playtime":3709,"items_purged":["bronze:Strike","bronze:Strike"],"score":1001,"play_id":"f5e73708-9aed-4fac-b367-3c4670d1262c","local_time":"20210207191146","is_ascension_mode":true,"campfire_choices":[{"floor":1,"key":"RECALL"},{"data":"bronze:Explode","floor":10,"key":"SMITH"},{"floor":13,"key":"REST"},{"data":"bronze:FindAndReplace","floor":18,"key":"SMITH"},{"data":"bronze:Flail","floor":29,"key":"SMITH"},{"data":"bronze:Boost","floor":35,"key":"SMITH"},{"floor":44,"key":"REST"},{"floor":46,"key":"REST"}],"circlet_count":0,"master_deck":["bronze:Strike","bronze:Strike","bronze:Defend","bronze:Defend","bronze:Defend","bronze:Defend","bronze:Replicate","bronze:Goto","bronze:WhirlingStrike","bronze:Repair","bronze:Return","bronze:TinkerersToolbox","bronze:FindAndReplace+1","bronze:InfiniteBeams+1","RitualDagger+1","bronze:Shield+1","bronze:Iterate","bronze:ChildClass+1","bronze:FunctionCard","bronze:BronzeOrb","bronze:BugBarrage+1","bronze:Allocate","bronze:ForceShield","Parasite","bronze:InfiniteLoop","bronze:Shield"],"relics":["bronze:BronzeCore","Mango","FossilizedHelix","downfall:HeartBlessingRed","hexamod:Sixitude","Letter Opener","sneckomod:SneckoTalon","Akabeko","Pantograph","Regal Pillow","Enchiridion","Black Star","Boot","downfall:HeartBlessingBlue","Guardian:GemstoneGun","Ornamental Fan"],"acts_visited":["Exordium","TheCity","TheBeyond"],"potions_floor_usage":[12,14,16,33,39,43,50],"damage_taken":[{"damage":1,"enemies":"2 Louse","floor":2,"turns":4},{"damage":6,"enemies":"2 Louse","floor":3,"turns":2},{"damage":4,"enemies":"Small Slimes","floor":6,"turns":2},{"damage":0,"enemies":"Jaw Worm","floor":8,"turns":4},{"damage":1,"enemies":"Red Slaver","floor":9,"turns":3},{"damage":0,"enemies":"3 Sentries","floor":12,"turns":4},{"damage":13,"enemies":"Gremlin Nob","floor":14,"turns":4},{"damage":14,"enemies":"3 Louse","floor":15,"turns":2},{"damage":66,"enemies":"IC_STATUS_ARCHETYPE","floor":16,"turns":12},{"damage":0,"enemies":"3 Byrds","floor":19,"turns":1},{"damage":6,"enemies":"Chosen","floor":22,"turns":2},{"damage":4,"enemies":"downfall:FleeingMerchant","floor":23,"turns":4},{"damage":10,"enemies":"Gremlin Leader","floor":25,"turns":4},{"damage":2,"enemies":"Centurion and Healer","floor":27,"turns":5},{"damage":0,"enemies":"downfall:FleeingMerchant","floor":28,"turns":4},{"damage":8,"enemies":"Snake Plant","floor":30,"turns":2},{"damage":0,"enemies":"Snecko","floor":32,"turns":5},{"damage":20,"enemies":"WA_ARCHETYPE_CALM","floor":33,"turns":7},{"damage":29,"enemies":"3 Shapes","floor":36,"turns":11},{"damage":0,"enemies":"Orb Walker","floor":37,"turns":3},{"damage":0,"enemies":"downfall:FleeingMerchant","floor":38,"turns":1},{"damage":44,"enemies":"Sphere and 2 Shapes","floor":39,"turns":10},{"damage":0,"enemies":"4 Shapes","floor":40,"turns":1},{"damage":15,"enemies":"Writhing Mass","floor":42,"turns":8},{"damage":9,"enemies":"3 Darklings","floor":43,"turns":4},{"damage":0,"enemies":"Transient","floor":45,"turns":5},{"damage":21,"enemies":"2 Orb Walkers","floor":47,"turns":3},{"damage":0,"enemies":"Jaw Worm Horde","floor":49,"turns":1},{"damage":88,"enemies":"SI_POISON_ARCHETYPE","floor":50,"turns":16}],"seed_played":"1651960204264247109","potions_obtained":[{"floor":8,"key":"bronze:BuildAFunctionPotion"},{"floor":9,"key":"AttackPotion"},{"floor":14,"key":"sneckomod:MuddlingPotion"},{"floor":15,"key":"sneckomod:MuddlingPotion"},{"floor":16,"key":"Explosive Potion"},{"floor":19,"key":"Fire Potion"},{"floor":20,"key":"CultistPotion"},{"floor":27,"key":"Swift Potion"},{"floor":30,"key":"Regen Potion"},{"floor":42,"key":"SpeedPotion"},{"floor":45,"key":"SneckoOil"}],"is_trial":false,"path_per_floor":["R","M","?","?","T","M","T","M","M","R","?","E","R","E","M","B",null,"R","M","?","?","M","$","T","E","?","M","$","R","M","?","M","B",null,"R","M","M","?","M","M","T","M","M","R","M","R","?","$","M","B",null],"character_chosen":"THE_AUTOMATON","items_purchased":["Akabeko","Boot","Ornamental Fan","Strength Potion"],"campfire_rested":3,"item_purchase_floors":[23,38,48,48],"current_hp_per_floor":[70,69,63,63,77,73,73,73,72,72,72,79,91,78,71,12,71,71,71,71,91,91,91,91,81,81,86,91,91,90,74,81,71,86,86,57,64,64,27,27,27,19,22,77,84,101,87,87,87,13],"gold":50,"neow_bonus":"TEN_PERCENT_HP_BONUS","is_daily":false,"chose_seed":false,"campfire_upgraded":4,"win_rate":0.0,"timestamp":1612753906,"path_taken":["R","M","?","?","?","?","T","M","M","R","?","E","R","E","M","BOSS","R","M","?","?","M","$","T","E","?","M","$","R","M","?","M","BOSS","R","M","M","?","M","M","T","M","M","R","M","R","?","$","M","BOSS"],"items_purchased_type":["Relic","Relic","Relic","Potion"],"build_version":"2020-12-22","purchased_purges":2,"victory":true,"max_hp_per_floor":[77,77,77,77,91,91,91,91,91,91,91,91,91,91,91,91,91,91,91,91,91,91,91,91,91,91,91,91,91,91,91,91,91,91,91,91,91,91,91,91,91,91,91,101,101,101,101,101,101,101],"card_choices":[{"not_picked":["bronze:Deprecate","bronze:Constructor"],"picked":"bronze:WhirlingStrike","floor":2},{"not_picked":[],"picked":"bronze:Explode","floor":3},{"not_picked":["bronze:Backtrace","bronze:ChosenStrike"],"picked":"bronze:Repair","floor":6},{"not_picked":["bronze:ChildClass","bronze:NullPointer"],"picked":"bronze:Boost","floor":8},{"not_picked":["bronze:Deprecate","bronze:BuggyMess","bronze:BronzeArmor"],"picked":"SKIP","floor":9},{"not_picked":["bronze:ClassDefault","bronze:BurnOut"],"picked":"bronze:Return","floor":12},{"not_picked":["bronze:Separator","bronze:DelayedGuard"],"picked":"bronze:TinkerersToolbox","floor":14},{"not_picked":["bronze:DigitalCarnage","bronze:Deprecate"],"picked":"bronze:Flail","floor":15},{"not_picked":["bronze:ThunderWave","bronze:Verify"],"picked":"bronze:FindAndReplace","floor":16},{"not_picked":["bronze:Invalidate+1","bronze:MaxOutput"],"picked":"bronze:InfiniteBeams+1","floor":19},{"not_picked":["bronze:WildBeam","bronze:DelayedGuard","bronze:BitShift+1"],"picked":"SKIP","floor":22},{"not_picked":["bronze:WildBeam","bronze:InfiniteBeams","bronze:BronzeArmor"],"picked":"SKIP","floor":23},{"not_picked":["bronze:WildBeam+1","bronze:Invalidate+1"],"picked":"bronze:Shield+1","floor":25},{"not_picked":["bronze:Deprecate+1","bronze:DelayedSlice"],"picked":"bronze:Iterate","floor":27},{"not_picked":["bronze:DelayedGuard","bronze:CloningBeam+1","bronze:Refactor"],"picked":"SKIP","floor":28},{"not_picked":["bronze:BugBarrage","bronze:Shield+1"],"picked":"bronze:ChildClass+1","floor":30},{"not_picked":["bronze:Break","bronze:Iterate","bronze:BronzeArmor"],"picked":"SKIP","floor":32},{"not_picked":["bronze:Verify","bronze:TinkerersToolbox"],"picked":"bronze:Hardcode","floor":33},{"not_picked":["bronze:DelayedSlice","bronze:ForLoop"],"picked":"bronze:BronzeOrb","floor":36},{"not_picked":["bronze:Shield+1","bronze:WildBeam+1"],"picked":"bronze:BugBarrage+1","floor":37},{"not_picked":["bronze:Branch","bronze:Repulsor"],"picked":"bronze:Allocate","floor":38},{"not_picked":["bronze:Return+1","bronze:WhirlingStrike","bronze:Turbo+1"],"picked":"SKIP","floor":39},{"not_picked":["bronze:DarkDash","bronze:BuggyMess+1"],"picked":"bronze:ForceShield","floor":40},{"not_picked":["bronze:BuggyMess","bronze:Shield+1"],"picked":"bronze:InfiniteLoop","floor":42},{"not_picked":["bronze:DelayedGuard","bronze:Allocate+1","bronze:Shield"],"picked":"SKIP","floor":43},{"not_picked":["bronze:ChosenStrike","bronze:CutThrough","bronze:Repulsor+1"],"picked":"SKIP","floor":45},{"not_picked":["bronze:Iterate+1","bronze:OilSpill+1"],"picked":"bronze:Shield","floor":47},{"not_picked":["bronze:BuggyMess","bronze:Branch+1","bronze:BugBarrage+1"],"picked":"SKIP","floor":49}],"player_experience":1861486,"relics_obtained":[{"floor":5,"key":"Mango"},{"floor":7,"key":"FossilizedHelix"},{"floor":12,"key":"hexamod:Sixitude"},{"floor":14,"key":"Letter Opener"},{"floor":24,"key":"Pantograph"},{"floor":25,"key":"Regal Pillow"},{"floor":31,"key":"Enchiridion"},{"floor":47,"key":"Guardian:GemstoneGun"}],"event_choices":[{"damage_healed":30,"gold_gain":0,"player_choice":"Heal","damage_taken":0,"max_hp_gain":0,"max_hp_loss":0,"event_name":"The Library","floor":21,"gold_loss":0},{"damage_healed":0,"gold_gain":0,"player_choice":"Fight","damage_taken":0,"max_hp_gain":0,"max_hp_loss":0,"event_name":"Mysterious Sphere","floor":47,"gold_loss":0}],"is_beta":false,"boss_relics":[{"not_picked":["expansioncontent:StudyCardRelic","bronze:MakeshiftBattery"],"picked":"sneckomod:SneckoTalon"},{"not_picked":["SlaversCollar","Snecko Eye"],"picked":"Black Star"}],"items_purged_floors":[23,38],"is_endless":false,"potions_floor_spawned":[8,9,14,15,16,19,27,30,42,45,49],"ascension_level":9}}