{"host":"bg0cyinkrjnqf173","time":1612823412,"event":{"mods":["2.2 Compatiblity","Aspiration","BaseMod","Beaked The Cultist","Better Third Choice","BetterRewards","Colored Map","Conspire","Curses Come First","Defuse TimeMaze Blight","Displayed Cursed Tome","Googly Eyes","Halation","Hubris","Infinite Spire","Jedi Mod","Minty Spire (QoL Compilation)","Permanent Neow","Quick Restart","Rare Cards Sparkle","Relic Sorter","Replay The Spire","Shop Mod","Spicy Shops","Spikes Relics","StSLib","The Bladedancer","The Construct","The Valiant","Uncapped"],"gold_per_floor":[115,115,129,145,145,145,70,70,95,95,95,128,142,142,142,239,239,252,220,231,80,90,90,90,90],"floor_reached":24,"language":"ENG","playtime":850,"items_purged":["Regret"],"score":246,"play_id":"b29b983a-2493-405a-a2f0-d91bbb8d7fba","local_time":"20210208173012","is_ascension_mode":false,"campfire_choices":[{"data":"Prostrate","floor":6.0,"key":"SMITH"},{"data":"Eruption","floor":8.0,"key":"SMITH"},{"data":"FlyingSleeves","floor":10.0,"key":"SMITH"},{"data":"Vigilance","floor":15.0,"key":"SMITH"},{"floor":23.0,"key":"REST"}],"circlet_count":0,"master_deck":["Strike_P+1","Strike_P","Strike_P+1","Strike_P","Defend_P","Defend_P","Defend_P","Defend_P","Eruption+1","Vigilance+1","FlyingSleeves+1","Prostrate+1","Replay:BluntJabs","Normality","Replay:Cycle","ThirdEye","beaked:MaddeningMurmurs","Replay:Hum+1","beaked:Daydream"],"relics":["PureWater","halation:RedSoulGem","Replay:Mystery Machine","hubris:CrystalStatue","Whetstone","Ring of Hypnosis","Ring of Panic","hubris:DisguiseKit","halation:HeavySnake","Lee\u0027s Waffle"],"acts_visited":["Exordium","TheCity"],"potions_floor_usage":[],"damage_taken":[{"damage":4.0,"enemies":"Jaw Worm","floor":1.0,"turns":5.0},{"damage":0.0,"enemies":"2 Louse","floor":3.0,"turns":2.0},{"damage":0.0,"enemies":"Small Slimes","floor":4.0,"turns":2.0},{"damage":7.0,"enemies":"Gremlin Nob","floor":12.0,"turns":3.0},{"damage":1.0,"enemies":"Blue Slaver","floor":13.0,"turns":2.0},{"damage":0.0,"enemies":"Slime Boss","floor":16.0,"turns":4.0},{"damage":9.0,"enemies":"Chosen","floor":18.0,"turns":4.0},{"damage":28.0,"enemies":"2 Thieves","floor":19.0,"turns":5.0},{"damage":0.0,"enemies":"Sentry and Sphere","floor":20.0,"turns":2.0},{"damage":50.0,"enemies":"Snake Plant","floor":22.0,"turns":5.0},{"damage":54,"enemies":"Centurion and Healer","floor":24,"turns":4}],"seed_played":"-8117921288649059903","potions_obtained":[{"floor":1.0,"key":"ColorlessPotion"},{"floor":3.0,"key":"ColorlessPotion"},{"floor":12.0,"key":"Energy Potion"},{"floor":19.0,"key":"SkillPotion"}],"is_trial":false,"path_per_floor":["M","?","M","M","?","R","$","R","T","R","?","E","M","?","R","B",null,"M","M","M","$","M","R","M"],"character_chosen":"WATCHER","items_purchased":["Lee\u0027s Waffle"],"campfire_rested":1,"item_purchase_floors":[21],"current_hp_per_floor":[68,68,68,68,68,68,68,68,68,68,68,61,60,60,60,60,72,63,35,35,79,29,52,0,0],"gold":90,"neow_bonus":"RANDOM_COMMON_RELIC","is_daily":false,"chose_seed":false,"campfire_upgraded":4,"win_rate":0.0,"timestamp":1612823412,"path_taken":["M","?","M","M","?","R","$","R","T","R","?","E","?","?","R","BOSS","M","M","M","$","M","R","M"],"items_purchased_type":["Relic"],"build_version":"2020-12-22","purchased_purges":1,"victory":false,"max_hp_per_floor":[72,72,72,72,72,72,72,72,72,72,72,72,72,72,72,72,72,72,72,72,79,79,79,79,79],"card_choices":[{"not_picked":["CutThroughFate","Replay:AtTheReady"],"picked":"FlyingSleeves","floor":1.0},{"not_picked":["JustLucky","Replay:ManipulateFuture"],"picked":"Prostrate","floor":3.0},{"not_picked":["Replay:LoomingThreat","ThirdEye"],"picked":"Replay:BluntJabs","floor":4.0},{"not_picked":["Replay:Battleflow","Sanctity"],"picked":"Replay:Cycle","floor":12.0},{"not_picked":["Perseverance","SashWhip","LikeWater","beaked:Replenish"],"picked":"SKIP","floor":13.0},{"not_picked":["Perseverance","SashWhip","LikeWater","beaked:Replenish"],"picked":"SKIP","floor":13.0},{"not_picked":["JustLucky","WreathOfFlame","beaked:Redirect"],"picked":"ThirdEye","floor":18.0},{"not_picked":["FollowUp","Halt","Consecrate+1"],"picked":"beaked:MaddeningMurmurs","floor":19.0},{"not_picked":["FlyingSleeves","ReachHeaven+1","beaked:Struggle"],"picked":"Replay:Hum+1","floor":20.0},{"not_picked":["Vengeance","Prostrate","TalkToTheHand+1"],"picked":"beaked:Daydream","floor":22.0}],"player_experience":843372,"relics_obtained":[{"floor":9.0,"key":"Whetstone"},{"floor":11.0,"key":"Ring of Hypnosis"},{"floor":11.0,"key":"Ring of Panic"},{"floor":12.0,"key":"hubris:DisguiseKit"}],"event_choices":[{"damage_healed":0.0,"max_hp_gain":0.0,"max_hp_loss":0.0,"gold_gain":0.0,"event_name":"The Cleric","player_choice":"Leave","floor":2.0,"gold_loss":0.0,"damage_taken":0.0},{"damage_healed":0.0,"max_hp_gain":0.0,"max_hp_loss":0.0,"gold_gain":0.0,"event_name":"Big Fish","player_choice":"Box","floor":5.0,"gold_loss":0.0,"damage_taken":0.0,"relics_obtained":["hubris:CrystalStatue"],"cards_obtained":["Regret"]}],"is_beta":false,"boss_relics":[{"not_picked":["Cursed Key","conspire:SlowCooker"],"picked":"halation:HeavySnake"}],"items_purged_floors":[7],"is_endless":false,"potions_floor_spawned":[1,3,12,19,22],"killed_by":"Centurion and Healer","ascension_level":0}}