{"host":"ylc7rmysbrk5cxws","time":1612798961,"event":{"mods":["100% Spire Juice","ATMod(∞¢Ë™Mod)","Act Like it!","Arknights","BaseMod","Friendly Minions","Gensokyo","Koishi","Marisa£®ÏF”Í°°ƒß¿Ì…≥£©","Minty Spire (QoL Compilation)","Prisma Mod","Spicy Shops","StSLib","The Alterego","The Animator","The Construct","The Servant 0.9.4","UnlockEverythingMod","Waifu the Spire","Yakumo Yukari mod","Yuyuko","°æπ¶ƒ‹Mod°øªÏ„Á÷Æª∑–ﬁ∏¥≤π∂°"],"gold_per_floor":[115,138,161,10,25,25,40,52,106,121,152,163,183,247,247,349,349,390,390,390,417,444,485,485,520,520,543,543,567,589,604,604,713,713,728,728,35,47,64,64,64,0,27,27,93,93,110,121,121,129],"floor_reached":51,"language":"ZHS","playtime":2913,"items_purged":[],"score":712,"play_id":"6bc7a6a1-a561-465a-a5eb-9349286de5c4","local_time":"20210208234241","is_ascension_mode":false,"campfire_choices":[{"data":"animator:YunYun","floor":6.0,"key":"SMITH"},{"data":"animator:IzunaHatsuse","floor":15.0,"key":"SMITH"},{"data":"animator:Boros","floor":24,"key":"SMITH"},{"data":"AT_EmpoweredMortalDraw","floor":28,"key":"SMITH"},{"data":"animator:Mitsurugi","floor":32,"key":"SMITH"},{"data":"animator:Shizu","floor":40,"key":"SMITH"},{"data":"animator:Albedo","floor":44,"key":"SMITH"},{"data":"animator:Millim","floor":49,"key":"SMITH"}],"circlet_count":0,"master_deck":["animator:Strike_Konosuba","animator:Defend_Konosuba","animator:Strike","animator:Strike","animator:Defend","animator:Defend","animator:Kazuma","animator:Aqua","AT_EmpoweredMortalDraw+1","animator:PandorasActor","animator:Geryuganshoop","animator:YunYun+1","animator:Megumin+12","animator:Tet","animator:Vanir","animator:Verdia","animator:IzunaHatsuse+1","animator:Boros+1","animator:Chris","animator:Rimuru","animator:DolaSchwi","animator:Mitsurugi+1","animator:FielNirvalen+1","animator:Albedo+1","animator:Mitsurugi+1","animator:Aqua","animator:Aqua","animator:Shizu+1","animator:Cocytus","animator:HigakiRinne","animator:Millim+1"],"relics":["animator:LivingPicture","animator:TheMissingPiece","AT_ATBox","Happy Flower","Bag of Marbles","animator:WornHelmet","Sundial","construct:ClawGrip","alterego_mod:SomeoneToFightFor","animator:ShionDessert","AT_ChloranthyRing","Charon\u0027s Ashes","animator:RacePiece","Mango","DataDisk","Meat on the Bone","Red Mask","animator:Buoy","AT_LudenTempest"],"acts_visited":["Exordium","TheCity","TheBeyond"],"potions_floor_usage":[23,39,50,50],"damage_taken":[{"damage":1.0,"enemies":"2 Louse","floor":1.0,"turns":2.0},{"damage":0.0,"enemies":"Jaw Worm","floor":2.0,"turns":3.0},{"damage":0.0,"enemies":"Small Slimes","floor":3.0,"turns":3.0},{"damage":1.0,"enemies":"Exordium Thugs","floor":5.0,"turns":2.0},{"damage":9.0,"enemies":"Red Slaver","floor":7.0,"turns":2.0},{"damage":0.0,"enemies":"Exordium Wildlife","floor":8.0,"turns":2.0},{"damage":0.0,"enemies":"2 Fungi Beasts","floor":10.0,"turns":2.0},{"damage":0.0,"enemies":"Blue Slaver","floor":11.0,"turns":2.0},{"damage":0.0,"enemies":"Lots of Slimes","floor":12.0,"turns":1.0},{"damage":0.0,"enemies":"2 Fungi Beasts","floor":13.0,"turns":2.0},{"damage":11.0,"enemies":"3 Sentries","floor":14.0,"turns":3.0},{"damage":29.0,"enemies":"Slime Boss","floor":16.0,"turns":9.0},{"damage":8.0,"enemies":"3 Byrds","floor":18.0,"turns":3.0},{"damage":0.0,"enemies":"Chosen","floor":21.0,"turns":3.0},{"damage":22,"enemies":"Gremlin Leader","floor":23,"turns":6},{"damage":0,"enemies":"animator:HornedBat","floor":25,"turns":2},{"damage":0,"enemies":"3 Cultists","floor":27,"turns":1},{"damage":1,"enemies":"Cultist and Chosen","floor":29,"turns":3},{"damage":0,"enemies":"Centurion and Healer","floor":30,"turns":3},{"damage":2,"enemies":"Shelled Parasite and Fungi","floor":31,"turns":2},{"damage":25,"enemies":"Automaton","floor":33,"turns":5},{"damage":0,"enemies":"Orb Walker","floor":35,"turns":3},{"damage":0,"enemies":"3 Shapes","floor":38,"turns":2},{"damage":5,"enemies":"Sphere and 2 Shapes","floor":39,"turns":4},{"damage":0,"enemies":"Mind Bloom Boss Battle","floor":45,"turns":4},{"damage":0,"enemies":"3 Darklings","floor":47,"turns":2},{"damage":0,"enemies":"Jaw Worm Horde","floor":48,"turns":1},{"damage":67,"enemies":"Donu and Deca","floor":50,"turns":8}],"seed_played":"-6755019026037369022","potions_obtained":[{"floor":2.0,"key":"SteroidPotion"},{"floor":5.0,"key":"Block Potion"},{"floor":8.0,"key":"CultistPotion"},{"floor":10.0,"key":"Fruit Juice"},{"floor":13.0,"key":"Explosive Potion"},{"floor":27,"key":"Fire Potion"},{"floor":31,"key":"animator:GrowthPotion"},{"floor":47,"key":"SpeedPotion"}],"is_trial":false,"path_per_floor":["M","M","M","$","M","R","M","M","T","M","M","M","M","?","R","B",null,"M","?","?","M","T","E","R","E","T","M","R","M","M","M","R","B",null,"M","?","$","M","M","R","$","?","T","R","?","?","M","M","R","B",null],"character_chosen":"THE_ANIMATOR","items_purchased":["Bag of Marbles","Mango","DataDisk","Meat on the Bone"],"campfire_rested":0,"item_purchase_floors":[4,37,37,37],"current_hp_per_floor":[66,66,66,66,66,66,57,59,59,64,66,66,69,60,60,34,74,66,66,66,66,66,46,46,48,48,71,71,70,76,74,74,51,76,76,76,90,90,90,90,90,90,90,90,90,79,79,79,79,44],"gold":129,"neow_bonus":"RANDOM_COMMON_RELIC","is_daily":false,"chose_seed":false,"campfire_upgraded":8,"win_rate":0.0,"timestamp":1612798961,"path_taken":["M","M","M","$","M","R","M","M","T","M","M","M","M","?","R","BOSS","M","?","?","?","?","E","R","E","T","M","R","M","M","M","R","BOSS","M","?","$","M","M","R","$","?","T","R","?","?","?","M","R","BOSS"],"items_purchased_type":["Relic","Relic","Relic","Relic"],"build_version":"2020-12-22","purchased_purges":0,"victory":true,"max_hp_per_floor":[66,66,66,66,67,67,67,67,67,72,72,72,73,73,73,74,74,74,74,74,74,74,74,74,74,74,76,76,76,76,76,76,76,76,76,76,90,90,90,90,90,90,90,90,90,90,90,90,90,90],"card_choices":[{"not_picked":["animator:Vanir","animator:Kaijin"],"picked":"animator:PandorasActor","floor":1.0},{"not_picked":["animator:Aqua","animator:Benimaru"],"picked":"animator:Geryuganshoop","floor":2.0},{"not_picked":["animator:MetalKnight","animator:PandorasActor"],"picked":"animator:YunYun","floor":3.0},{"not_picked":["animator:Chris","animator:Mitsurugi"],"picked":"animator:Megumin","floor":5.0},{"not_picked":["animator:Benimaru","animator:YunYun"],"picked":"animator:Tet","floor":7.0},{"not_picked":["animator:Shizu","animator:Shuna","animator:Spearman"],"picked":"SKIP","floor":8.0},{"not_picked":["animator:Kaijin","animator:Megumin","animator:CowGirl"],"picked":"SKIP","floor":10.0},{"not_picked":["animator:Kazuma","animator:YunYun"],"picked":"animator:Vanir","floor":11.0},{"not_picked":["animator:DolaRiku","animator:Hakurou","animator:Ara"],"picked":"SKIP","floor":12.0},{"not_picked":["animator:MumenRider","animator:DolaStephanie"],"picked":"animator:Verdia","floor":13.0},{"not_picked":["animator:Ara","animator:SilverFang"],"picked":"animator:IzunaHatsuse","floor":14.0},{"not_picked":["animator:Albedo","animator:Elesis"],"picked":"animator:Boros","floor":16.0},{"not_picked":["animator:Mitsurugi","animator:Verdia"],"picked":"animator:Chris","floor":18.0},{"not_picked":["animator:MumenRider","animator:Millim"],"picked":"animator:SilverFang+1","floor":21.0},{"not_picked":["animator:IzunaHatsuse","animator:Ara"],"picked":"animator:DolaSchwi","floor":23},{"not_picked":["animator:Ara","animator:Melzalgald"],"picked":"animator:Hakurou","floor":25},{"not_picked":["animator:Chris","animator:Vanir"],"picked":"animator:Mitsurugi","floor":27},{"not_picked":["animator:Rena","animator:Jibril","animator:HighElfArcher"],"picked":"SKIP","floor":29},{"not_picked":["animator:Souei","animator:IzunaHatsuse+1"],"picked":"animator:FielNirvalen+1","floor":30},{"not_picked":["animator:Entoma","animator:Ara+1","animator:ChlammyZell"],"picked":"SKIP","floor":31},{"not_picked":["animator:Rimuru","animator:Elesis"],"picked":"animator:Albedo","floor":33},{"not_picked":["animator:Priestess+1","animator:Add","animator:Ara"],"picked":"SKIP","floor":38},{"not_picked":["animator:Jibril+1","animator:DwarfShaman"],"picked":"animator:Shizu","floor":39},{"not_picked":["animator:IzunaHatsuse","animator:Add+1"],"picked":"animator:Cocytus","floor":45},{"not_picked":["animator:Rena+1","animator:Shuna","animator:FielNirvalen+1"],"picked":"SKIP","floor":47},{"not_picked":["animator:Souei","animator:Shion"],"picked":"animator:Millim","floor":48}],"player_experience":82574,"relics_obtained":[{"floor":9.0,"key":"animator:WornHelmet"},{"floor":14.0,"key":"Sundial"},{"floor":23,"key":"animator:ShionDessert"},{"floor":25,"key":"AT_ChloranthyRing"},{"floor":26,"key":"Charon\u0027s Ashes"},{"floor":43,"key":"animator:Buoy"},{"floor":45,"key":"AT_LudenTempest"}],"event_choices":[{"damage_healed":0.0,"max_hp_gain":0.0,"max_hp_loss":0.0,"gold_gain":0.0,"event_name":"Dead Adventurer","player_choice":"Searched \u00272\u0027 times","floor":14.0,"gold_loss":0.0,"damage_taken":0.0},{"damage_healed":0.0,"max_hp_gain":0.0,"max_hp_loss":0.0,"gold_gain":0.0,"event_name":"∞Æµƒ…Ò •ª®‘∞","player_choice":"Choice 2","floor":19.0,"gold_loss":0.0,"damage_taken":0.0,"relics_obtained":["alterego_mod:SomeoneToFightFor"]},{"damage_healed":0.0,"max_hp_gain":0.0,"max_hp_loss":0.0,"gold_gain":0.0,"cards_transformed":["animator:Strike"],"event_name":"Transmorgrifier","player_choice":"Transformed","floor":20.0,"gold_loss":0.0,"damage_taken":0.0,"cards_obtained":["animator:Rimuru"]},{"damage_healed":0,"gold_gain":0,"player_choice":"Ignored","damage_taken":0,"max_hp_gain":0,"max_hp_loss":0,"event_name":"Mysterious Sphere","floor":36,"gold_loss":0},{"damage_healed":0,"gold_gain":0,"player_choice":"Paid","damage_taken":0,"relics_obtained":["Red Mask"],"max_hp_gain":0,"max_hp_loss":0,"event_name":"Tomb of Lord Red Mask","floor":42,"gold_loss":64},{"damage_healed":0,"gold_gain":0,"player_choice":"Fight","damage_taken":0,"max_hp_gain":0,"max_hp_loss":0,"event_name":"MindBloom","floor":45,"gold_loss":0},{"damage_healed":0,"gold_gain":0,"player_choice":"Embrace Madness","damage_taken":11,"max_hp_gain":0,"max_hp_loss":0,"event_name":"Winding Halls","floor":46,"gold_loss":0,"cards_obtained":["animator:HigakiRinne"]}],"is_beta":false,"boss_relics":[{"not_picked":["Velvet Choker","SacredBark"],"picked":"construct:ClawGrip"},{"not_picked":["Pandora\u0027s Box","animator:CursedBlade"],"picked":"animator:RacePiece"}],"items_purged_floors":[],"is_endless":false,"potions_floor_spawned":[2,5,8,10,13,16,21,27,31,38,47],"ascension_level":0}}