{"host":"gaqyve1328ta0etl","time":1612776402,"event":{"mods":["BaseMod","Colored Map","Colored Powertips","Duelist Mod","Googly Eyes","Hero for Fun","Minty Spire (QoL Compilation)","Shop Mod","StSLib","SuperFastMode","The Hierophant","The Runesmith"],"gold_per_floor":[111,186,203,203,128,128,157,181,233,261,285,285,325,225,225,336,336,360,85,85,100,100,100,100,100,100,120,120,120,130,130,130,130,130],"floor_reached":33,"language":"ENG","playtime":912,"items_purged":["Strike_B","Strike_B","Strike_B"],"score":380,"play_id":"dfa205b2-f4d7-432f-ad44-668a33e098ad","local_time":"20210208012642","is_ascension_mode":true,"campfire_choices":[{"data":"Dramatic Entrance","floor":6.0,"key":"SMITH"},{"floor":12.0,"key":"REST"},{"floor":15.0,"key":"REST"},{"data":"Zap","floor":23,"key":"SMITH"},{"floor":25,"key":"REST"},{"floor":28,"key":"REST"},{"floor":32,"key":"REST"}],"circlet_count":0,"master_deck":["AscendersBane","Strike_B","Defend_B","Defend_B","Defend_B","Defend_B","Zap+1","Dualcast","Dramatic Entrance+1","Consume","Sweeping Beam","Coolheaded","Gash","Loop","Gash","All For One","Stack+1"],"relics":["FrozenCore","CeramicFish","Oddly Smooth Stone","Kunai","Lee\u0027s Waffle","StoneCalendar","Vajra"],"acts_visited":["Exordium","TheCity"],"potions_floor_usage":[27],"damage_taken":[{"damage":0.0,"enemies":"2 Louse","floor":1.0,"turns":2.0},{"damage":0.0,"enemies":"Cultist","floor":3.0,"turns":3.0},{"damage":22.0,"enemies":"Lagavulin","floor":7.0,"turns":7.0},{"damage":2.0,"enemies":"Jaw Worm","floor":8.0,"turns":2.0},{"damage":9.0,"enemies":"Blue Slaver","floor":10.0,"turns":4.0},{"damage":0.0,"enemies":"Lots of Slimes","floor":11.0,"turns":1.0},{"damage":29.0,"enemies":"Gremlin Nob","floor":13.0,"turns":5.0},{"damage":40.0,"enemies":"Hexaghost","floor":16.0,"turns":15.0},{"damage":2.0,"enemies":"Shell Parasite","floor":18.0,"turns":9.0},{"damage":30.0,"enemies":"3 Byrds","floor":21.0,"turns":6.0},{"damage":25,"enemies":"Snake Plant","floor":27,"turns":6},{"damage":5,"enemies":"3 Cultists","floor":30,"turns":6},{"damage":92,"enemies":"Collector","floor":33,"turns":14}],"seed_played":"-8052726633634526605","potions_obtained":[{"floor":3.0,"key":"SpeedPotion"},{"floor":8.0,"key":"Block Potion"},{"floor":11.0,"key":"EssenceOfSteel"},{"floor":16.0,"key":"Weak Potion"},{"floor":18.0,"key":"FearPotion"},{"floor":21,"key":"SpeedPotion"}],"is_trial":false,"path_per_floor":["M","?","M","?","$","R","E","M","T","M","M","R","E","$","R","B",null,"M","$","?","M","?","R","?","R","T","M","R","?","M","$","R","B"],"character_chosen":"DEFECT","items_purchased":["Lee\u0027s Waffle"],"campfire_rested":5,"item_purchase_floors":[19],"current_hp_per_floor":[68,61,61,61,61,61,39,37,37,28,28,50,21,21,43,3,57,55,82,82,52,52,52,36,62,62,37,63,63,58,58,84,0,0],"gold":130,"neow_bonus":"RANDOM_COLORLESS","is_daily":false,"chose_seed":false,"campfire_upgraded":2,"win_rate":0.0,"timestamp":1612776402,"path_taken":["M","?","?","?","$","R","E","M","T","M","M","R","E","$","R","BOSS","M","$","?","?","?","R","?","R","T","M","R","?","M","$","R","BOSS"],"items_purchased_type":["Relic"],"build_version":"2020-12-22","purchased_purges":3,"victory":false,"max_hp_per_floor":[75,75,75,75,75,75,75,75,75,75,75,75,75,75,75,75,75,75,82,82,82,82,82,87,87,87,87,87,87,87,87,87,87,87],"card_choices":[{"not_picked":["Forethought","Discovery"],"picked":"Dramatic Entrance","floor":0.0},{"not_picked":["Capacitor","Chill"],"picked":"Consume","floor":1.0},{"not_picked":["Go for the Eyes","Steam"],"picked":"Sweeping Beam","floor":3.0},{"not_picked":["Darkness","Compile Driver","Consume"],"picked":"SKIP","floor":7.0},{"not_picked":["Go for the Eyes","Reinforced Body"],"picked":"Coolheaded","floor":8.0},{"not_picked":["Beam Cell","Redo"],"picked":"Gash","floor":10.0},{"not_picked":["Conserve Battery","Multi-Cast"],"picked":"Loop","floor":11.0},{"not_picked":["Stack","Genetic Algorithm"],"picked":"Gash","floor":13.0},{"not_picked":["Electrodynamics","Thunder Strike"],"picked":"All For One","floor":16.0},{"not_picked":["Hello World","Reinforced Body"],"picked":"Stack+1","floor":18.0},{"not_picked":["Glacier+1","Ball Lightning","Loop+1"],"picked":"SKIP","floor":21},{"not_picked":["Cold Snap","Sunder","Auto Shields"],"picked":"SKIP","floor":27},{"not_picked":["Cold Snap","Sweeping Beam","Streamline"],"picked":"SKIP","floor":30}],"player_experience":2104875,"relics_obtained":[{"floor":7.0,"key":"CeramicFish"},{"floor":9.0,"key":"Oddly Smooth Stone"},{"floor":13.0,"key":"Kunai"},{"floor":26,"key":"StoneCalendar"}],"event_choices":[{"damage_healed":0.0,"max_hp_gain":0.0,"max_hp_loss":0.0,"gold_gain":75.0,"event_name":"FaceTrader","player_choice":"Touch","floor":2.0,"gold_loss":0.0,"damage_taken":7.0},{"damage_healed":0.0,"max_hp_gain":0.0,"max_hp_loss":0.0,"gold_gain":0.0,"event_name":"Liars Game","player_choice":"Ignored","floor":4.0,"gold_loss":0.0,"damage_taken":0.0},{"damage_healed":0.0,"max_hp_gain":0.0,"max_hp_loss":0.0,"gold_gain":0.0,"event_name":"N\u0027loth","player_choice":"Ignored","floor":20.0,"gold_loss":0.0,"damage_taken":0.0},{"damage_healed":0,"gold_gain":0,"player_choice":"Ignored","damage_taken":0,"max_hp_gain":0,"max_hp_loss":0,"event_name":"Ghosts","floor":22,"gold_loss":0},{"damage_healed":0,"gold_gain":0,"player_choice":"Shed Blood","damage_taken":21,"max_hp_gain":5,"max_hp_loss":0,"event_name":"Forgotten Altar","floor":24,"gold_loss":0},{"damage_healed":0,"gold_gain":0,"player_choice":"Gave Potion","damage_taken":0,"relics_obtained":["Vajra"],"max_hp_gain":0,"max_hp_loss":0,"event_name":"WeMeetAgain","floor":29,"gold_loss":0}],"is_beta":false,"boss_relics":[{"not_picked":["Runic Pyramid","Philosopher\u0027s Stone"],"picked":"FrozenCore"}],"items_purged_floors":[5,14,19],"is_endless":false,"potions_floor_spawned":[3,8,11,16,18,21],"killed_by":"Collector","ascension_level":10}}