{"host":"1vy6j31128f61x2z","time":1612826566,"event":{"mods":["AchievementEnabler","BaseMod","Colored Powertips","Minty Spire (QoL Compilation)","Permanent Neow"],"gold_per_floor":[115,390,402,88,104,133,133,148,172,199,274,449,476,488,488,583,583,598,598,26,39,59,59,90,90,90,90,105,105,30,55,55,157,157,171,171,249,260,274,305,318,318,318,330,330,344,344,376,376,376,376,376,20,52,52],"floor_reached":56,"language":"ENG","playtime":2109,"items_purged":["Regret"],"score":1390,"play_id":"cfb2b5a4-ddf4-41fe-81fc-73b91c059936","local_time":"20210208182245","is_ascension_mode":false,"campfire_choices":[{"data":"Searing Blow","floor":7.0,"key":"SMITH"},{"data":"Bludgeon","floor":15.0,"key":"SMITH"},{"data":"Searing Blow+1","floor":23.0,"key":"SMITH"},{"data":"Searing Blow+2","floor":27.0,"key":"SMITH"},{"data":"Whirlwind","floor":29.0,"key":"SMITH"},{"data":"Searing Blow+3","floor":32.0,"key":"SMITH"},{"data":"Bludgeon","floor":42.0,"key":"SMITH"},{"data":"Searing Blow+4","floor":45.0,"key":"SMITH"},{"floor":49.0,"key":"RECALL"},{"data":"Searing Blow+5","floor":52.0,"key":"SMITH"}],"circlet_count":0,"master_deck":["Strike_R+1","Strike_R","Strike_R","Strike_R","Strike_R","Defend_R","Defend_R","Defend_R","Defend_R","Bash","Double Tap","Bloodletting","Cleave","Flash of Steel","Bludgeon+1","Searing Blow+6","Cleave","Spot Weakness","Feed","Cleave+1","Offering","Inflame","Whirlwind+1","Spot Weakness","Bludgeon+1","Heavy Blade","Parasite","Doubt","Flex+1","Offering"],"relics":["Burning Blood","Oddly Smooth Stone","Anchor","Happy Flower","PreservedInsect","Peace Pipe","Velvet Choker","FossilizedHelix","Pear","Whetstone","Pen Nib","Busted Crown","Self Forming Clay","Centennial Puzzle","Toy Ornithopter","Red Skull","Bronze Scales","Lantern"],"acts_visited":["Exordium","TheCity","TheBeyond","TheEnding"],"potions_floor_usage":[55,55],"damage_taken":[{"damage":0.0,"enemies":"Small Slimes","floor":1.0,"turns":3.0},{"damage":12.0,"enemies":"Cultist","floor":3.0,"turns":5.0},{"damage":3.0,"enemies":"Jaw Worm","floor":5.0,"turns":3.0},{"damage":24.0,"enemies":"3 Sentries","floor":6.0,"turns":6.0},{"damage":3.0,"enemies":"Looter","floor":8.0,"turns":2.0},{"damage":27.0,"enemies":"Lagavulin","floor":10.0,"turns":6.0},{"damage":9.0,"enemies":"3 Sentries","floor":13.0,"turns":4.0},{"damage":0.0,"enemies":"Blue Slaver","floor":14.0,"turns":3.0},{"damage":13.0,"enemies":"Slime Boss","floor":16.0,"turns":9.0},{"damage":15.0,"enemies":"3 Byrds","floor":18.0,"turns":4.0},{"damage":0.0,"enemies":"2 Thieves","floor":21.0,"turns":2.0},{"damage":0.0,"enemies":"Sentry and Sphere","floor":22.0,"turns":4.0},{"damage":3.0,"enemies":"Slavers","floor":24.0,"turns":1.0},{"damage":16.0,"enemies":"Centurion and Healer","floor":28.0,"turns":5.0},{"damage":0.0,"enemies":"Book of Stabbing","floor":31.0,"turns":2.0},{"damage":89.0,"enemies":"Automaton","floor":33.0,"turns":8.0},{"damage":0.0,"enemies":"Orb Walker","floor":35.0,"turns":2.0},{"damage":0.0,"enemies":"3 Darklings","floor":38.0,"turns":1.0},{"damage":16.0,"enemies":"Maw","floor":39.0,"turns":5.0},{"damage":43.0,"enemies":"Giant Head","floor":40.0,"turns":6.0},{"damage":22.0,"enemies":"Spire Growth","floor":41.0,"turns":3.0},{"damage":0.0,"enemies":"3 Darklings","floor":44.0,"turns":2.0},{"damage":14.0,"enemies":"Writhing Mass","floor":46.0,"turns":4.0},{"damage":0.0,"enemies":"Nemesis","floor":48.0,"turns":3.0},{"damage":111.0,"enemies":"Donu and Deca","floor":50.0,"turns":8.0},{"damage":41,"enemies":"Shield and Spear","floor":54,"turns":6},{"damage":111,"enemies":"The Heart","floor":55,"turns":8}],"seed_played":"-4520443793908310009","potions_obtained":[{"floor":1.0,"key":"SpeedPotion"},{"floor":6.0,"key":"Regen Potion"},{"floor":14.0,"key":"Weak Potion"},{"floor":21.0,"key":"FairyPotion"},{"floor":28.0,"key":"DuplicationPotion"},{"floor":41.0,"key":"FearPotion"},{"floor":46.0,"key":"ColorlessPotion"},{"floor":54,"key":"Block Potion"}],"is_trial":false,"path_per_floor":["M","?","M","$","M","E","R","M","T","E","?","?","E","M","R","B",null,"M","?","$","M","M","R","E","?","T","R","M","R","?","E","R","B",null,"M","?","T","M","M","E","M","R","T","M","R","M","?","E","R","B",null,"R","$","E","B",null],"character_chosen":"IRONCLAD","items_purchased":["Oddly Smooth Stone","Flash of Steel","FossilizedHelix","Pear","Bronze Scales","Offering","LiquidBronze"],"campfire_rested":0,"item_purchase_floors":[4,4,20,20,53,53,53],"current_hp_per_floor":[80,80,74,74,77,59,59,62,62,41,30,30,27,36,36,32,86,80,80,90,96,99,99,102,102,102,102,95,95,95,101,101,18,105,105,100,100,100,90,56,40,40,40,56,56,51,106,106,106,11,106,106,106,74,14],"gold":52,"neow_bonus":"ONE_RANDOM_RARE_CARD","is_daily":false,"chose_seed":false,"campfire_upgraded":9,"win_rate":0.0,"timestamp":1612826565,"path_taken":["M","?","M","$","?","E","R","M","T","E","?","?","E","M","R","BOSS","M","?","$","M","M","R","E","?","T","R","M","R","?","E","R","BOSS","M","?","?","M","M","E","?","R","T","M","R","M","?","E","R","BOSS","R","$","E","BOSS"],"items_purchased_type":["Relic","Card","Relic","Relic","Relic","Card","Potion"],"build_version":"2020-12-22","purchased_purges":1,"victory":true,"max_hp_per_floor":[80,80,80,80,80,80,80,80,80,80,80,80,80,83,83,86,86,89,89,99,99,99,99,102,102,102,102,105,105,105,105,105,105,105,105,100,100,100,100,103,103,103,103,103,103,106,106,106,106,106,106,106,106,109,109],"card_choices":[{"not_picked":["Pommel Strike","Armaments"],"picked":"Bloodletting","floor":1.0},{"not_picked":["Reckless Charge","Dark Embrace"],"picked":"Cleave","floor":3.0},{"not_picked":["Iron Wave","Second Wind"],"picked":"Bludgeon","floor":5.0},{"not_picked":["Clothesline","Corruption"],"picked":"Searing Blow","floor":6.0},{"not_picked":["Clash","Heavy Blade"],"picked":"Cleave","floor":8.0},{"not_picked":["Headbutt","Body Slam"],"picked":"Spot Weakness","floor":10.0},{"not_picked":["Uppercut","Twin Strike"],"picked":"Feed","floor":13.0},{"not_picked":["Flame Barrier","Thunderclap"],"picked":"Cleave","floor":14.0},{"not_picked":["Brutality","Corruption"],"picked":"Offering","floor":16.0},{"not_picked":["Heavy Blade","Flex"],"picked":"Inflame","floor":18.0},{"not_picked":["True Grit","Perfected Strike"],"picked":"Spot Weakness","floor":21.0},{"not_picked":["Anger+1","Body Slam+1","Armaments"],"picked":"SKIP","floor":22.0},{"not_picked":["Brutality","Body Slam","Anger"],"picked":"SKIP","floor":24.0},{"not_picked":["Perfected Strike+1","Warcry","Thunderclap"],"picked":"SKIP","floor":28.0},{"not_picked":["Second Wind","Flex","Clothesline"],"picked":"SKIP","floor":31.0},{"not_picked":["Limit Break","Offering"],"picked":"Bludgeon","floor":33.0},{"not_picked":["Body Slam"],"picked":"SKIP","floor":35.0},{"not_picked":[],"picked":"Heavy Blade","floor":38.0},{"not_picked":["Perfected Strike+1"],"picked":"SKIP","floor":39.0},{"not_picked":["Sword Boomerang+1"],"picked":"SKIP","floor":40.0},{"not_picked":["Clash+1"],"picked":"SKIP","floor":41.0},{"not_picked":["Anger"],"picked":"SKIP","floor":44.0},{"not_picked":["Anger+1"],"picked":"SKIP","floor":46.0},{"not_picked":[],"picked":"Flex+1","floor":48.0},{"not_picked":["Thunderclap"],"picked":"SKIP","floor":54}],"player_experience":16561,"relics_obtained":[{"floor":6.0,"key":"Anchor"},{"floor":9.0,"key":"Happy Flower"},{"floor":10.0,"key":"PreservedInsect"},{"floor":13.0,"key":"Peace Pipe"},{"floor":24.0,"key":"Whetstone"},{"floor":31.0,"key":"Pen Nib"},{"floor":37.0,"key":"Self Forming Clay"},{"floor":40.0,"key":"Centennial Puzzle"},{"floor":43.0,"key":"Toy Ornithopter"},{"floor":48.0,"key":"Red Skull"},{"floor":54,"key":"Lantern"}],"event_choices":[{"damage_healed":0.0,"max_hp_gain":0.0,"max_hp_loss":0.0,"gold_gain":275.0,"event_name":"Golden Shrine","player_choice":"Desecrate","floor":2.0,"gold_loss":0.0,"damage_taken":0.0,"cards_obtained":["Regret"]},{"damage_healed":0.0,"max_hp_gain":0.0,"max_hp_loss":0.0,"gold_gain":75.0,"event_name":"World of Goop","player_choice":"Gather Gold","floor":11.0,"gold_loss":0.0,"damage_taken":11.0},{"damage_healed":0.0,"max_hp_gain":0.0,"max_hp_loss":0.0,"gold_gain":175.0,"event_name":"Liars Game","player_choice":"AGREE","floor":12.0,"gold_loss":0.0,"damage_taken":0.0,"cards_obtained":["Doubt"]},{"damage_healed":0.0,"max_hp_gain":0.0,"max_hp_loss":0.0,"gold_gain":0.0,"event_name":"The Library","player_choice":"Read","floor":19.0,"gold_loss":0.0,"damage_taken":0.0,"cards_obtained":["Whirlwind"]},{"damage_healed":0.0,"max_hp_gain":0.0,"max_hp_loss":0.0,"gold_gain":0.0,"event_name":"Vampires","player_choice":"Ignored","floor":25.0,"gold_loss":0.0,"damage_taken":0.0},{"cards_removed":["Doubt"],"damage_healed":0.0,"max_hp_gain":0.0,"max_hp_loss":0.0,"gold_gain":0.0,"event_name":"Beggar","player_choice":"Gave Gold","floor":30.0,"gold_loss":75.0,"damage_taken":0.0},{"damage_healed":0.0,"max_hp_gain":0.0,"max_hp_loss":5.0,"gold_gain":0.0,"event_name":"Winding Halls","player_choice":"Max HP","floor":36.0,"gold_loss":0.0,"damage_taken":0.0},{"damage_healed":55.0,"max_hp_gain":0.0,"max_hp_loss":0.0,"gold_gain":0.0,"event_name":"MindBloom","player_choice":"Heal","floor":47.0,"gold_loss":0.0,"damage_taken":0.0,"cards_obtained":["Doubt"]}],"is_beta":false,"boss_relics":[{"not_picked":["Runic Cube","Sozu"],"picked":"Velvet Choker"},{"not_picked":["Empty Cage","Runic Pyramid"],"picked":"Busted Crown"}],"items_purged_floors":[4],"is_endless":false,"potions_floor_spawned":[1,6,14,21,28,31,38,41,46,54],"ascension_level":0}}