{"host":"phapnj0danpxvjlm","time":1612753390,"event":{"mods":["Ascension Reborn","BaseMod","Better Note","Better Third Choice","BetterRewards","Bossed Relics","Colored Powertips","Hermit","Minty Spire (QoL Compilation)","Permanent Neow","Quick Restart","Rare Cards Sparkle","Spire Arcade","StSLib","The Animator","The Necromancer","The Wild Card"],"gold_per_floor":[114,0,75,88,103,137,137,117,144,159,179,103,103,103,103,200,200,212,412,427,207,223,223,223,235,261,289,289,300,320,340,340,437,437,452,469,294,185,30,57,57,69,69,82,93,112,112,122,122,122,122],"floor_reached":50,"language":"ENG","playtime":2431,"items_purged":["Strike_G"],"score":523,"play_id":"62eb818f-6877-4100-9ffc-98c2c51f8632","local_time":"20210208040310","is_ascension_mode":true,"campfire_choices":[{"floor":7,"key":"REST"},{"data":"Noxious Fumes","floor":13,"key":"SMITH"},{"floor":15,"key":"REST"},{"data":"After Image","floor":23,"key":"SMITH"},{"floor":28,"key":"REST"},{"floor":32,"key":"REST"},{"floor":41,"key":"RECALL"},{"floor":49,"key":"REST"}],"circlet_count":0,"master_deck":["Strike_G","Strike_G","Strike_G","Strike_G","Defend_G","Defend_G","Defend_G","Defend_G","Survivor","Neutralize","Noxious Fumes+1","Enlightenment","Deadly Poison","Noxious Fumes","Flying Knee","Noxious Fumes+1","After Image+1","Bouncing Flask","Bane","Footwork+1","Backstab","Footwork","Infinite Blades+1","Noxious Fumes","Poisoned Stab+1"],"relics":["Ring of the Serpent","MealTicket","Bronze Scales","TwistedFunnel","Pantograph","Tiny House","Ninja Scroll","Oddly Smooth Stone","Blue Candle","Potion Belt","Frozen Egg 2"],"acts_visited":["Exordium","TheCity","TheBeyond"],"potions_floor_usage":[16,16,31,33,33,40,42,50],"damage_taken":[{"damage":11,"enemies":"Jaw Worm","floor":1,"turns":8},{"damage":7,"enemies":"Small Slimes","floor":4,"turns":4},{"damage":0,"enemies":"Cultist","floor":5,"turns":4},{"damage":43,"enemies":"3 Sentries","floor":6,"turns":7},{"damage":3,"enemies":"Looter","floor":10,"turns":3},{"damage":10,"enemies":"3 Louse","floor":11,"turns":3},{"damage":24,"enemies":"Slime Boss","floor":16,"turns":7},{"damage":0,"enemies":"Shell Parasite","floor":18,"turns":5},{"damage":3,"enemies":"Spheric Guardian","floor":20,"turns":4},{"damage":0,"enemies":"Cultist and Chosen","floor":22,"turns":5},{"damage":11,"enemies":"Snecko","floor":25,"turns":5},{"damage":37,"enemies":"Slavers","floor":27,"turns":5},{"damage":9,"enemies":"Snake Plant","floor":29,"turns":4},{"damage":12,"enemies":"Shelled Parasite and Fungi","floor":30,"turns":5},{"damage":0,"enemies":"Centurion and Healer","floor":31,"turns":6},{"damage":49,"enemies":"Champ","floor":33,"turns":10},{"damage":15,"enemies":"3 Darklings","floor":35,"turns":5},{"damage":14,"enemies":"Orb Walker","floor":36,"turns":5},{"damage":35,"enemies":"Giant Head","floor":40,"turns":10},{"damage":11,"enemies":"Writhing Mass","floor":42,"turns":6},{"damage":7,"enemies":"Maw","floor":44,"turns":7},{"damage":0,"enemies":"3 Darklings","floor":45,"turns":5},{"damage":4,"enemies":"Writhing Mass","floor":46,"turns":6},{"damage":22,"enemies":"4 Shapes","floor":48,"turns":5},{"damage":78,"enemies":"Time Eater","floor":50,"turns":12}],"seed_played":"2223270660220603572","potions_obtained":[{"floor":1,"key":"SpeedPotion"},{"floor":3,"key":"CultistPotion"},{"floor":8,"key":"Fruit Juice"},{"floor":10,"key":"AttackPotion"},{"floor":20,"key":"FearPotion"},{"floor":25,"key":"BlessingOfTheForge"},{"floor":40,"key":"Block Potion"},{"floor":44,"key":"CultistPotion"},{"floor":48,"key":"SmokeBomb"}],"is_trial":false,"path_per_floor":["M","?","?","M","M","E","R","?","T","M","M","$","R","?","R","B",null,"M","?","M","$","M","R","?","M","T","E","R","M","M","M","R","B",null,"M","M","$","?","$","E","R","M","T","M","M","M","T","M","R","B"],"character_chosen":"THE_SILENT","items_purchased":["Noxious Fumes","TwistedFunnel","Fruit Juice","Noxious Fumes","Oddly Smooth Stone"],"campfire_rested":5,"item_purchase_floors":[12,21,37,37,39],"current_hp_per_floor":[66,72,72,65,65,22,46,46,46,43,33,48,48,48,72,53,88,88,88,85,88,88,88,88,77,77,40,66,57,45,45,71,39,88,73,59,74,74,88,58,58,47,47,40,40,36,36,14,41,0,0],"gold":122,"neow_bonus":"TEN_PERCENT_HP_BONUS","is_daily":false,"chose_seed":false,"campfire_upgraded":2,"win_rate":0.0,"timestamp":1612753390,"path_taken":["M","?","?","M","M","E","R","?","T","?","M","$","R","?","R","BOSS","M","?","M","$","M","R","?","M","T","E","R","?","M","M","R","BOSS","M","M","$","?","$","E","R","?","T","M","M","M","?","M","R","BOSS"],"items_purchased_type":["Card","Relic","Potion","Card","Relic"],"build_version":"2020-12-22","purchased_purges":1,"victory":false,"max_hp_per_floor":[77,83,83,83,83,83,83,83,83,83,83,83,83,83,83,88,88,88,88,88,88,88,88,88,88,88,88,88,88,88,88,88,88,88,88,88,88,88,88,93,93,93,93,93,93,93,93,93,93,93,93],"card_choices":[{"not_picked":["Heel Hook","Deflect"],"picked":"Noxious Fumes","floor":1},{"not_picked":["Quick Slash","Skewer"],"picked":"Deadly Poison","floor":4},{"not_picked":["Cloak And Dagger","Dagger Throw"],"picked":"Noxious Fumes","floor":5},{"not_picked":["Wraith Form v2","Backflip","Tactician"],"picked":"SKIP","floor":6},{"not_picked":["Dagger Spray","Concentrate"],"picked":"Flying Knee","floor":10},{"not_picked":["Dagger Throw","Backflip","Dash"],"picked":"SKIP","floor":11},{"not_picked":["Tools of the Trade","Adrenaline"],"picked":"After Image","floor":16},{"not_picked":["Escape Plan","Predator"],"picked":"Bouncing Flask","floor":18},{"not_picked":["Quick Slash","Deflect"],"picked":"Bane","floor":20},{"not_picked":["Cloak And Dagger","Distraction","Flying Knee+1"],"picked":"SKIP","floor":22},{"not_picked":["Tactician","Infinite Blades","Storm of Steel"],"picked":"SKIP","floor":25},{"not_picked":["Poisoned Stab","Accuracy"],"picked":"Footwork+1","floor":27},{"not_picked":["Flying Knee","Quick Slash+1"],"picked":"Backstab","floor":29},{"not_picked":["Dodge and Roll","Outmaneuver","Endless Agony"],"picked":"SKIP","floor":30},{"not_picked":["Escape Plan","Expertise","Backflip+1"],"picked":"SKIP","floor":31},{"not_picked":["Deflect","All Out Attack"],"picked":"Footwork","floor":35},{"not_picked":["Flying Knee+1","Dagger Spray"],"picked":"Infinite Blades+1","floor":36},{"not_picked":["Adrenaline","Dagger Spray","Prepared+1"],"picked":"SKIP","floor":40},{"not_picked":["Deflect+1","Acrobatics","Bane+1"],"picked":"SKIP","floor":42},{"not_picked":["Setup","Tactician","Masterful Stab+1"],"picked":"SKIP","floor":44},{"not_picked":["Deflect","Slice+1","PiercingWail+1"],"picked":"SKIP","floor":45},{"not_picked":["Deflect+1","Wraith Form v2"],"picked":"Poisoned Stab+1","floor":46},{"not_picked":["Acrobatics+1","Blade Dance","Quick Slash+1"],"picked":"SKIP","floor":48}],"player_experience":495846,"relics_obtained":[{"floor":6,"key":"MealTicket"},{"floor":9,"key":"Bronze Scales"},{"floor":27,"key":"Pantograph"},{"floor":40,"key":"Blue Candle"},{"floor":43,"key":"Potion Belt"},{"floor":47,"key":"Frozen Egg 2"}],"event_choices":[{"damage_healed":0,"gold_gain":0,"player_choice":"RENOUNCE","damage_taken":114,"max_hp_gain":0,"max_hp_loss":0,"event_name":"betterThird:BetterSerpent","floor":2,"gold_loss":114,"cards_obtained":["Enlightenment"]},{"damage_healed":0,"gold_gain":0,"player_choice":"Bought 1 Potion","damage_taken":0,"max_hp_gain":0,"max_hp_loss":0,"event_name":"The Woman in Blue","floor":8,"gold_loss":0},{"damage_healed":0,"gold_gain":0,"player_choice":"Grow","damage_taken":0,"max_hp_gain":0,"max_hp_loss":0,"event_name":"Living Wall","floor":14,"gold_loss":0,"cards_upgraded":["Noxious Fumes"]},{"damage_healed":0,"gold_gain":200,"player_choice":"Gold","damage_taken":0,"max_hp_gain":0,"max_hp_loss":0,"event_name":"Wheel of Change","floor":19,"gold_loss":0},{"cards_removed":["Defend_G"],"damage_healed":0,"gold_gain":0,"player_choice":"Purged","damage_taken":0,"max_hp_gain":0,"max_hp_loss":0,"event_name":"Purifier","floor":24,"gold_loss":0},{"damage_healed":0,"gold_gain":0,"player_choice":"Paid Gold","damage_taken":0,"relics_obtained":["Ninja Scroll"],"max_hp_gain":0,"max_hp_loss":0,"event_name":"WeMeetAgain","floor":38,"gold_loss":109}],"is_beta":false,"boss_relics":[{"not_picked":["Pandora\u0027s Box","Runic Pyramid"],"picked":"Ring of the Serpent"},{"not_picked":["Fusion Hammer","Coffee Dripper"],"picked":"Tiny House"}],"items_purged_floors":[21],"is_endless":false,"potions_floor_spawned":[1,10,11,20,25,27,30,40,44,48],"killed_by":"Time Eater","ascension_level":-1}}