{"host":"y5gwkyp54bvo4ymw","time":1612756426,"event":{"mods":["Aspiration","BaseMod","Better Synergies","Better Third Choice","BetterRewards","Challenge The Spire","Clawfect","Colored Map","Conspire","DeckTracker","Dota2Spire","Energized Spire","GifTheSpireLib","Gold Saver","Halation","Hermit","Hubris","Infinite Spire","Jedi Mod","Minty Spire (QoL Compilation)","Permanent Neow","Rare Cards Sparkle","Reliquary","Replay The Spire","Spikes Relics","StSLib","Stuff the Spire","The Blue Laboratory","The Cursed","Virulent Crown","Wandering Minibosses"],"gold_per_floor":[212,230,230,250,26,55,102,128,128,128,140,140,140,157,157,157,157],"floor_reached":16,"language":"ENG","playtime":921,"items_purged":[],"score":118,"play_id":"25f52dcb-26f1-4962-a13a-8c71139ae302","local_time":"20210207225346","is_ascension_mode":true,"campfire_choices":[{"data":"hermit:Combo","floor":10,"key":"SMITH"},{"floor":15,"key":"REST"}],"circlet_count":0,"master_deck":["hermit:Strike_Hermit","hermit:Strike_Hermit","hermit:Strike_Hermit","hermit:Strike_Hermit","hermit:Defend_Hermit","hermit:Defend_Hermit","hermit:Defend_Hermit","hermit:Defend_Hermit","hermit:Snapshot","hermit:Covet","hermit:TrackingShot","hermit:Enervate","hermit:Enervate","hermit:Combo+1","hermit:Roughhouse","hermit:HighNoon","hermit:Maintenance"],"relics":["hermit:Momento","halation:EternalFortune","Tiny Chest","Kunai","StrikeDummy","jedi:firstaidkit","conspire:DeflatedDodgeball"],"acts_visited":["Exordium"],"potions_floor_usage":[14],"damage_taken":[{"damage":2,"enemies":"conspire:RoseBush","floor":1,"turns":3},{"damage":1,"enemies":"Jaw Worm","floor":2,"turns":3},{"damage":0,"enemies":"2 Louse","floor":4,"turns":2},{"damage":16,"enemies":"Lagavulin","floor":6,"turns":6},{"damage":18,"enemies":"2 Fungi Beasts","floor":7,"turns":7},{"damage":18,"enemies":"Replay:BlueRogue","floor":8,"turns":4},{"damage":5,"enemies":"Looter","floor":11,"turns":3},{"damage":12,"enemies":"Blue Slaver","floor":14,"turns":2},{"damage":25,"enemies":"Fading Forest","floor":16,"turns":9}],"seed_played":"-1235435599694005421","potions_obtained":[{"floor":1,"key":"LiquidBronze"},{"floor":8,"key":"blueLaboratory:CorrosionFlask"},{"floor":11,"key":"Explosive Potion"}],"is_trial":false,"path_per_floor":["M","M","?","M","$","E","M","E","T","R","M","T","?","M","R","B"],"character_chosen":"HERMIT","items_purchased":["hermit:Combo","Tiny Chest"],"campfire_rested":1,"item_purchase_floors":[5,5],"current_hp_per_floor":[73,72,75,75,75,59,41,23,23,23,20,20,20,8,31,25,25],"gold":157,"neow_bonus":"HUNDRED_GOLD","is_daily":false,"chose_seed":false,"campfire_upgraded":1,"win_rate":0.0,"timestamp":1612756426,"path_taken":["M","M","?","M","$","E","M","E","T","R","M","?","?","?","R","BOSS"],"items_purchased_type":["Card","Relic"],"build_version":"2020-12-22","purchased_purges":0,"victory":false,"max_hp_per_floor":[75,75,78,78,78,78,78,78,78,78,78,78,78,78,78,78,78],"card_choices":[{"not_picked":["hermit:HighCaliber","hermit:Malice"],"picked":"hermit:TrackingShot","floor":1},{"not_picked":["hermit:Roulette","hermit:WideOpen"],"picked":"hermit:Enervate","floor":2},{"not_picked":["hermit:Coalescence","hermit:WideOpen"],"picked":"hermit:Enervate","floor":4},{"not_picked":["hermit:Showdown","hermit:HighCaliber","hermit:Desperado"],"picked":"SKIP","floor":6},{"not_picked":["hermit:FullyLoaded","hermit:BodyArmor"],"picked":"hermit:Roughhouse","floor":7},{"not_picked":["hermit:Manifest","hermit:BodyArmor"],"picked":"hermit:HighNoon","floor":8},{"not_picked":["hermit:Coalescence","hermit:Glare"],"picked":"hermit:Maintenance","floor":11},{"not_picked":["hermit:WideOpen","hermit:TakeCover","hermit:Headshot"],"picked":"SKIP","floor":14}],"player_experience":573607,"relics_obtained":[{"floor":6,"key":"Kunai"},{"floor":8,"key":"StrikeDummy"},{"floor":9,"key":"jedi:firstaidkit"},{"floor":12,"key":"conspire:DeflatedDodgeball"}],"event_choices":[{"damage_healed":0,"gold_gain":0,"player_choice":"Leave","damage_taken":0,"max_hp_gain":0,"max_hp_loss":0,"event_name":"conspire:Investor","floor":13,"gold_loss":0}],"is_beta":false,"boss_relics":[],"items_purged_floors":[],"is_endless":false,"potions_floor_spawned":[1,8,11],"killed_by":"Fading Forest","ascension_level":1}}