{"host":"1y3caoxlf2txzqg0","time":1612802002,"event":{"mods":["Alarm Clock","BaseMod","Colored Map","DeckTracker","Downfall","GifTheSpireLib","Minty Spire (QoL Compilation)","Rare Cards Sparkle","Relic Stats","Spire Birthday Party","StSLib"],"gold_per_floor":[99,112,132,15,30,47,47,76,76,34,65,65,92,192,208,312,312,212,212,230,241,257,291,365,392,292,319,319,7,40,40,51,152,152,52,68,115,166,29,64,64,84,99,130,142,192,217,267,281,281,281,281,281,281],"floor_reached":52,"language":"DEU","playtime":10972,"items_purged":[],"score":1027,"play_id":"700c835c-117e-4e28-9c59-e934e98c5802","local_time":"20210208173322","is_ascension_mode":true,"campfire_choices":[{"floor":1.0,"key":"RECALL"},{"floor":12.0,"key":"REST"},{"data":"Slimebound:MassRepurpose","floor":18.0,"key":"SMITH"},{"floor":26,"key":"REST"},{"data":"Slimebound:Split","floor":35,"key":"SMITH"}],"circlet_count":0,"master_deck":["Slimebound:Strike_Slimebound","Slimebound:Strike_Slimebound","Slimebound:Strike_Slimebound","Slimebound:Tackle","Slimebound:Defend_Slimebound","Slimebound:Defend_Slimebound","Slimebound:Split+1","Slimebound:CorrosiveSpit","Slimebound:RollThrough","Slimebound:Schlurp","Slimebound:GoopSpray","Slimebound:Prepare","Slimebound:SplitLeeching","Slimebound:DisruptingSlam","Slimebound:GoopTackle","Slimebound:TagTeam","Slimebound:SlimeBarrage","Slimebound:SplitMire","Slimebound:SplitLeeching","Slimebound:GoopSpray","Slimebound:Equalize","Slimebound:Recollect","Slimebound:MassRepurpose+1","CurseOfTheBell","Slimebound:LivingWall","Slimebound:MegaLick","Slimebound:SplitSpecialist+1","Slimebound:RainOfGoop","Slimebound:LeadByExample","Slimebound:Equalize+1","Slimebound:GrowthPunch+1","Slimebound:MassRepurpose","Slimebound:LeechEnergy+1","Slimebound:LeechLife","Slimebound:SplitMire","Slimebound:LeechingTouch","Slimebound:SplitBruiser","Slimebound:Overexert","Slimebound:ProtectTheBoss","Slimebound:LeechLife","Slimebound:SplitSpecialist","Slimebound:OozeBath","Slimebound:SplitMire","Slimebound:RollThrough+1","downfall:Haunted","Slimebound:SplitAcid","Slimebound:SplitLeeching+1","expansioncontent:AwakenDeath","Slimebound:GoopTackle","Slimebound:LevelUp","Doubt","Slimebound:SamplingLick+1","expansioncontent:QuickStudy","Slimebound:SelfFormingGoo","Slimebound:ServeAndProtect+1","Slimebound:ProtectTheBoss","Slimebound:MegaLick","Slimebound:SplitMire+1","Slimebound:RejuvenatingLick","Slimebound:SplitBruiser+1","Slimebound:HungryTackle","Doubt","Slimebound:SamplingLick+1"],"relics":["Slimebound:AbsorbEndCombat","Dream Catcher","Pantograph","StrikeDummy","Juzu Bracelet","Letter Opener","Thread and Needle","Calling Bell","Boot","Question Card","Prayer Wheel","downfall:HeartBlessingRed","Torii","Nunchaku","downfall:HeartBlessingBlue","Anchor","Strawberry","Orichalcum","Cursed Key","downfall:HeartBlessingGreen","Whetstone","Gambling Chip","Meat on the Bone","Shuriken","Calipers","FossilizedHelix","Lantern","Ancient Tea Set"],"acts_visited":["Exordium","TheCity","TheBeyond","TheEnding"],"potions_floor_usage":[25,44,50,52,52],"damage_taken":[{"damage":2.0,"enemies":"2 Louse","floor":2.0,"turns":2.0},{"damage":3.0,"enemies":"Small Slimes","floor":3.0,"turns":3.0},{"damage":10.0,"enemies":"downfall:FleeingMerchant","floor":4.0,"turns":4.0},{"damage":1.0,"enemies":"Jaw Worm","floor":5.0,"turns":3.0},{"damage":1.0,"enemies":"Blue Slaver","floor":6.0,"turns":4.0},{"damage":32.0,"enemies":"Gremlin Nob","floor":8.0,"turns":5.0},{"damage":2.0,"enemies":"downfall:FleeingMerchant","floor":10.0,"turns":4.0},{"damage":16.0,"enemies":"Lagavulin","floor":11.0,"turns":5.0},{"damage":12.0,"enemies":"3 Sentries","floor":13.0,"turns":4.0},{"damage":1.0,"enemies":"3 Louse","floor":15.0,"turns":3.0},{"damage":23.0,"enemies":"DF_ARCHETYPE_STREAMLINE","floor":16.0,"turns":9.0},{"damage":18.0,"enemies":"3 Byrds","floor":20.0,"turns":4.0},{"damage":0.0,"enemies":"Spheric Guardian","floor":21.0,"turns":3.0},{"damage":14.0,"enemies":"Chosen and Byrds","floor":22.0,"turns":4.0},{"damage":83.0,"enemies":"Gremlin Leader","floor":23.0,"turns":10.0},{"damage":8,"enemies":"Slavers","floor":25,"turns":5},{"damage":42,"enemies":"Book of Stabbing","floor":27,"turns":6},{"damage":2,"enemies":"downfall:FleeingMerchant","floor":29,"turns":4},{"damage":16,"enemies":"Slavers","floor":30,"turns":5},{"damage":1,"enemies":"Snecko","floor":32,"turns":4},{"damage":60,"enemies":"WA_ARCHETYPE_CALM","floor":33,"turns":10},{"damage":1,"enemies":"3 Shapes","floor":36,"turns":4},{"damage":28,"enemies":"2 Orb Walkers","floor":38,"turns":4},{"damage":0,"enemies":"downfall:FleeingMerchant","floor":39,"turns":4},{"damage":76,"enemies":"Giant Head","floor":40,"turns":9},{"damage":0,"enemies":"downfall:FleeingMerchant","floor":42,"turns":1},{"damage":7,"enemies":"3 Darklings","floor":43,"turns":5},{"damage":23,"enemies":"Nemesis","floor":44,"turns":6},{"damage":17,"enemies":"Spire Growth","floor":45,"turns":3},{"damage":0,"enemies":"Spire Growth","floor":46,"turns":5},{"damage":0,"enemies":"Giant Head","floor":47,"turns":8},{"damage":0,"enemies":"Maw","floor":49,"turns":6},{"damage":149,"enemies":"IC_BLOCK_ARCHETYPE","floor":50,"turns":14},{"damage":164,"enemies":"downfall:CharBossMerchant","floor":52,"turns":9}],"seed_played":"-161472067315251631","potions_obtained":[{"floor":2.0,"key":"LiquidBronze"},{"floor":11.0,"key":"FearPotion"},{"floor":13.0,"key":"PowerPotion"},{"floor":15.0,"key":"FairyPotion"},{"floor":20.0,"key":"DistilledChaos"},{"floor":23.0,"key":"Slimebound:ThreeZeroPotion"},{"floor":32,"key":"champ:CounterPotion"},{"floor":40,"key":"Energy Potion"},{"floor":43,"key":"Block Potion"},{"floor":44,"key":"SpeedPotion"}],"is_trial":false,"path_per_floor":["R","M","M","$","M","M","T","E","?","$","E","R","E","?","M","B",null,"R","?","M","M","M","E","T","E","R","E","?","$","E","?","M","B",null,"R","M","?","?","$","E","T","$","M","E","M","?","E","T","M","B",null,"E"],"character_chosen":"SLIMEBOUND","items_purchased":["Slimebound:Prepare","Slimebound:SplitLeeching","Slimebound:SplitMire","Strawberry","Slimebound:Overexert","expansioncontent:AwakenDeath","Slimebound:GoopTackle","expansioncontent:QuickStudy","Slimebound:SelfFormingGoo"],"campfire_rested":2,"item_purchase_floors":[4,4,10,29,29,39,39,42,42],"current_hp_per_floor":[65,65,64,59,64,64,64,37,25,31,21,40,36,36,41,54,65,65,54,44,58,48,11,11,19,53,35,35,56,70,70,83,53,87,87,86,86,64,80,18,18,38,65,52,55,87,87,87,87,32,87,0,0,0],"gold":281,"neow_bonus":"RANDOM_COMMON_RELIC","is_daily":false,"chose_seed":false,"campfire_upgraded":2,"win_rate":0.0,"timestamp":1612802002,"path_taken":["R","M","M","$","M","M","T","E","?","$","E","R","E","?","M","BOSS","R","?","M","M","M","E","T","E","R","E","?","$","E","?","M","BOSS","R","M","?","?","$","E","T","$","M","E","M","?","E","?","M","BOSS","E"],"items_purchased_type":["Card","Card","Card","Relic","Card","Card","Card","Card","Card"],"build_version":"2020-12-22","purchased_purges":0,"victory":false,"max_hp_per_floor":[65,65,65,65,65,65,65,65,65,65,65,65,65,65,65,65,65,65,70,70,70,70,70,70,70,80,80,80,87,87,87,87,87,87,87,87,87,87,87,87,87,87,87,87,87,87,87,87,87,87,87,87,87,87],"relic_stats":{"Torii":31,"counters":[34,175],"Juzu Bracelet":0,"Letter Opener":[282],"Whetstone":["Slimebound:GrowthPunch","Slimebound:Equalize"],"Orichalcum":[84],"Boot":[25],"Question Card":30,"Cursed Key":3,"Dream Catcher":2,"Nunchaku":[15],"Shuriken":[8],"Pantograph":53,"Gambling Chip":[24],"Prayer Wheel":8,"obtain_stats":[{"Lantern":47,"Calipers":44,"Torii":23,"downfall:HeartBlessingGreen":35,"Juzu Bracelet":9,"Whetstone":37,"Boot":17,"Cursed Key":34,"Ancient Tea Set":48,"Dream Catcher":0,"Nunchaku":25,"downfall:HeartBlessingBlue":26,"Pantograph":7,"Strawberry":29,"Gambling Chip":38,"Prayer Wheel":17,"downfall:HeartBlessingRed":18,"Thread and Needle":13,"Letter Opener":11,"Orichalcum":30,"Question Card":17,"Calling Bell":17,"Anchor":27,"Shuriken":41,"Slimebound:AbsorbEndCombat":0,"StrikeDummy":8,"FossilizedHelix":46,"Meat on the Bone":40},{"Lantern":31,"Calipers":28,"Torii":15,"downfall:HeartBlessingGreen":21,"Juzu Bracelet":6,"Whetstone":22,"Boot":11,"Cursed Key":21,"Ancient Tea Set":31,"Dream Catcher":0,"Nunchaku":16,"downfall:HeartBlessingBlue":16,"Pantograph":5,"Strawberry":18,"Gambling Chip":23,"Prayer Wheel":11,"downfall:HeartBlessingRed":11,"Thread and Needle":9,"Letter Opener":8,"Orichalcum":19,"Question Card":11,"Calling Bell":11,"Anchor":17,"Shuriken":25,"Slimebound:AbsorbEndCombat":0,"StrikeDummy":6,"FossilizedHelix":30,"Meat on the Bone":25},{"Lantern":147,"Calipers":131,"Torii":66,"downfall:HeartBlessingGreen":100,"Juzu Bracelet":20,"Whetstone":104,"Boot":45,"Cursed Key":100,"Ancient Tea Set":147,"Dream Catcher":0,"Nunchaku":71,"downfall:HeartBlessingBlue":71,"Pantograph":16,"Strawberry":81,"Gambling Chip":107,"Prayer Wheel":45,"downfall:HeartBlessingRed":45,"Thread and Needle":33,"Letter Opener":29,"Orichalcum":86,"Question Card":45,"Calling Bell":45,"Anchor":77,"Shuriken":120,"Slimebound:AbsorbEndCombat":0,"StrikeDummy":20,"FossilizedHelix":139,"Meat on the Bone":120}],"Meat on the Bone":24},"card_choices":[{"not_picked":["Slimebound:FlameTackle","Slimebound:SplitLeeching"],"picked":"Slimebound:RollThrough","floor":2.0},{"not_picked":["Slimebound:ComboTackle","Slimebound:Recollect"],"picked":"Slimebound:Schlurp","floor":3.0},{"not_picked":["Slimebound:SlimeBarrage","Slimebound:LeechEnergy"],"picked":"Slimebound:GoopSpray","floor":4.0},{"not_picked":["Slimebound:FlameTackle","Slimebound:SamplingLick"],"picked":"Slimebound:DisruptingSlam","floor":5.0},{"not_picked":["Slimebound:Grow","Slimebound:Darklings"],"picked":"Slimebound:GoopTackle","floor":6.0},{"not_picked":["Slimebound:DisruptingSlam","Slimebound:GoopSpray"],"picked":"Slimebound:TagTeam","floor":8.0},{"not_picked":["Slimebound:ItLooksTasty","Slimebound:Prepare"],"picked":"Slimebound:SlimeBarrage","floor":10.0},{"not_picked":["Slimebound:PressTheAttack","Slimebound:Chomp"],"picked":"Slimebound:SplitLeeching","floor":11.0},{"not_picked":["Slimebound:LeechingTouch","Slimebound:DisruptingSlam"],"picked":"Slimebound:GoopSpray","floor":12.0},{"not_picked":["Slimebound:SplitMire","Slimebound:ComboTackle"],"picked":"Slimebound:Equalize","floor":13.0},{"not_picked":["Slimebound:BestDefense","Slimebound:GoopSpray"],"picked":"Slimebound:Recollect","floor":15.0},{"not_picked":["Slimebound:LeechLife","Slimebound:SelfFormingGoo"],"picked":"Slimebound:MassRepurpose","floor":16.0},{"not_picked":["Slimebound:ComboTackle","Slimebound:GoopTackle+1","Slimebound:SplitLeeching"],"picked":"Slimebound:LivingWall","floor":20.0},{"not_picked":["Slimebound:GoopSpray","Slimebound:PressTheAttack","Slimebound:ServeAndProtect"],"picked":"Slimebound:MegaLick","floor":20.0},{"not_picked":["Slimebound:LivingWall","Slimebound:LeechingTouch","Slimebound:DuplicatedForm"],"picked":"Slimebound:SplitSpecialist+1","floor":21.0},{"not_picked":["Slimebound:PressTheAttack","Slimebound:ForwardTackle+1","Slimebound:FormOfPuddle+1"],"picked":"Slimebound:RainOfGoop","floor":21.0},{"not_picked":["Slimebound:PressTheAttack+1","Slimebound:LeechEnergy","Slimebound:MegaLick"],"picked":"Slimebound:LeadByExample","floor":22.0},{"not_picked":["Slimebound:RollThrough","Slimebound:PressTheAttack","Slimebound:GoopSpray"],"picked":"Slimebound:Equalize","floor":22.0},{"not_picked":["Slimebound:RainOfGoop+1","Slimebound:Recollect","Slimebound:LeadByExample"],"picked":"Slimebound:GrowthPunch","floor":23.0},{"not_picked":["Slimebound:LeechingTouch","Slimebound:DivideAndConquer","Slimebound:Chomp"],"picked":"Slimebound:MassRepurpose","floor":25},{"not_picked":["Slimebound:PressTheAttack","Slimebound:GoopSpray","Slimebound:Equalize"],"picked":"Slimebound:LeechEnergy+1","floor":26},{"not_picked":["Slimebound:LeechEnergy","Slimebound:DivideAndConquer","Slimebound:ViciousTackle"],"picked":"Slimebound:LeechLife","floor":27},{"not_picked":["Slimebound:ItLooksTasty+1","Slimebound:LeechEnergy","Slimebound:FinishingTackle"],"picked":"Slimebound:SplitBruiser","floor":29},{"not_picked":["Slimebound:ViciousTackle","Slimebound:SplitLeeching","Slimebound:LivingWall"],"picked":"Slimebound:ProtectTheBoss","floor":30},{"not_picked":["Slimebound:PressTheAttack","Slimebound:LivingWall","Slimebound:ComboTackle+1"],"picked":"Slimebound:LeechLife","floor":32},{"not_picked":["Slimebound:ServeAndProtect+1","Slimebound:SlimeBarrage+1","Slimebound:GoopSpray"],"picked":"Slimebound:SplitSpecialist","floor":32},{"not_picked":["Slimebound:MassFeed","Slimebound:SlimeSlap","Slimebound:Darklings"],"picked":"Slimebound:OozeBath","floor":33},{"not_picked":["Slimebound:AcidTongue","Slimebound:GoopSpray+1","Slimebound:ItLooksTasty+1"],"picked":"Slimebound:SplitMire","floor":36},{"not_picked":["Slimebound:ServeAndProtect+1","Slimebound:Grow","Slimebound:PressTheAttack"],"picked":"Slimebound:RollThrough+1","floor":36},{"not_picked":["Slimebound:PressTheAttack+1","Slimebound:DisruptingSlam+1","Slimebound:LeechEnergy"],"picked":"Slimebound:SplitAcid","floor":38},{"not_picked":["Slimebound:LeechingTouch","Slimebound:SplitAcid+1","Slimebound:MassRepurpose"],"picked":"Slimebound:SplitLeeching+1","floor":39},{"not_picked":["Slimebound:SplitBruiser","Slimebound:RejuvenatingLick","Slimebound:LivingWall"],"picked":"Slimebound:LevelUp","floor":40},{"not_picked":["Slimebound:Schlurp","Slimebound:Prepare","Slimebound:RainOfGoop"],"picked":"Slimebound:SamplingLick+1","floor":42},{"not_picked":["Slimebound:MegaLick","Slimebound:ItLooksTasty+1","Slimebound:LivingWall+1"],"picked":"Slimebound:ServeAndProtect+1","floor":43},{"not_picked":["Slimebound:LeechEnergy","Slimebound:Replication","Slimebound:FinishingTackle+1"],"picked":"Slimebound:ProtectTheBoss","floor":43},{"not_picked":["Slimebound:RainOfGoop","Slimebound:AcidTongue","Slimebound:WasteNot"],"picked":"Slimebound:MegaLick","floor":44},{"not_picked":["Slimebound:FinishingTackle+1","Slimebound:ViciousTackle+1","Slimebound:Chomp"],"picked":"Slimebound:SplitMire+1","floor":45},{"not_picked":["Slimebound:AcidTongue","Slimebound:GrowthPunch","Slimebound:Chomp"],"picked":"Slimebound:RejuvenatingLick","floor":45},{"not_picked":["Slimebound:ServeAndProtect+1","Slimebound:Equalize+1","Slimebound:Prepare"],"picked":"Slimebound:SplitBruiser+1","floor":46},{"not_picked":["Slimebound:GoopSpray","Slimebound:Recollect+1","Slimebound:ProtectTheBoss"],"picked":"Slimebound:HungryTackle","floor":47},{"not_picked":["Slimebound:LeechingTouch","Slimebound:Equalize+1","Slimebound:DisruptingSlam"],"picked":"Slimebound:SamplingLick+1","floor":49},{"not_picked":["Slimebound:Replication+1","Slimebound:GoopSpray","Slimebound:SplitAcid+1","Slimebound:SplitLeeching"],"picked":"SKIP","floor":49}],"player_experience":941901,"relics_obtained":[{"floor":7.0,"key":"Pantograph"},{"floor":8.0,"key":"StrikeDummy"},{"floor":11.0,"key":"Letter Opener"},{"floor":13.0,"key":"Thread and Needle"},{"floor":17.0,"key":"Boot"},{"floor":17.0,"key":"Question Card"},{"floor":17.0,"key":"Prayer Wheel"},{"floor":23.0,"key":"Torii"},{"floor":25,"key":"Nunchaku"},{"floor":27,"key":"Anchor"},{"floor":30,"key":"Orichalcum"},{"floor":37,"key":"Whetstone"},{"floor":38,"key":"Gambling Chip"},{"floor":40,"key":"Meat on the Bone"},{"floor":41,"key":"Shuriken"},{"floor":44,"key":"Calipers"},{"floor":46,"key":"FossilizedHelix"},{"floor":47,"key":"Lantern"},{"floor":48,"key":"Ancient Tea Set"}],"event_choices":[{"damage_healed":0.0,"max_hp_gain":0.0,"max_hp_loss":0.0,"gold_gain":0.0,"event_name":"Scrap Ooze","player_choice":"Success","floor":9.0,"gold_loss":0.0,"damage_taken":12.0,"relics_obtained":["Juzu Bracelet"]},{"damage_healed":0,"gold_gain":0,"cards_transformed":["Slimebound:Defend_Slimebound","Slimebound:Defend_Slimebound"],"player_choice":"Became Test Subject","damage_taken":0,"max_hp_gain":0,"max_hp_loss":0,"event_name":"Drug Dealer","floor":28,"gold_loss":0,"cards_obtained":["Slimebound:SplitMire","Slimebound:LeechingTouch"]},{"damage_healed":0,"gold_gain":0,"player_choice":"Ignored","damage_taken":0,"max_hp_gain":0,"max_hp_loss":0,"event_name":"Ghosts","floor":31,"gold_loss":0},{"damage_healed":0,"gold_gain":0,"player_choice":"Fight","damage_taken":0,"max_hp_gain":0,"max_hp_loss":0,"event_name":"Mysterious Sphere","floor":38,"gold_loss":0}],"is_beta":false,"boss_relics":[{"not_picked":["Velvet Choker","SacredBark"],"picked":"Calling Bell"},{"not_picked":["SlaversCollar","Coffee Dripper"],"picked":"Cursed Key"}],"items_purged_floors":[],"is_endless":false,"potions_floor_spawned":[2,11,13,15,20,23,32,40,43,44,49],"killed_by":"downfall:CharBossMerchant","ascension_level":1}}