{"host":"aelxjre69umlx7r4","time":1612760236,"event":{"mods":["AchievementEnabler","BaseMod","DeckTracker","Highlight Path","Keyboard Shortcuts","Minty Spire (QoL Compilation)","Permanent Neow","SuperFastMode"],"gold_per_floor":[116,127,137,137,137,178,178,194,219,235,235,254,288,303,303,433,433,457,231,330,5,5,5,39,59,84,136,150,150,150,174,174,293,293,312,66,87,27,50,50,71,71,94,435,435,468,468,506,506,506],"floor_reached":51,"language":"KOR","playtime":3971,"items_purged":["Strike_B"],"score":815,"play_id":"11348317-46dd-4a6f-b3c4-c796ce44b3e9","local_time":"20210208135716","is_ascension_mode":false,"campfire_choices":[{"data":"Seek","floor":7.0,"key":"SMITH"},{"data":"Recycle","floor":11.0,"key":"SMITH"},{"floor":15.0,"key":"REST"},{"data":"Scrape","floor":23.0,"key":"SMITH"},{"data":"Buffer","floor":29.0,"key":"SMITH"},{"floor":32.0,"key":"REST"},{"data":"Panache","floor":40.0,"key":"SMITH"},{"data":"Hologram","floor":42.0,"key":"SMITH"},{"data":"Beam Cell","floor":45.0,"key":"SMITH"},{"data":"Echo Form","floor":47.0,"key":"SMITH"},{"data":"Dualcast","floor":49.0,"key":"SMITH"}],"circlet_count":0,"master_deck":["Strike_B","Defend_B","Defend_B","Defend_B","Defend_B","Zap","Dualcast+1","Seek+1","Go for the Eyes","Rebound","Core Surge","Gash","Skim","Recycle+1","Hologram+1","FTL","Gash","Buffer+1","Auto Shields+1","Scrape+1","Echo Form+1","Swift Strike","BootSequence","Beam Cell+1","All For One","Gash","Panache+1","Gash+1","Gash+1","Gash+1"],"relics":["Cracked Core","Golden Idol","Bronze Scales","Nunchaku","Anchor","Frozen Eye","Lizard Tail","Orichalcum","DataDisk","Black Star","Strawberry","MealTicket","Old Coin","Bottled Lightning","Frozen Egg 2","Blood Vial","Symbiotic Virus"],"acts_visited":["Exordium","TheCity","TheBeyond","TheBeyond"],"potions_floor_usage":[50,50],"damage_taken":[{"damage":0.0,"enemies":"2 Louse","floor":1.0,"turns":2.0},{"damage":3.0,"enemies":"Jaw Worm","floor":2.0,"turns":3.0},{"damage":0.0,"enemies":"Small Slimes","floor":3.0,"turns":2.0},{"damage":34.0,"enemies":"3 Sentries","floor":6.0,"turns":7.0},{"damage":2.0,"enemies":"Blue Slaver","floor":8.0,"turns":2.0},{"damage":2.0,"enemies":"Large Slime","floor":10.0,"turns":4.0},{"damage":0.0,"enemies":"Gremlin Gang","floor":12.0,"turns":2.0},{"damage":18.0,"enemies":"Lagavulin","floor":13.0,"turns":5.0},{"damage":0.0,"enemies":"Blue Slaver","floor":14.0,"turns":2.0},{"damage":25.0,"enemies":"Slime Boss","floor":16.0,"turns":7.0},{"damage":5.0,"enemies":"3 Byrds","floor":18.0,"turns":2.0},{"damage":60.0,"enemies":"Slavers","floor":24.0,"turns":5.0},{"damage":9.0,"enemies":"2 Thieves","floor":25.0,"turns":4.0},{"damage":20.0,"enemies":"Cultist and Chosen","floor":28.0,"turns":7.0},{"damage":12.0,"enemies":"Colosseum Slavers","floor":30.0,"turns":3.0},{"damage":0.0,"enemies":"Centurion and Healer","floor":31.0,"turns":6.0},{"damage":4.0,"enemies":"Champ","floor":33.0,"turns":8.0},{"damage":0.0,"enemies":"3 Darklings","floor":35.0,"turns":5.0},{"damage":0.0,"enemies":"Orb Walker","floor":37.0,"turns":3.0},{"damage":1.0,"enemies":"Transient","floor":39.0,"turns":5.0},{"damage":10.0,"enemies":"Sphere and 2 Shapes","floor":41.0,"turns":4.0},{"damage":0.0,"enemies":"Giant Head","floor":44.0,"turns":6.0},{"damage":0.0,"enemies":"Nemesis","floor":46.0,"turns":5.0},{"damage":17.0,"enemies":"Reptomancer","floor":48.0,"turns":3.0},{"damage":45,"enemies":"Donu and Deca","floor":50,"turns":6}],"seed_played":"961283391921037816","potions_obtained":[{"floor":2.0,"key":"Ancient Potion"},{"floor":6.0,"key":"DuplicationPotion"},{"floor":8.0,"key":"PowerPotion"},{"floor":10.0,"key":"Explosive Potion"},{"floor":12.0,"key":"Regen Potion"},{"floor":14.0,"key":"Energy Potion"},{"floor":24.0,"key":"Strength Potion"},{"floor":35.0,"key":"Block Potion"},{"floor":37.0,"key":"EssenceOfSteel"},{"floor":44.0,"key":"EssenceOfSteel"}],"is_trial":false,"path_per_floor":["M","M","M","?","?","E","R","M","T","M","R","M","E","M","R","B",null,"M","$","?","$","?","R","E","M","T","T","M","R","?","M","R","B",null,"M","$","M","?","M","R","M","R","T","E","R","E","R","E","R","B",null],"character_chosen":"DEFECT","items_purchased":["Frozen Eye","Scrape","Echo Form","Swift Strike","Gash","Panache"],"campfire_rested":2,"item_purchase_floors":[19,21,21,21,36,36],"current_hp_per_floor":[75,72,72,54,59,25,25,23,23,21,21,21,17,17,41,16,80,75,75,75,75,75,75,15,6,6,6,28,28,16,16,40,36,80,80,80,80,80,79,79,69,69,76,76,76,76,76,59,59,16],"gold":506,"neow_bonus":"TRANSFORM_CARD","is_daily":false,"chose_seed":false,"campfire_upgraded":9,"win_rate":0.0,"timestamp":1612760236,"path_taken":["M","M","M","?","?","E","R","M","T","?","R","M","E","M","R","BOSS","M","$","?","$","?","R","E","M","T","?","M","R","?","?","R","BOSS","M","$","M","?","M","R","?","R","T","E","R","E","R","E","R","BOSS"],"items_purchased_type":["Relic","Card","Card","Card","Card","Card"],"build_version":"2020-12-22","purchased_purges":1,"victory":true,"max_hp_per_floor":[75,75,75,75,80,80,80,80,80,80,80,80,80,80,80,80,80,80,80,80,80,80,80,80,80,80,80,80,80,80,80,80,80,80,80,80,80,80,80,80,80,80,87,87,87,87,87,87,87,87],"card_choices":[{"not_picked":["Compile Driver","Force Field"],"picked":"Go for the Eyes","floor":1.0},{"not_picked":["Steam","Cold Snap"],"picked":"Rebound","floor":2.0},{"not_picked":["Streamline","Leap"],"picked":"Core Surge","floor":3.0},{"not_picked":["Auto Shields","Go for the Eyes"],"picked":"Gash","floor":6.0},{"not_picked":["Coolheaded","Reinforced Body"],"picked":"Skim","floor":8.0},{"not_picked":["Skim","Defragment"],"picked":"Recycle","floor":10.0},{"not_picked":["Rip and Tear","Coolheaded"],"picked":"Hologram","floor":12.0},{"not_picked":["Ball Lightning","Machine Learning"],"picked":"FTL","floor":13.0},{"not_picked":["Compile Driver","Self Repair"],"picked":"Gash","floor":14.0},{"not_picked":["Creative AI","Machine Learning"],"picked":"Buffer","floor":16.0},{"not_picked":["BootSequence","Steam"],"picked":"Auto Shields+1","floor":18.0},{"not_picked":["Conserve Battery","Sweeping Beam+1"],"picked":"BootSequence","floor":24.0},{"not_picked":["Coolheaded","Redo+1","Sweeping Beam+1"],"picked":"SKIP","floor":25.0},{"not_picked":["Redo","Gash"],"picked":"Beam Cell","floor":28.0},{"not_picked":["Cold Snap","Barrage+1","Coolheaded"],"picked":"SKIP","floor":31.0},{"not_picked":["Hyperbeam","Biased Cognition"],"picked":"All For One","floor":33.0},{"not_picked":["Hello World","Consume+1","White Noise+1"],"picked":"SKIP","floor":35.0},{"not_picked":["Recycle+1","Double Energy+1"],"picked":"Gash+1","floor":37.0},{"not_picked":["Defragment+1","Ball Lightning"],"picked":"Gash+1","floor":39.0},{"not_picked":["Rebound","Leap+1","Hologram+1"],"picked":"SKIP","floor":41.0},{"not_picked":["Lockon","Heatsinks","Steam Power+1"],"picked":"SKIP","floor":44.0},{"not_picked":["Coolheaded+1","Compile Driver"],"picked":"Gash+1","floor":46.0},{"not_picked":["Go for the Eyes","Ball Lightning+1","Consume+1"],"picked":"SKIP","floor":48.0}],"player_experience":386305,"relics_obtained":[{"floor":6.0,"key":"Bronze Scales"},{"floor":9.0,"key":"Nunchaku"},{"floor":13.0,"key":"Anchor"},{"floor":24.0,"key":"Lizard Tail"},{"floor":26.0,"key":"Orichalcum"},{"floor":27.0,"key":"DataDisk"},{"floor":43.0,"key":"Strawberry"},{"floor":44.0,"key":"MealTicket"},{"floor":44.0,"key":"Old Coin"},{"floor":46.0,"key":"Bottled Lightning"},{"floor":46.0,"key":"Frozen Egg 2"},{"floor":48.0,"key":"Blood Vial"},{"floor":48.0,"key":"Symbiotic Virus"}],"event_choices":[{"damage_healed":0.0,"max_hp_gain":0.0,"max_hp_loss":0.0,"gold_gain":0.0,"event_name":"Golden Idol","player_choice":"Take Damage","floor":4.0,"gold_loss":0.0,"damage_taken":18.0,"relics_obtained":["Golden Idol"]},{"damage_healed":0.0,"max_hp_gain":5.0,"max_hp_loss":0.0,"gold_gain":0.0,"event_name":"Big Fish","player_choice":"Donut","floor":5.0,"gold_loss":0.0,"damage_taken":0.0},{"damage_healed":0.0,"max_hp_gain":0.0,"max_hp_loss":0.0,"gold_gain":99.0,"event_name":"Nest","player_choice":"Stole From Cult","floor":20.0,"gold_loss":0.0,"damage_taken":0.0},{"damage_healed":0.0,"max_hp_gain":0.0,"max_hp_loss":0.0,"gold_gain":0.0,"event_name":"Ghosts","player_choice":"Ignored","floor":22.0,"gold_loss":0.0,"damage_taken":0.0},{"damage_healed":0.0,"max_hp_gain":0.0,"max_hp_loss":0.0,"gold_gain":0.0,"event_name":"Colosseum","player_choice":"Fight","floor":30.0,"gold_loss":0.0,"damage_taken":0.0},{"damage_healed":0.0,"max_hp_gain":0.0,"max_hp_loss":0.0,"gold_gain":0.0,"event_name":"Colosseum","player_choice":"Fled From Nobs","floor":30.0,"gold_loss":0.0,"damage_taken":0.0},{"cards_removed":["Strike_B"],"damage_healed":0.0,"max_hp_gain":0.0,"max_hp_loss":0.0,"gold_gain":0.0,"event_name":"Designer","player_choice":"Single Remove","floor":38.0,"gold_loss":60.0,"damage_taken":0.0}],"is_beta":false,"boss_relics":[{"not_picked":["Velvet Choker","Busted Crown","Fusion Hammer"]},{"not_picked":["Runic Pyramid","Snecko Eye"],"picked":"Black Star"}],"items_purged_floors":[19],"is_endless":false,"potions_floor_spawned":[2,6,8,10,12,14,24,30,35,37,44],"ascension_level":0}}