{"host":"qez2w9o4mdgkjem4","time":1612749584,"event":{"mods":["BaseMod","Downfall","Hermit","Minty Spire (QoL Compilation)","StSLib"],"gold_per_floor":[99,115,135,145,157,157,157,216,216,126,126,226,226,326,345,441,441,441,277,277,288,156,189,189,189,189,189,189,212,212,212,232,339,339,339,356,370,370,385,402,428,453,453,480,496,296,131,151,168,168],"floor_reached":51,"language":"ZHS","playtime":4157,"items_purged":["hexamod:Defend","hexamod:Defend","hexamod:Defend","hexamod:Defend"],"score":740,"play_id":"736bef3c-6a97-445f-9974-a052d850cd96","local_time":"20210208095944","is_ascension_mode":false,"campfire_choices":[{"data":"hexamod:Sear","floor":1.0,"key":"SMITH"},{"floor":13.0,"key":"REST"},{"data":"hexamod:ChargedBarrage","floor":18.0,"key":"SMITH"},{"floor":25.0,"key":"REST"},{"data":"hexamod:AdvancingGuard","floor":28.0,"key":"SMITH"},{"data":"hexamod:GhostOfSpireFuture","floor":30.0,"key":"SMITH"},{"data":"hexamod:ForkedFlame","floor":35.0,"key":"SMITH"},{"floor":46,"key":"REST"}],"circlet_count":0,"master_deck":["hexamod:Strike","hexamod:Strike+1","hexamod:Strike+1","hexamod:Sear+1","hexamod:Float+1","hexamod:PhantomFireball","hexamod:ChargedBarrage+1","hexamod:AdvancingGuard+1","hexamod:EmpoweredFlame","hexamod:ShieldOfDarkness+1","hexamod:AdvancingGuard+1","Discovery+1","hexamod:GhostOfSpireFuture+1","hexamod:ForkedFlame+1","hexamod:EtherealExpedition+1","downfall:Icky","hexamod:ForkedFlame+1","hexamod:ShieldOfDarkness+1","hexamod:TimeOfNeed","hexamod:AdvancingGuard+1"],"relics":["hexamod:SpiritBrand","Juzu Bracelet","InkBottle","Gambling Chip","downfall:GremlinWheel","Cursed Key","Thread and Needle","hexamod:TheBrokenSeal","hexamod:IceCube","hexamod:SoulConsumer","Ancient Tea Set","downfall:HeartBlessingGreen","downfall:HeartBlessingBlue"],"acts_visited":["Exordium","TheCity","TheBeyond"],"potions_floor_usage":[42,44,50,50],"damage_taken":[{"damage":0.0,"enemies":"Cultist","floor":2.0,"turns":3.0},{"damage":0.0,"enemies":"2 Louse","floor":3.0,"turns":3.0},{"damage":1.0,"enemies":"Jaw Worm","floor":4.0,"turns":3.0},{"damage":0.0,"enemies":"Red Slaver","floor":5.0,"turns":5.0},{"damage":20.0,"enemies":"3 Sentries","floor":8.0,"turns":12.0},{"damage":0.0,"enemies":"downfall:FleeingMerchant","floor":10.0,"turns":4.0},{"damage":26.0,"enemies":"downfall:FleeingMerchant","floor":12.0,"turns":5.0},{"damage":0.0,"enemies":"Gremlin Gang","floor":15.0,"turns":5.0},{"damage":39.0,"enemies":"SI_SHIV_ARCHETYPE","floor":16.0,"turns":8.0},{"damage":7.0,"enemies":"downfall:FleeingMerchant","floor":19.0,"turns":4.0},{"damage":15.0,"enemies":"Shell Parasite","floor":21.0,"turns":8.0},{"damage":10.0,"enemies":"downfall:FleeingMerchant","floor":22.0,"turns":4.0},{"damage":36.0,"enemies":"Slavers","floor":23.0,"turns":7.0},{"damage":7.0,"enemies":"Shelled Parasite and Fungi","floor":29.0,"turns":8.0},{"damage":26.0,"enemies":"3 Cultists","floor":32.0,"turns":6.0},{"damage":27.0,"enemies":"WA_ARCHETYPE_CALM","floor":33.0,"turns":11.0},{"damage":0.0,"enemies":"Orb Walker","floor":36.0,"turns":3.0},{"damage":0,"enemies":"3 Darklings","floor":37,"turns":4},{"damage":1,"enemies":"Sphere and 2 Shapes","floor":39,"turns":5},{"damage":3,"enemies":"Writhing Mass","floor":40,"turns":5},{"damage":33,"enemies":"Reptomancer","floor":42,"turns":8},{"damage":32,"enemies":"Nemesis","floor":44,"turns":9},{"damage":7,"enemies":"Transient","floor":45,"turns":5},{"damage":0,"enemies":"downfall:FleeingMerchant","floor":47,"turns":4},{"damage":0,"enemies":"3 Darklings","floor":48,"turns":4},{"damage":0,"enemies":"Sphere and 2 Shapes","floor":49,"turns":4},{"damage":42,"enemies":"DF_ARCHETYPE_ORBS","floor":50,"turns":8}],"seed_played":"-6975378811485092027","potions_obtained":[{"floor":3.0,"key":"SkillPotion"},{"floor":5.0,"key":"Energy Potion"},{"floor":5.0,"key":"SmokeBomb"},{"floor":8.0,"key":"EssenceOfSteel"},{"floor":9.0,"key":"FairyPotion"},{"floor":12.0,"key":"AttackPotion"},{"floor":15.0,"key":"SmokeBomb"},{"floor":16.0,"key":"AttackPotion"},{"floor":16.0,"key":"Guardian:BlockOnCardUsePotion"},{"floor":23.0,"key":"Fire Potion"},{"floor":36,"key":"Strength Potion"},{"floor":42,"key":"ColorlessPotion"},{"floor":49,"key":"Fire Potion"}],"is_trial":false,"path_per_floor":["R","M","M","M","M","?","T","?","?","$","T","?","R","?","M","B",null,"R","$","?","M","$","E","T","R","?","?","R","M","R","?","M","B",null,"R","M","M","?","M","M","T","E","?","E","M","R","$","M","M","B",null],"character_chosen":"THE_SPIRIT","items_purchased":["hexamod:ShieldOfDarkness"],"campfire_rested":3,"item_purchase_floors":[19],"current_hp_per_floor":[77,77,77,76,76,76,76,56,56,63,63,37,60,60,67,35,77,77,70,70,62,52,23,23,46,46,71,71,71,71,71,52,66,87,87,87,87,87,86,83,83,50,50,22,19,58,62,66,70,32],"gold":168,"neow_bonus":"TEN_PERCENT_HP_BONUS","is_daily":false,"chose_seed":false,"campfire_upgraded":5,"win_rate":0.0,"timestamp":1612749584,"path_taken":["R","M","M","M","?","?","T","?","?","?","?","?","R","?","M","BOSS","R","$","?","M","?","E","T","R","?","?","R","M","R","?","M","BOSS","R","M","M","?","M","M","T","E","?","E","M","R","$","M","M","BOSS"],"items_purchased_type":["Card"],"build_version":"2020-12-22","purchased_purges":4,"victory":true,"max_hp_per_floor":[77,77,77,77,77,77,77,77,77,77,77,77,77,77,77,77,77,77,77,77,77,77,77,77,77,77,77,77,77,77,77,77,87,87,87,87,87,87,87,87,87,87,87,87,87,97,97,97,97,97],"card_choices":[{"not_picked":["hexamod:Firestarter","hexamod:GhostShield"],"picked":"hexamod:FourthSeal","floor":2.0},{"not_picked":["hexamod:RainOfEmbers","hexamod:ThirdSeal"],"picked":"hexamod:PhantomFireball","floor":3.0},{"not_picked":["hexamod:Hexaguard","hexamod:RadiantFlame","hexamod:RetreatToShadows"],"picked":"SKIP","floor":4.0},{"not_picked":["hexamod:GhostShield","hexamod:Firestarter"],"picked":"hexamod:FirstSeal","floor":5.0},{"not_picked":["hexamod:InspiringFlames","hexamod:NightmareStrike"],"picked":"hexamod:ChargedBarrage","floor":8.0},{"not_picked":["hexamod:GhostOfSpirePast","hexamod:NightmareStrike"],"picked":"hexamod:AdvancingGuard","floor":10.0},{"not_picked":["hexamod:RecurringNightmare","hexamod:GhostLash"],"picked":"hexamod:EmpoweredFlame","floor":15.0},{"not_picked":["hexamod:TimeWarp","hexamod:TurnItUp"],"picked":"hexamod:FifthSeal","floor":16.0},{"not_picked":["hexamod:SecondSeal","hexamod:FourthSeal"],"picked":"hexamod:SixthSeal","floor":19.0},{"not_picked":["hexamod:HeatShield","hexamod:NightmareStrike+1","hexamod:BacktrackSmack"],"picked":"SKIP","floor":19.0},{"not_picked":["hexamod:FirstSeal","hexamod:ThirdSeal"],"picked":"hexamod:SecondSeal","floor":21.0},{"not_picked":["hexamod:Haunt","hexamod:PhantomFireball","hexamod:PhantomCloak"],"picked":"SKIP","floor":21.0},{"not_picked":["hexamod:BurningTouch","hexamod:BacktrackSmack"],"picked":"hexamod:AdvancingGuard","floor":22.0},{"not_picked":["hexamod:HeatMetal","hexamod:BurningTouch","hexamod:RetreatToShadows"],"picked":"SKIP","floor":23.0},{"not_picked":["hexamod:SixthSeal","hexamod:SecondSeal"],"picked":"hexamod:ThirdSeal","floor":29.0},{"not_picked":["hexamod:SixthSeal","hexamod:HauntingEcho"],"picked":"hexamod:GhostOfSpireFuture","floor":29.0},{"not_picked":["hexamod:Again+1","hexamod:GhostLash","hexamod:ExtraCrispy"],"picked":"SKIP","floor":32.0},{"not_picked":["hexamod:UnlimitedPower","hexamod:UnleashSpirits"],"picked":"hexamod:ForkedFlame","floor":33.0},{"not_picked":["hexamod:BacktrackSmack","hexamod:RadiantFlame"],"picked":"hexamod:EtherealExpedition+1","floor":36},{"not_picked":["hexamod:SecondSeal","hexamod:EmpoweredFlame","hexamod:SpectersWail"],"picked":"SKIP","floor":37},{"not_picked":["hexamod:SwordOfDarkness+1","hexamod:HauntingEcho","hexamod:EmpoweredFlame+1"],"picked":"SKIP","floor":39},{"not_picked":["hexamod:NightmareStrike+1","hexamod:GhostShield+1","hexamod:Again+1"],"picked":"SKIP","floor":40},{"not_picked":["hexamod:Incineration+1","hexamod:RadiantFlame","hexamod:PhantomFireball+1"],"picked":"SKIP","floor":42},{"not_picked":["hexamod:SpectersWail","hexamod:SkipABeat","hexamod:Firestarter+1"],"picked":"SKIP","floor":44},{"not_picked":["hexamod:ThermalTransfer+1","hexamod:HeatMetal+1"],"picked":"hexamod:ShieldOfDarkness+1","floor":45},{"not_picked":["hexamod:Haunt","hexamod:HauntingEcho+1"],"picked":"hexamod:TimeOfNeed","floor":47},{"not_picked":["hexamod:HeatMetal+1","hexamod:SkipABeat+1"],"picked":"hexamod:AdvancingGuard+1","floor":48},{"not_picked":["hexamod:Firestarter+1","hexamod:ThermalTransfer+1","hexamod:SkipABeat+1"],"picked":"SKIP","floor":49}],"player_experience":69103,"relics_obtained":[{"floor":7.0,"key":"Juzu Bracelet"},{"floor":11.0,"key":"Gambling Chip"},{"floor":12.0,"key":"downfall:GremlinWheel"},{"floor":23.0,"key":"Thread and Needle"},{"floor":42,"key":"hexamod:SoulConsumer"},{"floor":44,"key":"Ancient Tea Set"}],"event_choices":[{"cards_removed":["hexamod:Strike"],"damage_healed":0.0,"max_hp_gain":0.0,"max_hp_loss":0.0,"gold_gain":0.0,"event_name":"Bonfire Elementals","player_choice":"Offered Basic","floor":6.0,"gold_loss":0.0,"damage_taken":0.0},{"damage_healed":0.0,"max_hp_gain":0.0,"max_hp_loss":0.0,"gold_gain":0.0,"event_name":"Lab","player_choice":"Got Potions","floor":9.0,"gold_loss":0.0,"damage_taken":0.0},{"damage_healed":25.0,"max_hp_gain":0.0,"max_hp_loss":0.0,"gold_gain":0.0,"event_name":"The Library","player_choice":"Heal","floor":27.0,"gold_loss":0.0,"damage_taken":0.0}],"is_beta":false,"boss_relics":[{"not_picked":["Velvet Choker","hexamod:UnbrokenSoul"],"picked":"Cursed Key"},{"not_picked":["SlaversCollar","Tiny House"],"picked":"hexamod:IceCube"}],"items_purged_floors":[10,19,22,47],"is_endless":false,"potions_floor_spawned":[5,8,12,16,23,29,36,37,39,42,49],"ascension_level":0}}