{"host":"w05x4i13f2m9joq1","time":1612817608,"event":{"mods":["100% Spire Juice","Act Like it!","BaseMod","Better Altar","Better Match","Better Note","Better Sensory Stone","Better Skull","Better Third Choice","BetterRewards","CapriCore","Colored Map","Colored Powertips","Defective Defect","Downfall","Duelist Mod","Gensokyo","GifTheSpireLib","Googly Eyes","Infinite Spire","Ironclad Rager","Lobotomy","LobotomyExtend","Marisa????????","Melee Mod","Minty Spire (QoL Compilation)","Morshu Shopkeeper - ENHANCED","MostiFishMod","Quick Restart","Rare Cards Sparkle","Replay The Spire","Shop Mod","Spicy Shops","Spire Birthday Party","StSLib","The IronCluck","Uncapped","everything is the same but u backflip on backflip","slay the spire mod where everything is the same but ironclad has a cowboy hat"],"gold_per_floor":[20,20,20,31,31,31,57,70,70,70,145,171,171,186,186,283,283,303,228,228,228,228,153,170,195,195,223,270,270,45,45,45,75,75,173,173,186,14,14,28,41,68,68,97,97,97,97],"floor_reached":46,"language":"ENG","playtime":1895,"items_purged":["Looming Evil","ReplayTheSpireMod:Doomed","MostiFishMod:Kaleido+1"],"score":584,"play_id":"0487cef8-7d93-4632-a1ad-2cad589a19fd","local_time":"20210208155328","is_ascension_mode":true,"campfire_choices":[{"floor":6.0,"key":"REST"},{"floor":15.0,"key":"REST"},{"floor":26,"key":"REST"},{"floor":29,"key":"REST"},{"floor":31,"key":"REST"},{"data":"infinitespire:Oblivion","floor":34,"key":"SMITH"}],"circlet_count":0,"master_deck":["Zap","Dualcast","Ball Lightning","Cold Snap","Ball Lightning","Cold Snap","Leap","Leap","Leap","Leap","Ball Lightning","Redo","MostiFishMod:GatherIntelligence","Capacitor","infinitespire:Oblivion+1","Crystallizer","Conserve Battery","ICR:ChainLightning+1","BasicCrystalCard+1","Defragment","Cold Snap+1","Barrage","Coolheaded+1","MostiFishMod:ATRI","Cold Snap+1","Compile Driver","Gensokyo:RPG","Cold Snap+1","MostiFishMod:ATRI","Steam","Conserve Battery"],"relics":["Cracked Core","DaveBox","ImprovedEquipment","SynthV:TestCard","LetterFromLob","Gensokyo:CelestialsFlawlessClothing","Mirror","Potion Belt","ReplayTheSpireMod:CursedCoin","Sundial","JellyFishMachine","Juzu Bracelet","Calipers","Simple Rune","Garlic","Replay:Baseball","Replay:Bottled Eggs","ChiXiaoBlade","DaCapo","Ancient Tea Set","BionicSphere","Letter Opener"],"acts_visited":["Exordium","Gensokyo:Gensokyo","Gensokyo:Gensokyoer"],"potions_floor_usage":[25,25,35,35,40,44,46],"damage_taken":[{"damage":0.0,"enemies":"Gensokyo:Python","floor":1.0,"turns":3.0},{"damage":0.0,"enemies":"Gensokyo:3_Fairies","floor":4.0,"turns":2.0},{"damage":16.0,"enemies":"Gensokyo:Cirno","floor":7.0,"turns":5.0},{"damage":4.0,"enemies":"Gensokyo:2_Kodama","floor":8.0,"turns":2.0},{"damage":15.0,"enemies":"Gensokyo:Mamizou","floor":12.0,"turns":5.0},{"damage":0.0,"enemies":"Gensokyo:VengefulSpirit","floor":14.0,"turns":2.0},{"damage":19.0,"enemies":"Gensokyo:Yukari","floor":16.0,"turns":8.0},{"damage":42.0,"enemies":"Gensokyo:3_Dogs","floor":18.0,"turns":5.0},{"damage":4,"enemies":"Gensokyo:Chomper","floor":24,"turns":3},{"damage":16,"enemies":"Gensokyo:Tenshi","floor":25,"turns":4},{"damage":12,"enemies":"Gensokyo:Reisen","floor":27,"turns":5},{"damage":0,"enemies":"Gensokyo:Koishi","floor":33,"turns":6},{"damage":26,"enemies":"Gensokyo:Eternal_Rivals","floor":35,"turns":8},{"damage":0,"enemies":"Gensokyo:AncientGuardian","floor":37,"turns":5},{"damage":15,"enemies":"Gensokyo:3_Bats","floor":40,"turns":5},{"damage":0,"enemies":"Gensokyo:SeedOfUnknown","floor":41,"turns":4},{"damage":34,"enemies":"Gensokyo:Marisa","floor":42,"turns":5},{"damage":6,"enemies":"Gensokyo:Doremy","floor":44,"turns":5},{"damage":131,"enemies":"Gensokyo:Doremy","floor":46,"turns":4}],"seed_played":"5388819106242875453","potions_obtained":[{"floor":8.0,"key":"SteroidPotion"},{"floor":14.0,"key":"PowerPotion"},{"floor":16.0,"key":"Swift Potion"},{"floor":18.0,"key":"PowerPotion"},{"floor":33,"key":"Languid Potion"},{"floor":35,"key":"Guardian:BlockOnCardUsePotion"},{"floor":40,"key":"champ:CounterPotion"},{"floor":44,"key":"Adrenaline Potion"}],"is_trial":false,"path_per_floor":["M","$","?","M","?","R","E","M","T","?","$","E","?","M","R","B",null,"M","?","PTL","PTL","M","?","M","E","R","E","T","R","$","R","?","E","R","B",null,"M","$","?","M","M","E","T","E","T","?"],"character_chosen":"DEFECT","items_purchased":["ReplayTheSpireMod:CursedCoin","Garlic","Compile Driver"],"campfire_rested":5,"item_purchase_floors":[11,30,38],"current_hp_per_floor":[50,50,50,50,33,53,37,33,33,16,16,1,21,21,41,22,68,26,26,26,26,26,26,22,6,26,14,14,34,34,54,38,38,38,12,68,68,68,68,53,53,19,19,13,13,0,0],"gold":97,"neow_bonus":"DEFECT_STORMLORD","is_daily":false,"chose_seed":false,"campfire_upgraded":1,"win_rate":0.0,"timestamp":1612817608,"path_taken":["M","$","?","M","?","R","E","M","T","?","?","E","?","M","R","BOSS","M","?","PTL","PTL","M","?","M","E","R","E","T","R","?","R","?","E","R","BOSS","M","?","?","M","M","E","?","E","T","?"],"items_purchased_type":["Relic","Relic","Card"],"build_version":"2020-12-22","purchased_purges":3,"victory":false,"max_hp_per_floor":[68,68,68,68,68,68,68,68,68,68,68,68,68,68,68,68,68,68,68,68,68,68,68,68,68,68,68,68,68,68,68,68,68,68,68,68,68,68,68,68,68,68,68,68,68,68,68],"card_choices":[{"not_picked":["ReplayTheSpireMod:Reroute Power","Rebound"],"picked":"Ball Lightning","floor":1.0},{"not_picked":["MostiFishMod:PushDownKick","Turbo","White Noise","Rebound"],"picked":"Redo","floor":4.0},{"not_picked":["MostiFishMod:PushDownKick","MostiFishMod:Culaccino","MostiFishMod:LinkProtocol","Leap"],"picked":"MostiFishMod:GatherIntelligence","floor":7.0},{"not_picked":["Gash","Panic Button","Rebound","Coolheaded"],"picked":"Capacitor","floor":8.0},{"not_picked":["infinitespire:NeuralNetwork","infinitespire:Fortify"],"picked":"infinitespire:Oblivion","floor":10.0},{"not_picked":["Storm","ReplayTheSpireMod:Reroute Power","Steam","Barrage"],"picked":"Crystallizer","floor":12.0},{"not_picked":["BasicCrystalCard","Rip and Tear","Compile Driver","Stack"],"picked":"Conserve Battery","floor":14.0},{"not_picked":["Multi-Cast","Thunder Strike","Amplify","Reboot"],"picked":"MostiFishMod:SeaWaves","floor":16.0},{"not_picked":["MostiFishMod:IceShield+1","Undo+1","Panic Button","Rebound"],"picked":"ICR:ChainLightning+1","floor":18.0},{"not_picked":["MostiFishMod:PushDownKick+1","Turbo+1","Leap+1","Redo+1"],"picked":"BasicCrystalCard+1","floor":23},{"not_picked":["MostiFishMod:OneDayCity+1","MostiFishMod:Galeforce+1","ReplayTheSpireMod:Brewmster+1","Transmutation+1"],"picked":"MostiFishMod:Kaleido+1","floor":23},{"not_picked":["ReplayTheSpireMod:Repulse","MostiFishMod:PushDownKick","MostiFishMod:LinkProtocol+1","Heatsinks"],"picked":"Defragment","floor":24},{"not_picked":["Gash","MostiFishMod:TalkingToTheRain","Sweeping Beam","Doom and Gloom"],"picked":"Cold Snap+1","floor":25},{"not_picked":["ReplaySolidLightProjector+1","Stack","Compile Driver","ReplaySort"],"picked":"Barrage","floor":27},{"not_picked":["Go for the Eyes+1","Leap","Sweeping Beam","White Noise"],"picked":"Coolheaded+1","floor":33},{"not_picked":["Reboot","Meteor Strike","MostiFishMod:Overload","MostiFishMod:Nova"],"picked":"MostiFishMod:ATRI","floor":35},{"not_picked":["Beam Cell+1","ICR:ChainLightning+1","Hologram+1","Redo"],"picked":"Cold Snap+1","floor":37},{"not_picked":["Streamline+1","Coolheaded+1","Barrage+1","Conserve Battery+1"],"picked":"Cold Snap+1","floor":40},{"not_picked":["ReplayGash+1","Hologram","Chill","Storm+1"],"picked":"MostiFishMod:ATRI","floor":41},{"not_picked":["Streamline+1","Hologram","ICR:ChainLightning+1","Go for the Eyes+1"],"picked":"Steam","floor":42},{"not_picked":["Rebound+1","Ball Lightning+1","Redo+1","Sweeping Beam+1"],"picked":"Conserve Battery","floor":44}],"player_experience":175568,"relics_obtained":[{"floor":1.0,"key":"SynthV:TestCard"},{"floor":1.0,"key":"LetterFromLob"},{"floor":7.0,"key":"Mirror"},{"floor":9.0,"key":"Potion Belt"},{"floor":12.0,"key":"Sundial"},{"floor":25,"key":"Juzu Bracelet"},{"floor":27,"key":"Calipers"},{"floor":28,"key":"Simple Rune"},{"floor":33,"key":"Replay:Bottled Eggs"},{"floor":42,"key":"DaCapo"},{"floor":43,"key":"Ancient Tea Set"},{"floor":44,"key":"BionicSphere"},{"floor":45,"key":"Letter Opener"}],"event_choices":[{"damage_healed":0.0,"max_hp_gain":0.0,"max_hp_loss":0.0,"gold_gain":0.0,"event_name":"betterMatch:BetterMatch","player_choice":"3","floor":19.0,"gold_loss":0.0,"damage_taken":0.0,"cards_obtained":[]},{"damage_healed":0,"gold_gain":0,"player_choice":"2","damage_taken":0,"max_hp_gain":0,"max_hp_loss":0,"event_name":"betterMatch:BetterMatch","floor":23,"gold_loss":0,"cards_obtained":["betterMatch:CommonCard","betterMatch:ColorlessRareCard"]},{"damage_healed":0,"gold_gain":0,"player_choice":"RE ","damage_taken":18,"relics_obtained":["Replay:Baseball"],"max_hp_gain":0,"max_hp_loss":0,"event_name":"betterSkull:BetterSkull","floor":32,"gold_loss":0,"cards_upgraded":[]}],"is_beta":false,"boss_relics":[{"not_picked":["TimeKeys","NightmareShop"],"picked":"JellyFishMachine"},{"not_picked":["xbg","Fusion Hammer"],"picked":"ChiXiaoBlade"}],"items_purged_floors":[11,30,38],"is_endless":false,"potions_floor_spawned":[8,14,16,18,33,35,40,44],"killed_by":"Gensokyo:Doremy","ascension_level":1}}