{"host":"15sbyzswzncjigmz","time":1612817762,"event":{"mods":["AchievementEnabler","BaseMod","Bestiary","Block Reminder","Colored Map","Colored Powertips","DeckTracker","Minty Spire (QoL Compilation)","Relic Stats","StSLib","Weighted Paths"],"gold_per_floor":[115,115,134,134,134,161,161,40,64,94,114,114,133,148,148,244,244,264,275,293,305,318,348,348,383,383,400,400,20,20,34,34,136,136,154,32,32,82,99,99,99,99,126,126,86,86,105,130,130,130,130,130,8,36,36,36],"floor_reached":55,"language":"ENG","playtime":5046,"items_purged":[],"score":695,"play_id":"32ce06fc-d260-488b-a548-217c7b76d4d3","local_time":"20210208145602","is_ascension_mode":false,"campfire_choices":[{"data":"Sunder","floor":7.0,"key":"SMITH"},{"floor":12.0,"key":"RECALL"},{"data":"Defragment","floor":15.0,"key":"SMITH"},{"floor":24.0,"key":"REST"},{"floor":30.0,"key":"REST"},{"floor":32.0,"key":"REST"},{"floor":40,"key":"REST"},{"floor":44,"key":"REST"},{"floor":46,"key":"REST"},{"floor":49,"key":"REST"},{"floor":52,"key":"REST"}],"circlet_count":0,"master_deck":["Zap","Dualcast","Sunder+1","Ball Lightning","Compile Driver","Defragment+1","Loop","Tempest","Redo","Sunder","Storm","Buffer","Storm","Genetic Algorithm","Cold Snap","Double Energy+1","Echo Form+1","Streamline","Doom and Gloom","Redo+1","Mayhem","Self Repair","Static Discharge","Capacitor+1","Rainbow","Compile Driver","Streamline","BootSequence+1","Machine Learning","Consume","Rip and Tear","Compile Driver","Apotheosis","The Bomb","Transmutation+1","Steam Power+1","Turbo+1","Compile Driver+1","Double Energy+1","Stack"],"relics":["Cracked Core","The Courier","Bottled Tornado","Fusion Hammer","Mummified Hand","Regal Pillow","HornCleat","Frozen Eye","Pandora\u0027s Box","Nunchaku","Lizard Tail","Potion Belt","Ornamental Fan","War Paint","Boot"],"acts_visited":["TheBeyond","TheEnding"],"potions_floor_usage":[48,55,55],"damage_taken":[{"damage":0.0,"enemies":"Small Slimes","floor":1.0,"turns":1.0},{"damage":0.0,"enemies":"Cultist","floor":3.0,"turns":1.0},{"damage":0.0,"enemies":"Lagavulin","floor":6.0,"turns":1.0},{"damage":0.0,"enemies":"3 Sentries","floor":10.0,"turns":1.0},{"damage":0.0,"enemies":"2 Louse","floor":11.0,"turns":1.0},{"damage":0.0,"enemies":"Large Slime","floor":13.0,"turns":1.0},{"damage":0.0,"enemies":"3 Louse","floor":14.0,"turns":1.0},{"damage":0.0,"enemies":"Slime Boss","floor":16.0,"turns":1.0},{"damage":0.0,"enemies":"Chosen","floor":18.0,"turns":1.0},{"damage":0.0,"enemies":"2 Thieves","floor":19.0,"turns":1.0},{"damage":0.0,"enemies":"Sentry and Sphere","floor":20.0,"turns":1.0},{"damage":0.0,"enemies":"Centurion and Healer","floor":21.0,"turns":1.0},{"damage":0.0,"enemies":"Snake Plant","floor":22.0,"turns":1.0},{"damage":0.0,"enemies":"Gremlin Leader","floor":23.0,"turns":3.0},{"damage":27.0,"enemies":"Slavers","floor":25.0,"turns":3.0},{"damage":0.0,"enemies":"Snecko","floor":27.0,"turns":3.0},{"damage":11.0,"enemies":"Sentry and Sphere","floor":31.0,"turns":4.0},{"damage":13,"enemies":"Automaton","floor":33,"turns":6},{"damage":0,"enemies":"Orb Walker","floor":35,"turns":3},{"damage":22,"enemies":"Mind Bloom Boss Battle","floor":38,"turns":4},{"damage":0,"enemies":"3 Shapes","floor":39,"turns":3},{"damage":12,"enemies":"Jaw Worm Horde","floor":47,"turns":4},{"damage":0,"enemies":"Giant Head","floor":48,"turns":5},{"damage":95,"enemies":"Donu and Deca","floor":50,"turns":7},{"damage":61,"enemies":"Shield and Spear","floor":54,"turns":6},{"damage":94,"enemies":"The Heart","floor":55,"turns":5}],"seed_played":"-7639927858598894165","potions_obtained":[{"floor":1.0,"key":"PotionOfCapacity"},{"floor":3.0,"key":"EntropicBrew"},{"floor":10.0,"key":"DistilledChaos"},{"floor":14.0,"key":"EntropicBrew"},{"floor":16.0,"key":"FairyPotion"},{"floor":27.0,"key":"LiquidMemories"},{"floor":54,"key":"FocusPotion"}],"is_trial":false,"path_per_floor":["M","$","M","?","$","E","R","$","T","E","M","R","M","M","R","B",null,"M","M","M","M","M","E","R","E","T","M","?","$","R","M","R","B",null,"M","$","?","?","M","R","?","?","T","R","?","R","M","E","R","B",null,"R","$","E","B"],"character_chosen":"DEFECT","items_purchased":["Defragment","Loop","Mayhem","Frozen Eye","Self Repair","Static Discharge","Nunchaku","War Paint"],"campfire_rested":8,"item_purchase_floors":[8,8,29,29,29,29,36,53],"current_hp_per_floor":[82,82,82,82,82,82,82,82,82,82,82,82,82,82,82,82,82,82,82,82,82,82,82,82,55,55,55,39,39,80,69,87,81,87,87,87,77,55,55,87,83,83,83,83,83,83,78,83,83,21,83,83,83,29,0,0],"gold":36,"neow_bonus":"TEN_PERCENT_HP_BONUS","is_daily":false,"chose_seed":false,"campfire_upgraded":2,"win_rate":0.0,"timestamp":1612817762,"path_taken":["M","$","M","?","$","E","R","$","T","E","M","R","M","?","R","BOSS","M","M","?","M","?","E","R","E","T","M","?","$","R","M","R","BOSS","M","$","?","?","M","R","?","?","T","R","?","R","M","E","R","BOSS","R","$","E","BOSS"],"items_purchased_type":["Card","Card","Card","Relic","Card","Card","Relic","Relic"],"build_version":"2020-12-22","purchased_purges":0,"victory":false,"max_hp_per_floor":[82,82,82,82,82,82,82,82,82,82,82,82,82,82,82,82,82,82,82,82,82,82,82,82,82,82,82,87,87,87,87,87,87,87,87,87,87,87,87,87,83,83,83,83,83,83,83,83,83,83,83,83,83,83,83,83],"relic_stats":{"Regal Pillow":6,"Nunchaku":[4],"Lizard Tail":41,"counters":[9,43],"Mummified Hand":[106],"Ornamental Fan":[4],"Pandora\u0027s Box":["Compile Driver","Streamline","BootSequence","Auto Shields","Machine Learning","Consume","Rip and Tear"],"War Paint":["Transmutation","BootSequence"],"Boot":[2],"obtain_stats":[{"Potion Belt":43,"Regal Pillow":0,"The Courier":0,"Bottled Tornado":0,"War Paint":53,"Boot":54,"Frozen Eye":0,"Nunchaku":36,"Lizard Tail":38,"HornCleat":0,"Mummified Hand":0,"Ornamental Fan":48,"Pandora\u0027s Box":34,"Fusion Hammer":0,"Cracked Core":0},{"Potion Belt":4,"Regal Pillow":0,"The Courier":0,"Bottled Tornado":0,"War Paint":7,"Boot":8,"Frozen Eye":0,"Nunchaku":2,"Lizard Tail":3,"HornCleat":0,"Mummified Hand":0,"Ornamental Fan":6,"Pandora\u0027s Box":1,"Fusion Hammer":0,"Cracked Core":0},{"Potion Belt":16,"Regal Pillow":0,"The Courier":0,"Bottled Tornado":0,"War Paint":32,"Boot":38,"Frozen Eye":0,"Nunchaku":9,"Lizard Tail":13,"HornCleat":0,"Mummified Hand":0,"Ornamental Fan":25,"Pandora\u0027s Box":6,"Fusion Hammer":0,"Cracked Core":0}]},"card_choices":[{"not_picked":["Force Field","FTL"],"picked":"Sunder","floor":1.0},{"not_picked":["Gash","Compile Driver"],"picked":"Ball Lightning","floor":3.0},{"not_picked":["Stack","Blizzard"],"picked":"Compile Driver","floor":6.0},{"not_picked":["Hologram","Redo"],"picked":"Tempest","floor":10.0},{"not_picked":["Go for the Eyes","Stack"],"picked":"Redo","floor":11.0},{"not_picked":["Coolheaded","Skim"],"picked":"Sunder","floor":13.0},{"not_picked":["Go for the Eyes","Force Field"],"picked":"Storm","floor":14.0},{"not_picked":["Thunder Strike","All For One"],"picked":"Buffer","floor":16.0},{"not_picked":["Auto Shields","Compile Driver"],"picked":"Storm","floor":18.0},{"not_picked":["Beam Cell+1","Rebound+1"],"picked":"Genetic Algorithm","floor":19.0},{"not_picked":["Blizzard","Beam Cell+1"],"picked":"Cold Snap","floor":20.0},{"not_picked":["Barrage","Steam"],"picked":"Double Energy+1","floor":21.0},{"not_picked":["Recycle+1","Conserve Battery+1"],"picked":"Echo Form","floor":22.0},{"not_picked":["Beam Cell+1","Ball Lightning"],"picked":"Streamline","floor":23.0},{"not_picked":["Redo","Ball Lightning"],"picked":"Doom and Gloom","floor":25.0},{"not_picked":["Fusion","Sweeping Beam"],"picked":"Redo+1","floor":27.0},{"not_picked":["Gash","Fusion"],"picked":"Capacitor+1","floor":31.0},{"not_picked":["Thunder Strike","Multi-Cast"],"picked":"Rainbow","floor":33},{"not_picked":["Streamline","Leap"],"picked":"Compile Driver","floor":35},{"not_picked":["Flash of Steel","Mayhem"],"picked":"Apotheosis","floor":37},{"not_picked":["Madness","Panacea"],"picked":"The Bomb","floor":37},{"not_picked":["Impatience","Panacea"],"picked":"Transmutation","floor":37},{"not_picked":["Force Field+1","Rebound+1"],"picked":"Steam Power+1","floor":38},{"not_picked":["Self Repair","Auto Shields"],"picked":"Turbo+1","floor":39},{"not_picked":["Steam","Redo"],"picked":"Compile Driver+1","floor":47},{"not_picked":["Beam Cell","Gash"],"picked":"Double Energy+1","floor":48},{"not_picked":["Leap+1","Sunder"],"picked":"Stack","floor":54}],"player_experience":143764,"relics_obtained":[{"floor":6.0,"key":"The Courier"},{"floor":10.0,"key":"Bottled Tornado"},{"floor":23.0,"key":"Mummified Hand"},{"floor":25.0,"key":"Regal Pillow"},{"floor":26.0,"key":"HornCleat"},{"floor":38,"key":"Lizard Tail"},{"floor":43,"key":"Potion Belt"},{"floor":48,"key":"Ornamental Fan"},{"floor":54,"key":"Boot"}],"event_choices":[{"cards_removed":["Defend_B"],"damage_healed":0.0,"max_hp_gain":0.0,"max_hp_loss":0.0,"gold_gain":0.0,"event_name":"Bonfire Elementals","player_choice":"Offered Basic","floor":4.0,"gold_loss":0.0,"damage_taken":0.0},{"damage_healed":0.0,"max_hp_gain":5.0,"max_hp_loss":0.0,"gold_gain":0.0,"event_name":"Forgotten Altar","player_choice":"Shed Blood","floor":28.0,"gold_loss":0.0,"damage_taken":21.0},{"damage_healed":0,"gold_gain":0,"player_choice":"Memory 3","damage_taken":10,"max_hp_gain":0,"max_hp_loss":0,"event_name":"SensoryStone","floor":37,"gold_loss":0},{"damage_healed":0,"gold_gain":0,"player_choice":"Fight","damage_taken":0,"max_hp_gain":0,"max_hp_loss":0,"event_name":"MindBloom","floor":38,"gold_loss":0},{"damage_healed":0,"gold_gain":0,"player_choice":"Max HP","damage_taken":0,"max_hp_gain":0,"max_hp_loss":4,"event_name":"Winding Halls","floor":41,"gold_loss":0},{"cards_removed":["Auto Shields"],"damage_healed":0,"gold_gain":0,"player_choice":"Removed Skill","damage_taken":0,"max_hp_gain":0,"max_hp_loss":0,"event_name":"Falling","floor":42,"gold_loss":0},{"damage_healed":0,"gold_gain":0,"player_choice":"Upgrade","damage_taken":0,"max_hp_gain":0,"max_hp_loss":0,"event_name":"Designer","floor":45,"gold_loss":40,"cards_upgraded":["Echo Form"]}],"is_beta":false,"boss_relics":[{"not_picked":["FrozenCore","Philosopher\u0027s Stone"],"picked":"Fusion Hammer"},{"not_picked":["Tiny House","Coffee Dripper"],"picked":"Pandora\u0027s Box"}],"items_purged_floors":[],"is_endless":false,"potions_floor_spawned":[1,3,10,14,16,20,21,22,27,38,54],"killed_by":"The Heart","ascension_level":0}}