{"host":"ggy1mjjy92c62u6a","time":1612794355,"event":{"mods":["10 clothes from DAL","ATMod(阿瑾Mod)","Act Like it!","BaseMod","Colored Powertips","GifTheSpireLib","Library of Ruina","Library of Ruina Extra","Lobotomy","LobotomyExtend","Minty Spire (QoL Compilation)","Quick Restart","Relic Filter Mod","Relic Stats","Shop Mod","Spicy Shops","StSLib","TestMod","【功能Mod】混沌之环修复补丁","【遗物Mod】死灵法师NEW","【遗物卡牌】REMEMod"],"gold_per_floor":[115,115,290,365,377,377,777,777,804,820,820,413,588,588,588,623,641,641,77,77,77,96,112,112,215,215,215,231,37,51,326,352,352,352],"floor_reached":24,"language":"ZHS","playtime":1387,"items_purged":["Shame"],"score":520,"play_id":"c4898467-332a-4332-be78-dd4756c458a2","local_time":"20210208222555","is_ascension_mode":true,"campfire_choices":[{"data":"PosionWeak2","floor":6.0,"key":"SMITH"},{"data":"PosionBreak","floor":8.0,"key":"SMITH"},{"data":"Bone_Wall","floor":6.0,"key":"SMITH"},{"data":"PosionArmor","floor":11.0,"key":"SMITH"},{"data":"PosionRing","floor":15.0,"key":"SMITH"}],"circlet_count":0,"master_deck":["Strike_W","Strike_W","Bone_Spikes","Bone_Spikes","Defend_W","Defend_W","Bone_Armor","Bone_Wall+1","PosionWeak2+1","Bone_Prison","PosionBreak+1","PosionArmor+1","PosionRing+1","PosionWeak","Posionadd","Posionadd","Epidemic","Spectral_Walk+1","PosionRing","Regret"],"relics":["Vampire_Amulet","REME_ComplimentaryCards","testmod-TestBox","CogitoBucket","RabbitCall","PageOfSingingMachine","AT_ATBox","testmod-Alchemist","LetterFromLob","DALC_WAN","PageOfAspirationHeart","Nunchaku","testmod-Antiphasic","AT_ImmortalShieldbow","UndeadPower","SumDragon","SkinProphecy","testmod-Prudence","MagicBullet_r","PrismaticShard","PageOfPinocchio"],"acts_visited":["Exordium","TheBeyond"],"potions_floor_usage":[23,23],"damage_taken":[{"damage":3.0,"enemies":"Small Slimes","floor":1.0,"turns":3.0},{"damage":1.0,"enemies":"Cultist","floor":5.0,"turns":3.0},{"damage":0.0,"enemies":"2 Louse","floor":1.0,"turns":2.0},{"damage":8.0,"enemies":"Lagavulin","floor":7.0,"turns":4.0},{"damage":3.0,"enemies":"Small Slimes","floor":8.0,"turns":2.0},{"damage":15.0,"enemies":"Jaw Worm","floor":13.0,"turns":2.0},{"damage":0.0,"enemies":"Lots of Slimes","floor":14.0,"turns":1.0},{"damage":0.0,"enemies":"Slime Boss","floor":16.0,"turns":5.0},{"damage":31.0,"enemies":"3 Shapes","floor":19.0,"turns":3.0},{"damage":0.0,"enemies":"Orb Walker","floor":21.0,"turns":2.0},{"damage":21,"enemies":"Nemesis","floor":23,"turns":2},{"damage":23,"enemies":"Jaw Worm Horde","floor":24,"turns":1}],"seed_played":"-7619452285790144942","potions_obtained":[{"floor":7.0,"key":"EssenceOfSteel"},{"floor":8.0,"key":"AttackPotion"},{"floor":14.0,"key":"testmod-TestPotion"}],"is_trial":false,"path_per_floor":["M","?","?","?","M","R","?","R","T","M","M","?","$","?","?","R","E","M","T","$","R","?","M","M","R","B",null,"M","M","$","M","?","E","M"],"character_chosen":"NECROMANCER","items_purchased":["DALC_WAN","PageOfAspirationHeart","Nunchaku","UndeadPower","SumDragon","PosionWeak","Posionadd","PosionRing","PrismaticShard"],"campfire_rested":0,"item_purchase_floors":[3,3,3,10,10,10,10,20,20],"current_hp_per_floor":[72,65,65,58,57,57,57,57,57,71,64,64,64,64,64,56,53,53,53,53,58,43,39,39,35,72,84,49,49,45,45,23,0,0],"gold":352,"neow_bonus":"","is_daily":false,"chose_seed":false,"campfire_upgraded":5,"win_rate":0.0,"timestamp":1612794355,"path_taken":["M","?","?","?","?","R","?","R","T","M","M","?","$","?","?","R","E","?","T","$","R","?","M","M","R","BOSS","M","?","$","M","?","E","?"],"items_purchased_type":["Relic","Relic","Relic","Relic","Relic","Card","Card","Card","Relic"],"build_version":"2020-12-22","purchased_purges":1,"victory":false,"max_hp_per_floor":[75,75,75,75,75,75,75,75,75,75,75,75,75,75,75,75,75,75,75,75,80,80,82,82,84,84,84,86,86,88,88,90,94,94],"relic_stats":{"Nunchaku":[3],"counters":[14,32],"obtain_stats":[{"SumDragon":10,"RabbitCall":0,"AT_ATBox":0,"testmod-TestBox":0,"UndeadPower":10,"MagicBullet_r":18,"DALC_WAN":3,"PageOfSingingMachine":9,"SkinProphecy":13,"PrismaticShard":20,"AT_ImmortalShieldbow":9,"PageOfAspirationHeart":3,"testmod-Antiphasic":7,"CogitoBucket":0,"Nunchaku":3,"testmod-Alchemist":0,"testmod-Prudence":17,"Vampire_Amulet":0,"LetterFromLob":1,"PageOfPinocchio":23,"REME_ComplimentaryCards":0},{"SumDragon":5,"RabbitCall":0,"AT_ATBox":0,"testmod-TestBox":0,"UndeadPower":5,"MagicBullet_r":9,"DALC_WAN":3,"PageOfSingingMachine":2,"SkinProphecy":7,"PrismaticShard":10,"AT_ImmortalShieldbow":5,"PageOfAspirationHeart":3,"testmod-Antiphasic":4,"CogitoBucket":0,"Nunchaku":3,"testmod-Alchemist":2,"testmod-Prudence":9,"Vampire_Amulet":0,"LetterFromLob":1,"PageOfPinocchio":12,"REME_ComplimentaryCards":0},{"SumDragon":14,"RabbitCall":0,"AT_ATBox":0,"testmod-TestBox":0,"UndeadPower":14,"MagicBullet_r":23,"DALC_WAN":8,"PageOfSingingMachine":6,"SkinProphecy":17,"PrismaticShard":26,"AT_ImmortalShieldbow":14,"PageOfAspirationHeart":8,"testmod-Antiphasic":12,"CogitoBucket":0,"Nunchaku":8,"testmod-Alchemist":6,"testmod-Prudence":23,"Vampire_Amulet":0,"LetterFromLob":3,"PageOfPinocchio":30,"REME_ComplimentaryCards":0}]},"card_choices":[{"not_picked":["Bone_Armor","Bone_Spikes"],"picked":"PosionWeak2","floor":1.0},{"not_picked":["BlackSwan","SpiderBud"],"picked":"Rudolta","floor":1.0},{"not_picked":["PosionRing","LuckyCard"],"picked":"Bone_Prison","floor":5.0},{"not_picked":["Blood_Is_Power","Bone_Armor","Negative_Energy_Javelin"],"picked":"SKIP","floor":1.0},{"not_picked":["Blood_Shield","PosionRing"],"picked":"PosionArmor","floor":7.0},{"not_picked":["Summon_Undead","Bone_Shift"],"picked":"PosionRing","floor":8.0},{"not_picked":["Blood_for_Blood","finger_Of_Death","Negative_Energy_Javelin"],"picked":"SKIP","floor":13.0},{"not_picked":["Negative_Energy_Mist","Shackles_Of_Pain"],"picked":"Posionadd","floor":14.0},{"not_picked":["Creater_Tree","Blood_Wake"],"picked":"Epidemic","floor":16.0},{"not_picked":["Life_Tap+1","LuckyCard"],"picked":"Spectral_Walk+1","floor":19.0},{"not_picked":["UndertakePrescript","REME_Cut","BowlingBash"],"picked":"SKIP","floor":21.0},{"not_picked":["ThirdEye+1","AT_GerminateFire+1","MasterReality"],"picked":"SKIP","floor":23}],"player_experience":111235,"relics_obtained":[{"floor":1.0,"key":"LetterFromLob"},{"floor":9.0,"key":"PageOfSingingMachine"},{"floor":1.0,"key":"LetterFromLob"},{"floor":7.0,"key":"testmod-Antiphasic"},{"floor":9.0,"key":"AT_ImmortalShieldbow"},{"floor":23,"key":"PageOfPinocchio"}],"event_choices":[{"cards_removed":["Rudolta"],"damage_healed":0.0,"max_hp_gain":0.0,"max_hp_loss":0.0,"gold_gain":0.0,"event_name":"Golden Wing","player_choice":"Card Removal","floor":2.0,"gold_loss":0.0,"damage_taken":7.0},{"damage_healed":0.0,"max_hp_gain":0.0,"max_hp_loss":0.0,"gold_gain":175.0,"event_name":"Liars Game","player_choice":"AGREE","floor":3.0,"gold_loss":0.0,"damage_taken":0.0,"cards_obtained":["Doubt"]},{"damage_healed":0.0,"max_hp_gain":0.0,"max_hp_loss":0.0,"gold_gain":75.0,"event_name":"FaceTrader","player_choice":"Touch","floor":4.0,"gold_loss":0.0,"damage_taken":7.0},{"damage_healed":0.0,"max_hp_gain":0.0,"max_hp_loss":0.0,"gold_gain":400.0,"event_name":"恩洛斯的盘子","player_choice":"Sell","floor":7.0,"relics_lost":["AT_ATBox"],"gold_loss":0.0,"damage_taken":0.0},{"cards_removed":["Doubt"],"damage_healed":0.0,"max_hp_gain":0.0,"max_hp_loss":0.0,"gold_gain":0.0,"event_name":"Golden Wing","player_choice":"Card Removal","floor":2.0,"gold_loss":0.0,"damage_taken":7.0},{"damage_healed":0.0,"max_hp_gain":0.0,"max_hp_loss":0.0,"gold_gain":175.0,"event_name":"Liars Game","player_choice":"AGREE","floor":4.0,"gold_loss":0.0,"damage_taken":0.0,"cards_obtained":["Doubt"]},{"cards_removed":["Doubt"],"damage_healed":0.0,"max_hp_gain":0.0,"max_hp_loss":0.0,"gold_gain":0.0,"event_name":"Wheel of Change","player_choice":"Card Removal","floor":5.0,"gold_loss":0.0,"damage_taken":0.0},{"damage_healed":0.0,"max_hp_gain":5.0,"max_hp_loss":0.0,"gold_gain":0.0,"event_name":"Big Fish","player_choice":"Donut","floor":12.0,"gold_loss":0.0,"damage_taken":0.0},{"damage_healed":0.0,"max_hp_gain":0.0,"max_hp_loss":0.0,"gold_gain":275.0,"event_name":"Golden Shrine","player_choice":"Desecrate","floor":22.0,"gold_loss":0.0,"damage_taken":0.0,"cards_obtained":["Regret"]}],"is_beta":false,"boss_relics":[{"not_picked":["Velvet Choker","testmod-BatchProcessingSystem"],"picked":"testmod-Prudence"}],"items_purged_floors":[3],"is_endless":false,"potions_floor_spawned":[5,7,8,14,16],"killed_by":"Jaw Worm Horde","ascension_level":5}}