{"host":"xp27heuvanyklt0b","time":1612786997,"event":{"mods":["100% Spire Juice","BaseMod","CapriCore","Koishi","Lobotomy","Minty Spire (QoL Compilation)","StSLib","The Immortal"],"gold_per_floor":[114,41,59,75,93,93,93],"floor_reached":6,"language":"KOR","playtime":347,"items_purged":[],"score":38,"play_id":"42209615-aa01-4c6c-a325-33d018977662","local_time":"20210208212317","is_ascension_mode":false,"campfire_choices":[],"circlet_count":0,"master_deck":["Moonworks:Strike","Moonworks:Strike","Moonworks:Strike","Moonworks:Strike","Moonworks:Defend","Moonworks:Defend","Moonworks:Defend","Moonworks:Defend","Moonworks:Ambush","Moonworks:LongDistanceShot","Moonworks:EvilMastermind","Moonworks:Poppoformation","Moonworks:BigBangBell","Moonworks:IndiscriminateFireSupport","Moonworks:Heat300Percent"],"relics":["Moonworks:BrokenBomb","Moonworks:Homemark","Bag of Preparation"],"acts_visited":["Exordium"],"potions_floor_usage":[6],"damage_taken":[{"damage":0,"enemies":"Cultist","floor":1,"turns":4},{"damage":0,"enemies":"2 Louse","floor":3,"turns":3},{"damage":0,"enemies":"Small Slimes","floor":4,"turns":3},{"damage":23,"enemies":"Gremlin Gang","floor":5,"turns":7},{"damage":37,"enemies":"Lagavulin","floor":6,"turns":6}],"seed_played":"-814806806829330091","potions_obtained":[{"floor":4,"key":"Strength Potion"},{"floor":5,"key":"PowerPotion"}],"is_trial":false,"path_per_floor":["M","T","M","M","M","E"],"character_chosen":"THE_STARBREAKER","items_purchased":[],"campfire_rested":0,"item_purchase_floors":[],"current_hp_per_floor":[60,60,60,60,37,0,0],"gold":93,"neow_bonus":"ONE_RANDOM_RARE_CARD","is_daily":false,"chose_seed":false,"campfire_upgraded":0,"win_rate":0.0,"timestamp":1612786997,"path_taken":["M","?","M","M","M","E"],"items_purchased_type":[],"build_version":"2020-12-22","purchased_purges":0,"victory":false,"max_hp_per_floor":[60,60,60,60,60,60,60],"card_choices":[{"not_picked":["Moonworks:LulusLuckyEgg","Moonworks:ScrambledEve"],"picked":"Moonworks:Poppoformation","floor":1},{"not_picked":["Moonworks:DeployBits","Moonworks:CloudOfSeagulls"],"picked":"Moonworks:BigBangBell","floor":3},{"not_picked":["Moonworks:Bloodlust","Moonworks:Assault"],"picked":"Moonworks:IndiscriminateFireSupport","floor":4},{"not_picked":["Moonworks:IndiscriminateFireSupport","Moonworks:Dinner"],"picked":"Moonworks:Heat300Percent","floor":5}],"player_experience":180810,"relics_obtained":[{"floor":2,"key":"Bag of Preparation"}],"event_choices":[],"is_beta":false,"boss_relics":[],"items_purged_floors":[],"is_endless":false,"potions_floor_spawned":[4,5],"killed_by":"Lagavulin","ascension_level":0}}