{"host":"Alvar","time":1612803426,"event":{"mods":["AchievementEnabler","BaseMod","Minty Spire (QoL Compilation)","StSLib"],"gold_per_floor":[117,133,133,133,133,133,159,176,176,12,44,59,59,94,94,94,94],"floor_reached":16,"language":"ENG","playtime":307,"items_purged":["Strike_R"],"score":286,"play_id":"13e693f9-0a58-4515-aeb3-6c5b0d56f0f9","local_time":"20210208235706","is_ascension_mode":true,"campfire_choices":[{"data":"Bash","floor":6,"key":"SMITH"},{"data":"Combust","floor":15,"key":"SMITH"}],"circlet_count":0,"master_deck":["AscendersBane","Strike_R","Strike_R","Strike_R","Defend_R","Defend_R","Defend_R","Defend_R","Bash+1","Wild Strike","Sword Boomerang","Combust+1","Flame Barrier","Anger","Feel No Pain","Uppercut"],"relics":["Burning Blood","NeowsBlessing","Prayer Wheel","Peace Pipe","HornCleat","MealTicket"],"acts_visited":["Exordium"],"potions_floor_usage":[14,16],"damage_taken":[{"damage":0,"enemies":"Cultist","floor":1,"turns":1},{"damage":0,"enemies":"Jaw Worm","floor":2,"turns":1},{"damage":0,"enemies":"Gremlin Nob","floor":7,"turns":1},{"damage":4,"enemies":"Small Slimes","floor":8,"turns":4},{"damage":41,"enemies":"Lagavulin","floor":11,"turns":6},{"damage":6,"enemies":"Exordium Wildlife","floor":12,"turns":3},{"damage":16,"enemies":"Gremlin Nob","floor":14,"turns":4},{"damage":38,"enemies":"Slime Boss","floor":16,"turns":7}],"seed_played":"9061401668786467579","potions_obtained":[{"floor":8,"key":"Swift Potion"},{"floor":12,"key":"ColorlessPotion"},{"floor":14,"key":"EssenceOfSteel"}],"is_trial":false,"path_per_floor":["M","M","?","?","?","R","E","M","T","$","E","M","?","E","R","B"],"character_chosen":"IRONCLAD","items_purchased":["Feel No Pain"],"campfire_rested":0,"item_purchase_floors":[10],"current_hp_per_floor":[74,75,68,68,73,73,79,80,80,80,45,45,45,35,35,0,0],"gold":94,"neow_bonus":"THREE_ENEMY_KILL","is_daily":false,"chose_seed":false,"campfire_upgraded":2,"win_rate":0.0,"timestamp":1612803426,"path_taken":["M","M","?","?","?","R","E","?","T","$","E","M","?","E","R","BOSS"],"items_purchased_type":["Card"],"build_version":"2020-12-18","purchased_purges":1,"victory":false,"max_hp_per_floor":[75,75,75,75,80,80,80,80,80,80,80,80,80,80,80,80,80],"card_choices":[{"not_picked":["Pommel Strike","Perfected Strike"],"picked":"Wild Strike","floor":1},{"not_picked":["Iron Wave","Perfected Strike"],"picked":"Sword Boomerang","floor":2},{"not_picked":["Warcry","Juggernaut"],"picked":"Combust","floor":7},{"not_picked":["Infernal Blade","Shrug It Off"],"picked":"Flame Barrier","floor":8},{"not_picked":["Searing Blow","Thunderclap"],"picked":"Anger","floor":8},{"not_picked":["Clothesline","Whirlwind"],"picked":"Uppercut","floor":11},{"not_picked":["Twin Strike","Flex","Shrug It Off"],"picked":"SKIP","floor":12},{"not_picked":["Whirlwind","Berserk","Sword Boomerang"],"picked":"SKIP","floor":12},{"not_picked":["Cleave","Twin Strike","Havoc"],"picked":"SKIP","floor":14}],"player_experience":807054,"relics_obtained":[{"floor":7,"key":"Prayer Wheel"},{"floor":9,"key":"Peace Pipe"},{"floor":11,"key":"HornCleat"},{"floor":14,"key":"MealTicket"}],"event_choices":[{"cards_removed":["Strike_R"],"damage_healed":0,"gold_gain":0,"player_choice":"Card Removal","damage_taken":7,"max_hp_gain":0,"max_hp_loss":0,"event_name":"Golden Wing","floor":3,"gold_loss":0},{"damage_healed":0,"gold_gain":0,"player_choice":"Ignored","damage_taken":0,"max_hp_gain":0,"max_hp_loss":0,"event_name":"Liars Game","floor":4,"gold_loss":0},{"damage_healed":0,"gold_gain":0,"player_choice":"Donut","damage_taken":0,"max_hp_gain":5,"max_hp_loss":0,"event_name":"Big Fish","floor":5,"gold_loss":0},{"damage_healed":0,"gold_gain":0,"player_choice":"Leave","damage_taken":0,"max_hp_gain":0,"max_hp_loss":0,"event_name":"The Cleric","floor":13,"gold_loss":0}],"is_beta":true,"boss_relics":[],"items_purged_floors":[10],"is_endless":false,"potions_floor_spawned":[8,12,14],"killed_by":"Slime Boss","ascension_level":20}}