{"host":"amduk82rbaelv3uo","time":1612809431,"event":{"mods":["AchievementEnabler","BaseMod","BetterRewards","Colored Map","Colored Powertips","Defuse TimeMaze Blight","Highlight Path","Infinite Spire","Minty Spire (QoL Compilation)","Permanent Neow","Quick Restart","Replay The Spire","StSLib","The Cursed"],"gold_per_floor":[110,210,228,142,160,160,194,194,194,40,40,56,71,89,89,89,89],"floor_reached":16,"language":"ENG","playtime":1196,"items_purged":[],"score":112,"play_id":"d82e4c36-c7a1-4216-8008-0976f7a7af76","local_time":"20210208183711","is_ascension_mode":true,"campfire_choices":[{"data":"Dagger Throw","floor":6,"key":"SMITH"},{"data":"Finesse","floor":8,"key":"SMITH"},{"data":"Envenom","floor":15,"key":"SMITH"}],"circlet_count":0,"master_deck":["Strike_G","Strike_G","Strike_G","Strike_G","Strike_G","Defend_G","Defend_G","Defend_G","Defend_G","Defend_G","Survivor","Neutralize","Bane","Dagger Throw+1","Finesse+1","Reflex","Bane","Envenom+1","Prepared","Poisoned Stab","Backflip"],"relics":["Ring of the Snake","Toy Ornithopter","Paper Crane","Art of War","Garlic"],"acts_visited":["Exordium"],"potions_floor_usage":[13,13,13,16],"damage_taken":[{"damage":0,"enemies":"Jaw Worm","floor":1,"turns":7},{"damage":0,"enemies":"Cultist","floor":3,"turns":5},{"damage":5,"enemies":"Small Slimes","floor":5,"turns":5},{"damage":26,"enemies":"Gremlin Nob","floor":7,"turns":5},{"damage":9,"enemies":"Looter","floor":12,"turns":3},{"damage":7,"enemies":"Exordium Wildlife","floor":13,"turns":7},{"damage":8,"enemies":"Lots of Slimes","floor":14,"turns":5},{"damage":48,"enemies":"Fading Forest","floor":16,"turns":7}],"seed_played":"4455062806920310762","potions_obtained":[{"floor":1,"key":"Swift Potion"},{"floor":7,"key":"Dexterity Potion"},{"floor":12,"key":"Weak Potion"},{"floor":13,"key":"GamblersBrew"}],"is_trial":false,"path_per_floor":["M","?","M","$","M","R","E","R","T","$","T","M","M","M","R","B"],"character_chosen":"THE_SILENT","items_purchased":["Finesse","Envenom"],"campfire_rested":0,"item_purchase_floors":[4,10],"current_hp_per_floor":[70,70,70,70,65,65,39,39,39,39,39,30,38,30,30,0,0],"gold":89,"neow_bonus":"RANDOM_COMMON_RELIC","is_daily":false,"chose_seed":false,"campfire_upgraded":3,"win_rate":0.0,"timestamp":1612809431,"path_taken":["M","?","?","$","M","R","E","R","T","$","?","M","M","M","R","BOSS"],"items_purchased_type":["Card","Card"],"build_version":"2020-12-22","purchased_purges":0,"victory":false,"max_hp_per_floor":[70,70,70,70,70,70,70,70,70,70,70,70,70,70,70,70,70],"card_choices":[{"not_picked":["Hidden Blade","Skewer"],"picked":"Bane","floor":1},{"not_picked":["Hidden Blade","Outmaneuver"],"picked":"Dagger Throw","floor":3},{"not_picked":["Hidden Blade","Blade Dance"],"picked":"Reflex","floor":5},{"not_picked":["Glass Knife","Endless Agony"],"picked":"Bane","floor":7},{"not_picked":["Riddle With Holes","Underhanded Strike"],"picked":"Prepared","floor":12},{"not_picked":["Blade Dance","Underhanded Strike"],"picked":"Poisoned Stab","floor":13},{"not_picked":["Blur","Outmaneuver"],"picked":"Backflip","floor":14}],"player_experience":291131,"relics_obtained":[{"floor":7,"key":"Paper Crane"},{"floor":9,"key":"Art of War"},{"floor":11,"key":"Garlic"}],"event_choices":[{"damage_healed":0,"gold_gain":100,"player_choice":"Pray","damage_taken":0,"max_hp_gain":0,"max_hp_loss":0,"event_name":"Golden Shrine","floor":2,"gold_loss":0}],"is_beta":false,"boss_relics":[],"items_purged_floors":[],"is_endless":false,"potions_floor_spawned":[1,7,12,13],"killed_by":"Fading Forest","ascension_level":2}}