{"host":"3j24k6gtmfx6ynrk","time":1612825368,"event":{"mods":["AchievementEnabler","BaseMod","Colored Powertips","Hermit","Highlight Path","Minty Spire (QoL Compilation)","StSLib","The Cursed","The Servant 0.9.4"],"gold_per_floor":[109,109,109,27,44,54,54,74,74,92,92,108,108,118,118,219,269,287,305,305,305,305],"floor_reached":21,"language":"DEU","playtime":1612,"items_purged":[],"score":173,"play_id":"39174c4d-d2b9-4303-ba98-3785c039a5e1","local_time":"20210209000248","is_ascension_mode":false,"campfire_choices":[{"data":"BattleHymn","floor":7,"key":"SMITH"},{"floor":13,"key":"REST"},{"data":"WindmillStrike","floor":15,"key":"SMITH"}],"circlet_count":0,"master_deck":["Strike_P+1","Strike_P","Strike_P","Strike_P","Defend_P","Defend_P","Defend_P","Eruption","Vigilance","Prostrate","BowlingBash","BattleHymn+1","WindmillStrike+1","SashWhip","Prostrate","Devotion","PathToVictory","Protect","ThirdEye"],"relics":["Black Star","Centennial Puzzle","Tiny House","MutagenicStrength"],"acts_visited":["Exordium","TheCity"],"potions_floor_usage":[21],"damage_taken":[{"damage":0,"enemies":"Small Slimes","floor":1,"turns":2},{"damage":4,"enemies":"2 Louse","floor":5,"turns":3},{"damage":1,"enemies":"Cultist","floor":6,"turns":4},{"damage":8,"enemies":"2 Fungi Beasts","floor":8,"turns":3},{"damage":7,"enemies":"Large Slime","floor":10,"turns":5},{"damage":9,"enemies":"Red Slaver","floor":12,"turns":3},{"damage":2,"enemies":"Looter","floor":14,"turns":3},{"damage":22,"enemies":"The Guardian","floor":16,"turns":7},{"damage":14,"enemies":"Spheric Guardian","floor":18,"turns":4},{"damage":22,"enemies":"3 Byrds","floor":19,"turns":5},{"damage":57,"enemies":"Masked Bandits","floor":21,"turns":3}],"seed_played":"-3262378231373897257","potions_obtained":[{"floor":1,"key":"GamblersBrew"},{"floor":14,"key":"GamblersBrew"},{"floor":16,"key":"Strength Potion"},{"floor":17,"key":"BottledMiracle"}],"is_trial":false,"path_per_floor":["M","?","?","$","M","M","R","M","T","M","?","M","R","M","R","B",null,"M","M","?","?"],"character_chosen":"WATCHER","items_purchased":["BattleHymn"],"campfire_rested":1,"item_purchase_floors":[4],"current_hp_per_floor":[72,69,69,69,65,64,64,56,56,49,42,33,54,52,52,30,77,63,41,41,0,0],"gold":305,"neow_bonus":"BOSS_RELIC","is_daily":false,"chose_seed":false,"campfire_upgraded":2,"win_rate":0.0,"timestamp":1612825368,"path_taken":["M","?","?","$","M","M","R","M","T","M","?","M","R","?","R","BOSS","M","M","?","?"],"items_purchased_type":["Card"],"build_version":"2020-12-22","purchased_purges":0,"victory":false,"max_hp_per_floor":[72,72,72,72,72,72,72,72,72,72,72,72,72,72,72,72,77,77,77,77,77,77],"card_choices":[{"not_picked":["Fasting2","Tantrum"],"picked":"Prostrate","floor":1},{"not_picked":["CutThroughFate","ClearTheMind"],"picked":"WindmillStrike","floor":5},{"not_picked":["ClearTheMind","BowlingBash","WheelKick"],"picked":"SKIP","floor":6},{"not_picked":["CrushJoints","ClearTheMind"],"picked":"SashWhip","floor":8},{"not_picked":["Crescendo","EmptyFist","FlyingSleeves"],"picked":"SKIP","floor":10},{"not_picked":["Fasting2","CutThroughFate"],"picked":"Prostrate","floor":12},{"not_picked":["BattleHymn","Omniscience","FlyingSleeves"],"picked":"SKIP","floor":14},{"not_picked":["Blasphemy","Judgement"],"picked":"Devotion","floor":16},{"not_picked":["FearNoEvil","Meditate"],"picked":"PathToVictory","floor":17},{"not_picked":["Perseverance","Halt"],"picked":"Protect","floor":18},{"not_picked":["Protect","BattleHymn"],"picked":"ThirdEye","floor":19}],"player_experience":35567,"relics_obtained":[{"floor":9,"key":"Centennial Puzzle"}],"event_choices":[{"damage_healed":0,"gold_gain":0,"player_choice":"Fled","damage_taken":3,"max_hp_gain":0,"max_hp_loss":0,"event_name":"Scrap Ooze","floor":2,"gold_loss":0},{"damage_healed":0,"gold_gain":0,"cards_transformed":["Defend_P"],"player_choice":"Change","damage_taken":0,"max_hp_gain":0,"max_hp_loss":0,"event_name":"Living Wall","floor":3,"gold_loss":0,"cards_obtained":["BowlingBash"]},{"damage_healed":0,"gold_gain":0,"player_choice":"Damaged","damage_taken":7,"max_hp_gain":0,"max_hp_loss":0,"event_name":"Wheel of Change","floor":11,"gold_loss":0},{"damage_healed":0,"gold_gain":0,"player_choice":"Inject Mutagens","damage_taken":0,"relics_obtained":["MutagenicStrength"],"max_hp_gain":0,"max_hp_loss":0,"event_name":"Drug Dealer","floor":20,"gold_loss":0},{"damage_healed":0,"gold_gain":0,"player_choice":"Fought Bandits","damage_taken":0,"max_hp_gain":0,"max_hp_loss":0,"event_name":"Masked Bandits","floor":21,"gold_loss":0}],"is_beta":false,"boss_relics":[{"not_picked":["Velvet Choker","Sozu"],"picked":"Tiny House"}],"items_purged_floors":[],"is_endless":false,"potions_floor_spawned":[1,14,16,19],"killed_by":"Masked Bandits","ascension_level":0}}