{"host":"78azdv0oxplymbah","time":1612771258,"event":{"mods":["Aspiration","BaseMod","Better Third Choice","BetterRewards","Challenge The Spire","Conspire","Downfall","Highlight Path","Mimic Mod","Minty Spire (QoL Compilation)","MostiFishMod","Quick Restart","Relic Stats","Remove Card Discount Mod","Replay The Spire","RumiaBox-露米娅的神秘盒子","Spicy Shops","StSLib","TestMod","The Administrix","The Servant 0.9.4","UnlockEverythingMod","Waifu the Spire","【功能Mod】混沌之环修复补丁","【遗物卡牌】REMEMod"],"gold_per_floor":[99,99,99,99,197,197,197,236,248,283,283,306,319,339,358,466,466,466,481,481,491,491,514,540,567,596,614,28,28,20,47,67,67,67,67],"floor_reached":33,"language":"ZHS","playtime":1724,"items_purged":["ReplayTheSpireMod:Splinters","downfall:Icky","conspire:GhostlyStrike","conspire:GhostlyStrike","conspire:GhostlyDefend","conspire:GhostlyDefend","conspire:GhostlyDefend","conspire:GhostlyStrike","conspire:GhostlyStrike","hexamod:ThermalTransfer"],"score":302,"play_id":"0be6e2df-5742-40ab-bcc8-4853e5fd55c9","local_time":"20210208160058","is_ascension_mode":false,"campfire_choices":[{"data":"hexamod:Sear","floor":1.0,"key":"SMITH"},{"data":"hexamod:RadiantFlame","floor":11.0,"key":"SMITH"},{"floor":18.0,"key":"RECALL"}],"circlet_count":0,"master_deck":["conspire:GhostlyDefend","hexamod:Sear+1","hexamod:Float","hexamod:ChargedBarrage","hexamod:CatchUp","hexamod:Firestarter","hexamod:SecondSeal","hexamod:ChargedBarrage","Seeing Red","hexamod:BurningTouch+1","hexamod:SkipABeat","hexamod:RadiantFlame+1","hexamod:SixthSeal","hexamod:RadiantFlame","hexamod:HeatShield","hexamod:EtherealExpedition","hexamod:ParanormalForm","hexamod:BurningTouch+1","Slimebound:CheckThePlaybook","hexamod:EmpoweredFlame+1","sneckomod:UnknownBoss+1","hexamod:HeatShield+1","After Image+1","hexamod:HeatMetal","hexamod:HeatMetal","REME_BattleFury+1","downfall:Bewildered","hexamod:SecondSeal","hexamod:FirstSeal","hexamod:RainOfEmbers","hexamod:ExtraCrispy","hexamod:EmpoweredFlame"],"relics":["hexamod:SpiritBrand","DaveBox","REME_ComplimentaryCards","testmod-TestBox","testmod-HeartOfDaVinci","SynthV","downfall:HeartsMalice","Charon\u0027s Ashes","Blue Doll","Simple Rune","Odd Mushroom","aspiration:RitualDagger","sneckomod:ConfusingCodex","Shovel","BrkXgEgg","Prayer Wheel","aspiration:Nostalgia","Ring of the Snake","sneckomod:BabySnecko"],"acts_visited":["Exordium","TheCity"],"potions_floor_usage":[33],"damage_taken":[{"damage":0.0,"enemies":"Small Slimes","floor":2.0,"turns":1.0},{"damage":0.0,"enemies":"2 Louse","floor":3.0,"turns":1.0},{"damage":0.0,"enemies":"Jaw Worm","floor":4.0,"turns":1.0},{"damage":7.0,"enemies":"3 Sentries","floor":8.0,"turns":5.0},{"damage":5.0,"enemies":"Gremlin Gang","floor":9.0,"turns":3.0},{"damage":14.0,"enemies":"Lagavulin","floor":10.0,"turns":5.0},{"damage":6.0,"enemies":"2 Fungi Beasts","floor":12.0,"turns":3.0},{"damage":1.0,"enemies":"3 Louse","floor":13.0,"turns":2.0},{"damage":4.0,"enemies":"The Mushroom Lair","floor":14.0,"turns":3.0},{"damage":8.0,"enemies":"Exordium Thugs","floor":15.0,"turns":2.0},{"damage":12.0,"enemies":"IC_STATUS_ARCHETYPE","floor":16.0,"turns":3.0},{"damage":9.0,"enemies":"Chosen","floor":19.0,"turns":3.0},{"damage":16.0,"enemies":"Shell Parasite","floor":21.0,"turns":3.0},{"damage":16.0,"enemies":"Snake Plant","floor":23.0,"turns":2.0},{"damage":35.0,"enemies":"Centurion and Healer","floor":25.0,"turns":7.0},{"damage":6.0,"enemies":"conspire:Head Lice","floor":26.0,"turns":2.0},{"damage":26,"enemies":"conspire:HollyBat","floor":27,"turns":8},{"damage":12,"enemies":"downfall:FleeingMerchant","floor":28,"turns":4},{"damage":19,"enemies":"3 Cultists","floor":31,"turns":5},{"damage":6,"enemies":"Snecko","floor":32,"turns":2},{"damage":51,"enemies":"SI_MIRROR_ARCHETYPE","floor":33,"turns":6}],"seed_played":"-3991432190028943416","potions_obtained":[{"floor":9.0,"key":"bronze:BurnAndBuffPotion"},{"floor":10.0,"key":"Block Potion"},{"floor":13.0,"key":"Fire Potion"},{"floor":14.0,"key":"SkillPotion"},{"floor":15.0,"key":"Fire Potion"},{"floor":21.0,"key":"Swift Potion"},{"floor":25.0,"key":"Ancient Potion"},{"floor":27,"key":"LifebloodPotion"},{"floor":32,"key":"Fire Potion"}],"is_trial":false,"path_per_floor":["R","M","M","M","?","?","T","E","M","E","R","M","M","?","M","B",null,"R","M","?","M","T","M","T","M","E","M","$","?","?","M","M","B"],"character_chosen":"THE_SPIRIT","items_purchased":["BrkXgEgg","Prayer Wheel","aspiration:Nostalgia","hexamod:HeatMetal","REME_BattleFury+1"],"campfire_rested":0,"item_purchase_floors":[28,28,28,28,28],"current_hp_per_floor":[70,70,70,70,70,70,70,63,58,44,44,38,37,33,25,13,70,70,61,61,45,45,29,29,68,63,44,33,33,33,26,40,0,0,0],"gold":67,"neow_bonus":"THREE_ENEMY_KILL","is_daily":false,"chose_seed":false,"campfire_upgraded":2,"win_rate":0.0,"timestamp":1612771258,"path_taken":["R","M","M","M","?","?","T","E","M","E","R","?","?","?","M","BOSS","R","M","?","M","?","?","T","M","E","M","$","?","?","M","M","BOSS"],"items_purchased_type":["Relic","Relic","Relic","Card","Card"],"build_version":"2020-12-22","purchased_purges":10,"victory":false,"max_hp_per_floor":[70,70,70,70,70,70,70,70,70,70,70,70,70,70,70,70,70,70,70,70,70,70,70,70,70,70,70,70,70,70,70,70,70,70,70],"relic_stats":{"Shovel":0,"counters":[21,68],"Prayer Wheel":2,"Charon\u0027s Ashes":[360],"obtain_stats":[{"testmod-TestBox":0,"DaveBox":0,"SynthV":0,"aspiration:Nostalgia":28,"downfall:HeartsMalice":0,"Blue Doll":8,"Charon\u0027s Ashes":7,"BrkXgEgg":28,"Odd Mushroom":14,"sneckomod:BabySnecko":29,"Shovel":26,"sneckomod:ConfusingCodex":22,"Simple Rune":10,"Prayer Wheel":28,"aspiration:RitualDagger":17,"hexamod:SpiritBrand":0,"REME_ComplimentaryCards":0,"testmod-HeartOfDaVinci":0,"Ring of the Snake":28},{"testmod-TestBox":0,"DaveBox":0,"SynthV":0,"aspiration:Nostalgia":18,"downfall:HeartsMalice":0,"Blue Doll":4,"Charon\u0027s Ashes":3,"BrkXgEgg":18,"Odd Mushroom":9,"sneckomod:BabySnecko":18,"Shovel":16,"sneckomod:ConfusingCodex":13,"Simple Rune":6,"Prayer Wheel":18,"aspiration:RitualDagger":11,"hexamod:SpiritBrand":0,"REME_ComplimentaryCards":0,"testmod-HeartOfDaVinci":0,"Ring of the Snake":18},{"testmod-TestBox":0,"DaveBox":0,"SynthV":0,"aspiration:Nostalgia":55,"downfall:HeartsMalice":0,"Blue Doll":5,"Charon\u0027s Ashes":0,"BrkXgEgg":55,"Odd Mushroom":21,"sneckomod:BabySnecko":55,"Shovel":43,"sneckomod:ConfusingCodex":32,"Simple Rune":13,"Prayer Wheel":55,"aspiration:RitualDagger":26,"hexamod:SpiritBrand":0,"REME_ComplimentaryCards":0,"testmod-HeartOfDaVinci":0,"Ring of the Snake":55}],"Ring of the Snake":[6]},"card_choices":[{"not_picked":["hexamod:NecessarySacrifice","hexamod:RainOfEmbers"],"picked":"hexamod:ChargedBarrage","floor":2.0},{"not_picked":["hexamod:NightmareStrike","hexamod:NecessarySacrifice"],"picked":"hexamod:CatchUp","floor":3.0},{"not_picked":["hexamod:GhostLash","hexamod:FirstSeal"],"picked":"hexamod:ThermalTransfer","floor":4.0},{"not_picked":["hexamod:RetreatToShadows","hexamod:HeatMetal"],"picked":"hexamod:Firestarter","floor":5.0},{"not_picked":["hexamod:GhostflameBarrier","hexamod:BacktrackSmack"],"picked":"hexamod:SecondSeal","floor":5.0},{"not_picked":["hexamod:PhantomCloak","hexamod:HeatShield"],"picked":"hexamod:ChargedBarrage","floor":5.0},{"not_picked":["hexamod:HauntingEcho","hexamod:Hexaguard"],"picked":"hexamod:BurningTouch","floor":8.0},{"not_picked":["hexamod:ThermalTransfer","hexamod:ShieldOfDarkness"],"picked":"hexamod:SkipABeat","floor":9.0},{"not_picked":["hexamod:GhostShield","hexamod:SpectersWail"],"picked":"hexamod:RadiantFlame","floor":10.0},{"not_picked":["hexamod:Haunt","hexamod:GhostShield"],"picked":"hexamod:SixthSeal","floor":12.0},{"not_picked":["hexamod:GhostflameBarrier","hexamod:BurningTouch"],"picked":"hexamod:RadiantFlame","floor":13.0},{"not_picked":["hexamod:SwordOfDarkness","hexamod:RetreatToShadows"],"picked":"hexamod:HeatShield","floor":14.0},{"not_picked":["hexamod:NightmareGuise","hexamod:RecurringNightmare"],"picked":"hexamod:EtherealExpedition","floor":15.0},{"not_picked":["hexamod:UnleashSpirits","hexamod:UnlimitedPower"],"picked":"hexamod:ParanormalForm","floor":16.0},{"not_picked":["hexamod:GhostOfSpirePast","hexamod:Hexaguard"],"picked":"hexamod:BurningTouch+1","floor":19.0},{"not_picked":["hexamod:NightmareGuise","hexamod:BurningTouch"],"picked":"hexamod:EmpoweredFlame","floor":21.0},{"not_picked":["hexamod:NightmareGuise","hexamod:NightmareStrike","hexamod:GhostLash"],"picked":"SKIP","floor":23.0},{"not_picked":["hexamod:HeatShield","hexamod:GhostShield","hexamod:ShieldOfDarkness+1"],"picked":"SKIP","floor":25.0},{"not_picked":["hexamod:GhostShield+1","hexamod:RecurringNightmare","hexamod:ParanormalForm"],"picked":"SKIP","floor":26.0},{"not_picked":["hexamod:ThermalTransfer","hexamod:HauntingEcho","hexamod:SwordOfDarkness"],"picked":"SKIP","floor":27},{"not_picked":["hexamod:FirstSeal","hexamod:Hexaguard+1"],"picked":"hexamod:HeatShield+1","floor":28},{"not_picked":["hexamod:FourthSeal","hexamod:GhostShield"],"picked":"hexamod:FirstSeal","floor":31},{"not_picked":["hexamod:BacktrackSmack+1","hexamod:Firestarter+1"],"picked":"hexamod:RainOfEmbers","floor":31},{"not_picked":["hexamod:VolcanoVisage+1","hexamod:CatchUp"],"picked":"hexamod:ExtraCrispy","floor":32},{"not_picked":["hexamod:SpectersWail","hexamod:Incineration"],"picked":"hexamod:EmpoweredFlame","floor":32}],"player_experience":58241,"relics_obtained":[{"floor":7.0,"key":"Charon\u0027s Ashes"},{"floor":8.0,"key":"Blue Doll"},{"floor":10.0,"key":"Simple Rune"},{"floor":14.0,"key":"Odd Mushroom"},{"floor":22.0,"key":"sneckomod:ConfusingCodex"},{"floor":26.0,"key":"Shovel"}],"event_choices":[{"damage_healed":0.0,"max_hp_gain":0.0,"max_hp_loss":0.0,"gold_gain":0.0,"event_name":"conspire:LoneGhost","player_choice":"Agree","floor":6.0,"gold_loss":0.0,"damage_taken":0.0},{"damage_healed":0.0,"max_hp_gain":0.0,"max_hp_loss":0.0,"gold_gain":0.0,"event_name":"Mushrooms","player_choice":"Fought Mushrooms","floor":14.0,"gold_loss":0.0,"damage_taken":0.0}],"is_beta":false,"boss_relics":[{"not_picked":["EE1DDrone","RhineFirstAidKit"],"picked":"aspiration:RitualDagger"}],"items_purged_floors":[28,28,28,28,28,28,28,28,28,28],"is_endless":false,"potions_floor_spawned":[9,10,13,14,15,21,25,27,31,32],"killed_by":"SI_MIRROR_ARCHETYPE","ascension_level":0}}