{"host":"qhn6g0owdgjb77rz","time":1612753039,"event":{"mods":["BaseMod","BetterRewards","Colored Map","Downfall","Minty Spire (QoL Compilation)","Relic Sorter","Reliquary","Spire Arcade","StSLib"],"gold_per_floor":[114,130,130,130,130,130,165,165,165,165,205,205,228,266,266,362,362,381,381,651,671,685,685,725,725,725,769,788,828,846,356,356,450,450,474,492,505,250,250,294,294,309,309,309,55,55,73,87,87,87],"floor_reached":51,"language":"ENG","playtime":1824,"items_purged":["Strike_R+1"],"score":1816,"play_id":"3e76bf15-458d-4364-a9f1-a6279df6dca8","local_time":"20210208115719","is_ascension_mode":true,"campfire_choices":[{"data":"Wild Strike","floor":6.0,"key":"SMITH"},{"data":"Pommel Strike","floor":8,"key":"SMITH"},{"data":"True Grit","floor":10,"key":"SMITH"},{"data":"Pain","floor":15,"key":"PURGE"},{"data":"Fire Breathing","floor":23,"key":"SMITH"},{"data":"Injury","floor":25,"key":"PURGE"},{"data":"Clumsy","floor":32,"key":"PURGE"},{"data":"Fire Breathing","floor":41,"key":"SMITH"},{"data":"Shame","floor":44,"key":"PURGE"},{"data":"Brutality","floor":46,"key":"SMITH"},{"data":"Dark Embrace","floor":49,"key":"SMITH"}],"circlet_count":0,"master_deck":["AscendersBane","Strike_R+1","Strike_R+1","Strike_R+1","Defend_R+1","Defend_R+1","Defend_R+1","Defend_R+1","Bash","Fire Breathing+1","True Grit+1","Wild Strike+1","Reckless Charge","Pommel Strike+1","Wild Strike","Fire Breathing+1","Power Through","True Grit","Battle Trance","Shrug It Off+1","Shrug It Off","Secret Weapon","Impervious","Wild Strike+1","Master of Strategy","Fire Breathing+1","Fire Breathing+1","Brutality+1","Battle Trance","Dark Embrace+1","True Grit+1"],"relics":["Burning Blood","Peace Pipe","TheAbacus","Golden Idol","Whetstone","Meat on the Bone","Oddly Smooth Stone","WarpedTongs","Guardian:PocketSentry","Cursed Key","Lizard Tail","reliquary:BallBearing","reliquary:OuijaBoard","StoneCalendar","reliquary:Firecrackers","Coffee Dripper","Bottled Flame","Mummified Hand","bronze:BronzeIdol"],"acts_visited":["Exordium","TheCity","TheBeyond"],"potions_floor_usage":[24,33,35,42],"damage_taken":[{"damage":7.0,"enemies":"Jaw Worm","floor":1.0,"turns":4.0},{"damage":0.0,"enemies":"2 Louse","floor":2.0,"turns":2.0},{"damage":32.0,"enemies":"Gremlin Nob","floor":7.0,"turns":4.0},{"damage":5,"enemies":"3 Sentries","floor":11,"turns":3},{"damage":2,"enemies":"Small Slimes","floor":13,"turns":3},{"damage":42,"enemies":"Lagavulin","floor":14,"turns":4},{"damage":20,"enemies":"Hexaghost","floor":16,"turns":7},{"damage":26,"enemies":"2 Thieves","floor":18,"turns":4},{"damage":0,"enemies":"Spheric Guardian","floor":21,"turns":1},{"damage":19,"enemies":"3 Cultists","floor":22,"turns":5},{"damage":16,"enemies":"Slavers","floor":24,"turns":5},{"damage":33,"enemies":"Gremlin Leader","floor":27,"turns":4},{"damage":2,"enemies":"Centurion and Healer","floor":28,"turns":4},{"damage":14,"enemies":"Book of Stabbing","floor":29,"turns":5},{"damage":7,"enemies":"Snake Plant","floor":30,"turns":3},{"damage":29,"enemies":"Collector","floor":33,"turns":7},{"damage":10,"enemies":"3 Darklings","floor":35,"turns":5},{"damage":0,"enemies":"Orb Walker","floor":36,"turns":3},{"damage":0,"enemies":"4 Shapes","floor":37,"turns":3},{"damage":49,"enemies":"Reptomancer","floor":40,"turns":5},{"damage":30,"enemies":"Spire Growth","floor":42,"turns":4},{"damage":3,"enemies":"3 Darklings","floor":47,"turns":3},{"damage":3,"enemies":"Sphere and 2 Shapes","floor":48,"turns":4},{"damage":76,"enemies":"Time Eater","floor":50,"turns":10}],"seed_played":"-5455610808286094057","potions_obtained":[{"floor":11,"key":"Energy Potion"},{"floor":16,"key":"Guardian:BlockOnCardUsePotion"},{"floor":24,"key":"GamblersBrew"},{"floor":33,"key":"LiquidMemories"},{"floor":37,"key":"BloodPotion"},{"floor":42,"key":"DistilledChaos"}],"is_trial":false,"path_per_floor":["M","M","?","?","?","R","E","R","T","R","E","?","M","E","R","B",null,"M","?","?","M","M","R","E","R","T","E","M","E","M","$","R","B",null,"M","M","M","$","?","E","R","M","T","R","$","R","M","M","R","B",null],"character_chosen":"IRONCLAD","items_purchased":["Fire Breathing","True Grit","Wild Strike","TheAbacus","reliquary:Firecrackers","Secret Weapon","Master of Strategy","bronze:BronzeIdol","Battle Trance"],"campfire_rested":0,"item_purchase_floors":[0,0,0,0,31,31,38,45,45],"current_hp_per_floor":[67,73,66,66,66,66,40,40,40,40,53,53,57,33,33,31,64,44,44,17,35,34,34,36,36,36,21,37,41,52,52,52,41,67,63,69,75,75,75,44,44,47,47,47,47,47,50,53,53,39],"gold":87,"neow_bonus":"","is_daily":false,"chose_seed":false,"campfire_upgraded":7,"win_rate":0.0,"timestamp":1612753039,"path_taken":["M","M","?","?","?","R","E","R","T","R","E","?","M","E","R","BOSS","M","?","?","?","M","R","E","R","T","E","M","E","M","$","R","BOSS","M","M","?","$","?","E","R","M","T","R","$","R","M","?","R","BOSS"],"items_purchased_type":["Card","Card","Card","Relic","Relic","Card","Card","Relic","Card"],"build_version":"2020-12-22","purchased_purges":1,"victory":true,"max_hp_per_floor":[75,75,75,75,75,75,75,75,75,75,75,75,75,75,75,75,75,75,75,75,75,75,75,75,75,75,75,75,75,75,75,75,75,75,75,75,75,75,75,75,75,75,75,75,75,75,75,75,75,75],"card_choices":[{"not_picked":["Havoc","Seeing Red"],"picked":"Reckless Charge","floor":1.0},{"not_picked":["Body Slam","Cleave","Pommel Strike"],"picked":"SKIP","floor":2.0},{"not_picked":["Limit Break","Sword Boomerang"],"picked":"Pommel Strike","floor":7},{"not_picked":["Heavy Blade","Iron Wave"],"picked":"Wild Strike","floor":11},{"not_picked":["Anger","Perfected Strike","Flex"],"picked":"SKIP","floor":13},{"not_picked":["Feel No Pain","Impervious"],"picked":"Fire Breathing","floor":14},{"not_picked":["Perfected Strike","Warcry","Bloodletting"],"picked":"SKIP","floor":18},{"not_picked":["Flex","Hemokinesis"],"picked":"Power Through","floor":21},{"not_picked":["Whirlwind","Pummel","Body Slam"],"picked":"SKIP","floor":22},{"not_picked":["Thunderclap+1","Clash","Flex"],"picked":"SKIP","floor":24},{"not_picked":["Body Slam","Havoc"],"picked":"True Grit","floor":27},{"not_picked":["Searing Blow+1","Flame Barrier"],"picked":"Battle Trance","floor":28},{"not_picked":["Demon Form","Pummel"],"picked":"Shrug It Off+1","floor":29},{"not_picked":["Perfected Strike","Warcry"],"picked":"Shrug It Off","floor":30},{"not_picked":["Feed","Limit Break"],"picked":"Impervious","floor":33},{"not_picked":["True Grit","Headbutt","Clash+1"],"picked":"SKIP","floor":35},{"not_picked":["Body Slam","Armaments"],"picked":"Wild Strike+1","floor":36},{"not_picked":["Iron Wave+1","Warcry","True Grit"],"picked":"SKIP","floor":37},{"not_picked":["Rupture","Clash"],"picked":"Fire Breathing","floor":40},{"not_picked":["Infernal Blade+1","Ghostly Armor"],"picked":"Brutality","floor":42},{"not_picked":["Havoc","Headbutt"],"picked":"Dark Embrace","floor":47},{"not_picked":["Perfected Strike","Infernal Blade"],"picked":"True Grit+1","floor":48}],"player_experience":676177,"relics_obtained":[{"floor":7,"key":"Whetstone"},{"floor":9,"key":"Meat on the Bone"},{"floor":11,"key":"Oddly Smooth Stone"},{"floor":14,"key":"Guardian:PocketSentry"},{"floor":24,"key":"Lizard Tail"},{"floor":26,"key":"reliquary:BallBearing"},{"floor":27,"key":"reliquary:OuijaBoard"},{"floor":29,"key":"StoneCalendar"},{"floor":40,"key":"Bottled Flame"},{"floor":43,"key":"Mummified Hand"}],"event_choices":[{"cards_removed":["Strike_R"],"damage_healed":0.0,"max_hp_gain":0.0,"max_hp_loss":0.0,"gold_gain":0.0,"event_name":"Golden Wing","player_choice":"Card Removal","floor":3.0,"gold_loss":0.0,"damage_taken":7.0},{"damage_healed":0.0,"max_hp_gain":0.0,"max_hp_loss":0.0,"gold_gain":0.0,"event_name":"Living Wall","player_choice":"Grow","floor":4.0,"gold_loss":0.0,"damage_taken":0.0,"cards_upgraded":["Fire Breathing"]},{"damage_healed":0.0,"max_hp_gain":0.0,"max_hp_loss":0.0,"gold_gain":0.0,"event_name":"Golden Idol","player_choice":"Take Wound","floor":5.0,"gold_loss":0.0,"damage_taken":0.0,"relics_obtained":["Golden Idol"],"cards_obtained":["Injury"]},{"damage_healed":0,"gold_gain":0,"player_choice":"Rummage","damage_taken":0,"relics_obtained":["WarpedTongs"],"max_hp_gain":0,"max_hp_loss":0,"event_name":"Accursed Blacksmith","floor":12,"gold_loss":0,"cards_obtained":["Pain"]},{"damage_healed":0,"gold_gain":0,"player_choice":"Simplicity","damage_taken":0,"max_hp_gain":0,"max_hp_loss":0,"event_name":"Back to Basics","floor":19,"gold_loss":0,"cards_upgraded":["Strike_R","Strike_R","Defend_R","Defend_R","Defend_R","Defend_R"]},{"damage_healed":0,"gold_gain":270,"player_choice":"GOLD GOLD GOLD ","damage_taken":27,"max_hp_gain":0,"max_hp_loss":0,"event_name":"Knowing Skull","floor":20,"potions_obtained":[],"gold_loss":0,"cards_obtained":[]},{"damage_healed":0,"gold_gain":0,"player_choice":"Copied","damage_taken":0,"max_hp_gain":0,"max_hp_loss":0,"event_name":"Duplicator","floor":39,"gold_loss":0,"cards_obtained":["Fire Breathing"]}],"is_beta":false,"boss_relics":[{"not_picked":["SacredBark","SlaversCollar"],"picked":"Cursed Key"},{"not_picked":["Philosopher\u0027s Stone","Pandora\u0027s Box"],"picked":"Coffee Dripper"}],"items_purged_floors":[38],"is_endless":false,"potions_floor_spawned":[11,16,22,24,27,33,37,42,47,48],"ascension_level":18}}