{"host":"8lno9xwgef3sjccz","time":1612744636,"event":{"mods":["AchievementEnabler","BaseMod","Minty Spire (QoL Compilation)","Relic Stats"],"gold_per_floor":[111,121,121,71,91,125,125,150,150,184,239,112,170,197,197,301,301,288,288,308,319,334,364,375,375,375,130,130,130],"floor_reached":28,"language":"ENG","playtime":1556,"items_purged":["Strike_R","Strike_R"],"score":279,"play_id":"a23d5459-e0f1-4f97-95ab-661edf31ca03","local_time":"20210207193716","is_ascension_mode":true,"campfire_choices":[{"data":"Cleave","floor":7,"key":"SMITH"},{"data":"Clothesline","floor":15,"key":"SMITH"},{"data":"Bash","floor":25,"key":"SMITH"}],"circlet_count":0,"master_deck":["Strike_R","Strike_R","Strike_R","Defend_R","Defend_R","Defend_R","Bash+1","Cleave+1","Shrug It Off","Iron Wave","Dual Wield","Sentinel","Clothesline+1","Corruption+1","True Grit+1","Anger+1","Entrench+1","Headbutt+1","Inflame","Spot Weakness"],"relics":["Coffee Dripper","Anchor","Singing Bowl","MealTicket","Thread and Needle","Sundial","Omamori","Black Star","Ancient Tea Set","Blood Vial","Shovel"],"acts_visited":["Exordium","TheCity"],"potions_floor_usage":[16,16,16,18,24,24,28],"damage_taken":[{"damage":0,"enemies":"2 Louse","floor":1,"turns":2},{"damage":0,"enemies":"Small Slimes","floor":2,"turns":4},{"damage":6,"enemies":"Jaw Worm","floor":5,"turns":2},{"damage":14,"enemies":"Lagavulin","floor":6,"turns":6},{"damage":14,"enemies":"Gremlin Nob","floor":8,"turns":3},{"damage":13,"enemies":"Lagavulin","floor":10,"turns":5},{"damage":6,"enemies":"3 Sentries","floor":13,"turns":5},{"damage":13,"enemies":"Gremlin Nob","floor":14,"turns":4},{"damage":2,"enemies":"Hexaghost","floor":16,"turns":11},{"damage":3,"enemies":"2 Thieves","floor":18,"turns":4},{"damage":10,"enemies":"Shell Parasite","floor":20,"turns":7},{"damage":20,"enemies":"Cultist and Chosen","floor":21,"turns":7},{"damage":2,"enemies":"Centurion and Healer","floor":22,"turns":8},{"damage":31,"enemies":"Book of Stabbing","floor":23,"turns":7},{"damage":3,"enemies":"Shelled Parasite and Fungi","floor":24,"turns":8},{"damage":44,"enemies":"Gremlin Leader","floor":28,"turns":5}],"seed_played":"-4004018992227461303","potions_obtained":[{"floor":1,"key":"Swift Potion"},{"floor":13,"key":"LiquidMemories"},{"floor":14,"key":"EssenceOfSteel"},{"floor":16,"key":"SkillPotion"},{"floor":22,"key":"SteroidPotion"},{"floor":23,"key":"SpeedPotion"},{"floor":24,"key":"AttackPotion"}],"is_trial":false,"path_per_floor":["M","M","?","?","M","E","R","E","T","E","?","$","?","E","R","B",null,"M","?","M","M","M","E","M","R","T","$","E"],"character_chosen":"IRONCLAD","items_purchased":["Weak Potion","Inflame","Spot Weakness"],"campfire_rested":0,"item_purchase_floors":[12,27,27],"current_hp_per_floor":[80,80,80,80,74,60,60,48,48,35,35,50,46,33,33,31,84,83,83,73,53,53,22,21,21,21,36,0,0],"gold":130,"neow_bonus":"BOSS_RELIC","is_daily":false,"chose_seed":false,"campfire_upgraded":3,"win_rate":0.0,"timestamp":1612744636,"path_taken":["M","M","?","?","M","E","R","E","T","E","?","?","?","E","R","BOSS","M","?","M","M","?","E","M","R","T","$","E"],"items_purchased_type":["Potion","Card","Card"],"build_version":"2020-12-22","purchased_purges":2,"victory":false,"max_hp_per_floor":[80,80,80,80,80,80,80,82,82,82,82,82,84,84,84,84,84,86,86,86,86,88,88,88,88,88,88,88,88],"relic_stats":{"Blood Vial":4,"Shovel":0,"Singing Bowl":8,"counters":[16,88],"Sundial":[10],"MealTicket":30,"Black Star":1,"obtain_stats":[{"Blood Vial":23,"Anchor":6,"Shovel":26,"Singing Bowl":8,"Sundial":13,"MealTicket":9,"Thread and Needle":10,"Coffee Dripper":0,"Omamori":14,"Black Star":17,"Ancient Tea Set":23,"Burning Blood":0},{"Blood Vial":14,"Anchor":4,"Shovel":15,"Singing Bowl":5,"Sundial":7,"MealTicket":5,"Thread and Needle":6,"Coffee Dripper":0,"Omamori":8,"Black Star":9,"Ancient Tea Set":14,"Burning Blood":0},{"Blood Vial":75,"Anchor":14,"Shovel":83,"Singing Bowl":17,"Sundial":27,"MealTicket":17,"Thread and Needle":22,"Coffee Dripper":0,"Omamori":31,"Black Star":42,"Ancient Tea Set":75,"Burning Blood":0}]},"card_choices":[{"not_picked":["Battle Trance","Thunderclap"],"picked":"Cleave","floor":1},{"not_picked":["Intimidate","Flex"],"picked":"Shrug It Off","floor":2},{"not_picked":["Body Slam","Flex"],"picked":"Iron Wave","floor":5},{"not_picked":["Shrug It Off","Bloodletting"],"picked":"Dual Wield","floor":6},{"not_picked":["Clothesline","Rupture","Offering"],"picked":"Singing Bowl","floor":8},{"not_picked":["Power Through","Evolve"],"picked":"Sentinel","floor":10},{"not_picked":["Headbutt","Havoc","Shrug It Off"],"picked":"Singing Bowl","floor":13},{"not_picked":["Second Wind","Burning Pact"],"picked":"Clothesline","floor":14},{"not_picked":["Feed","Limit Break"],"picked":"Corruption","floor":16},{"not_picked":["Body Slam","Iron Wave","Heavy Blade"],"picked":"Singing Bowl","floor":18},{"not_picked":["Shrug It Off","Wild Strike"],"picked":"True Grit+1","floor":20},{"not_picked":["Headbutt","Battle Trance"],"picked":"Anger+1","floor":21},{"not_picked":["True Grit","Cleave","Iron Wave"],"picked":"Singing Bowl","floor":22},{"not_picked":["Warcry","Pommel Strike"],"picked":"Entrench+1","floor":23},{"not_picked":["Cleave","Warcry"],"picked":"Headbutt+1","floor":24}],"player_experience":110494,"relics_obtained":[{"floor":6,"key":"Anchor"},{"floor":8,"key":"Singing Bowl"},{"floor":9,"key":"MealTicket"},{"floor":10,"key":"Thread and Needle"},{"floor":13,"key":"Sundial"},{"floor":14,"key":"Omamori"},{"floor":23,"key":"Ancient Tea Set"},{"floor":23,"key":"Blood Vial"},{"floor":26,"key":"Shovel"}],"event_choices":[{"damage_healed":0,"gold_gain":0,"player_choice":"Ignored","damage_taken":0,"max_hp_gain":0,"max_hp_loss":0,"event_name":"Liars Game","floor":3,"gold_loss":0},{"cards_removed":["Defend_R"],"damage_healed":0,"gold_gain":0,"player_choice":"Card Removal","damage_taken":0,"max_hp_gain":0,"max_hp_loss":0,"event_name":"The Cleric","floor":4,"gold_loss":50},{"damage_healed":0,"gold_gain":55,"player_choice":"Gained Gold","damage_taken":0,"max_hp_gain":0,"max_hp_loss":0,"event_name":"Golden Wing","floor":11,"gold_loss":0},{"damage_healed":0,"gold_gain":0,"player_choice":"Searched \u00271\u0027 times","damage_taken":0,"max_hp_gain":0,"max_hp_loss":0,"event_name":"Dead Adventurer","floor":13,"gold_loss":0},{"damage_healed":0,"gold_gain":0,"player_choice":"Forge","damage_taken":0,"max_hp_gain":0,"max_hp_loss":0,"event_name":"Accursed Blacksmith","floor":19,"gold_loss":0,"cards_upgraded":["Corruption"]}],"is_beta":false,"boss_relics":[{"not_picked":["Fusion Hammer","Cursed Key"],"picked":"Black Star"}],"items_purged_floors":[12,27],"is_endless":false,"potions_floor_spawned":[1,13,14,16,22,23,24],"killed_by":"Gremlin Leader","ascension_level":1}}