{"host":"oehe2dxjvdgux73m","time":1612795200,"event":{"mods":["AchievementEnabler","BaseMod","Colored Map","Colored Powertips","DeckTracker","Keyboard Shortcuts","Minty Spire (QoL Compilation)","Permanent Neow","Quick Restart","StSLib","SuperFastMode"],"gold_per_floor":[114,131,147,107,126,126,144,173,226,226,226],"floor_reached":10,"language":"KOR","playtime":206,"items_purged":[],"score":140,"play_id":"9252fceb-1937-4b1a-9b4a-5b8f7fadec42","local_time":"20210208234000","is_ascension_mode":true,"campfire_choices":[{"data":"Dagger Spray","floor":6.0,"key":"SMITH"}],"circlet_count":0,"master_deck":["AscendersBane","Strike_G","Strike_G","Strike_G","Defend_G","Defend_G","Defend_G","Defend_G","Defend_G","Survivor","Neutralize","All Out Attack","Dagger Spray+1","Footwork","Flying Knee","Calculated Gamble"],"relics":["Ring of the Snake","Matryoshka","Sundial","Ancient Tea Set"],"acts_visited":["Exordium"],"potions_floor_usage":[8],"damage_taken":[{"damage":9.0,"enemies":"Jaw Worm","floor":1.0,"turns":10.0},{"damage":3.0,"enemies":"Small Slimes","floor":2.0,"turns":4.0},{"damage":5.0,"enemies":"2 Louse","floor":3.0,"turns":2.0},{"damage":1.0,"enemies":"Looter","floor":4.0,"turns":4.0},{"damage":1.0,"enemies":"3 Louse","floor":5.0,"turns":2.0},{"damage":20.0,"enemies":"Large Slime","floor":7.0,"turns":8.0},{"damage":18,"enemies":"3 Sentries","floor":8,"turns":4},{"damage":24,"enemies":"Gremlin Nob","floor":10,"turns":3}],"seed_played":"6181328511132738218","potions_obtained":[{"floor":2.0,"key":"Strength Potion"},{"floor":5.0,"key":"Weak Potion"},{"floor":7.0,"key":"LiquidBronze"}],"is_trial":false,"path_per_floor":["M","M","M","M","M","R","M","E","T","E"],"character_chosen":"THE_SILENT","items_purchased":[],"campfire_rested":0,"item_purchase_floors":[],"current_hp_per_floor":[50,47,42,41,40,40,20,2,2,0,0],"gold":226,"neow_bonus":"REMOVE_TWO","is_daily":false,"chose_seed":false,"campfire_upgraded":1,"win_rate":0.0,"timestamp":1612795200,"path_taken":["M","M","M","M","M","R","M","E","T","E"],"items_purchased_type":[],"build_version":"2020-12-22","purchased_purges":0,"victory":false,"max_hp_per_floor":[60,60,60,60,60,60,60,60,60,60,60],"card_choices":[{"not_picked":["Dodge and Roll","Flechettes"],"picked":"All Out Attack","floor":1.0},{"not_picked":["Poisoned Stab","Flying Knee"],"picked":"Dagger Spray","floor":2.0},{"not_picked":["Endless Agony","Dagger Spray","Finisher"],"picked":"SKIP","floor":3.0},{"not_picked":["Dodge and Roll","Slice"],"picked":"Footwork","floor":4.0},{"not_picked":["Outmaneuver","Finisher"],"picked":"Flying Knee","floor":5.0},{"not_picked":["Poisoned Stab","Bane","Deflect"],"picked":"SKIP","floor":7.0},{"not_picked":["Dagger Spray","Blade Dance"],"picked":"Calculated Gamble","floor":8}],"player_experience":421422,"relics_obtained":[{"floor":8,"key":"Matryoshka"},{"floor":9,"key":"Sundial"},{"floor":9,"key":"Ancient Tea Set"}],"event_choices":[],"is_beta":false,"boss_relics":[],"items_purged_floors":[],"is_endless":false,"potions_floor_spawned":[2,5,7],"killed_by":"Gremlin Nob","ascension_level":20}}