{"host":"Cenci","time":1612791760,"event":{"mods":["BaseMod","Downfall","Highlight Path","Minty Spire (QoL Compilation)","StSLib"],"gold_per_floor":[99,99,99,99,199,35,88,2,2,22,22,54,70,70,84,186,186,86,97,97,97,97],"floor_reached":20,"language":"ENG","playtime":951,"items_purged":[],"score":193,"play_id":"9431ce45-dd7d-4600-823d-b124252301fd","local_time":"20210208144240","is_ascension_mode":true,"campfire_choices":[{"floor":1,"key":"RECALL"},{"data":"sneckomod:MasterEye","floor":11,"key":"SMITH"},{"data":"sneckomod:SnekBite","floor":18,"key":"SMITH"}],"circlet_count":0,"master_deck":["sneckomod:Strike+1","sneckomod:Defend","sneckomod:Defend","sneckomod:TailWhip","sneckomod:SnekBite+1","sneckomod:Unknown+1","sneckomod:RainOfDice+1","sneckomod:UnknownDraw","sneckomod:UnknownBoss+1","sneckomod:RainOfDice","sneckomod:WideSting","Guardian:DonusPower","sneckomod:MasterEye+1","sneckomod:ImprovisedGuard","LessonLearned+1","sneckomod:UnknownBlock","sneckomod:Mudshield","Discovery","sneckomod:UnknownCommonSkill"],"relics":["sneckomod:SuperSneckoSoul","downfall:HeartsMalice","PreservedInsect","Tiny Chest","downfall:BrokenWingStatue","downfall:HeartBlessingRed"],"acts_visited":["Exordium","TheCity"],"potions_floor_usage":[16],"damage_taken":[{"damage":0,"enemies":"Small Slimes","floor":2,"turns":1},{"damage":0,"enemies":"Cultist","floor":4,"turns":1},{"damage":0,"enemies":"downfall:Heads","floor":5,"turns":1},{"damage":10,"enemies":"downfall:FleeingMerchant","floor":6,"turns":4},{"damage":15,"enemies":"downfall:FleeingMerchant","floor":8,"turns":4},{"damage":14,"enemies":"Jaw Worm","floor":10,"turns":4},{"damage":40,"enemies":"Lagavulin","floor":12,"turns":5},{"damage":20,"enemies":"3 Louse","floor":13,"turns":2},{"damage":6,"enemies":"Blue Slaver","floor":15,"turns":4},{"damage":18,"enemies":"IC_STATUS_ARCHETYPE","floor":16,"turns":8},{"damage":33,"enemies":"Shell Parasite","floor":19,"turns":6},{"damage":26,"enemies":"Shelled Parasite and Fungi","floor":20,"turns":2}],"seed_played":"1874903037677407998","potions_obtained":[{"floor":5,"key":"SpeedPotion"},{"floor":12,"key":"EntropicBrew"},{"floor":16,"key":"SpeedPotion"}],"is_trial":false,"path_per_floor":["R","M","?","M","?","$","T","$","R","M","R","E","M","?","M","B",null,"R","M","M"],"character_chosen":"THE_SNECKO","items_purchased":["sneckomod:UnknownRareAttack","sneckomod:RainOfDice","sneckomod:WideSting"],"campfire_rested":0,"item_purchase_floors":[6,8,8],"current_hp_per_floor":[90,90,90,90,90,80,80,65,65,51,51,15,30,30,24,12,90,90,57,31,31,31],"gold":97,"neow_bonus":"THREE_ENEMY_KILL","is_daily":false,"chose_seed":false,"campfire_upgraded":2,"win_rate":0.0,"timestamp":1612791760,"path_taken":["R","M","?","?","?","?","T","$","R","M","R","E","M","?","M","BOSS","R","M","M"],"items_purchased_type":["Card","Card","Card"],"build_version":"2020-11-17","purchased_purges":0,"victory":false,"max_hp_per_floor":[90,90,90,90,90,90,90,90,90,90,90,90,90,90,90,90,90,90,90,90,90,90],"card_choices":[{"not_picked":["sneckomod:UnknownBlock","sneckomod:SoulDraw"],"picked":"sneckomod:RainOfDice","floor":2},{"not_picked":["sneckomod:QuickMove","sneckomod:UnknownCommonSkill","sneckomod:SoulDraw"],"picked":"SKIP","floor":4},{"not_picked":["sneckomod:QuickMove","sneckomod:DiceBlock"],"picked":"sneckomod:UnknownDraw","floor":5},{"not_picked":["sneckomod:UnknownDraw","sneckomod:SoulCleanse","sneckomod:SoulDraw"],"picked":"SKIP","floor":6},{"not_picked":["sneckomod:GlitteringGambit","sneckomod:WideSting"],"picked":"sneckomod:UnknownColorless","floor":8},{"not_picked":["sneckomod:QuickMove","sneckomod:SoulRoll"],"picked":"sneckomod:MasterEye","floor":10},{"not_picked":["sneckomod:SnakeSap","sneckomod:UnknownCommonAttack"],"picked":"sneckomod:ImprovisedGuard","floor":12},{"not_picked":["sneckomod:UnknownWeak","sneckomod:Unknown2Cost"],"picked":"sneckomod:Memorize","floor":13},{"not_picked":["sneckomod:DiceBlock","sneckomod:Unknown0Cost"],"picked":"sneckomod:UnknownBlock","floor":15},{"not_picked":["sneckomod:UnknownRareSkill","sneckomod:DangerNoodle"],"picked":"sneckomod:Mudshield","floor":16},{"not_picked":["sneckomod:SoulDraw","sneckomod:DiceCrush"],"picked":"sneckomod:UnknownCommonSkill","floor":19}],"player_experience":295197,"relics_obtained":[{"floor":7,"key":"PreservedInsect"},{"floor":12,"key":"Tiny Chest"}],"event_choices":[{"cards_removed":["sneckomod:Strike"],"damage_healed":0,"gold_gain":0,"player_choice":"Offered Basic","damage_taken":0,"max_hp_gain":0,"max_hp_loss":0,"event_name":"Bonfire Elementals","floor":3,"gold_loss":0}],"is_beta":true,"boss_relics":[{"not_picked":["Astrolabe","bronze:MakeshiftBattery"],"picked":"sneckomod:SuperSneckoSoul"}],"items_purged_floors":[],"is_endless":false,"potions_floor_spawned":[5,12,16],"killed_by":"Shelled Parasite and Fungi","ascension_level":3}}