{"host":"tetq3wi5anb97imq","time":1612811588,"event":{"mods":["BaseMod","Block Reminder","Minty Spire (QoL Compilation)","Quick Restart","StSLib","SuperFastMode"],"gold_per_floor":[117,117,131,56,4,38,188,188,188],"floor_reached":8,"language":"ENG","playtime":71,"items_purged":[],"score":158,"play_id":"1af55579-6311-462f-af7d-3295d4c5af24","local_time":"20210208171308","is_ascension_mode":true,"campfire_choices":[],"circlet_count":0,"master_deck":["AscendersBane","Strike_G","Strike_G","Strike_G","Defend_G","Defend_G","Defend_G","Defend_G","Defend_G","Survivor","Neutralize","Poisoned Stab","Backstab","Dagger Throw","Poisoned Stab","Doubt"],"relics":["Ring of the Snake","NeowsBlessing","WingedGreaves"],"acts_visited":["Exordium"],"potions_floor_usage":[8],"damage_taken":[{"damage":0,"enemies":"Jaw Worm","floor":1,"turns":1},{"damage":0,"enemies":"2 Louse","floor":3,"turns":1},{"damage":0,"enemies":"3 Sentries","floor":6,"turns":1},{"damage":15,"enemies":"Lagavulin","floor":8,"turns":4}],"seed_played":"-8654526650792937652","potions_obtained":[{"floor":3,"key":"Block Potion"}],"is_trial":false,"path_per_floor":["M","?","M","?","$","E","?","E"],"character_chosen":"THE_SILENT","items_purchased":["Dagger Throw"],"campfire_rested":0,"item_purchase_floors":[5],"current_hp_per_floor":[59,52,52,52,52,52,52,37,37],"gold":188,"neow_bonus":"THREE_ENEMY_KILL","is_daily":false,"chose_seed":false,"campfire_upgraded":0,"win_rate":0.0,"timestamp":1612811588,"path_taken":["M","?","M","?","?","E","?","E"],"items_purchased_type":["Card"],"build_version":"2020-12-22","purchased_purges":0,"victory":false,"max_hp_per_floor":[66,66,66,66,66,66,66,66,66],"card_choices":[{"not_picked":["Concentrate","Dagger Throw"],"picked":"Poisoned Stab","floor":1},{"not_picked":["Bane","Infinite Blades"],"picked":"Backstab","floor":3},{"not_picked":["Flying Knee","Outmaneuver"],"picked":"Poisoned Stab","floor":6}],"player_experience":1650854,"relics_obtained":[{"floor":6,"key":"WingedGreaves"}],"event_choices":[{"cards_removed":["Strike_G"],"damage_healed":0,"gold_gain":0,"player_choice":"Card Removal","damage_taken":7,"max_hp_gain":0,"max_hp_loss":0,"event_name":"Golden Wing","floor":2,"gold_loss":0},{"cards_removed":["Strike_G"],"damage_healed":0,"gold_gain":0,"player_choice":"Card Removal","damage_taken":0,"max_hp_gain":0,"max_hp_loss":0,"event_name":"The Cleric","floor":4,"gold_loss":75},{"damage_healed":0,"gold_gain":150,"player_choice":"AGREE","damage_taken":0,"max_hp_gain":0,"max_hp_loss":0,"event_name":"Liars Game","floor":7,"gold_loss":0,"cards_obtained":["Doubt"]}],"is_beta":false,"boss_relics":[],"items_purged_floors":[],"is_endless":false,"potions_floor_spawned":[3],"killed_by":"Lagavulin","ascension_level":20}}