{"host":"6pgtslebjnyv5xmi","time":1612786977,"event":{"mods":["AchievementEnabler","BaseMod","Colored Map","Minty Spire (QoL Compilation)","Rare Cards Sparkle","StSLib","SuperFastMode","The Cursed","everything is the same but u backflip on backflip"],"gold_per_floor":[114,114,127,52,52,52,78,228,228,153,153,153,53,65,65,65,65],"floor_reached":16,"language":"KOR","playtime":321,"items_purged":["Doubt","Strike_R"],"score":178,"play_id":"9859b836-bb61-4006-8f82-d992fa04f0d3","local_time":"20210208212257","is_ascension_mode":true,"campfire_choices":[{"data":"Searing Blow","floor":6,"key":"SMITH"},{"data":"Searing Blow+1","floor":12,"key":"SMITH"},{"data":"Searing Blow+2","floor":15,"key":"SMITH"}],"circlet_count":0,"master_deck":["AscendersBane","Strike_R","Strike_R","Strike_R","Defend_R","Defend_R","Defend_R","Defend_R","Bash+1","Reckless Charge+1","Searing Blow+3","Reaper"],"relics":["Burning Blood","MealTicket","Bag of Preparation","Sundial"],"acts_visited":["Exordium"],"potions_floor_usage":[7],"damage_taken":[{"damage":4,"enemies":"Jaw Worm","floor":1,"turns":5},{"damage":0,"enemies":"2 Louse","floor":3,"turns":2},{"damage":16,"enemies":"Gremlin Nob","floor":7,"turns":3},{"damage":0,"enemies":"Small Slimes","floor":14,"turns":2},{"damage":84,"enemies":"Slime Boss","floor":16,"turns":7}],"seed_played":"7518794611070319882","potions_obtained":[{"floor":3,"key":"FearPotion"}],"is_trial":false,"path_per_floor":["M","?","M","?","$","R","E","?","T","$","T","R","$","M","R","B"],"character_chosen":"IRONCLAD","items_purchased":[],"campfire_rested":0,"item_purchase_floors":[],"current_hp_per_floor":[70,70,75,75,75,75,65,65,65,75,75,75,75,75,75,0,0],"gold":65,"neow_bonus":"UPGRADE_CARD","is_daily":false,"chose_seed":false,"campfire_upgraded":3,"win_rate":0.0,"timestamp":1612786977,"path_taken":["M","?","M","?","$","R","E","?","T","?","?","R","$","M","R","BOSS"],"items_purchased_type":[],"build_version":"2020-12-22","purchased_purges":2,"victory":false,"max_hp_per_floor":[75,75,75,75,75,75,75,75,75,75,75,75,75,75,75,75,75],"card_choices":[{"not_picked":["Shrug It Off","Warcry"],"picked":"Reckless Charge","floor":1},{"not_picked":["Rampage","Burning Pact"],"picked":"Searing Blow","floor":3},{"not_picked":["Clash","Heavy Blade"],"picked":"Reaper","floor":7},{"not_picked":["Uppercut","Pommel Strike","Warcry"],"picked":"SKIP","floor":14}],"player_experience":1000423,"relics_obtained":[{"floor":7,"key":"MealTicket"},{"floor":9,"key":"Bag of Preparation"},{"floor":11,"key":"Sundial"}],"event_choices":[{"damage_healed":0,"gold_gain":0,"player_choice":"Grow","damage_taken":0,"max_hp_gain":0,"max_hp_loss":0,"event_name":"Living Wall","floor":2,"gold_loss":0,"cards_upgraded":["Reckless Charge"]},{"cards_removed":["Strike_R"],"damage_healed":0,"gold_gain":0,"player_choice":"Card Removal","damage_taken":0,"max_hp_gain":0,"max_hp_loss":0,"event_name":"The Cleric","floor":4,"gold_loss":75},{"damage_healed":0,"gold_gain":150,"player_choice":"AGREE","damage_taken":0,"max_hp_gain":0,"max_hp_loss":0,"event_name":"Liars Game","floor":8,"gold_loss":0,"cards_obtained":["Doubt"]}],"is_beta":false,"boss_relics":[],"items_purged_floors":[10,13],"is_endless":false,"potions_floor_spawned":[3],"killed_by":"Slime Boss","ascension_level":17}}