{"host":"sccdx89hs6cnwb1o","time":1612821666,"event":{"mods":["AchievementEnabler","BaseMod","Colored Powertips","Highlight Path","Minty Spire (QoL Compilation)"],"gold_per_floor":[119,131,142,156,175,175,194,205,287,298,298,298,298,56,56,156,156,173,192,212,223,1,1,28,28,55,55,67,85,85,85,85,182,182,202,202,45,95,105,105,105,124,124,137,150,1,17,36,36,36,36],"floor_reached":50,"language":"DEU","playtime":9315,"items_purged":["Writhe"],"score":487,"play_id":"819faff9-b2fb-43a3-9652-182efca29323","local_time":"20210208230106","is_ascension_mode":false,"campfire_choices":[{"floor":6,"key":"REST"},{"data":"Eruption","floor":11,"key":"SMITH"},{"floor":13,"key":"REST"},{"data":"Pray","floor":15,"key":"SMITH"},{"data":"Omniscience","floor":23,"key":"SMITH"},{"floor":27,"key":"REST"},{"data":"Wallop","floor":30,"key":"SMITH"},{"floor":32,"key":"REST"},{"floor":40,"key":"REST"},{"floor":49,"key":"REST"}],"circlet_count":0,"master_deck":["Strike_P+1","Defend_P","Eruption+1","Vigilance","EmptyFist","PathToVictory","Pray+1","Wallop+1","FlurryOfBlows","SandsOfTime","Sanctity","CutThroughFate","ThirdEye","Master of Strategy","Omniscience+1","DevaForm+1","WreathOfFlame+1","TalkToTheHand+1","SandsOfTime+1","Conclude+1","JustLucky+1","Swivel","Evaluate+1","Sanctity+1","FlurryOfBlows+1","Adaptation","BattleHymn","LessonLearned+1","PathToVictory+1","JustLucky+1","Perseverance+1","FollowUp","Parasite","DeceiveReality+1","Weave+1","SashWhip+1","Protect+1"],"relics":["PureWater","Sundial","Astrolabe","Lee\u0027s Waffle","CaptainsWheel","Toy Ornithopter","VioletLotus","ClockworkSouvenir","Girya","Question Card"],"acts_visited":["Exordium","TheCity","TheBeyond"],"potions_floor_usage":[10,16,16,21,21,24,33,33,44,45,48,48,50,50],"damage_taken":[{"damage":1,"enemies":"Cultist","floor":1,"turns":4},{"damage":6,"enemies":"Jaw Worm","floor":2,"turns":3},{"damage":0,"enemies":"2 Louse","floor":3,"turns":3},{"damage":11,"enemies":"Large Slime","floor":4,"turns":6},{"damage":12,"enemies":"Blue Slaver","floor":5,"turns":4},{"damage":4,"enemies":"2 Fungi Beasts","floor":7,"turns":4},{"damage":5,"enemies":"Exordium Wildlife","floor":8,"turns":5},{"damage":7,"enemies":"Lots of Slimes","floor":10,"turns":3},{"damage":47,"enemies":"Hexaghost","floor":16,"turns":11},{"damage":9,"enemies":"3 Byrds","floor":18,"turns":6},{"damage":24,"enemies":"Spheric Guardian","floor":19,"turns":5},{"damage":19,"enemies":"Snake Plant","floor":20,"turns":5},{"damage":17,"enemies":"Shelled Parasite and Fungi","floor":21,"turns":9},{"damage":34,"enemies":"Book of Stabbing","floor":24,"turns":7},{"damage":13,"enemies":"Snecko","floor":28,"turns":5},{"damage":0,"enemies":"Centurion and Healer","floor":29,"turns":7},{"damage":75,"enemies":"Collector","floor":33,"turns":10},{"damage":27,"enemies":"3 Darklings","floor":35,"turns":6},{"damage":26,"enemies":"Mind Bloom Boss Battle","floor":38,"turns":7},{"damage":0,"enemies":"Orb Walker","floor":39,"turns":4},{"damage":4,"enemies":"4 Shapes","floor":42,"turns":9},{"damage":6,"enemies":"Writhing Mass","floor":44,"turns":8},{"damage":23,"enemies":"Maw","floor":45,"turns":10},{"damage":41,"enemies":"Sphere and 2 Shapes","floor":47,"turns":9},{"damage":19,"enemies":"4 Shapes","floor":48,"turns":12},{"damage":67,"enemies":"Donu and Deca","floor":50,"turns":7}],"seed_played":"2242890471679253998","potions_obtained":[{"floor":1,"key":"ColorlessPotion"},{"floor":7,"key":"AttackPotion"},{"floor":8,"key":"Weak Potion"},{"floor":10,"key":"Regen Potion"},{"floor":18,"key":"Dexterity Potion"},{"floor":24,"key":"LiquidBronze"},{"floor":28,"key":"BlessingOfTheForge"},{"floor":29,"key":"Energy Potion"},{"floor":38,"key":"Regen Potion"},{"floor":39,"key":"Block Potion"},{"floor":44,"key":"Block Potion"},{"floor":48,"key":"Block Potion"}],"is_trial":false,"path_per_floor":["M","M","M","M","M","R","M","M","T","M","R","?","R","$","R","B",null,"M","M","M","M","$","R","E","$","T","R","M","M","R","?","R","B",null,"M","?","$","?","M","R","?","M","T","M","M","$","M","M","R","B"],"character_chosen":"WATCHER","items_purchased":["ThirdEye","Master of Strategy","Lee\u0027s Waffle","DuplicationPotion","ClockworkSouvenir","DuplicationPotion"],"campfire_rested":6,"item_purchase_floors":[14,14,22,22,37,46],"current_hp_per_floor":[78,72,72,61,49,72,68,63,63,56,56,49,72,72,72,25,79,70,46,27,24,86,86,52,52,52,77,64,64,64,64,86,16,86,59,81,81,55,55,80,80,76,76,75,57,57,16,22,47,0,0],"gold":36,"neow_bonus":"TEN_PERCENT_HP_BONUS","is_daily":false,"chose_seed":false,"campfire_upgraded":4,"win_rate":0.0,"timestamp":1612821666,"path_taken":["M","M","?","M","M","R","M","?","T","M","R","?","R","$","R","BOSS","M","M","M","M","$","R","E","$","T","R","M","M","R","?","R","BOSS","M","?","$","?","M","R","?","M","T","M","M","$","M","M","R","BOSS"],"items_purchased_type":["Card","Card","Relic","Potion","Relic","Potion"],"build_version":"2020-12-22","purchased_purges":1,"victory":false,"max_hp_per_floor":[79,79,79,79,79,79,79,79,79,79,79,79,79,79,79,79,79,79,79,79,79,86,86,86,86,86,86,86,86,86,86,86,86,86,86,86,86,86,86,86,86,86,86,86,86,86,86,86,86,86,86],"card_choices":[{"not_picked":["DeceiveReality","Protect"],"picked":"EmptyFist","floor":1},{"not_picked":["Halt","LikeWater"],"picked":"PathToVictory","floor":2},{"not_picked":["ThirdEye","LikeWater"],"picked":"Pray","floor":3},{"not_picked":["Crescendo","SashWhip"],"picked":"Wallop","floor":4},{"not_picked":["Fasting2","WreathOfFlame"],"picked":"FlurryOfBlows","floor":5},{"not_picked":["Consecrate","Scrawl"],"picked":"SandsOfTime","floor":7},{"not_picked":["Adaptation","FearNoEvil"],"picked":"Sanctity","floor":8},{"not_picked":["Nirvana","Fasting2"],"picked":"CutThroughFate","floor":10},{"not_picked":["ConjureBlade","Vault"],"picked":"Omniscience","floor":16},{"not_picked":["SashWhip","FlyingSleeves"],"picked":"SandsOfTime+1","floor":18},{"not_picked":["Crescendo","WreathOfFlame"],"picked":"Conclude+1","floor":19},{"not_picked":["Wallop","Halt"],"picked":"JustLucky","floor":20},{"not_picked":["WheelKick","Vengeance"],"picked":"Swivel","floor":21},{"not_picked":["BowlingBash","ClearTheMind"],"picked":"Evaluate+1","floor":24},{"not_picked":["Consecrate","BowlingBash"],"picked":"Sanctity+1","floor":28},{"not_picked":["Nirvana","CutThroughFate"],"picked":"FlurryOfBlows+1","floor":29},{"not_picked":["Vault","MasterReality"],"picked":"LessonLearned","floor":33},{"not_picked":["Nirvana","SignatureMove"],"picked":"PathToVictory+1","floor":35},{"not_picked":["TalkToTheHand","Fasting2"],"picked":"JustLucky+1","floor":38},{"not_picked":["LikeWater","Consecrate"],"picked":"Perseverance+1","floor":39},{"not_picked":["Consecrate","ClearTheMind+1"],"picked":"FollowUp","floor":42},{"not_picked":["FollowUp","Crescendo+1","Wallop"],"picked":"DeceiveReality+1","floor":44},{"not_picked":["Sanctity","Conclude","EmptyBody"],"picked":"Weave+1","floor":45},{"not_picked":["Sanctity+1","ThirdEye","FlurryOfBlows+1"],"picked":"SashWhip+1","floor":47},{"not_picked":["FollowUp","BowlingBash+1","EmptyFist"],"picked":"Protect+1","floor":48}],"player_experience":20274,"relics_obtained":[{"floor":24,"key":"CaptainsWheel"},{"floor":26,"key":"Toy Ornithopter"},{"floor":38,"key":"Girya"},{"floor":43,"key":"Question Card"}],"event_choices":[{"damage_healed":0,"gold_gain":0,"player_choice":"Success","damage_taken":7,"relics_obtained":["Sundial"],"max_hp_gain":0,"max_hp_loss":0,"event_name":"Scrap Ooze","floor":12,"gold_loss":0},{"damage_healed":0,"gold_gain":0,"cards_transformed":["Defend_P","Defend_P"],"player_choice":"Became Test Subject","damage_taken":0,"max_hp_gain":0,"max_hp_loss":0,"event_name":"Drug Dealer","floor":31,"gold_loss":0,"cards_obtained":["Adaptation","BattleHymn"]},{"damage_healed":22,"gold_gain":0,"player_choice":"Writhe","damage_taken":0,"max_hp_gain":0,"max_hp_loss":0,"event_name":"Winding Halls","floor":36,"gold_loss":0,"cards_obtained":["Writhe"]},{"damage_healed":0,"gold_gain":0,"player_choice":"Fight","damage_taken":0,"max_hp_gain":0,"max_hp_loss":0,"event_name":"MindBloom","floor":38,"gold_loss":0},{"cards_removed":["Strike_P"],"damage_healed":0,"gold_gain":0,"player_choice":"Removed Attack","damage_taken":0,"max_hp_gain":0,"max_hp_loss":0,"event_name":"Falling","floor":41,"gold_loss":0}],"is_beta":false,"boss_relics":[{"not_picked":["SlaversCollar","Sozu"],"picked":"Astrolabe"},{"not_picked":["Empty Cage","SacredBark"],"picked":"VioletLotus"}],"items_purged_floors":[46],"is_endless":false,"potions_floor_spawned":[1,7,8,10,18,24,28,29,38,39,44,48],"killed_by":"Donu and Deca","ascension_level":0}}