{"host":"pgm1p3lvdjflie30","time":1612764040,"event":{"mods":["AchievementEnabler","Alarm Clock","Aspiration","BaseMod","Challenge The Spire","Colored Map","Colored Powertips","Dark Map","Energized Spire","Hermit","HornydragonMod","Minty Spire (QoL Compilation)","Quarter Circle Forward PUNCH!","Quick Restart","Relic Stats","Robot Space Explorer","Spicy Shops","StSLib","The Blackbeard","The IronCluck","Waifu the Spire","【功能Mod】混沌之?修复?丁","篝火指南"],"gold_per_floor":[109,125,125,94,108,108,128,98,98,109,109,126,126,126,126,126,126],"floor_reached":16,"language":"ZHS","playtime":535,"items_purged":[],"score":92,"play_id":"6aaddbed-e119-4a68-bf2d-8481756e7b4e","local_time":"20210208140040","is_ascension_mode":false,"campfire_choices":[{"data":"Armaments","floor":6,"key":"SMITH"},{"data":"Body Slam","floor":11,"key":"SMITH"},{"data":"Seeing Red","floor":13,"key":"SMITH"},{"data":"True Grit","floor":15,"key":"SMITH"}],"circlet_count":0,"master_deck":["Strike_R","Strike_R","Strike_R","Strike_R","Defend_R","Defend_R","Defend_R","Defend_R","Bash","True Grit+1","Armaments+1","True Grit","Second Wind","Body Slam+1","Battle Trance","Seeing Red+1"],"relics":["Burning Blood"],"acts_visited":["Exordium"],"potions_floor_usage":[10,12,16,16],"damage_taken":[{"damage":0,"enemies":"2 Louse","floor":1,"turns":3},{"damage":11,"enemies":"Jaw Worm","floor":2,"turns":2},{"damage":6,"enemies":"Cultist","floor":5,"turns":3},{"damage":0,"enemies":"2 Fungi Beasts","floor":7,"turns":6},{"damage":11,"enemies":"Large Slime","floor":10,"turns":10},{"damage":4,"enemies":"Exordium Wildlife","floor":12,"turns":4},{"damage":25,"enemies":"Slime Boss","floor":16,"turns":4}],"seed_played":"-5316468983671386240","potions_obtained":[{"floor":2,"key":"FearPotion"},{"floor":8,"key":"Energy Potion"},{"floor":8,"key":"Ancient Potion"},{"floor":10,"key":"AttackPotion"},{"floor":12,"key":"LiquidBronze"}],"is_trial":false,"path_per_floor":["M","M","?","$","M","R","M","?","T","M","R","M","R","?","R","B"],"character_chosen":"IRONCLAD","items_purchased":["True Grit"],"campfire_rested":0,"item_purchase_floors":[4],"current_hp_per_floor":[88,83,83,83,83,83,88,88,88,83,83,85,85,78,78,53,53],"gold":126,"neow_bonus":"TEN_PERCENT_HP_BONUS","is_daily":false,"chose_seed":false,"campfire_upgraded":4,"win_rate":0.0,"timestamp":1612764040,"path_taken":["M","M","?","$","M","R","M","?","T","M","R","?","R","?","R","BOSS"],"items_purchased_type":["Card"],"build_version":"2020-12-22","purchased_purges":0,"victory":false,"max_hp_per_floor":[88,88,88,88,88,88,88,88,88,88,88,88,88,88,88,88,88],"relic_stats":{"counters":[7,32],"obtain_stats":[{"Burning Blood":0},{"Burning Blood":0},{"Burning Blood":0}],"Burning Blood":29},"card_choices":[{"not_picked":["Havoc","Anger"],"picked":"True Grit","floor":1},{"not_picked":["Perfected Strike","Wild Strike"],"picked":"Armaments","floor":2},{"not_picked":["Infernal Blade","Hemokinesis"],"picked":"Second Wind","floor":5},{"not_picked":["Shockwave","Sever Soul"],"picked":"Body Slam","floor":7},{"not_picked":["Disarm","Spot Weakness"],"picked":"Battle Trance","floor":10},{"not_picked":["Hemokinesis","Rampage"],"picked":"Seeing Red","floor":12}],"player_experience":362348,"relics_obtained":[],"event_choices":[{"damage_healed":0,"gold_gain":0,"player_choice":"Bought 2 Potions","damage_taken":0,"max_hp_gain":0,"max_hp_loss":0,"event_name":"The Woman in Blue","floor":8,"gold_loss":0},{"cards_removed":["Strike_R"],"damage_healed":0,"gold_gain":0,"player_choice":"Card Removal","damage_taken":7,"max_hp_gain":0,"max_hp_loss":0,"event_name":"Golden Wing","floor":14,"gold_loss":0}],"is_beta":false,"boss_relics":[],"items_purged_floors":[],"is_endless":false,"potions_floor_spawned":[2,10,12],"killed_by":"Slime Boss","ascension_level":0}}