{"host":"rolltorest","time":1612819923,"event":{"mods":["BaseMod","Minty Spire (QoL Compilation)","Relic Stats","Slay the Relics Exporter","StSLib"],"gold_per_floor":[117,117,38,51,62,91,91,121,144,178,198,198,198],"floor_reached":12,"language":"ENG","playtime":279,"items_purged":[],"score":246,"play_id":"1b112041-b827-4aae-abec-12770f293216","local_time":"20210208133203","is_ascension_mode":true,"campfire_choices":[{"data":"Doom and Gloom","floor":7,"key":"SMITH"}],"circlet_count":0,"master_deck":["AscendersBane","Strike_B","Strike_B","Strike_B","Strike_B","Defend_B","Defend_B","Defend_B","Defend_B","Zap","Dualcast","Sweeping Beam","Core Surge","Doom and Gloom+1","Consume","Self Repair","Chill","Lockon"],"relics":["Philosopher\u0027s Stone","Oddly Smooth Stone","Pen Nib","Tiny Chest","Potion Belt"],"acts_visited":["Exordium"],"potions_floor_usage":[8,10],"damage_taken":[{"damage":6,"enemies":"Jaw Worm","floor":1,"turns":4},{"damage":2,"enemies":"Cultist","floor":4,"turns":3},{"damage":0,"enemies":"Small Slimes","floor":5,"turns":2},{"damage":27,"enemies":"Lagavulin","floor":6,"turns":6},{"damage":0,"enemies":"3 Sentries","floor":8,"turns":3},{"damage":26,"enemies":"Gremlin Nob","floor":10,"turns":4},{"damage":9,"enemies":"Exordium Thugs","floor":11,"turns":3},{"damage":7,"enemies":"Lagavulin","floor":12,"turns":4}],"seed_played":"1840358807706997883","potions_obtained":[{"floor":5,"key":"Fire Potion"},{"floor":6,"key":"LiquidMemories"},{"floor":8,"key":"Block Potion"}],"is_trial":false,"path_per_floor":["M","?","$","M","M","E","R","E","T","E","M","E"],"character_chosen":"DEFECT","items_purchased":["Doom and Gloom"],"campfire_rested":0,"item_purchase_floors":[3],"current_hp_per_floor":[58,58,58,56,56,29,29,36,36,17,8,1,1],"gold":198,"neow_bonus":"BOSS_RELIC","is_daily":false,"chose_seed":false,"campfire_upgraded":1,"win_rate":0.0,"timestamp":1612819923,"path_taken":["M","?","$","M","M","E","R","E","T","E","?","E"],"items_purchased_type":["Card"],"build_version":"2020-12-18","purchased_purges":0,"victory":false,"max_hp_per_floor":[71,71,71,71,71,71,71,71,71,71,71,71,71],"relic_stats":{"counters":[8,29],"Tiny Chest":0,"Pen Nib":[1],"obtain_stats":[{"Potion Belt":10,"Oddly Smooth Stone":6,"Philosopher\u0027s Stone":0,"Tiny Chest":9,"Pen Nib":8,"Cracked Core":0},{"Potion Belt":6,"Oddly Smooth Stone":4,"Philosopher\u0027s Stone":0,"Tiny Chest":5,"Pen Nib":5,"Cracked Core":0},{"Potion Belt":22,"Oddly Smooth Stone":15,"Philosopher\u0027s Stone":0,"Tiny Chest":18,"Pen Nib":18,"Cracked Core":0}]},"card_choices":[{"not_picked":["Steam","Gash"],"picked":"Sweeping Beam","floor":1},{"not_picked":["Rebound","Barrage","Force Field"],"picked":"SKIP","floor":4},{"not_picked":["Scrape","Force Field"],"picked":"Consume","floor":5},{"not_picked":["Reinforced Body","Ball Lightning"],"picked":"Self Repair","floor":6},{"not_picked":["Storm","Fission","Barrage"],"picked":"SKIP","floor":8},{"not_picked":["Rebound","All For One"],"picked":"Chill","floor":10},{"not_picked":["Rip and Tear","Steam"],"picked":"Lockon","floor":11}],"player_experience":1916049,"relics_obtained":[{"floor":6,"key":"Oddly Smooth Stone"},{"floor":8,"key":"Pen Nib"},{"floor":9,"key":"Tiny Chest"},{"floor":10,"key":"Potion Belt"}],"event_choices":[{"damage_healed":0,"gold_gain":0,"player_choice":"1 cards matched","damage_taken":0,"max_hp_gain":0,"max_hp_loss":0,"event_name":"Match and Keep!","floor":2,"gold_loss":0,"cards_obtained":["Core Surge"]}],"is_beta":true,"boss_relics":[],"items_purged_floors":[],"is_endless":false,"potions_floor_spawned":[5,6,8],"killed_by":"Lagavulin","ascension_level":20}}