{"host":"7jxhn92mkgyil7o5","time":1612809236,"event":{"mods":["BaseMod","Colored Map","Minty Spire (QoL Compilation)","Permanent Neow"],"gold_per_floor":[115,115,115,140,140,175,175,209,209,234,234,249,249,288,288,382,382,395,395,395,418,434,434,448,483,483,483,483],"floor_reached":27,"language":"ENG","playtime":1629,"items_purged":[],"score":602,"play_id":"0294aa8f-e381-4d94-8464-308d5a4513f8","local_time":"20210208193356","is_ascension_mode":true,"campfire_choices":[{"data":"Wallop","floor":7.0,"key":"SMITH"},{"data":"MentalFortress","floor":11.0,"key":"SMITH"},{"floor":15.0,"key":"REST"},{"floor":23.0,"key":"REST"}],"circlet_count":0,"master_deck":["AscendersBane","Strike_P","Strike_P+1","Strike_P","Defend_P+1","Defend_P","Defend_P","Defend_P","Eruption","Vigilance+1","Wallop+1","CarveReality","Worship+1","MentalFortress+1","Protect","Worship","Conclude+1","ReachHeaven","LessonLearned","J.A.X.","EmptyMind+1","Meditate+1","ThirdEye+1"],"relics":["PureWater","NeowsBlessing","Golden Idol","Regal Pillow","Dream Catcher","Singing Bowl","Matryoshka","Busted Crown","Frozen Egg 2","Vajra","Calipers"],"acts_visited":["Exordium","TheCity"],"potions_floor_usage":[27],"damage_taken":[{"damage":0.0,"enemies":"Small Slimes","floor":1.0,"turns":2.0},{"damage":0.0,"enemies":"2 Louse","floor":4.0,"turns":1.0},{"damage":0.0,"enemies":"Gremlin Nob","floor":6.0,"turns":1.0},{"damage":0.0,"enemies":"Lagavulin","floor":8.0,"turns":5.0},{"damage":0.0,"enemies":"Cultist","floor":10.0,"turns":2.0},{"damage":3.0,"enemies":"3 Louse","floor":12.0,"turns":4.0},{"damage":8.0,"enemies":"3 Sentries","floor":14.0,"turns":9.0},{"damage":14.0,"enemies":"Slime Boss","floor":16.0,"turns":4.0},{"damage":8.0,"enemies":"Chosen","floor":18.0,"turns":4.0},{"damage":33.0,"enemies":"3 Byrds","floor":21.0,"turns":6.0},{"damage":3.0,"enemies":"Cultist and Chosen","floor":22.0,"turns":4.0},{"damage":1.0,"enemies":"Sentry and Sphere","floor":24.0,"turns":4.0},{"damage":33.0,"enemies":"Gremlin Leader","floor":25.0,"turns":5.0},{"damage":26,"enemies":"Book of Stabbing","floor":27,"turns":2}],"seed_played":"3183411258858143309","potions_obtained":[{"floor":1.0,"key":"PowerPotion"},{"floor":4.0,"key":"DistilledChaos"},{"floor":14.0,"key":"EntropicBrew"},{"floor":18.0,"key":"Fire Potion"},{"floor":22.0,"key":"Energy Potion"}],"is_trial":false,"path_per_floor":["M","?","?","M","?","E","R","E","T","M","R","M","?","E","R","B",null,"M","?","?","M","M","R","M","E","T","E"],"character_chosen":"WATCHER","items_purchased":[],"campfire_rested":2,"item_purchase_floors":[],"current_hp_per_floor":[61,61,61,61,61,61,61,61,61,61,61,60,41,33,64,50,61,55,55,55,22,21,56,55,24,24,0,0],"gold":483,"neow_bonus":"THREE_ENEMY_KILL","is_daily":false,"chose_seed":false,"campfire_upgraded":2,"win_rate":0.0,"timestamp":1612809236,"path_taken":["M","?","?","M","?","E","R","E","T","M","R","?","?","E","R","BOSS","M","?","?","M","M","R","?","E","T","E"],"items_purchased_type":[],"build_version":"2020-12-22","purchased_purges":0,"victory":false,"max_hp_per_floor":[68,62,62,62,62,62,62,62,62,62,62,64,64,64,64,64,64,66,66,66,66,68,68,68,70,70,70,70],"card_choices":[{"not_picked":["PathToVictory","Crescendo"],"picked":"Wallop","floor":1.0},{"not_picked":["SashWhip","SandsOfTime"],"picked":"Worship","floor":4.0},{"not_picked":["JustLucky","ClearTheMind"],"picked":"MentalFortress","floor":6.0},{"not_picked":["BowlingBash","Fasting2"],"picked":"Protect","floor":8.0},{"not_picked":["FlurryOfBlows","FearNoEvil"],"picked":"Worship","floor":10.0},{"not_picked":["JustLucky","SashWhip","Crescendo"],"picked":"Singing Bowl","floor":12.0},{"not_picked":["InnerPeace","CrushJoints"],"picked":"Conclude","floor":14.0},{"not_picked":["ThirdEye","BowlingBash"],"picked":"ReachHeaven","floor":15.0},{"not_picked":["Devotion","ConjureBlade"],"picked":"LessonLearned","floor":16.0},{"not_picked":["Adaptation"],"picked":"Singing Bowl","floor":18.0},{"not_picked":[],"picked":"EmptyMind","floor":21.0},{"not_picked":["Indignation"],"picked":"Singing Bowl","floor":22.0},{"not_picked":[],"picked":"Meditate","floor":23.0},{"not_picked":[],"picked":"ThirdEye+1","floor":24.0},{"not_picked":["FlurryOfBlows"],"picked":"Singing Bowl","floor":25.0}],"player_experience":986062,"relics_obtained":[{"floor":6.0,"key":"Regal Pillow"},{"floor":8.0,"key":"Dream Catcher"},{"floor":9.0,"key":"Singing Bowl"},{"floor":14.0,"key":"Matryoshka"},{"floor":25.0,"key":"Frozen Egg 2"},{"floor":26.0,"key":"Vajra"},{"floor":26.0,"key":"Calipers"}],"event_choices":[{"damage_healed":0.0,"max_hp_gain":0.0,"max_hp_loss":6.0,"gold_gain":0.0,"event_name":"Golden Idol","player_choice":"Lose Max HP","floor":2.0,"gold_loss":0.0,"damage_taken":0.0,"relics_obtained":["Golden Idol"]},{"damage_healed":0.0,"max_hp_gain":0.0,"max_hp_loss":0.0,"gold_gain":0.0,"cards_transformed":["Strike_P"],"event_name":"Living Wall","player_choice":"Change","floor":3.0,"gold_loss":0.0,"damage_taken":0.0,"cards_obtained":["CarveReality"]},{"damage_healed":0.0,"max_hp_gain":0.0,"max_hp_loss":0.0,"gold_gain":0.0,"event_name":"Wheel of Change","player_choice":"Cursed","floor":5.0,"gold_loss":0.0,"damage_taken":0.0,"cards_obtained":["Decay"]},{"damage_healed":0.0,"max_hp_gain":0.0,"max_hp_loss":0.0,"gold_gain":0.0,"event_name":"Shining Light","player_choice":"Entered Light","floor":13.0,"gold_loss":0.0,"damage_taken":19.0,"cards_upgraded":["Defend_P","Vigilance"]},{"damage_healed":0.0,"max_hp_gain":0.0,"max_hp_loss":0.0,"gold_gain":0.0,"event_name":"Drug Dealer","player_choice":"Obtain J.A.X.","floor":19.0,"gold_loss":0.0,"damage_taken":0.0,"cards_obtained":["J.A.X."]},{"cards_removed":["Decay"],"damage_healed":0.0,"max_hp_gain":0.0,"max_hp_loss":0.0,"gold_gain":0.0,"event_name":"Fountain of Cleansing","player_choice":"Removed Curses","floor":20.0,"gold_loss":0.0,"damage_taken":0.0}],"is_beta":false,"boss_relics":[{"not_picked":["Calling Bell","Astrolabe"],"picked":"Busted Crown"}],"items_purged_floors":[],"is_endless":false,"potions_floor_spawned":[1,4,6,14,18,22],"killed_by":"Book of Stabbing","ascension_level":20}}