{"host":"l2xo1ry2dtjh5eh4","time":1612807321,"event":{"mods":["BaseMod","Colored Powertips","GifTheSpireLib","Minty Spire (QoL Compilation)","StSLib","The Senshi","slay the spire mod where everything is the same but ironclad has a cowboy hat"],"gold_per_floor":[113,124,199,209,227,252,252,267,315,350,367,382,382,382,382,483,483,497,45,145,157,177,206,109,109,109,109,109,109],"floor_reached":28,"language":"ENG","playtime":1748,"items_purged":["theSenshi:SailorBlock"],"score":263,"play_id":"f78dcdd9-e8f1-4221-b0e0-34143fa72ce2","local_time":"20210208190201","is_ascension_mode":true,"campfire_choices":[{"data":"theSenshi:SailorNeptuneAssists","floor":7,"key":"SMITH"},{"data":"theSenshi:UranusStrength","floor":13,"key":"SMITH"},{"data":"theSenshi:MoonKick","floor":15,"key":"SMITH"}],"circlet_count":0,"master_deck":["theSenshi:SailorKick","theSenshi:SailorKick","theSenshi:SailorKick","theSenshi:SailorBlock","theSenshi:SailorBlock","theSenshi:SailorBlock","theSenshi:RoseThrow","theSenshi:MoonPrismPowerMakeUp+1","theSenshi:SailorNeptuneAssists+1","theSenshi:GatheringStrength","theSenshi:TallSilhouette","theSenshi:MoonKick+1","theSenshi:UranusStrength+1","theSenshi:SupersonicWaves","theSenshi:SailorMercuryAssists","theSenshi:TallSilhouette","theSenshi:SailorChibiMoonAssists","theSenshi:YouCanTalk","theSenshi:GlimpseOfThePast","theSenshi:SailorChibiMoonAssists","theSenshi:MoonCrystalPowerMakeUp","theSenshi:InTheNickOfTime","theSenshi:MoonTiaraMagic","theSenshi:RainbowMoonHeartAche","theSenshi:HesSoDreamy+1","theSenshi:SailorCosmosAssists","theSenshi:TuxedoSmokingBomber"],"relics":["theSenshi:TransformationBroochRelic","theSenshi:SpiralHeartMoonRodRelic","Juzu Bracelet","theSenshi:TransformationPenRelic","SlaversCollar","theSenshi:FeatherClipsRelic","Oddly Smooth Stone","Anchor"],"acts_visited":["Exordium","TheCity"],"potions_floor_usage":[6,10,16,22,23,23,23],"damage_taken":[{"damage":0,"enemies":"2 Louse","floor":1,"turns":3},{"damage":0,"enemies":"Jaw Worm","floor":2,"turns":4},{"damage":0,"enemies":"Cultist","floor":4,"turns":4},{"damage":0,"enemies":"Red Slaver","floor":5,"turns":7},{"damage":24,"enemies":"Gremlin Nob","floor":6,"turns":5},{"damage":0,"enemies":"Blue Slaver","floor":8,"turns":12},{"damage":22,"enemies":"Lagavulin","floor":10,"turns":10},{"damage":4,"enemies":"Exordium Wildlife","floor":11,"turns":6},{"damage":1,"enemies":"Looter","floor":12,"turns":3},{"damage":66,"enemies":"Hexaghost","floor":16,"turns":17},{"damage":6,"enemies":"Chosen","floor":18,"turns":6},{"damage":12,"enemies":"Shell Parasite","floor":21,"turns":8},{"damage":55,"enemies":"Sentry and Sphere","floor":22,"turns":10},{"damage":26,"enemies":"Slavers","floor":23,"turns":18},{"damage":77,"enemies":"Gremlin Leader","floor":28,"turns":11}],"seed_played":"-2279065465309210436","potions_obtained":[{"floor":5,"key":"ColorlessPotion"},{"floor":8,"key":"FearPotion"},{"floor":10,"key":"AttackPotion"},{"floor":12,"key":"SteroidPotion"},{"floor":16,"key":"Block Potion"},{"floor":18,"key":"BlessingOfTheForge"},{"floor":22,"key":"DistilledChaos"}],"is_trial":false,"path_per_floor":["M","M","?","M","M","E","R","M","T","E","M","M","R","?","R","B",null,"M","$","?","M","M","E","$","?","T","?","E"],"character_chosen":"THE_SENSHI","items_purchased":["theSenshi:MoonCrystalPowerMakeUp","theSenshi:InTheNickOfTime","theSenshi:MoonTiaraMagic","theSenshi:FeatherClipsRelic","theSenshi:TuxedoSmokingBomber"],"campfire_rested":0,"item_purchase_floors":[19,19,19,19,24],"current_hp_per_floor":[75,75,64,64,64,40,40,57,57,47,57,58,58,58,58,14,75,75,75,75,75,35,31,31,31,31,56,0,0],"gold":109,"neow_bonus":"UPGRADE_CARD","is_daily":false,"chose_seed":false,"campfire_upgraded":3,"win_rate":0.0,"timestamp":1612807321,"path_taken":["M","M","?","M","M","E","R","M","T","E","M","M","R","?","R","BOSS","M","$","?","M","M","E","$","?","T","?","E"],"items_purchased_type":["Card","Card","Card","Relic","Card"],"build_version":"2020-12-22","purchased_purges":1,"victory":false,"max_hp_per_floor":[75,75,75,75,75,75,75,75,75,75,75,75,75,75,75,75,75,75,75,75,75,75,75,75,75,75,75,75,75],"card_choices":[{"not_picked":["theSenshi:SailorChibiMoonAssists","theSenshi:MoonTiaraMagic"],"picked":"theSenshi:SailorNeptuneAssists","floor":1},{"not_picked":["theSenshi:PlutosSolemnity","theSenshi:SailorPlanetPower"],"picked":"theSenshi:GatheringStrength","floor":2},{"not_picked":["theSenshi:MoonCosmicPowerMakeUp","theSenshi:SailorMarsAssists"],"picked":"theSenshi:TallSilhouette","floor":4},{"not_picked":["theSenshi:SupersonicWaves","theSenshi:MoonCrystalPowerMakeUp"],"picked":"theSenshi:MoonKick","floor":5},{"not_picked":["theSenshi:SailorChibiMoonAssists","theSenshi:MoonPunch"],"picked":"theSenshi:UranusStrength","floor":6},{"not_picked":["theSenshi:HesSoDreamy","theSenshi:SailorMarsAssists"],"picked":"theSenshi:SupersonicWaves","floor":8},{"not_picked":["theSenshi:MoonPunch","theSenshi:LunaSensingAllies"],"picked":"theSenshi:SailorMercuryAssists","floor":10},{"not_picked":["theSenshi:TuxedoSmokingBomber","theSenshi:MoonPunch"],"picked":"theSenshi:TallSilhouette","floor":11},{"not_picked":["theSenshi:SailorNeptuneAssists","theSenshi:MoonPunch"],"picked":"theSenshi:SailorChibiMoonAssists","floor":12},{"not_picked":["theSenshi:SilverMoonCrystalPowerKiss","theSenshi:InTheNameOfTheMoon"],"picked":"theSenshi:GlimpseOfThePast","floor":16},{"not_picked":["theSenshi:SupersonicWaves+1","theSenshi:MoonKick"],"picked":"theSenshi:SailorChibiMoonAssists","floor":18},{"not_picked":["theSenshi:SailorVenusAssists","theSenshi:LunasBite"],"picked":"theSenshi:RainbowMoonHeartAche","floor":21},{"not_picked":["theSenshi:SailorMercuryAssists","theSenshi:MoonPower+1"],"picked":"theSenshi:HesSoDreamy+1","floor":22},{"not_picked":["theSenshi:MoonTiaraMagic","theSenshi:GatheringStrength"],"picked":"theSenshi:SailorCosmosAssists","floor":23}],"player_experience":152164,"relics_obtained":[{"floor":6,"key":"theSenshi:SpiralHeartMoonRodRelic"},{"floor":9,"key":"Juzu Bracelet"},{"floor":10,"key":"theSenshi:TransformationPenRelic"},{"floor":23,"key":"Oddly Smooth Stone"},{"floor":26,"key":"Anchor"}],"event_choices":[{"damage_healed":0,"gold_gain":75,"player_choice":"Gather Gold","damage_taken":11,"max_hp_gain":0,"max_hp_loss":0,"event_name":"World of Goop","floor":3,"gold_loss":0},{"damage_healed":0,"gold_gain":0,"cards_transformed":["theSenshi:SailorKick"],"player_choice":"Transformed","damage_taken":0,"max_hp_gain":0,"max_hp_loss":0,"event_name":"Transmorgrifier","floor":14,"gold_loss":0,"cards_obtained":["theSenshi:YouCanTalk"]},{"damage_healed":0,"gold_gain":100,"player_choice":"Pray","damage_taken":0,"max_hp_gain":0,"max_hp_loss":0,"event_name":"Golden Shrine","floor":20,"gold_loss":0},{"damage_healed":0,"gold_gain":0,"player_choice":"Ignored","damage_taken":0,"max_hp_gain":0,"max_hp_loss":0,"event_name":"Vampires","floor":25,"gold_loss":0},{"damage_healed":25,"gold_gain":0,"player_choice":"Heal","damage_taken":0,"max_hp_gain":0,"max_hp_loss":0,"event_name":"The Library","floor":27,"gold_loss":0}],"is_beta":false,"boss_relics":[{"not_picked":["Empty Cage","Runic Dome"],"picked":"SlaversCollar"}],"items_purged_floors":[24],"is_endless":false,"potions_floor_spawned":[5,8,10,12,16,18,22],"killed_by":"Gremlin Leader","ascension_level":1}}