{"host":"684z1xpuwaoqmmh1","time":1612790176,"event":{"mods":["A Magickal Journey","BaseMod","Downfall","Hermit","Jorbs\u0027s Wanderer Trilogy","Marisa????????","Minty Spire (QoL Compilation)","Robot Space Explorer","Shade Mod","StSLib","The Bug Knight","The Dragon Tamer","The Elementalist","The Hayseed","The Hierophant","The Marked","The Mystic","The Runesmith","The Saiyan","The Senshi","The Spell Scribe","The Vixen","TheBandit","TheFirefly"],"gold_per_floor":[109,119,135,147,147,182,182,201,201,201,201,228,248,280,280,280,280],"floor_reached":16,"language":"ENG","playtime":761,"items_purged":[],"score":235,"play_id":"146d8216-4393-45dc-b321-09890b159e8e","local_time":"20210208151616","is_ascension_mode":true,"campfire_choices":[{"floor":7,"key":"REST"},{"data":"theSenshi:RoseThrow","floor":10,"key":"SMITH"},{"floor":15,"key":"REST"}],"circlet_count":0,"master_deck":["AscendersBane","theSenshi:SailorKick","theSenshi:SailorKick","theSenshi:SailorKick","theSenshi:SailorBlock","theSenshi:SailorBlock","theSenshi:SailorBlock","theSenshi:SailorBlock","theSenshi:RoseThrow+1","theSenshi:MoonPrismPowerMakeUp","theSenshi:OdangoHead+1","theSenshi:LunasBite","theSenshi:MoonTiaraMagic","theSenshi:SailorVenusAssists","theSenshi:MoonSpiralHeartAttack","theSenshi:MoonTiaraMagic","theSenshi:SailorJupiterAssists","Pain","theSenshi:MercurysCunning","theSenshi:MoonEternalMakeUp","theSenshi:JupitersPower"],"relics":["theSenshi:TransformationBroochRelic","hexamod:Sixitude","Sundial","WarpedTongs","StrikeDummy","HollowMod:PaleOreRelic"],"acts_visited":["Exordium"],"potions_floor_usage":[6,14,16],"damage_taken":[{"damage":0,"enemies":"Jaw Worm","floor":1,"turns":7},{"damage":0,"enemies":"2 Louse","floor":2,"turns":3},{"damage":0,"enemies":"Cultist","floor":3,"turns":4},{"damage":20,"enemies":"3 Louse","floor":4,"turns":3},{"damage":22,"enemies":"Lagavulin","floor":6,"turns":8},{"damage":7,"enemies":"Exordium Wildlife","floor":8,"turns":3},{"damage":4,"enemies":"HollowMod:MossKnight","floor":12,"turns":7},{"damage":22,"enemies":"Lots of Slimes","floor":13,"turns":4},{"damage":13,"enemies":"Lagavulin","floor":14,"turns":7},{"damage":24,"enemies":"The Guardian","floor":16,"turns":6}],"seed_played":"2998281093205778499","potions_obtained":[{"floor":2,"key":"SkillPotion"},{"floor":4,"key":"Weak Potion"},{"floor":12,"key":"Energy Potion"},{"floor":13,"key":"EssenceOfSteel"}],"is_trial":false,"path_per_floor":["M","M","M","M","?","E","R","M","T","R","?","E","M","E","R","B"],"character_chosen":"THE_SENSHI","items_purchased":[],"campfire_rested":2,"item_purchase_floors":[],"current_hp_per_floor":[68,68,68,48,48,26,48,41,41,41,41,37,15,2,24,0,0],"gold":280,"neow_bonus":"TRANSFORM_CARD","is_daily":false,"chose_seed":false,"campfire_upgraded":1,"win_rate":0.0,"timestamp":1612790176,"path_taken":["M","M","M","M","?","E","R","M","T","R","?","E","M","E","R","BOSS"],"items_purchased_type":[],"build_version":"2020-12-22","purchased_purges":0,"victory":false,"max_hp_per_floor":[75,75,75,75,75,75,75,75,75,75,75,75,75,75,75,75,75],"card_choices":[{"not_picked":["theSenshi:OdangoHead","theSenshi:Sidestep"],"picked":"theSenshi:LunasBite","floor":1},{"not_picked":["theSenshi:Overload","theSenshi:SchoolBag"],"picked":"theSenshi:MoonTiaraMagic","floor":2},{"not_picked":["theSenshi:SchoolBag","theSenshi:SupersonicWaves"],"picked":"theSenshi:SailorVenusAssists","floor":3},{"not_picked":["theSenshi:Sidestep","theSenshi:LateForSchool"],"picked":"theSenshi:MoonSpiralHeartAttack","floor":4},{"not_picked":["theSenshi:Overload","theSenshi:EncouragingSpeech"],"picked":"theSenshi:MoonTiaraMagic","floor":6},{"not_picked":["theSenshi:Sidestep","theSenshi:LunaWiseMentor"],"picked":"theSenshi:SailorJupiterAssists","floor":8},{"not_picked":["theSenshi:YouCanTalk","theSenshi:SupersonicWaves"],"picked":"theSenshi:MercurysCunning","floor":12},{"not_picked":["theSenshi:DramaticEntrance","theSenshi:SchoolBag"],"picked":"theSenshi:MoonEternalMakeUp","floor":13},{"not_picked":["theSenshi:TallSilhouette","theSenshi:MoonPower"],"picked":"theSenshi:JupitersPower","floor":14}],"player_experience":3199851,"relics_obtained":[{"floor":6,"key":"hexamod:Sixitude"},{"floor":9,"key":"Sundial"},{"floor":12,"key":"StrikeDummy"},{"floor":14,"key":"HollowMod:PaleOreRelic"}],"event_choices":[{"damage_healed":0,"gold_gain":0,"player_choice":"Grow","damage_taken":0,"max_hp_gain":0,"max_hp_loss":0,"event_name":"Living Wall","floor":5,"gold_loss":0,"cards_upgraded":["theSenshi:OdangoHead"]},{"damage_healed":0,"gold_gain":0,"player_choice":"Rummage","damage_taken":0,"relics_obtained":["WarpedTongs"],"max_hp_gain":0,"max_hp_loss":0,"event_name":"Accursed Blacksmith","floor":11,"gold_loss":0,"cards_obtained":["Pain"]}],"is_beta":false,"boss_relics":[],"items_purged_floors":[],"is_endless":false,"potions_floor_spawned":[2,4,12,13],"killed_by":"The Guardian","ascension_level":12}}