{"host":"ek3xvuouaw6vk9if","time":1612806323,"event":{"mods":["AchievementEnabler","BaseMod","Beaked The Cultist","Better Third Choice","BetterRewards","Curses Come First","Dark Map","Hubris","Minty Spire (QoL Compilation)","Permanent Neow","Quick Restart","Relic Stats","Replay The Spire","Spire Arcade","StSLib","The Bladedancer"],"gold_per_floor":[110,126,137,151,226,226,253,83,108,108,108,108,73,85,85,161,161,171,96,96,96,116,116,149,149,204,229,229,242,242,56,56,127,127,142,142,162,177,177,177,211,226,226,226,226,226,237,247,247,247],"floor_reached":51,"language":"ENG","playtime":1659,"items_purged":["Strike_G","Strike_G"],"score":1781,"play_id":"7a10ba7e-2044-4b8e-a013-e257c19dfa14","local_time":"20210208124523","is_ascension_mode":true,"campfire_choices":[{"data":"Blade Dance","floor":6,"key":"SMITH"},{"floor":10,"key":"REST"},{"data":"Finisher","floor":12,"key":"SMITH"},{"data":"Riddle With Holes","floor":15,"key":"SMITH"},{"data":"Prepared","floor":23,"key":"SMITH"},{"floor":25,"key":"REST"},{"data":"Blade Dance","floor":28,"key":"SMITH"},{"data":"Backflip","floor":32,"key":"SMITH"},{"data":"ReplayTheSpireMod:Scrap Shanks","floor":40,"key":"SMITH"},{"data":"hubris:Sniper","floor":44,"key":"SMITH"},{"data":"Tools of the Trade","floor":46,"key":"SMITH"},{"floor":49,"key":"REST"}],"circlet_count":0,"master_deck":["AscendersBane","Defend_G","Defend_G+1","Defend_G","Defend_G","Defend_G","Survivor","Neutralize","Finisher+1","Dramatic Entrance","Blade Dance+1","Deflect+1","Riddle With Holes+1","Infinite Blades","Infinite Blades+1","Die Die Die","Prepared+1","Backflip+1","Blade Dance+1","Accuracy","Tools of the Trade+1","AbeCurse","ReplayTheSpireMod:Scrap Shanks+1","ReplayTheSpireMod:Shiv Toss","After Image","hubris:Sniper+1","Blade Dance+1"],"relics":["Ring of the Snake","hubris:CuriousFeather","HornCleat","Regal Pillow","hubris:Backtick","Shuriken","MutagenicStrength","hubris:Spice","Simple Rune","Question Card","Abe\u0027s Treasure","hubris:Icosahedron","Strawberry","Pantograph"],"acts_visited":["Exordium","TheCity","TheBeyond"],"potions_floor_usage":[7,16,27,35,41,41,41,50,50],"damage_taken":[{"damage":2,"enemies":"Jaw Worm","floor":1,"turns":5},{"damage":0,"enemies":"Small Slimes","floor":2,"turns":1},{"damage":0,"enemies":"Cultist","floor":3,"turns":3},{"damage":2,"enemies":"Looter","floor":4,"turns":3},{"damage":32,"enemies":"Lagavulin","floor":7,"turns":6},{"damage":2,"enemies":"Exordium Thugs","floor":14,"turns":2},{"damage":0,"enemies":"Slime Boss","floor":16,"turns":5},{"damage":14,"enemies":"2 Thieves","floor":18,"turns":2},{"damage":0,"enemies":"Chosen","floor":22,"turns":1},{"damage":25,"enemies":"Book of Stabbing","floor":24,"turns":4},{"damage":15,"enemies":"Slavers","floor":27,"turns":2},{"damage":0,"enemies":"Snecko","floor":29,"turns":3},{"damage":9,"enemies":"Automaton","floor":33,"turns":5},{"damage":11,"enemies":"3 Shapes","floor":35,"turns":4},{"damage":0,"enemies":"3 Darklings","floor":37,"turns":2},{"damage":13,"enemies":"Giant Head","floor":41,"turns":4},{"damage":1,"enemies":"Spire Growth","floor":42,"turns":3},{"damage":4,"enemies":"Writhing Mass","floor":47,"turns":3},{"damage":0,"enemies":"4 Shapes","floor":48,"turns":2},{"damage":23,"enemies":"Time Eater","floor":50,"turns":6}],"seed_played":"663767797596969954","potions_obtained":[{"floor":3,"key":"Weak Potion"},{"floor":7,"key":"LiquidMemories"},{"floor":29,"key":"Block Potion"},{"floor":33,"key":"EntropicBrew"},{"floor":42,"key":"LifebloodPotion"},{"floor":47,"key":"Elixir"},{"floor":48,"key":"Fire Potion"}],"is_trial":false,"path_per_floor":["M","M","M","M","?","R","E","$","T","R","?","R","?","M","R","B",null,"M","?","?","?","M","R","E","R","T","E","R","M","?","$","R","B",null,"M","?","M","?","?","R","E","M","T","R","?","R","M","M","R","B",null],"character_chosen":"THE_SILENT","items_purchased":["Finisher","Dramatic Entrance","Infinite Blades","Explosive Potion","Accuracy"],"campfire_rested":3,"item_purchase_floors":[0,0,8,8,31],"current_hp_per_floor":[57,57,57,55,44,44,12,12,12,46,46,46,62,60,60,60,65,51,51,51,45,45,45,28,65,65,50,50,50,50,50,50,41,66,55,55,55,55,55,55,49,48,48,48,48,48,44,44,81,58],"gold":247,"neow_bonus":"","is_daily":false,"chose_seed":false,"campfire_upgraded":9,"win_rate":0.0,"timestamp":1612806323,"path_taken":["M","M","M","M","?","R","E","$","T","R","?","R","?","M","R","BOSS","M","?","?","?","?","R","E","R","T","E","R","M","?","$","R","BOSS","M","?","?","?","?","R","E","M","T","R","?","R","M","M","R","BOSS"],"items_purchased_type":["Card","Card","Card","Potion","Card"],"build_version":"2020-12-22","purchased_purges":2,"victory":true,"max_hp_per_floor":[66,66,66,66,66,66,66,66,66,66,66,66,66,66,66,66,66,66,66,66,66,66,66,74,74,74,74,74,74,74,74,74,74,74,74,74,74,74,74,74,81,81,81,81,81,81,81,81,81,81],"relic_stats":{"Regal Pillow":43,"counters":[56,228],"Shuriken":[167],"Pantograph":0,"Question Card":21,"obtain_stats":[{"ReplayFunnel":9,"Divine Protection":6,"Regal Pillow":9,"Pet Ghost":26,"Blood Vial":0,"Sozu":17,"hubris:Backtick":17,"HornCleat":7,"hubris:Icosahedron":39,"Sundial":41,"Strawberry":41,"Pantograph":43,"hubris:CuriousFeather":0,"HandDrill":13,"Toxic Egg 2":9,"Replay:Drink Me":34,"Ring of the Snake":0,"Replay:Grab Bag":17,"Guide Book":24,"Circlet":0,"Eternal Feather":7,"The Courier":23,"Replay:WaspNest":43,"Question Card":27,"Replay:Baseball":10,"Ornamental Fan":12,"Shuriken":17,"hubris:Spice":24,"MutagenicStrength":20,"Simple Rune":26,"Coffee Dripper":0,"Bag of Marbles":29,"Grinning Jar":0,"ReplayTheSpireMod:DimensionalGlitch":17,"Abe\u0027s Treasure":34},{"ReplayFunnel":14,"Divine Protection":6,"Regal Pillow":41,"Pet Ghost":24,"Blood Vial":9,"Sozu":18,"hubris:Backtick":18,"HornCleat":41,"hubris:Icosahedron":51,"Sundial":33,"Strawberry":52,"Pantograph":53,"hubris:CuriousFeather":36,"HandDrill":17,"Toxic Egg 2":7,"Replay:Drink Me":28,"Ring of the Snake":0,"Replay:Grab Bag":18,"Guide Book":23,"Circlet":0,"Eternal Feather":14,"The Courier":23,"Replay:WaspNest":34,"Question Card":47,"Replay:Baseball":8,"Ornamental Fan":17,"Shuriken":18,"hubris:Spice":46,"MutagenicStrength":44,"Simple Rune":46,"Coffee Dripper":0,"Bag of Marbles":26,"Grinning Jar":0,"ReplayTheSpireMod:DimensionalGlitch":18,"Abe\u0027s Treasure":49},{"ReplayFunnel":62,"Divine Protection":33,"Regal Pillow":180,"Pet Ghost":112,"Blood Vial":48,"Sozu":86,"hubris:Backtick":86,"HornCleat":180,"hubris:Icosahedron":210,"Sundial":149,"Strawberry":214,"Pantograph":217,"hubris:CuriousFeather":162,"HandDrill":75,"Toxic Egg 2":36,"Replay:Drink Me":129,"Ring of the Snake":0,"Replay:Grab Bag":86,"Guide Book":107,"Circlet":0,"Eternal Feather":62,"The Courier":107,"Replay:WaspNest":155,"Question Card":196,"Replay:Baseball":44,"Ornamental Fan":75,"Shuriken":86,"hubris:Spice":194,"MutagenicStrength":189,"Simple Rune":194,"Coffee Dripper":0,"Bag of Marbles":119,"Grinning Jar":0,"ReplayTheSpireMod:DimensionalGlitch":86,"Abe\u0027s Treasure":204}],"Ring of the Snake":[112]},"card_choices":[{"not_picked":["Dagger Spray","Eviscerate"],"picked":"Blade Dance","floor":1},{"not_picked":["PiercingWail","Leg Sweep"],"picked":"Deflect","floor":2},{"not_picked":["Infinite Blades","Underhanded Strike","hubris:SlightOfHand"],"picked":"SKIP","floor":3},{"not_picked":["Bouncing Flask","Quick Slash","Poisoned Stab"],"picked":"SKIP","floor":4},{"not_picked":["Predator","Heel Hook"],"picked":"Riddle With Holes","floor":7},{"not_picked":["Underhanded Strike","Flying Knee","Dodge and Roll"],"picked":"SKIP","floor":14},{"not_picked":["Corpse Explosion","Wraith Form v2"],"picked":"Die Die Die","floor":16},{"not_picked":["Deflect","Slice"],"picked":"Prepared","floor":18},{"not_picked":["Flying Knee","Draining Mist","Predator"],"picked":"SKIP","floor":22},{"not_picked":["Flechettes","Poisoned Stab"],"picked":"Backflip","floor":24},{"not_picked":["Deadly Poison+1","Escape Plan"],"picked":"Blade Dance","floor":27},{"not_picked":["Unload","Deflect","PiercingWail","Fluid Movement"],"picked":"SKIP","floor":29},{"not_picked":["Replay:Bag of Tricks","A Thousand Cuts","Night Terror"],"picked":"Tools of the Trade","floor":33},{"not_picked":["Quick Slash","Distraction","Backflip"],"picked":"ReplayTheSpireMod:Scrap Shanks","floor":35},{"not_picked":["hubris:TrickCloak+1","Sucker Punch+1","Setup+1"],"picked":"ReplayTheSpireMod:Shiv Toss","floor":37},{"not_picked":["Backflip","Flying Knee","Outmaneuver"],"picked":"After Image","floor":41},{"not_picked":["Dagger Throw","ReplayTheSpireMod:Tripwire","Deadly Poison"],"picked":"hubris:Sniper","floor":42},{"not_picked":["Dodge and Roll+1","Deflect+1","hubris:SlightOfHand"],"picked":"Blade Dance+1","floor":47},{"not_picked":["Replay:Poison Smokescreen","hubris:TrickCloak","Predator+1","Poisoned Stab+1"],"picked":"SKIP","floor":48}],"player_experience":543822,"relics_obtained":[{"floor":7,"key":"HornCleat"},{"floor":9,"key":"Regal Pillow"},{"floor":24,"key":"hubris:Spice"},{"floor":26,"key":"Simple Rune"},{"floor":27,"key":"Question Card"},{"floor":41,"key":"Strawberry"},{"floor":43,"key":"Pantograph"}],"event_choices":[{"damage_healed":0,"gold_gain":75,"player_choice":"Gold","damage_taken":11,"max_hp_gain":0,"max_hp_loss":0,"event_name":"betterThird:BetterGoop","floor":5,"gold_loss":0},{"damage_healed":16,"gold_gain":0,"player_choice":"Healed","damage_taken":0,"max_hp_gain":0,"max_hp_loss":0,"event_name":"The Cleric","floor":13,"gold_loss":35},{"cards_removed":["Strike_G"],"damage_healed":0,"gold_gain":0,"player_choice":"Gave Gold","damage_taken":0,"max_hp_gain":0,"max_hp_loss":0,"event_name":"Beggar","floor":19,"gold_loss":75},{"damage_healed":0,"gold_gain":0,"player_choice":"Inject Mutagens","damage_taken":0,"relics_obtained":["MutagenicStrength"],"max_hp_gain":0,"max_hp_loss":0,"event_name":"Drug Dealer","floor":20,"gold_loss":0},{"damage_healed":0,"gold_gain":0,"player_choice":"","damage_taken":6,"max_hp_gain":0,"max_hp_loss":0,"event_name":"Knowing Skull","floor":21,"potions_obtained":[],"gold_loss":0,"cards_obtained":[]},{"damage_healed":0,"gold_gain":0,"player_choice":"Upgraded","damage_taken":0,"max_hp_gain":0,"max_hp_loss":0,"event_name":"Upgrade Shrine","floor":30,"gold_loss":0,"cards_upgraded":["Deflect"]},{"cards_removed":["Strike_G"],"damage_healed":0,"gold_gain":0,"player_choice":"Offered Basic","damage_taken":0,"max_hp_gain":0,"max_hp_loss":0,"event_name":"Bonfire Elementals","floor":36,"gold_loss":0}],"is_beta":false,"boss_relics":[{"not_picked":["Snecko Eye","Replay:Wanted Poster"],"picked":"hubris:Backtick"},{"not_picked":["Calling Bell","hubris:Spice"],"picked":"Abe\u0027s Treasure"}],"items_purged_floors":[8,31],"is_endless":false,"potions_floor_spawned":[3,7,29,33,42,47,48],"ascension_level":18}}