{"host":"m4wbcutj3xdd6hl7","time":1612786365,"event":{"mods":["Act Like it!","BaseMod","Colored Map","Downfall","Gensokyo","Lobotomy","Marisa£®ÏF”Í°°ƒß¿Ì…≥£©","Minty Spire (QoL Compilation)","Quick Restart","Shop Mod","StSLib","The Hierophant","WarShipGirlsR/’ΩΩ¢…Ÿ≈ÆR mod","[IsaacMod]“‘»ˆº‚À˛","noobMod","°æ“≈ŒÔø®≈∆°øREMEMod"],"gold_per_floor":[119,29,109,129,141,661,680,709,709,728,759,759,775,789,789,789,789],"floor_reached":16,"language":"ZHS","playtime":1169,"items_purged":[],"score":141,"play_id":"f7a53263-6e73-4217-866f-de67b5003706","local_time":"20210208201245","is_ascension_mode":false,"campfire_choices":[],"circlet_count":0,"master_deck":["SpecialBullet","SpecialBullet","SpecialBullet","SpecialBullet","SpecialBullet","SpecialBullet","SpecialBullet","SpecialBullet","Adoration","Offering","Wingbeat","InformationCode","OSAHOGD","ParadiseLost","ShyLook","BlackSwan","Porccubus","Diffraction","Galaxy","ExtractionCode","WhitesApple","Parasite","SwordSharpenedByTears","Parasite"],"relics":["CogitoBucket","ice","REME_ComplimentaryCards","HushsDoor","SatanicBible","Happy Flower","Kunai","ResearcherNote","TheBible"],"acts_visited":["Gensokyo:Gensokyo"],"potions_floor_usage":[11],"damage_taken":[{"damage":0,"enemies":"Gensokyo:Python","floor":1,"turns":2},{"damage":13,"enemies":"Gensokyo:2_Kodama","floor":4,"turns":3},{"damage":6,"enemies":"Gensokyo:3_Fairies","floor":5,"turns":4},{"damage":44,"enemies":"Gensokyo:3_Kodama","floor":6,"turns":7},{"damage":9,"enemies":"Gensokyo:Python_and_Kodama","floor":7,"turns":4},{"damage":17,"enemies":"Gensokyo:Aya","floor":8,"turns":5},{"damage":21,"enemies":"Gensokyo:2_Rabbits","floor":10,"turns":4},{"damage":26,"enemies":"Gensokyo:Cirno","floor":11,"turns":5},{"damage":6,"enemies":"Gensokyo:3_Kodama","floor":13,"turns":2},{"damage":6,"enemies":"Gensokyo:Gryphon_and_Rabbit","floor":14,"turns":3},{"damage":52,"enemies":"Gensokyo:Yukari","floor":16,"turns":6}],"seed_played":"-709240047588820903","potions_obtained":[{"floor":1,"key":"Dexterity Potion"},{"floor":4,"key":"BlessingOfTheForge"},{"floor":8,"key":"Explosive Potion"}],"is_trial":false,"path_per_floor":["M","COS","?","M","M","M","M","E","T","M","E","R","M","M","R","B"],"character_chosen":"Angela","items_purchased":[],"campfire_rested":0,"item_purchase_floors":[],"current_hp_per_floor":[70,70,70,57,51,7,67,50,50,29,85,85,79,73,73,21,21],"gold":789,"neow_bonus":"ONE_RANDOM_RARE_CARD","is_daily":false,"chose_seed":false,"campfire_upgraded":0,"win_rate":0.0,"timestamp":1612786365,"path_taken":["M","COS","?","M","M","M","M","E","T","M","E","R","M","M","R","BOSS"],"items_purchased_type":[],"build_version":"2020-12-22","purchased_purges":0,"victory":false,"max_hp_per_floor":[70,70,70,70,70,70,72,75,75,82,88,88,89,90,90,96,96],"card_choices":[{"not_picked":["CherryBlossom","FourthMatchFlame"],"picked":"SKIP","floor":1},{"not_picked":["CherryBlossom","FourthMatchFlame"],"picked":"SKIP","floor":1},{"not_picked":["Beak"],"picked":"Wingbeat","floor":4},{"not_picked":["BigBadWolf","LittlePrince"],"picked":"OSAHOGD","floor":5},{"not_picked":["Noise","SomewhereSpear"],"picked":"SKIP","floor":5},{"not_picked":["CENSORED_ego"],"picked":"ParadiseLost","floor":6},{"not_picked":["WallGazer","Alriune"],"picked":"ShyLook","floor":6},{"not_picked":["Noise","SomewhereSpear"],"picked":"SKIP","floor":6},{"not_picked":["RedEyes","TodaysExpression"],"picked":"SKIP","floor":7},{"not_picked":["BigBird","WallGazer"],"picked":"BlackSwan","floor":8},{"not_picked":["Reverberation","Amita"],"picked":"SKIP","floor":8},{"not_picked":["Wellcheers","CrumblingArmor"],"picked":"Porccubus","floor":10},{"not_picked":["BloodyDesire"],"picked":"Diffraction","floor":10},{"not_picked":["SomewhereSpear"],"picked":"Galaxy","floor":11},{"not_picked":["Rudolta","HappyTeddy"],"picked":"WhitesApple","floor":13},{"not_picked":["Penitence","WristCuter"],"picked":"SKIP","floor":13},{"not_picked":["Penitence","WristCuter"],"picked":"SKIP","floor":13},{"not_picked":["Noise"],"picked":"SwordSharpenedByTears","floor":14},{"not_picked":["CUTE","FourthMatchFlame"],"picked":"SKIP","floor":14}],"player_experience":874137,"relics_obtained":[{"floor":8,"key":"Happy Flower"},{"floor":9,"key":"Kunai"},{"floor":11,"key":"TheBible"}],"event_choices":[],"is_beta":false,"boss_relics":[],"items_purged_floors":[],"is_endless":false,"potions_floor_spawned":[1,4,8],"killed_by":"Gensokyo:Yukari","ascension_level":0}}