{"host":"n7gt2lywuauec2nz","time":1612784117,"event":{"mods":["100% Spire Juice","2.2 Compatiblity","Act Like it!","Aspiration","BaseMod","Better Third Choice","Colored Powertips","DeckTracker","GifTheSpireLib","Highlight Path","HololiveMod","Hubris","Infinite Spire","Minty Spire (QoL Compilation)","Quick Restart","Random Character Button","Relic Sorter","Replay The Spire","Retaliation","StSLib","Synergy Search","The IronCluck"],"gold_per_floor":[113,113,113,5,16,16,30,49,49,49,0,75,150,10,10,105,105,119,130,34,51,66,66,91,91,173,185,195,195,195,195],"floor_reached":30,"language":"ENG","playtime":1319,"items_purged":[],"score":252,"play_id":"6aecf3f8-9344-4f0f-b263-c29ce304af10","local_time":"20210208033517","is_ascension_mode":true,"campfire_choices":[{"data":"Creative AI","floor":6,"key":"SMITH"},{"floor":10,"key":"REST"},{"floor":15,"key":"REST"},{"floor":23,"key":"REST"},{"floor":25,"key":"REST"}],"circlet_count":0,"master_deck":["Strike_B","Strike_B","Strike_B","Strike_B","Defend_B","Defend_B","Defend_B","Zap","Dualcast","Chrysalis","Coolheaded","Lockon","Creative AI+1","Creative AI","Fusion","Defragment","ReplayTheSpireMod:Omega Cannon","Enlightenment","Fission","Heatsinks","Darkness+1","Capacitor","Cold Snap","Redo+1","Self Repair+1"],"relics":["Cracked Core","aspiration:EnhancedActuators","Omamori","ReplayTheSpireMod:CursedCoin","Strawberry","Philosopher\u0027s Stone","aspiration:SeaSaltIceCream","Meat on the Bone","Molten Egg 2"],"acts_visited":["Exordium","TheCity"],"potions_floor_usage":[5,8,21,24,27],"damage_taken":[{"damage":2,"enemies":"Small Slimes","floor":1,"turns":5},{"damage":18,"enemies":"Jaw Worm","floor":5,"turns":6},{"damage":0,"enemies":"2 Louse","floor":7,"turns":2},{"damage":22,"enemies":"Looter","floor":8,"turns":4},{"damage":48,"enemies":"The Guardian","floor":16,"turns":12},{"damage":4,"enemies":"3 Byrds","floor":18,"turns":3},{"damage":28,"enemies":"2 Thieves","floor":19,"turns":3},{"damage":0,"enemies":"Snake Plant","floor":21,"turns":2},{"damage":33,"enemies":"Shelled Parasite and Fungi","floor":22,"turns":5},{"damage":8,"enemies":"Gremlin Leader","floor":24,"turns":6},{"damage":31,"enemies":"Centurion and Healer","floor":27,"turns":7},{"damage":34,"enemies":"Snecko","floor":28,"turns":10},{"damage":29,"enemies":"Cultist and Chosen","floor":30,"turns":4}],"seed_played":"-8415330602039027775","potions_obtained":[{"floor":1,"key":"Swift Potion"},{"floor":5,"key":"Block Potion"},{"floor":16,"key":"infinitespire:BlackPotion"},{"floor":21,"key":"FearPotion"},{"floor":22,"key":"Block Potion"},{"floor":24,"key":"AttackPotion"},{"floor":27,"key":"Strength Potion"}],"is_trial":false,"path_per_floor":["M","?","?","$","M","R","M","M","T","R","?","?","?","$","R","B",null,"M","M","$","M","M","R","E","R","T","M","M","?","M"],"character_chosen":"DEFECT","items_purchased":["Creative AI","Omamori","ReplayTheSpireMod:CursedCoin","Strawberry","Capacitor","Cold Snap"],"campfire_rested":4,"item_purchase_floors":[4,14,14,14,20,20],"current_hp_per_floor":[66,66,66,66,48,48,48,26,26,46,52,52,41,48,72,24,81,77,49,49,49,16,40,32,56,56,37,25,25,0,0],"gold":195,"neow_bonus":"RANDOM_COLORLESS_2","is_daily":false,"chose_seed":false,"campfire_upgraded":1,"win_rate":0.0,"timestamp":1612784117,"path_taken":["M","?","?","$","M","R","M","M","T","R","?","?","?","$","R","BOSS","M","M","$","M","M","R","E","R","T","M","M","?","M"],"items_purchased_type":["Card","Relic","Relic","Relic","Card","Card"],"build_version":"2020-12-22","purchased_purges":0,"victory":false,"max_hp_per_floor":[68,68,68,68,68,68,68,68,68,68,74,74,74,81,81,81,81,81,81,81,81,81,81,81,81,81,81,81,81,81,81],"card_choices":[{"not_picked":["Sadistic Nature","Poisoned Strike"],"picked":"Chrysalis","floor":0},{"not_picked":["Stack","Melter"],"picked":"Coolheaded","floor":1},{"not_picked":["Ball Lightning","Leap"],"picked":"Fusion","floor":5},{"not_picked":["Beam Cell","Force Field"],"picked":"Defragment","floor":7},{"not_picked":["Gash","Turbo"],"picked":"ReplayTheSpireMod:Omega Cannon","floor":8},{"not_picked":["Meteor Strike","hubris:DoWhile"],"picked":"Fission","floor":16},{"not_picked":["ReplaySolidLightProjector+1","Tempest+1"],"picked":"Heatsinks","floor":18},{"not_picked":["Stack","Leap"],"picked":"Darkness+1","floor":19},{"not_picked":["Steam+1","Glacier"],"picked":"Redo+1","floor":21},{"not_picked":["Go for the Eyes","Leap+1","Reinforced Body"],"picked":"SKIP","floor":22},{"not_picked":["Streamline+1","Hello World","Stack+1"],"picked":"SKIP","floor":24},{"not_picked":["hubris:PowerSurge+1","Beam Cell+1"],"picked":"Self Repair+1","floor":27},{"not_picked":["Recycle","Cold Snap+1","BasicCrystalCard"],"picked":"SKIP","floor":28}],"player_experience":148724,"relics_obtained":[{"floor":3,"key":"aspiration:EnhancedActuators"},{"floor":24,"key":"aspiration:SeaSaltIceCream"},{"floor":26,"key":"Molten Egg 2"}],"event_choices":[{"damage_healed":0,"gold_gain":0,"cards_transformed":["Defend_B"],"player_choice":"Change","damage_taken":0,"max_hp_gain":0,"max_hp_loss":0,"event_name":"Living Wall","floor":2,"gold_loss":0,"cards_obtained":["Lockon"]},{"damage_healed":0,"gold_gain":0,"player_choice":"RENOUNCE","damage_taken":49,"max_hp_gain":0,"max_hp_loss":0,"event_name":"betterThird:BetterSerpent","floor":11,"gold_loss":49,"cards_obtained":["Enlightenment"]},{"damage_healed":0,"gold_gain":75,"player_choice":"Gold","damage_taken":11,"max_hp_gain":0,"max_hp_loss":0,"event_name":"betterThird:BetterGoop","floor":13,"gold_loss":0},{"damage_healed":0,"gold_gain":0,"player_choice":"Ignored","damage_taken":0,"max_hp_gain":0,"max_hp_loss":0,"event_name":"Vampires","floor":29,"gold_loss":0}],"is_beta":false,"boss_relics":[{"not_picked":["ChewingGum","Snecko Heart"],"picked":"Philosopher\u0027s Stone"}],"items_purged_floors":[],"is_endless":false,"potions_floor_spawned":[1,5,16,21,22,24,27],"killed_by":"Cultist and Chosen","ascension_level":1}}