{"host":"94qggqh0xz0sp6ai","time":1612816246,"event":{"mods":["100% Spire Juice","Abigail Mod","Act Like it!","BaseMod","CapriCore","Downfall","Friendly Minions","Gensokyo","Hermit","Jorbs\u0027s Wanderer Trilogy","Koishi","Marisa（霧雨　魔理沙）","Minty Spire (QoL Compilation)","Permanent Neow","Reimu（博??梦）","StSLib","The Alterego","The Construct","The Cursed","The Hierophant","The Immortal","The Marked","The Mystic","The Senshi","The Servant 0.9.4","TheBandit","Waifu the Spire"],"gold_per_floor":[110,120,120,131,142,142,152,152,152,152,152],"floor_reached":10,"language":"ENG","playtime":323,"items_purged":[],"score":114,"play_id":"b7e170d5-4c4f-4074-ba15-244a699ba466","local_time":"20210208143046","is_ascension_mode":true,"campfire_choices":[{"data":"UniversalSpiritual:ReiMu","floor":6,"key":"SMITH"},{"data":"InherentArray:ReiMu","floor":8,"key":"SMITH"}],"circlet_count":0,"master_deck":["AscendersBane","Strike_Lin:ReiMu","Strike_Lin:ReiMu","Strike_Lin:ReiMu","Defend_Lin:ReiMu","Defend_Lin:ReiMu","Defend_Lin:ReiMu","Defend_Lin:ReiMu","NB:ReiMu+1","Stagnation:ReiMu","SpreadBorder2:ReiMu","Revelation:ReiMu","UniversalSpiritual:ReiMu+1","Revelation:ReiMu","InherentArray:ReiMu+1"],"relics":["FlyPower:ReiMu","Blue Candle"],"acts_visited":["Exordium"],"potions_floor_usage":[7,10],"damage_taken":[{"damage":10,"enemies":"Jaw Worm","floor":1,"turns":5},{"damage":9,"enemies":"Cultist","floor":2,"turns":5},{"damage":2,"enemies":"2 Louse","floor":4,"turns":5},{"damage":13,"enemies":"Large Slime","floor":5,"turns":11},{"damage":0,"enemies":"Looter","floor":7,"turns":4},{"damage":46,"enemies":"Gremlin Nob","floor":10,"turns":4}],"seed_played":"-6657509721267061204","potions_obtained":[{"floor":2,"key":"DistilledChaos"},{"floor":5,"key":"Dexterity Potion"},{"floor":7,"key":"AttackPotion"}],"is_trial":false,"path_per_floor":["M","M","?","M","M","R","M","R","T","E"],"character_chosen":"REIMU","items_purchased":[],"campfire_rested":0,"item_purchase_floors":[],"current_hp_per_floor":[44,35,35,33,20,20,20,20,20,0,0],"gold":152,"neow_bonus":"UPGRADE_CARD","is_daily":false,"chose_seed":false,"campfire_upgraded":2,"win_rate":0.0,"timestamp":1612816246,"path_taken":["M","M","?","?","M","R","M","R","T","E"],"items_purchased_type":[],"build_version":"2020-12-22","purchased_purges":0,"victory":false,"max_hp_per_floor":[60,60,60,60,60,60,60,60,60,60,60],"card_choices":[{"not_picked":["AlertArray:ReiMu","CareerPray:ReiMu"],"picked":"SpreadBorder2:ReiMu","floor":1},{"not_picked":["CareerPray:ReiMu","TightArray:ReiMu"],"picked":"Revelation:ReiMu","floor":2},{"not_picked":["WonderfulDomain:ReiMu","AirManeuver:ReiMu"],"picked":"UniversalSpiritual:ReiMu","floor":4},{"not_picked":["TightArray:ReiMu","UpKicking:ReiMu"],"picked":"Revelation:ReiMu","floor":5},{"not_picked":["Meditation:ReiMu","YinYangSange:ReiMu"],"picked":"InherentArray:ReiMu","floor":7}],"player_experience":1530791,"relics_obtained":[{"floor":9,"key":"Blue Candle"}],"event_choices":[{"cards_removed":["Strike_Lin:ReiMu"],"damage_healed":0,"gold_gain":0,"player_choice":"Offered Basic","damage_taken":0,"max_hp_gain":0,"max_hp_loss":0,"event_name":"Bonfire Elementals","floor":3,"gold_loss":0}],"is_beta":false,"boss_relics":[],"items_purged_floors":[],"is_endless":false,"potions_floor_spawned":[2,5,7],"killed_by":"Gremlin Nob","ascension_level":18}}