{"host":"lzpp66udqthct9jv","time":1612774418,"event":{"mods":["Act Like it!","BaseMod","Better-Laid Plans","Chen","Emptier Cage","Gensokyo","Highlight Path","Koishi","Marisa£®ÏF”Í°°ƒß¿Ì…≥£©","Minty Spire (QoL Compilation)","Pale of the Ancients","Quick Restart","Reimu£®≤©¿ˆ¡È√Œ£©","Remilia£®¿Ÿ√◊¿Ú—«£©","Shop Mod","StSLib","The Administrix","The Servant 0.9.4","Yakumo Yukari mod","Youmu£®ªÍ∆«—˝√Œ£©","Yuyuko","ÛÙª÷∏ƒœ"],"gold_per_floor":[119,130,19,19,32,60,60,60,84,84,84,84,109,144,144,240,240,259,277,292,292,7,7,51,51,76,109,34,34,34,84,84,179,179,194,527,541,182,182,214,263,295,345,370,370,405,198,208,133,133,133,133,133,26,53,53],"floor_reached":57,"language":"ZHS","playtime":2374,"items_purged":["Slice","Survivor","Doppelganger","A Thousand Cuts"],"score":3545,"play_id":"28248548-b79b-4a0c-8865-a3d6c56225ca","local_time":"20210208165338","is_ascension_mode":true,"campfire_choices":[{"data":"Wraith Form v2","floor":7.0,"key":"SMITH"},{"data":"Accuracy","floor":10.0,"key":"SMITH"},{"floor":12.0,"key":"REST"},{"data":"Reflex","floor":15.0,"key":"SMITH"},{"data":"Adrenaline","floor":23.0,"key":"SMITH"},{"data":"Reflex","floor":25.0,"key":"SMITH"},{"floor":29.0,"key":"RECALL"},{"data":"Footwork","floor":32.0,"key":"SMITH"},{"data":"Finisher","floor":45.0,"key":"SMITH"},{"data":"Blur","floor":53.0,"key":"SMITH"}],"circlet_count":0,"master_deck":["AscendersBane","Accuracy+1","Wraith Form v2+1","Storm of Steel+1","Tactician+1","Reflex+1","Blade Dance+1","Footwork+1","Deflect","Adrenaline+1","Reflex+1","Prepared+1","Well Laid Plans+1","Finisher+1","Acrobatics","Blur+1","Footwork"],"relics":["Pandora\u0027s Box","Toy Ornithopter","War Paint","Nunchaku","Empty Cage","PreservedInsect","Ninja Scroll","Mastiff:ReiMu","Snake Skull","HoveringKite","Membership Card","Sundial","Bag of Marbles","Unceasing Top","Regal Pillow","RuthlessExorcism:ReiMu","Strawberry","Ice Cream","Kunai","Cauldron","Orichalcum"],"acts_visited":["Exordium","TheCity","TheBeyond","TheEnding"],"potions_floor_usage":[56,56],"damage_taken":[{"damage":14.0,"enemies":"2 Louse","floor":1.0,"turns":4.0},{"damage":1.0,"enemies":"Jaw Worm","floor":2.0,"turns":2.0},{"damage":1.0,"enemies":"Cultist","floor":5.0,"turns":3.0},{"damage":20.0,"enemies":"3 Sentries","floor":6.0,"turns":5.0},{"damage":0.0,"enemies":"Large Slime","floor":13.0,"turns":2.0},{"damage":0.0,"enemies":"Lagavulin","floor":14.0,"turns":4.0},{"damage":29.0,"enemies":"The Guardian","floor":16.0,"turns":7.0},{"damage":0.0,"enemies":"Chosen","floor":18.0,"turns":2.0},{"damage":11.0,"enemies":"Spheric Guardian","floor":19.0,"turns":3.0},{"damage":3.0,"enemies":"Shelled Parasite and Fungi","floor":20.0,"turns":2.0},{"damage":1.0,"enemies":"Book of Stabbing","floor":24.0,"turns":3.0},{"damage":0.0,"enemies":"Slavers","floor":27.0,"turns":3.0},{"damage":0.0,"enemies":"Champ","floor":33.0,"turns":4.0},{"damage":1.0,"enemies":"Orb Walker","floor":35.0,"turns":2.0},{"damage":0.0,"enemies":"3 Shapes","floor":37.0,"turns":3.0},{"damage":0.0,"enemies":"Reptomancer","floor":40.0,"turns":2.0},{"damage":0.0,"enemies":"2 Orb Walkers","floor":41.0,"turns":2.0},{"damage":1.0,"enemies":"Giant Head","floor":42.0,"turns":3.0},{"damage":0.0,"enemies":"Reptomancer","floor":44.0,"turns":2.0},{"damage":0.0,"enemies":"Giant Head","floor":46.0,"turns":2.0},{"damage":0.0,"enemies":"Spire Growth","floor":48.0,"turns":2.0},{"damage":0.0,"enemies":"Awakened One","floor":50.0,"turns":3.0},{"damage":0.0,"enemies":"Time Eater","floor":51.0,"turns":7.0},{"damage":0.0,"enemies":"Shield and Spear","floor":55.0,"turns":3.0},{"damage":1,"enemies":"The Heart","floor":56,"turns":8}],"seed_played":"4453280142345600126","potions_obtained":[{"floor":1.0,"key":"Block Potion"},{"floor":13.0,"key":"FearPotion"},{"floor":18.0,"key":"EssenceOfSteel"},{"floor":20.0,"key":"SpeedPotion"},{"floor":24.0,"key":"SteroidPotion"},{"floor":27.0,"key":"Swift Potion"},{"floor":54.0,"key":"DuplicationPotion"},{"floor":54.0,"key":"Swift Potion"}],"is_trial":false,"path_per_floor":["M","M","$","?","M","E","R","?","T","R","?","R","M","E","R","B",null,"M","M","M","?","$","R","E","R","T","E","?","R","T","?","R","B",null,"M","?","M","$","?","E","?","E","T","E","R","E","$","M","R","B","B",null,"R","$","E","B",null],"character_chosen":"THE_SILENT","items_purchased":["Blade Dance","Footwork","Reflex","PreservedInsect","Membership Card","Sundial","Kunai","Footwork","Cauldron"],"campfire_rested":1,"item_purchase_floors":[3,3,22,22,38,38,47,54,54],"current_hp_per_floor":[45,44,44,44,43,23,23,23,23,23,23,41,46,46,46,17,49,49,38,40,60,60,60,59,59,59,59,59,59,59,59,59,59,60,59,59,59,59,57,57,57,56,56,63,63,63,63,63,63,63,64,64,64,64,64,63],"gold":53,"neow_bonus":"BOSS_RELIC","is_daily":false,"chose_seed":false,"campfire_upgraded":8,"win_rate":0.0,"timestamp":1612774418,"path_taken":["M","M","$","?","M","E","R","?","T","R","?","R","M","E","R","BOSS","M","?","M","?","$","R","E","R","T","E","?","R","?","?","R","BOSS","M","?","M","$","?","E","?","E","T","E","R","E","?","M","R","BOSS","BOSS","R","$","E","BOSS"],"items_purchased_type":["Card","Card","Card","Relic","Relic","Relic","Relic","Card","Relic"],"build_version":"2020-12-22","purchased_purges":4,"victory":true,"max_hp_per_floor":[66,66,66,66,66,66,66,60,60,60,60,60,60,60,60,60,60,60,60,60,60,60,60,60,60,60,60,60,60,60,60,60,60,60,60,60,60,60,57,57,57,57,57,64,64,64,64,64,64,64,64,64,64,64,64,64],"card_choices":[{"not_picked":["Choke","Flying Knee"],"picked":"Reflex","floor":1.0},{"not_picked":["Caltrops","Quick Slash","Infinite Blades"],"picked":"SKIP","floor":2.0},{"not_picked":["Dagger Spray","Quick Slash","Masterful Stab"],"picked":"SKIP","floor":5.0},{"not_picked":["Quick Slash","Skewer"],"picked":"Deflect","floor":6.0},{"not_picked":["Poisoned Stab","Flying Knee","Dash"],"picked":"SKIP","floor":13.0},{"not_picked":["Caltrops","PiercingWail","Predator"],"picked":"SKIP","floor":14.0},{"not_picked":["Grand Finale","Glass Knife"],"picked":"Adrenaline","floor":16.0},{"not_picked":["Masterful Stab","Sucker Punch","Deadly Poison"],"picked":"SKIP","floor":18.0},{"not_picked":["Accuracy","Slice","Cloak And Dagger"],"picked":"SKIP","floor":19.0},{"not_picked":["Bane","Cloak And Dagger","Outmaneuver"],"picked":"SKIP","floor":20.0},{"not_picked":["Backflip","Cloak And Dagger"],"picked":"Prepared+1","floor":24.0},{"not_picked":["Venomology","Tactician"],"picked":"Well Laid Plans+1","floor":27.0},{"not_picked":["Corpse Explosion","Burst"],"picked":"A Thousand Cuts","floor":33.0},{"not_picked":["PiercingWail+1","Well Laid Plans","Setup"],"picked":"SKIP","floor":35.0},{"not_picked":["Deflect+1","Underhanded Strike+1","Setup"],"picked":"SKIP","floor":37.0},{"not_picked":["Accuracy","All Out Attack"],"picked":"Finisher","floor":40.0},{"not_picked":["Underhanded Strike+1","Bane"],"picked":"Acrobatics","floor":41.0},{"not_picked":["Reflex","Dagger Throw+1","PiercingWail"],"picked":"SKIP","floor":42.0},{"not_picked":["Distraction+1","Choke","Unload"],"picked":"SKIP","floor":44.0},{"not_picked":["Backflip","Heel Hook+1"],"picked":"Blur","floor":46.0},{"not_picked":["Riddle With Holes","Tactician+1","Sucker Punch"],"picked":"SKIP","floor":48.0},{"not_picked":["Quick Slash","Bouncing Flask","Flying Knee"],"picked":"SKIP","floor":55.0}],"player_experience":1858537,"relics_obtained":[{"floor":6.0,"key":"Toy Ornithopter"},{"floor":9.0,"key":"War Paint"},{"floor":14.0,"key":"Nunchaku"},{"floor":24.0,"key":"Ninja Scroll"},{"floor":27.0,"key":"Mastiff:ReiMu"},{"floor":30.0,"key":"Snake Skull"},{"floor":40.0,"key":"Bag of Marbles"},{"floor":41.0,"key":"Unceasing Top"},{"floor":42.0,"key":"Regal Pillow"},{"floor":43.0,"key":"RuthlessExorcism:ReiMu"},{"floor":44.0,"key":"Strawberry"},{"floor":46.0,"key":"Ice Cream"},{"floor":55.0,"key":"Orichalcum"}],"event_choices":[{"damage_healed":0.0,"max_hp_gain":0.0,"max_hp_loss":0.0,"gold_gain":0.0,"event_name":"Liars Game","player_choice":"Ignored","floor":4.0,"gold_loss":0.0,"damage_taken":0.0},{"damage_healed":0.0,"max_hp_gain":0.0,"max_hp_loss":6.0,"gold_gain":0.0,"event_name":"Golden Idol","player_choice":"Lose Max HP","floor":8.0,"gold_loss":0.0,"damage_taken":0.0,"relics_obtained":["Golden Idol"]},{"damage_healed":0.0,"max_hp_gain":0.0,"max_hp_loss":0.0,"gold_gain":0.0,"event_name":"Upgrade Shrine","player_choice":"Upgraded","floor":11.0,"gold_loss":0.0,"damage_taken":0.0,"cards_upgraded":["Blade Dance"]},{"cards_removed":["Heel Hook"],"damage_healed":20.0,"max_hp_gain":0.0,"max_hp_loss":0.0,"gold_gain":0.0,"event_name":"Bonfire Elementals","player_choice":"Offered Uncommon","floor":21.0,"gold_loss":0.0,"damage_taken":0.0},{"cards_removed":["Neutralize"],"damage_healed":0.0,"max_hp_gain":0.0,"max_hp_loss":0.0,"gold_gain":0.0,"event_name":"Beggar","player_choice":"Gave Gold","floor":28.0,"gold_loss":75.0,"damage_taken":0.0},{"damage_healed":0.0,"max_hp_gain":0.0,"max_hp_loss":0.0,"gold_gain":50.0,"event_name":"Nest","player_choice":"Stole From Cult","floor":31.0,"gold_loss":0.0,"damage_taken":0.0},{"damage_healed":0.0,"max_hp_gain":0.0,"max_hp_loss":0.0,"gold_gain":333.0,"event_name":"The Moai Head","player_choice":"Gave Idol","floor":36.0,"relics_lost":["Golden Idol"],"gold_loss":0.0,"damage_taken":0.0},{"damage_healed":0.0,"max_hp_gain":0.0,"max_hp_loss":3.0,"gold_gain":0.0,"event_name":"Winding Halls","player_choice":"Max HP","floor":39.0,"gold_loss":0.0,"damage_taken":0.0},{"damage_healed":0.0,"max_hp_gain":0.0,"max_hp_loss":0.0,"gold_gain":0.0,"event_name":"Mysterious Sphere","player_choice":"Fight","floor":41.0,"gold_loss":0.0,"damage_taken":0.0}],"is_beta":false,"boss_relics":[{"not_picked":["Runic Dome","Black Star"],"picked":"Empty Cage"},{"not_picked":["Astrolabe","RedLine:ReiMu"],"picked":"HoveringKite"}],"items_purged_floors":[22,38,47,49],"is_endless":false,"potions_floor_spawned":[1,13,18,20,24,27,35,37,42,46],"ascension_level":20}}