{"host":"qbjtml023iza03hb","time":1612799132,"event":{"mods":["AchievementEnabler","BaseMod","Better Sensory Stone","Hermit","Minty Spire (QoL Compilation)","StSLib","The Animator","The Cursed"],"gold_per_floor":[113,113,113,124,49,49,61,61,135,165,181,181,200,215,215,320,320,333,33,52,68,68,95,95,128,128,128,157,157,190,209,209,312,312,326,326,326,68,68,99,99,113,113,163,180,180,180,31,31,31,31,31,5,40,40,40],"floor_reached":55,"language":"FRA","playtime":5656,"items_purged":["Strike_G","Defend_G"],"score":934,"play_id":"de7a60ca-d149-4a6f-a26f-cc57321b364e","local_time":"20210208164532","is_ascension_mode":true,"campfire_choices":[{"data":"Apotheosis","floor":6.0,"key":"SMITH"},{"floor":8.0,"key":"RECALL"},{"floor":15.0,"key":"REST"},{"data":"Neutralize","floor":24.0,"key":"SMITH"},{"floor":27.0,"key":"REST"},{"floor":32.0,"key":"REST"},{"floor":47.0,"key":"REST"},{"floor":49.0,"key":"REST"},{"floor":52.0,"key":"REST"}],"circlet_count":0,"master_deck":["Strike_G","Strike_G","Defend_G","Defend_G","Survivor","Neutralize+1","Apotheosis+1","Heel Hook","Masterful Stab","Concentrate+1","PiercingWail+1","Underhanded Strike","Well Laid Plans","Predator","Night Terror+1","Sucker Punch+1","Backflip+1","Blur+1","Deflect+1","Leg Sweep+1","Tactician+1","Prepared+1","Tools of the Trade","Flechettes+1","Blade Dance","Crippling Poison","Adrenaline","Escape Plan+1","AscendersBane","Blur","Infinite Blades+1","After Image","Cloak And Dagger+1","PiercingWail+1","Caltrops+1","Heel Hook+1","Caltrops+1","Backflip","Venomology"],"relics":["Ring of the Snake","Dream Catcher","Empty Cage","Toolbox","Kunai","Calipers","Toy Ornithopter","Nloth\u0027s Gift","Bronze Scales","Fusion Hammer","Ornamental Fan","Singing Bowl","Blue Candle","Bottled Lightning","Orrery","Pen Nib"],"acts_visited":["Exordium","TheCity","TheBeyond","TheEnding"],"potions_floor_usage":[],"damage_taken":[{"damage":1.0,"enemies":"Jaw Worm","floor":1.0,"turns":4.0},{"damage":0.0,"enemies":"Cultist","floor":4.0,"turns":3.0},{"damage":0.0,"enemies":"2 Louse","floor":7.0,"turns":3.0},{"damage":2.0,"enemies":"3 Sentries","floor":10.0,"turns":7.0},{"damage":0.0,"enemies":"Large Slime","floor":11.0,"turns":3.0},{"damage":0.0,"enemies":"3 Louse","floor":13.0,"turns":3.0},{"damage":10.0,"enemies":"Lots of Slimes","floor":14.0,"turns":4.0},{"damage":22.0,"enemies":"Slime Boss","floor":16.0,"turns":7.0},{"damage":9.0,"enemies":"Chosen","floor":18.0,"turns":4.0},{"damage":0.0,"enemies":"2 Thieves","floor":20.0,"turns":3.0},{"damage":14.0,"enemies":"Shelled Parasite and Fungi","floor":21.0,"turns":4.0},{"damage":0.0,"enemies":"Gremlin Leader","floor":23.0,"turns":4.0},{"damage":0.0,"enemies":"Slavers","floor":25.0,"turns":4.0},{"damage":25.0,"enemies":"Gremlin Leader","floor":28.0,"turns":7.0},{"damage":28.0,"enemies":"Slavers","floor":30.0,"turns":9.0},{"damage":0.0,"enemies":"Snake Plant","floor":31.0,"turns":3.0},{"damage":13.0,"enemies":"Champ","floor":33.0,"turns":9.0},{"damage":4.0,"enemies":"3 Darklings","floor":35.0,"turns":4.0},{"damage":7.0,"enemies":"Nemesis","floor":40.0,"turns":7.0},{"damage":0.0,"enemies":"Orb Walker","floor":42.0,"turns":3.0},{"damage":0.0,"enemies":"Reptomancer","floor":44.0,"turns":6.0},{"damage":12.0,"enemies":"Writhing Mass","floor":45.0,"turns":5.0},{"damage":22.0,"enemies":"Awakened One","floor":50.0,"turns":17.0},{"damage":2.0,"enemies":"Shield and Spear","floor":54.0,"turns":6.0},{"damage":74,"enemies":"The Heart","floor":55,"turns":3}],"seed_played":"-212255836818327658","potions_obtained":[{"floor":7.0,"key":"SpeedPotion"},{"floor":13.0,"key":"Strength Potion"},{"floor":14.0,"key":"SpeedPotion"},{"floor":16.0,"key":"DuplicationPotion"},{"floor":20.0,"key":"Energy Potion"},{"floor":23.0,"key":"DistilledChaos"},{"floor":25.0,"key":"Dexterity Potion"},{"floor":28.0,"key":"DistilledChaos"},{"floor":33.0,"key":"LiquidMemories"},{"floor":35.0,"key":"Poison Potion"},{"floor":40.0,"key":"BlessingOfTheForge"},{"floor":44.0,"key":"Energy Potion"}],"is_trial":false,"path_per_floor":["M","?","?","M","$","R","M","R","T","E","M","?","M","M","R","B",null,"M","$","M","M","?","E","R","E","T","R","E","?","E","M","R","B",null,"M","?","?","$","?","E","?","M","T","E","M","?","R","$","R","B",null,"R","$","E","B"],"character_chosen":"THE_SILENT","items_purchased":["Backflip+1","Toolbox","Ornamental Fan","Orrery","Backflip"],"campfire_rested":6,"item_purchase_floors":[19,19,38,48,53],"current_hp_per_floor":[62,62,62,62,62,62,62,62,62,60,60,54,54,44,62,40,63,54,54,54,40,40,40,40,40,40,58,33,33,10,10,28,15,63,59,59,59,59,59,56,56,58,58,62,50,50,64,66,68,46,68,70,70,68,0,0],"gold":40,"neow_bonus":"RANDOM_COLORLESS_2","is_daily":false,"chose_seed":false,"campfire_upgraded":2,"win_rate":0.0,"timestamp":1612799132,"path_taken":["M","?","?","M","$","R","M","R","T","E","M","?","M","M","R","BOSS","M","$","M","?","?","E","R","E","T","R","E","?","E","?","R","BOSS","M","?","?","$","?","E","?","?","T","E","M","?","R","$","R","BOSS","R","$","E","BOSS"],"items_purchased_type":["Card","Relic","Relic","Relic","Card"],"build_version":"2020-12-22","purchased_purges":2,"victory":false,"max_hp_per_floor":[63,63,63,63,63,63,63,63,63,63,63,63,63,63,63,63,63,63,63,63,63,63,63,63,63,63,63,63,63,63,63,63,63,63,63,60,60,60,60,60,60,62,62,62,62,62,64,66,68,68,68,70,70,70,70,70],"card_choices":[{"not_picked":["Thinking Ahead","The Bomb"],"picked":"Apotheosis","floor":0.0},{"not_picked":["Flying Knee","Dagger Throw"],"picked":"Heel Hook","floor":1.0},{"not_picked":["Poisoned Stab","Distraction"],"picked":"Masterful Stab","floor":4.0},{"not_picked":["Flying Knee","Deadly Poison"],"picked":"Dagger Throw","floor":7.0},{"not_picked":["Choke","Cloak And Dagger+1"],"picked":"Concentrate+1","floor":10.0},{"not_picked":["Caltrops","Deadly Poison+1"],"picked":"PiercingWail+1","floor":11.0},{"not_picked":["Deadly Poison+1","Envenom"],"picked":"Underhanded Strike","floor":13.0},{"not_picked":["Distraction+1","Deadly Poison+1"],"picked":"Well Laid Plans","floor":14.0},{"not_picked":["Sucker Punch","Quick Slash"],"picked":"Predator","floor":15.0},{"not_picked":["Storm of Steel+1","Unload"],"picked":"Night Terror+1","floor":16.0},{"not_picked":["Dagger Throw","Slice"],"picked":"Sucker Punch+1","floor":18.0},{"not_picked":["Blade Dance+1","Distraction+1"],"picked":"Blur+1","floor":20.0},{"not_picked":["Poisoned Stab","Endless Agony"],"picked":"Deflect+1","floor":21.0},{"not_picked":["Riddle With Holes","PiercingWail+1"],"picked":"Leg Sweep+1","floor":23.0},{"not_picked":["Underhanded Strike","Flechettes"],"picked":"Tactician+1","floor":25.0},{"not_picked":["Bane+1","Noxious Fumes"],"picked":"Prepared+1","floor":27.0},{"not_picked":["Dash","Sucker Punch"],"picked":"Tools of the Trade","floor":28.0},{"not_picked":["Bouncing Flask","Eviscerate+1"],"picked":"Flechettes+1","floor":30.0},{"not_picked":["Prepared","Cloak And Dagger"],"picked":"Blade Dance","floor":31.0},{"not_picked":["Sucker Punch+1","Well Laid Plans"],"picked":"Crippling Poison","floor":32.0},{"not_picked":["Tools of the Trade","Die Die Die"],"picked":"Adrenaline","floor":33.0},{"not_picked":["Dodge and Roll+1","Expertise"],"picked":"Escape Plan+1","floor":35.0},{"not_picked":["Slice","Dagger Throw"],"picked":"Infinite Blades+1","floor":40.0},{"not_picked":["Unload","Dagger Spray","Deadly Poison"],"picked":"Singing Bowl","floor":42.0},{"not_picked":["Venomology","Crippling Poison"],"picked":"After Image","floor":44.0},{"not_picked":["Blade Dance","Outmaneuver"],"picked":"Cloak And Dagger+1","floor":45.0},{"not_picked":["Predator+1","Bouncing Flask+1","All Out Attack+1"],"picked":"Singing Bowl","floor":47.0},{"not_picked":["Deflect","Unload"],"picked":"PiercingWail+1","floor":48.0},{"not_picked":["Dagger Throw+1","Leg Sweep+1"],"picked":"Caltrops+1","floor":48.0},{"not_picked":["Outmaneuver","Dagger Spray+1"],"picked":"Heel Hook+1","floor":48.0},{"not_picked":["Accuracy+1","Tools of the Trade"],"picked":"Caltrops+1","floor":48.0},{"not_picked":["Quick Slash","Distraction+1","Deadly Poison"],"picked":"Singing Bowl","floor":48.0},{"not_picked":["Setup","Dagger Spray","Catalyst"],"picked":"Singing Bowl","floor":49.0},{"not_picked":["Cloak And Dagger+1","Flechettes+1","Predator"],"picked":"Singing Bowl","floor":52.0},{"not_picked":["Slice+1","Envenom"],"picked":"Venomology","floor":54.0}],"player_experience":555973,"relics_obtained":[{"floor":9.0,"key":"Toxic Egg 2"},{"floor":10.0,"key":"Dream Catcher"},{"floor":23.0,"key":"Kunai"},{"floor":25.0,"key":"Calipers"},{"floor":28.0,"key":"Toy Ornithopter"},{"floor":30.0,"key":"Bronze Scales"},{"floor":40.0,"key":"Singing Bowl"},{"floor":43.0,"key":"Blue Candle"},{"floor":44.0,"key":"Bottled Lightning"},{"floor":54.0,"key":"Pen Nib"}],"event_choices":[{"damage_healed":0.0,"max_hp_gain":0.0,"max_hp_loss":0.0,"gold_gain":0.0,"event_name":"Shining Light","player_choice":"Ignored","floor":2.0,"gold_loss":0.0,"damage_taken":0.0},{"cards_removed":["Defend_G"],"damage_healed":0.0,"max_hp_gain":0.0,"max_hp_loss":0.0,"gold_gain":0.0,"event_name":"Living Wall","player_choice":"Forget","floor":3.0,"gold_loss":0.0,"damage_taken":0.0},{"damage_healed":0.0,"max_hp_gain":0.0,"max_hp_loss":0.0,"gold_gain":0.0,"event_name":"Wheel of Change","player_choice":"Damaged","floor":12.0,"gold_loss":0.0,"damage_taken":6.0},{"damage_healed":0.0,"max_hp_gain":0.0,"max_hp_loss":0.0,"gold_gain":0.0,"event_name":"Ghosts","player_choice":"Ignored","floor":22.0,"gold_loss":0.0,"damage_taken":0.0},{"damage_healed":0.0,"max_hp_gain":0.0,"max_hp_loss":0.0,"gold_gain":0.0,"event_name":"N\u0027loth","player_choice":"Traded Relic","floor":29.0,"relics_lost":["Toxic Egg 2"],"gold_loss":0.0,"damage_taken":0.0,"relics_obtained":["Nloth\u0027s Gift"]},{"damage_healed":0.0,"max_hp_gain":0.0,"max_hp_loss":3.0,"gold_gain":0.0,"event_name":"Winding Halls","player_choice":"Max HP","floor":36.0,"gold_loss":0.0,"damage_taken":0.0},{"damage_healed":0.0,"max_hp_gain":0.0,"max_hp_loss":0.0,"gold_gain":0.0,"event_name":"Tomb of Lord Red Mask","player_choice":"Ignored","floor":37.0,"gold_loss":0.0,"damage_taken":0.0},{"damage_healed":0.0,"max_hp_gain":0.0,"max_hp_loss":0.0,"gold_gain":3.0,"event_name":"betterStone:BetterStone","player_choice":"3","floor":39.0,"gold_loss":0.0,"damage_taken":0.0,"cards_obtained":["Blur"]},{"cards_removed":["Strike_G"],"damage_healed":0.0,"max_hp_gain":0.0,"max_hp_loss":0.0,"gold_gain":0.0,"event_name":"Purifier","player_choice":"Purged","floor":41.0,"gold_loss":0.0,"damage_taken":0.0},{"cards_removed":["Dagger Throw"],"damage_healed":0.0,"max_hp_gain":0.0,"max_hp_loss":0.0,"gold_gain":0.0,"event_name":"Falling","player_choice":"Removed Attack","floor":46.0,"gold_loss":0.0,"damage_taken":0.0}],"is_beta":false,"boss_relics":[{"not_picked":["WristBlade","Astrolabe"],"picked":"Empty Cage"},{"not_picked":["Runic Pyramid","Velvet Choker"],"picked":"Fusion Hammer"}],"items_purged_floors":[5,19],"is_endless":false,"potions_floor_spawned":[7,13,14,16,20,23,25,28,33,35,40,44],"killed_by":"The Heart","ascension_level":2}}