{"host":"uhnh33uh34qot0et","time":1612828287,"event":{"mods":["BaseMod","Colored Map","Downfall","Hermit","Marisa????????","Minty Spire (QoL Compilation)","StSLib","The Bug Knight","The Cursed","The Servant 0.9.4"],"gold_per_floor":[111,128,108,125,125,158,178,178,204,219,245,256,316,316,316],"floor_reached":14,"language":"ENG","playtime":259,"items_purged":[],"score":102,"play_id":"cd59fbdc-c0ab-4eb7-8c9c-e51dad1d27b8","local_time":"20210209005127","is_ascension_mode":false,"campfire_choices":[{"data":"Sunder","floor":8,"key":"SMITH"}],"circlet_count":0,"master_deck":["Strike_B","Strike_B","Strike_B","Strike_B","Defend_B","Defend_B","Defend_B","Defend_B","Zap","Dualcast","Sunder+1","Sunder","Beam Cell","Streamline","Gash","Electrodynamics","Conserve Battery","Hologram","Melter"],"relics":["Cracked Core","NeowsBlessing","MealTicket","Bag of Preparation","sneckomod:BlankCard","InkBottle","Frozen Egg 2"],"acts_visited":["Exordium"],"potions_floor_usage":[6,13,13,13,14],"damage_taken":[{"damage":0,"enemies":"Cultist","floor":1,"turns":1},{"damage":0,"enemies":"Jaw Worm","floor":2,"turns":1},{"damage":0,"enemies":"Small Slimes","floor":4,"turns":1},{"damage":13,"enemies":"3 Sentries","floor":6,"turns":5},{"damage":10,"enemies":"Looter","floor":7,"turns":2},{"damage":7,"enemies":"Exordium Thugs","floor":10,"turns":3},{"damage":23,"enemies":"HollowMod:MossKnight","floor":11,"turns":4},{"damage":0,"enemies":"Blue Slaver","floor":12,"turns":2},{"damage":10,"enemies":"Lagavulin Event","floor":13,"turns":3},{"damage":16,"enemies":"Gremlin Nob","floor":14,"turns":2}],"seed_played":"5071052166579503841","potions_obtained":[{"floor":1,"key":"sneckomod:MuddlingPotion"},{"floor":2,"key":"FocusPotion"},{"floor":3,"key":"Block Potion"},{"floor":7,"key":"Swift Potion"},{"floor":12,"key":"bronze:BurnAndBuffPotion"},{"floor":13,"key":"ColorlessPotion"}],"is_trial":false,"path_per_floor":["M","M","?","M","?","E","M","R","T","M","E","M","?","E"],"character_chosen":"DEFECT","items_purchased":[],"campfire_rested":0,"item_purchase_floors":[],"current_hp_per_floor":[75,75,75,75,75,62,52,52,52,45,22,22,12,0,0],"gold":316,"neow_bonus":"THREE_ENEMY_KILL","is_daily":false,"chose_seed":false,"campfire_upgraded":1,"win_rate":0.0,"timestamp":1612828287,"path_taken":["M","?","?","?","?","E","M","R","T","?","E","M","?","E"],"items_purchased_type":[],"build_version":"2020-12-22","purchased_purges":0,"victory":false,"max_hp_per_floor":[75,75,75,75,75,75,75,75,75,75,75,75,75,75,75],"card_choices":[{"not_picked":["Scrape","Compile Driver"],"picked":"Sunder","floor":1},{"not_picked":["Rebound","Doom and Gloom"],"picked":"Sunder","floor":2},{"not_picked":["Compile Driver","Force Field"],"picked":"Beam Cell","floor":4},{"not_picked":["Force Field","Coolheaded"],"picked":"Streamline","floor":6},{"not_picked":["Ball Lightning","Streamline"],"picked":"Gash","floor":7},{"not_picked":["Ball Lightning","Steam"],"picked":"Electrodynamics","floor":10},{"not_picked":["Redo","Compile Driver"],"picked":"Conserve Battery","floor":11},{"not_picked":["Barrage","Ball Lightning"],"picked":"Hologram","floor":12},{"not_picked":["Cold Snap","Doom and Gloom"],"picked":"Melter","floor":13}],"player_experience":37210,"relics_obtained":[{"floor":6,"key":"Bag of Preparation"},{"floor":9,"key":"sneckomod:BlankCard"},{"floor":11,"key":"InkBottle"},{"floor":13,"key":"Frozen Egg 2"}],"event_choices":[{"damage_healed":0,"gold_gain":0,"player_choice":"Bought 1 Potion","damage_taken":0,"max_hp_gain":0,"max_hp_loss":0,"event_name":"The Woman in Blue","floor":3,"gold_loss":0},{"damage_healed":0,"gold_gain":0,"player_choice":"Gave Potion","damage_taken":0,"relics_obtained":["MealTicket"],"max_hp_gain":0,"max_hp_loss":0,"event_name":"WeMeetAgain","floor":5,"gold_loss":0},{"damage_healed":0,"gold_gain":0,"player_choice":"Searched \u00271\u0027 times","damage_taken":0,"max_hp_gain":0,"max_hp_loss":0,"event_name":"Dead Adventurer","floor":13,"gold_loss":0}],"is_beta":false,"boss_relics":[],"items_purged_floors":[],"is_endless":false,"potions_floor_spawned":[1,2,7,12,13],"killed_by":"Gremlin Nob","ascension_level":0}}