{"host":"fvfv74rwxn7g5wli","time":1612827194,"event":{"mods":["BaseMod","Better Third Choice","Colored Powertips","DeckTracker","Downfall","GifTheSpireLib","Minty Spire (QoL Compilation)","Potionbrewer","Quick Restart","Reliquary","StSLib","The Marked"],"gold_per_floor":[110,110,110,74,94,94,126,126,149,149,149,168,88,164,164,260,260,278,291,124,124,124,124,30,62,89,123,123,123,123,142,142,238,238,252,252,252,123,123,123,156,156,180,142,210,39,49,69,69,69],"floor_reached":51,"language":"ENG","playtime":1546,"items_purged":[],"score":978,"play_id":"ac7e1729-d7bd-4c88-ac61-51e2f7d5b69c","local_time":"20210208153313","daily_mods":["SealedDeck","Specialized","Vintage","Heirloom","Time Dilation","Flight"],"is_ascension_mode":false,"campfire_choices":[{"data":"theMarked:Polarize","floor":6,"key":"SMITH"},{"data":"theMarked:Panic","floor":8,"key":"SMITH"},{"data":"Tantrum","floor":10,"key":"SMITH"},{"data":"theMarked:BanishingWave","floor":15,"key":"SMITH"},{"data":"theMarked:EternalStudent","floor":23,"key":"SMITH"},{"data":"Apotheosis","floor":28,"key":"SMITH"},{"data":"theMarked:ChannelForce","floor":29,"key":"SMITH"},{"floor":30,"key":"REST"},{"floor":32,"key":"REST"},{"floor":40,"key":"REST"},{"floor":42,"key":"REST"},{"floor":49,"key":"REST"}],"circlet_count":0,"master_deck":["theMarked:ShockingTouch+1","theMarked:ShockingTouch+1","theMarked:ShockingTouch+1","theMarked:ShockingTouch+1","theMarked:ShockingTouch+1","theMarked:ResourceFulStrike+1","theMarked:AttractMetal+1","theMarked:BanishingStrike+1","theMarked:Aftermath+1","theMarked:SwordAndMagic+1","theMarked:WardOff+1","theMarked:EmpowerWeapon+1","Tantrum+1","theMarked:Polarize+1","theMarked:Panic+1","theMarked:BanishingWave+1","theMarked:EternalStudent+1","theMarked:EmpowerWeapon+1","Apotheosis+1","theMarked:Aftermath+1","theMarked:ChannelForce+1","theMarked:Abjuration+1"],"relics":["Unceasing Top","Gambling Chip","Prayer Wheel","reliquary:Boomerang","hexamod:Sixitude","reliquary:Buckler","reliquary:FerryPass","sneckomod:SneckoTalon","Thread and Needle","Blood Vial","Membership Card","Potion Belt","Art of War","potionbrewer:MortarAndPestle","FossilizedHelix","Empty Cage","reliquary:SharkskinSheath","Mark of the Bloom","potionbrewer:Torch","Akabeko","Bag of Marbles","Sundial","Mummified Hand","Molten Egg 2","Nunchaku"],"acts_visited":["Exordium","TheCity","TheBeyond"],"potions_floor_usage":[16,16,33,33,41,41,47,50],"damage_taken":[{"damage":0,"enemies":"2 Louse","floor":1,"turns":1},{"damage":0,"enemies":"Jaw Worm","floor":5,"turns":1},{"damage":0,"enemies":"Gremlin Nob","floor":7,"turns":2},{"damage":0,"enemies":"Small Slimes","floor":12,"turns":1},{"damage":0,"enemies":"Hexaghost","floor":16,"turns":2},{"damage":0,"enemies":"Chosen","floor":18,"turns":1},{"damage":1,"enemies":"3 Byrds","floor":19,"turns":2},{"damage":0,"enemies":"Gremlin Leader","floor":25,"turns":2},{"damage":30,"enemies":"Slavers","floor":27,"turns":3},{"damage":41,"enemies":"Snecko","floor":31,"turns":3},{"damage":31,"enemies":"Automaton","floor":33,"turns":4},{"damage":0,"enemies":"3 Shapes","floor":35,"turns":1},{"damage":35,"enemies":"Giant Head","floor":41,"turns":3},{"damage":0,"enemies":"Orb Walker","floor":47,"turns":1},{"damage":0,"enemies":"Spire Growth","floor":48,"turns":2},{"damage":0,"enemies":"Time Eater","floor":50,"turns":3}],"seed_played":"2131350222603601975","potions_obtained":[{"floor":7,"key":"CultistPotion"},{"floor":12,"key":"FearPotion"},{"floor":25,"key":"Energy Potion"},{"floor":31,"key":"Guardian:BlockOnCardUsePotion"},{"floor":35,"key":"champ:CounterPotion"}],"is_trial":true,"path_per_floor":["M","?","?","$","M","R","E","R","T","R","?","M","$","?","R","B",null,"M","M","$","?","?","R","$","E","T","E","R","R","R","M","R","B",null,"M","?","?","$","?","R","E","R","T","$","T","$","M","M","R","B",null],"character_chosen":"THE_DEFAULT","items_purchased":["theMarked:Polarize","theMarked:BanishingWave","Membership Card","theMarked:EmpowerWeapon","Apotheosis","potionbrewer:Torch","PowerPotion","PowerPotion","DistilledChaos","Mummified Hand","theMarked:HoverShot"],"campfire_rested":5,"item_purchase_floors":[4,13,20,20,24,38,38,38,44,46,46],"current_hp_per_floor":[70,68,68,68,68,68,68,68,68,68,68,68,68,68,68,68,70,70,69,69,69,69,69,69,70,70,40,40,40,61,22,43,14,70,70,70,70,70,66,66,31,31,31,31,31,31,31,31,31,31],"gold":69,"neow_bonus":"","is_daily":false,"chose_seed":false,"campfire_upgraded":7,"win_rate":0.0,"timestamp":1612827193,"path_taken":["M","?","?","?","M","R","E","R","T","R","?","?","?","?","R","BOSS","M","M","$","?","?","R","$","E","T","E","R","R","R","?","R","BOSS","M","?","?","$","?","R","E","R","T","$","?","$","?","M","R","BOSS"],"items_purchased_type":["Card","Card","Relic","Card","Card","Relic","Potion","Potion","Potion","Relic","Potion"],"build_version":"2020-12-22","purchased_purges":0,"victory":true,"max_hp_per_floor":[70,70,70,70,70,70,70,70,70,70,70,70,70,70,70,70,70,70,70,70,70,70,70,70,70,70,70,70,70,70,70,70,70,70,70,70,70,70,66,66,66,66,66,66,66,66,66,66,66,66],"card_choices":[{"not_picked":["theMarked:Heritage","theMarked:Overthink"],"picked":"theMarked:Panic","floor":7},{"not_picked":["theMarked:UnarmedFury","theMarked:Levitate"],"picked":"theMarked:EternalStudent","floor":16},{"not_picked":["theMarked:TakeCover","theMarked:Convert"],"picked":"theMarked:Aftermath+1","floor":25},{"not_picked":["theMarked:RepellingDischarge","theMarked:TakeCover"],"picked":"theMarked:ChannelForce","floor":27},{"not_picked":["theMarked:UnarmedFury","theMarked:EternalStudent"],"picked":"theMarked:Abjuration","floor":33},{"not_picked":["theMarked:CreepingChasm+1","theMarked:Overthink","theMarked:Memento"],"picked":"SKIP","floor":41}],"player_experience":98243,"relics_obtained":[{"floor":1,"key":"Prayer Wheel"},{"floor":5,"key":"reliquary:Boomerang"},{"floor":7,"key":"hexamod:Sixitude"},{"floor":9,"key":"reliquary:Buckler"},{"floor":12,"key":"reliquary:FerryPass"},{"floor":18,"key":"Thread and Needle"},{"floor":19,"key":"Blood Vial"},{"floor":25,"key":"Potion Belt"},{"floor":26,"key":"Art of War"},{"floor":27,"key":"potionbrewer:MortarAndPestle"},{"floor":31,"key":"FossilizedHelix"},{"floor":35,"key":"reliquary:SharkskinSheath"},{"floor":41,"key":"Akabeko"},{"floor":43,"key":"Bag of Marbles"},{"floor":45,"key":"Sundial"},{"floor":47,"key":"Molten Egg 2"},{"floor":48,"key":"Nunchaku"}],"event_choices":[{"damage_healed":0,"gold_gain":0,"player_choice":"Card ","damage_taken":2,"max_hp_gain":0,"max_hp_loss":0,"event_name":"betterThird:BetterScrap","floor":2,"gold_loss":0,"cards_obtained":["Tantrum"]},{"damage_healed":0,"gold_gain":0,"player_choice":"Ignored","damage_taken":110,"max_hp_gain":0,"max_hp_loss":0,"event_name":"betterThird:BetterSerpent","floor":3,"gold_loss":0},{"damage_healed":0,"gold_gain":0,"player_choice":"Ignored","damage_taken":0,"max_hp_gain":0,"max_hp_loss":0,"event_name":"Transmorgrifier","floor":11,"gold_loss":0},{"damage_healed":0,"gold_gain":76,"player_choice":"Gained Gold","damage_taken":0,"max_hp_gain":0,"max_hp_loss":0,"event_name":"Golden Wing","floor":14,"gold_loss":0},{"damage_healed":0,"gold_gain":0,"player_choice":"Ignored","damage_taken":0,"max_hp_gain":0,"max_hp_loss":0,"event_name":"Cursed Tome","floor":21,"gold_loss":0},{"damage_healed":0,"gold_gain":0,"player_choice":"Ignored","damage_taken":0,"max_hp_gain":0,"max_hp_loss":0,"event_name":"NoteForYourself","floor":22,"gold_loss":0},{"damage_healed":0,"gold_gain":0,"player_choice":"Upgrade","damage_taken":0,"relics_obtained":["Mark of the Bloom"],"max_hp_gain":0,"max_hp_loss":0,"event_name":"MindBloom","floor":36,"gold_loss":0,"cards_upgraded":["theMarked:ShockingTouch","theMarked:ShockingTouch","theMarked:ShockingTouch","theMarked:ShockingTouch","theMarked:ShockingTouch","theMarked:ResourceFulStrike","theMarked:AttractMetal","theMarked:BanishingStrike","theMarked:Aftermath","theMarked:WardOff","theMarked:EmpowerWeapon","theMarked:EmpowerWeapon","theMarked:Abjuration"]},{"cards_removed":["theMarked:ShockingTouch"],"damage_healed":0,"gold_gain":0,"player_choice":"Removed Attack","damage_taken":0,"max_hp_gain":0,"max_hp_loss":0,"event_name":"Falling","floor":37,"gold_loss":0},{"damage_healed":0,"gold_gain":0,"player_choice":"Max HP","damage_taken":0,"max_hp_gain":0,"max_hp_loss":4,"event_name":"Winding Halls","floor":39,"gold_loss":0}],"is_beta":false,"boss_relics":[{"not_picked":["Coffee Dripper","Astrolabe"],"picked":"sneckomod:SneckoTalon"},{"not_picked":["theMarked:Eyepatch","bronze:MakeshiftBattery"],"picked":"Empty Cage"}],"items_purged_floors":[],"is_endless":false,"potions_floor_spawned":[7,12,25,31,35],"ascension_level":0}}