{"host":"bwf6jt0gyax88i3l","time":1612755738,"event":{"mods":["AchievementEnabler","Act Like it!","BaseMod","Colored Map","Colored Powertips","Conspire","Downfall","Gensokyo","Hermit","Hero for Fun","Highlight Path","Hubris","Infinite Spire","Jorbs\u0027s Wanderer Trilogy","Koishi","Minty Spire (QoL Compilation)","Quick Restart","Shop Mod","StSLib","Td1madao Mod","The Administrix","The Bladedancer","The Bug Knight","The Cursed","The Mystic","The Wild Card"],"gold_per_floor":[99,114,114,134,151,170,170,170,170,39,53,53,53,67,81,186,186,186,204,204,204,204],"floor_reached":20,"language":"ENG","playtime":734,"items_purged":[],"score":166,"play_id":"de482dbc-6004-4979-9ed5-020cff94f21e","local_time":"20210207194218","is_ascension_mode":false,"campfire_choices":[{"data":"sneckomod:TailWhip","floor":1.0,"key":"SMITH"},{"data":"sneckomod:UnknownClassDARK_GREEN_COLOR","floor":9.0,"key":"SMITH"},{"data":"sneckomod:Unknown0Cost","floor":12.0,"key":"SMITH"}],"circlet_count":0,"master_deck":["sneckomod:Strike","sneckomod:Strike","sneckomod:Strike+1","sneckomod:Defend","sneckomod:Defend","sneckomod:Defend","sneckomod:TailWhip+1","sneckomod:SnekBite","sneckomod:Unknown+1","sneckomod:Unknown+1","sneckomod:UnknownUncommonAttack+1","sneckomod:UnknownDraw","sneckomod:UnknownUncommonSkill","sneckomod:UnknownClassDARK_GREEN_COLOR+1","downfall:Malfunctioning","sneckomod:UnknownUncommonPower","sneckomod:Unknown3Cost","sneckomod:UnknownBoss","CurseOfTheBell","Koishi:JumpScare+1","sneckomod:UnknownStrike+1"],"relics":["sneckomod:SneckoSoul","sneckomod:SneckoCommon","hubris:Icosahedron","Calling Bell","Bag of Marbles","Shuriken","hubris:BundleOfHerbs"],"acts_visited":["Exordium","TheCity"],"potions_floor_usage":[],"damage_taken":[{"damage":4.0,"enemies":"2 Louse","floor":2.0,"turns":3.0},{"damage":6.0,"enemies":"Cultist","floor":4.0,"turns":4.0},{"damage":1.0,"enemies":"Jaw Worm","floor":5.0,"turns":4.0},{"damage":2.0,"enemies":"Blue Slaver","floor":6.0,"turns":2.0},{"damage":0.0,"enemies":"downfall:FleeingMerchant","floor":10.0,"turns":4.0},{"damage":16.0,"enemies":"Large Slime","floor":11.0,"turns":4.0},{"damage":0.0,"enemies":"2 Fungi Beasts","floor":14.0,"turns":3.0},{"damage":14.0,"enemies":"3 Louse","floor":15.0,"turns":3.0},{"damage":24.0,"enemies":"WA_ARCHETYPE_RETAIN","floor":16.0,"turns":6.0},{"damage":51.0,"enemies":"Spheric Guardian","floor":19.0,"turns":6.0},{"damage":0,"enemies":"Centurion and Healer","floor":20,"turns":1}],"seed_played":"-4859068734201567464","potions_obtained":[{"floor":4.0,"key":"hexamod:SoulburnPotion"},{"floor":5.0,"key":"champ:CounterPotion"},{"floor":14.0,"key":"BlessingOfTheForge"},{"floor":19.0,"key":"sneckomod:MuddlingPotion"}],"is_trial":false,"path_per_floor":["R","M","?","M","M","M","T","?","R","$","M","R","?","M","M","B",null,"R","M","M"],"character_chosen":"THE_SNECKO","items_purchased":["sneckomod:Unknown0Cost","sneckomod:UnknownUncommonPower"],"campfire_rested":0,"item_purchase_floors":[10,10],"current_hp_per_floor":[99,95,95,89,88,86,86,86,86,86,70,70,70,70,56,32,99,99,62,62,62,62],"gold":204,"neow_bonus":"TEN_PERCENT_HP_BONUS","is_daily":false,"chose_seed":false,"campfire_upgraded":3,"win_rate":0.0,"timestamp":1612755738,"path_taken":["R","M","?","?","M","M","T","?","R","$","M","R","?","M","M","BOSS","R","M","M"],"items_purchased_type":["Card","Card"],"build_version":"2020-12-22","purchased_purges":0,"victory":false,"max_hp_per_floor":[99,99,99,99,99,99,99,99,99,99,99,99,99,99,99,99,99,99,99,99,99,99],"card_choices":[{"not_picked":["sneckomod:DiceBlock","sneckomod:PureSnecko","sneckomod:WideSting"],"picked":"SKIP","floor":2.0},{"not_picked":["sneckomod:SnakeSap","sneckomod:UnknownExhaust"],"picked":"sneckomod:UnknownUncommonAttack","floor":4.0},{"not_picked":["sneckomod:QuickBite","sneckomod:UnknownUncommonSkill"],"picked":"sneckomod:UnknownDraw","floor":5.0},{"not_picked":["sneckomod:DiceCrush","sneckomod:UnknownStrike"],"picked":"sneckomod:UnknownUncommonSkill","floor":6.0},{"not_picked":["sneckomod:UnknownCommonSkill","sneckomod:UnknownStrike","sneckomod:QuickBite"],"picked":"SKIP","floor":10.0},{"not_picked":["sneckomod:UnknownCommonAttack","sneckomod:ImprovisedGuard","sneckomod:Nope"],"picked":"SKIP","floor":11.0},{"not_picked":["sneckomod:Unknown1Cost","sneckomod:DiceBoulder","sneckomod:SoulDraw"],"picked":"SKIP","floor":14.0},{"not_picked":["sneckomod:WideSting","sneckomod:RainOfDice"],"picked":"sneckomod:Unknown3Cost","floor":15.0},{"not_picked":["sneckomod:Cheat","sneckomod:UnlimitedRolls"],"picked":"sneckomod:UnknownBoss","floor":16.0},{"not_picked":["sneckomod:DefensiveFlair+1","sneckomod:WideSting"],"picked":"sneckomod:UnknownStrike+1","floor":19.0}],"player_experience":53296,"relics_obtained":[{"floor":7.0,"key":"sneckomod:SneckoCommon"},{"floor":17.0,"key":"Bag of Marbles"},{"floor":17.0,"key":"Shuriken"},{"floor":17.0,"key":"hubris:BundleOfHerbs"}],"event_choices":[],"is_beta":false,"boss_relics":[{"not_picked":["Tiny House","Astrolabe"],"picked":"Calling Bell"}],"items_purged_floors":[],"is_endless":false,"potions_floor_spawned":[4,5,14,19],"killed_by":"Centurion and Healer","ascension_level":0}}