{"host":"6p0attdrtjqaih7v","time":1612825627,"event":{"mods":["2.2 Compatiblity","AchievementEnabler","Bard","BaseMod","Better Skull","Better Third Choice","Colored Powertips","Hermit","Highlight Path","Key Reminder","Minty Spire (QoL Compilation)","Permanent Neow","Quick Restart","Random Character Button","Relic Stats","Reliquary","Replay The Spire","Robot Space Explorer","StSLib","The Hayseed","The Witch"],"gold_per_floor":[110,130,130,1,1,26,26,26,26,26,54,67,67,79,79,151,151,168,168,178,6,19,50,67,117,117,127,127,127],"floor_reached":28,"language":"ENG","playtime":1515,"items_purged":["Defend_G"],"score":596,"play_id":"1aec3379-f2fe-4fce-82e0-64203044e228","local_time":"20210208180707","is_ascension_mode":true,"campfire_choices":[{"floor":8,"key":"REST"},{"data":"Storm of Steel","floor":10,"key":"SMITH"},{"data":"Leg Sweep","floor":13,"key":"SMITH"},{"data":"Beam Cell","floor":15,"key":"SMITH"}],"circlet_count":0,"master_deck":["AscendersBane","Strike_G","Strike_G","Strike_G","Strike_G","Defend_G","Defend_G","Defend_G","Quick Slash","Blade Dance","Malaise","Leap","Beam Cell+1","Storm of Steel+1","Caltrops","Leg Sweep+1","Footwork","Adrenaline","Quick Slash","Acrobatics","PiercingWail","PiercingWail","Deflect","PiercingWail"],"relics":["Ring of the Snake","Omamori","Ancient Tea Set","Pear","reliquary:JackalopeAntler","Runic Pyramid","OrangePellets","reliquary:TuningFork","keyreminder:keyreminder"],"acts_visited":["Exordium","TheCity"],"potions_floor_usage":[11,18,22,22,28],"damage_taken":[{"damage":3,"enemies":"Small Slimes","floor":1,"turns":6},{"damage":0,"enemies":"2 Louse","floor":2,"turns":4},{"damage":21,"enemies":"Replay:BlueRogue","floor":6,"turns":11},{"damage":7,"enemies":"Gremlin Nob","floor":11,"turns":3},{"damage":3,"enemies":"Jaw Worm","floor":12,"turns":4},{"damage":0,"enemies":"Red Slaver","floor":14,"turns":2},{"damage":0,"enemies":"Hexaghost","floor":16,"turns":10},{"damage":0,"enemies":"Spheric Guardian","floor":18,"turns":3},{"damage":0,"enemies":"Chosen","floor":20,"turns":2},{"damage":5,"enemies":"Centurion and Healer","floor":22,"turns":3},{"damage":38,"enemies":"Slavers","floor":23,"turns":6},{"damage":13,"enemies":"Shelled Parasite and Fungi","floor":24,"turns":6},{"damage":0,"enemies":"Chosen and Byrds","floor":27,"turns":6},{"damage":25,"enemies":"Gremlin Leader","floor":28,"turns":8}],"seed_played":"8081165290079887772","potions_obtained":[{"floor":2,"key":"Weak Potion"},{"floor":12,"key":"Ancient Potion"},{"floor":14,"key":"ColorlessPotion"},{"floor":16,"key":"Adrenaline Potion"},{"floor":18,"key":"AttackPotion"},{"floor":27,"key":"Regen Potion"}],"is_trial":false,"path_per_floor":["M","M","?","$","?","E","?","R","T","R","E","M","R","M","R","B",null,"M","?","M","$","M","E","M","?","T","M","E"],"character_chosen":"THE_SILENT","items_purchased":["Dexterity Potion","OrangePellets"],"campfire_rested":1,"item_purchase_floors":[4,21],"current_hp_per_floor":[56,56,43,43,43,22,15,34,44,44,37,34,34,34,34,34,66,66,66,66,66,61,23,10,10,10,10,0,0],"gold":127,"neow_bonus":"RANDOM_COMMON_RELIC","is_daily":false,"chose_seed":false,"campfire_upgraded":3,"win_rate":0.0,"timestamp":1612825627,"path_taken":["M","M","?","$","?","E","?","R","T","R","E","M","R","M","R","BOSS","M","?","M","$","M","E","M","?","T","M","E"],"items_purchased_type":["Potion","Relic"],"build_version":"2020-12-22","purchased_purges":1,"victory":false,"max_hp_per_floor":[66,66,66,66,66,66,66,66,76,76,76,76,76,76,76,76,76,76,76,76,76,76,76,76,76,76,76,76,76],"relic_stats":{"OrangePellets":[5],"counters":[14,74],"obtain_stats":[{"reliquary:JackalopeAntler":11,"keyreminder:keyreminder":26,"OrangePellets":21,"Pear":9,"Omamori":0,"reliquary:TuningFork":23,"Ancient Tea Set":6,"Ring of the Snake":0,"Runic Pyramid":17},{"reliquary:JackalopeAntler":4,"keyreminder:keyreminder":12,"OrangePellets":9,"Pear":3,"Omamori":0,"reliquary:TuningFork":11,"Ancient Tea Set":3,"Ring of the Snake":0,"Runic Pyramid":7},{"reliquary:JackalopeAntler":24,"keyreminder:keyreminder":60,"OrangePellets":45,"Pear":21,"Omamori":0,"reliquary:TuningFork":54,"Ancient Tea Set":21,"Ring of the Snake":0,"Runic Pyramid":40}],"Ring of the Snake":[28]},"card_choices":[{"not_picked":["Deadly Poison","Cloak And Dagger"],"picked":"Quick Slash","floor":1},{"not_picked":["Dagger Spray","PiercingWail"],"picked":"Blade Dance","floor":2},{"not_picked":["Deadly Poison","Prepared"],"picked":"Storm of Steel","floor":6},{"not_picked":["Blade Dance","Backstab"],"picked":"Caltrops","floor":11},{"not_picked":["Flying Knee","ReplayTheSpireMod:From All Sides"],"picked":"Leg Sweep","floor":12},{"not_picked":["Terror","Catalyst"],"picked":"Footwork","floor":14},{"not_picked":["Venomology","Grand Finale"],"picked":"Adrenaline","floor":16},{"not_picked":["PiercingWail","Underhanded Strike"],"picked":"Quick Slash","floor":18},{"not_picked":["Underhanded Strike","Slice"],"picked":"Acrobatics","floor":20},{"not_picked":["Bane","Distraction"],"picked":"PiercingWail","floor":22},{"not_picked":["Skewer","Predator"],"picked":"PiercingWail","floor":23},{"not_picked":["Blade Dance","Prepared"],"picked":"Deflect","floor":24},{"not_picked":["Grand Finale","Dagger Throw+1"],"picked":"PiercingWail","floor":27}],"player_experience":1076456,"relics_obtained":[{"floor":6,"key":"Ancient Tea Set"},{"floor":9,"key":"Pear"},{"floor":11,"key":"reliquary:JackalopeAntler"},{"floor":23,"key":"reliquary:TuningFork"}],"event_choices":[{"cards_removed":["Strike_G"],"damage_healed":0,"gold_gain":0,"player_choice":"Card Removal","damage_taken":7,"max_hp_gain":0,"max_hp_loss":0,"event_name":"Golden Wing","floor":7,"gold_loss":0},{"damage_healed":0,"gold_gain":0,"player_choice":"Ignored","damage_taken":0,"max_hp_gain":0,"max_hp_loss":0,"event_name":"Ghosts","floor":19,"gold_loss":0},{"damage_healed":0,"gold_gain":50,"player_choice":"Stole From Cult","damage_taken":0,"max_hp_gain":0,"max_hp_loss":0,"event_name":"Nest","floor":25,"gold_loss":0}],"is_beta":false,"boss_relics":[{"not_picked":["Coffee Dripper","Replay:Ancient Bell"],"picked":"Runic Pyramid"}],"items_purged_floors":[4],"is_endless":false,"potions_floor_spawned":[2,12,14,16,18,20,27],"killed_by":"Gremlin Leader","ascension_level":20}}