{"host":"0jugj35n0ams2iav","time":1612806567,"event":{"mods":["BaseMod","Downfall","Hubris","Minty Spire (QoL Compilation)","Replay The Spire","StSLib","The Cursed","The Marked"],"gold_per_floor":[119,119,119,119,130,130,130,25,25,50,50,50,50,60,60,157,157,174,186,186,186,186,186,218,143,189,189,206,225,239,87,87,186,186,206,56,56,68,141,141,16,49,75,75,95,124,124,124,124,124],"floor_reached":51,"language":"ENG","playtime":13449,"items_purged":["Bash","Strike_R+1","Defend_R+1"],"score":842,"play_id":"c4bd5c39-4088-4d88-8277-3f53bc61ace9","local_time":"20210208184927","is_ascension_mode":false,"campfire_choices":[{"data":"hubris:ReadiedAction","floor":6.0,"key":"SMITH"},{"data":"Inflame","floor":11.0,"key":"SMITH"},{"data":"Shockwave","floor":13.0,"key":"SMITH"},{"data":"ReplayTheSpireMod:Limb From Limb","floor":15.0,"key":"SMITH"},{"data":"Heavy Blade","floor":23,"key":"SMITH"},{"data":"Double Tap","floor":27,"key":"SMITH"},{"data":"Spot Weakness","floor":32,"key":"SMITH"},{"data":"Limit Break","floor":40,"key":"SMITH"},{"data":"Shrug It Off","floor":44,"key":"SMITH"},{"data":"Pot Of Greed","floor":49,"key":"SMITH"}],"circlet_count":0,"master_deck":["Strike_R+1","Strike_R+1","Defend_R+1","Defend_R+1","Defend_R+1","Heavy Blade+1","hubris:ReadiedAction+1","Shockwave+1","Inflame+1","ReplayTheSpireMod:Limb From Limb+1","Double Tap+1","Heavy Blade+1","Spot Weakness+1","Shrug It Off+1","Limit Break+1","Battle Trance+1","Pot Of Greed+1","Pot Of Greed","Parasite"],"relics":["Burning Blood","hubris:Icosahedron","Orichalcum","Replay:Baseball","Ancient Tea Set","War Paint","Bottled Tornado","hubris:Zylophone","Coffee Dripper","Iron Hammer","Replay:WaspNest","Pen Nib","SlaversCollar","Garlic","Mercury Hourglass","Grinning Jar","Replay:Rubber Ducky"],"acts_visited":["Exordium","TheCity","TheBeyond"],"potions_floor_usage":[33,35,46,50],"damage_taken":[{"damage":3.0,"enemies":"Jaw Worm","floor":1.0,"turns":6.0},{"damage":2.0,"enemies":"2 Louse","floor":5.0,"turns":3.0},{"damage":12.0,"enemies":"Gremlin Nob","floor":10.0,"turns":4.0},{"damage":0.0,"enemies":"Cultist","floor":14.0,"turns":4.0},{"damage":0.0,"enemies":"Slime Boss","floor":16.0,"turns":3.0},{"damage":1,"enemies":"Shell Parasite","floor":18,"turns":3},{"damage":0,"enemies":"3 Byrds","floor":19,"turns":3},{"damage":0,"enemies":"Gremlin Leader","floor":24,"turns":3},{"damage":5,"enemies":"Snake Plant","floor":28,"turns":2},{"damage":14,"enemies":"Centurion and Healer","floor":29,"turns":2},{"damage":0,"enemies":"Shelled Parasite and Fungi","floor":30,"turns":3},{"damage":0,"enemies":"Automaton","floor":33,"turns":4},{"damage":3,"enemies":"3 Shapes","floor":35,"turns":2},{"damage":11,"enemies":"Orb Walker","floor":38,"turns":3},{"damage":6,"enemies":"R_Hoarder","floor":42,"turns":5},{"damage":0,"enemies":"Writhing Mass","floor":45,"turns":3},{"damage":30,"enemies":"Reptomancer","floor":46,"turns":3},{"damage":19,"enemies":"Donu and Deca","floor":50,"turns":3}],"seed_played":"6891574776649734623","potions_obtained":[{"floor":5.0,"key":"Fruit Juice"},{"floor":14.0,"key":"SkillPotion"},{"floor":19,"key":"DistilledChaos"},{"floor":28,"key":"Strength Potion"},{"floor":30,"key":"LiquidMemories"},{"floor":42,"key":"Elixir"},{"floor":46,"key":"SneckoOil"}],"is_trial":false,"path_per_floor":["M","?","?","?","M","R","$","$","T","E","R","$","R","M","R","B",null,"M","M","?","?","T","R","E","$","T","R","M","M","M","$","R","B",null,"M","$","?","M","T","R","$","E","T","R","M","E","?","$","R","B",null],"character_chosen":"IRONCLAD","items_purchased":["Orichalcum","Replay:Baseball","Ancient Tea Set","War Paint","Shockwave","Inflame","Shrug It Off","Limit Break"],"campfire_rested":0,"item_purchase_floors":[7,7,7,7,8,8,31,36],"current_hp_per_floor":[85,85,85,85,90,90,50,50,50,44,44,44,44,50,50,56,90,90,90,90,90,90,90,90,90,90,90,90,82,88,88,88,90,90,90,90,90,85,85,85,85,85,85,85,90,84,84,84,84,71],"gold":124,"neow_bonus":"RANDOM_EVENT","is_daily":false,"chose_seed":false,"campfire_upgraded":10,"win_rate":0.0,"timestamp":1612806567,"path_taken":["M","?","?","?","?","R","?","$","T","E","R","$","R","M","R","BOSS","M","M","?","?","?","R","E","?","T","R","M","?","M","$","R","BOSS","M","$","?","?","?","R","$","E","T","R","M","E","?","?","R","BOSS"],"items_purchased_type":["Relic","Relic","Relic","Relic","Card","Card","Card","Card"],"build_version":"2020-12-22","purchased_purges":3,"victory":true,"max_hp_per_floor":[85,85,85,85,90,90,90,90,90,90,90,90,90,90,90,90,90,90,90,90,90,90,90,90,90,90,90,90,90,90,90,90,90,90,90,90,90,90,90,90,90,90,90,90,90,90,90,90,90,90],"card_choices":[{"not_picked":["Headbutt","Blood for Blood"],"picked":"Heavy Blade","floor":1.0},{"not_picked":["Iron Wave","Ghostly Armor"],"picked":"hubris:ReadiedAction","floor":5.0},{"not_picked":["Run Through","Feel No Pain","Sentinel"],"picked":"SKIP","floor":10.0},{"not_picked":["Defy Death","Wild Strike"],"picked":"ReplayTheSpireMod:Limb From Limb","floor":14.0},{"not_picked":["Brutality","Replay:Many Hands"],"picked":"Double Tap","floor":16.0},{"not_picked":["ReplayTheSpireMod:Limb From Limb","Cleave"],"picked":"Heavy Blade","floor":18},{"not_picked":["ReplayTheSpireMod:Stacked","Iron Wave"],"picked":"Spot Weakness","floor":19},{"not_picked":["hubris:CleavingFinish","Reckless Charge","Sword Boomerang"],"picked":"SKIP","floor":24},{"not_picked":["Rage","Sword Boomerang","ReplayTheSpireMod:Muscle Training"],"picked":"SKIP","floor":28},{"not_picked":["Flex","Searing Blow","Twin Strike"],"picked":"SKIP","floor":29},{"not_picked":["Combust","Massacre+1","Sword Boomerang"],"picked":"SKIP","floor":30},{"not_picked":["Wild Strike","Abandon","Twin Strike+1"],"picked":"SKIP","floor":35},{"not_picked":["hubris:ReadiedAction","Headbutt","Havoc"],"picked":"SKIP","floor":38},{"not_picked":["Clothesline+1","Cleave"],"picked":"Battle Trance+1","floor":42},{"not_picked":["Perfected Strike+1","Ghostly Armor","Disarm+1"],"picked":"SKIP","floor":45},{"not_picked":["Anger","Cleave","Infernal Blade"],"picked":"SKIP","floor":46}],"player_experience":179255,"relics_obtained":[{"floor":9.0,"key":"Bottled Tornado"},{"floor":10.0,"key":"hubris:Zylophone"},{"floor":22,"key":"Iron Hammer"},{"floor":24,"key":"Replay:WaspNest"},{"floor":26,"key":"Pen Nib"},{"floor":39,"key":"Garlic"},{"floor":42,"key":"Mercury Hourglass"},{"floor":43,"key":"Grinning Jar"},{"floor":46,"key":"Replay:Rubber Ducky"}],"event_choices":[{"damage_healed":0.0,"max_hp_gain":5.0,"max_hp_loss":0.0,"gold_gain":0.0,"event_name":"Big Fish","player_choice":"Donut","floor":0.0,"gold_loss":0.0,"damage_taken":0.0},{"cards_removed":["Strike_R"],"damage_healed":0.0,"max_hp_gain":0.0,"max_hp_loss":0.0,"gold_gain":0.0,"event_name":"Bonfire Elementals","player_choice":"Offered Basic","floor":4.0,"gold_loss":0.0,"damage_taken":0.0},{"damage_healed":0,"gold_gain":0,"player_choice":"Simplicity","damage_taken":0,"max_hp_gain":0,"max_hp_loss":0,"event_name":"Back to Basics","floor":20,"gold_loss":0,"cards_upgraded":["Strike_R","Strike_R","Strike_R","Strike_R","Defend_R","Defend_R"]},{"damage_healed":0,"gold_gain":0,"player_choice":"Ignored","damage_taken":0,"max_hp_gain":0,"max_hp_loss":0,"event_name":"Cursed Tome","floor":21,"gold_loss":0},{"cards_removed":["Strike_R"],"damage_healed":0,"gold_gain":0,"player_choice":"Purged","damage_taken":0,"max_hp_gain":0,"max_hp_loss":0,"event_name":"Purifier","floor":37,"gold_loss":0},{"damage_healed":0,"gold_gain":0,"player_choice":"Ignored","damage_taken":0,"max_hp_gain":0,"max_hp_loss":0,"event_name":"Mysterious Sphere","floor":47,"gold_loss":0}],"is_beta":false,"boss_relics":[{"not_picked":["hubris:ScarierMask","ReplayTheSpireMod:DimensionalGlitch"],"picked":"Coffee Dripper"},{"not_picked":["Painkiller Herb","Tiny House"],"picked":"SlaversCollar"}],"items_purged_floors":[25,31,41],"is_endless":false,"potions_floor_spawned":[5,14,19,28,30,42,46],"ascension_level":0}}