{"host":"rolltorest","time":1612824446,"event":{"mods":["BaseMod","Minty Spire (QoL Compilation)","Relic Stats","Slay the Relics Exporter","StSLib"],"gold_per_floor":[110,125,35,35,185,185,110,142,178,203,242,254,283,313,325,337,337],"floor_reached":16,"language":"ENG","playtime":392,"items_purged":[],"score":270,"play_id":"e1993373-8461-41bc-ad03-98859d28fc7a","local_time":"20210208144726","is_ascension_mode":true,"campfire_choices":[{"data":"Accuracy","floor":6,"key":"SMITH"},{"data":"Dagger Spray","floor":15,"key":"SMITH"}],"circlet_count":0,"master_deck":["AscendersBane","Strike_G","Strike_G","Strike_G","Strike_G","Strike_G","Defend_G","Defend_G","Defend_G","Defend_G","Defend_G","Survivor","Neutralize","Blade Dance+1","PiercingWail","Accuracy+1","Terror","Dagger Spray+1"],"relics":["Ring of the Snake","NeowsBlessing","MawBank","Omamori","Strawberry"],"acts_visited":["Exordium"],"potions_floor_usage":[16],"damage_taken":[{"damage":0,"enemies":"Cultist","floor":1,"turns":1},{"damage":0,"enemies":"Jaw Worm","floor":2,"turns":1},{"damage":0,"enemies":"3 Sentries","floor":8,"turns":1},{"damage":8,"enemies":"2 Louse","floor":10,"turns":3},{"damage":31,"enemies":"Lagavulin","floor":11,"turns":9},{"damage":6,"enemies":"Large Slime","floor":13,"turns":5},{"damage":0,"enemies":"2 Fungi Beasts","floor":14,"turns":4},{"damage":0,"enemies":"Slime Boss","floor":16,"turns":3}],"seed_played":"4003042442446624073","potions_obtained":[{"floor":8,"key":"PowerPotion"},{"floor":11,"key":"Dexterity Potion"}],"is_trial":false,"path_per_floor":["M","M","$","?","?","R","?","E","T","M","E","?","M","M","R","B"],"character_chosen":"THE_SILENT","items_purchased":["Accuracy"],"campfire_rested":0,"item_purchase_floors":[3],"current_hp_per_floor":[59,59,59,59,59,59,59,59,59,51,27,27,21,21,21,21,21],"gold":337,"neow_bonus":"THREE_ENEMY_KILL","is_daily":false,"chose_seed":false,"campfire_upgraded":2,"win_rate":0.0,"timestamp":1612824446,"path_taken":["M","?","$","?","?","R","?","E","T","M","E","?","M","?","R","BOSS"],"items_purchased_type":["Card"],"build_version":"2020-12-18","purchased_purges":0,"victory":false,"max_hp_per_floor":[66,66,66,66,66,66,66,66,66,66,73,73,73,73,73,73,73],"relic_stats":{"counters":[8,27],"MawBank":96,"obtain_stats":[{"NeowsBlessing":0,"Strawberry":11,"Omamori":9,"MawBank":8,"Ring of the Snake":0},{"NeowsBlessing":0,"Strawberry":5,"Omamori":3,"MawBank":3,"Ring of the Snake":0},{"NeowsBlessing":0,"Strawberry":15,"Omamori":3,"MawBank":3,"Ring of the Snake":0}],"Ring of the Snake":[16]},"card_choices":[{"not_picked":["Cloak And Dagger","Expertise"],"picked":"Blade Dance","floor":1},{"not_picked":["Cloak And Dagger","Quick Slash"],"picked":"PiercingWail","floor":2},{"not_picked":["Acrobatics","Deadly Poison","Outmaneuver"],"picked":"SKIP","floor":8},{"not_picked":["Backflip","Prepared","Endless Agony"],"picked":"SKIP","floor":10},{"not_picked":["Quick Slash","Sucker Punch","Doppelganger"],"picked":"SKIP","floor":11},{"not_picked":["Finisher","Sucker Punch"],"picked":"Terror","floor":13},{"not_picked":["Acrobatics","Catalyst"],"picked":"Dagger Spray","floor":14}],"player_experience":1920341,"relics_obtained":[{"floor":8,"key":"MawBank"},{"floor":9,"key":"Omamori"},{"floor":11,"key":"Strawberry"}],"event_choices":[{"damage_healed":0,"gold_gain":0,"player_choice":"Grow","damage_taken":0,"max_hp_gain":0,"max_hp_loss":0,"event_name":"Living Wall","floor":4,"gold_loss":0,"cards_upgraded":["Blade Dance"]},{"damage_healed":0,"gold_gain":150,"player_choice":"AGREE","damage_taken":0,"max_hp_gain":0,"max_hp_loss":0,"event_name":"Liars Game","floor":5,"gold_loss":0,"cards_obtained":["Doubt"]},{"cards_removed":["Doubt"],"damage_healed":0,"gold_gain":0,"player_choice":"Card Removal","damage_taken":0,"max_hp_gain":0,"max_hp_loss":0,"event_name":"The Cleric","floor":7,"gold_loss":75},{"damage_healed":0,"gold_gain":0,"player_choice":"Ignored","damage_taken":0,"max_hp_gain":0,"max_hp_loss":0,"event_name":"Shining Light","floor":12,"gold_loss":0}],"is_beta":true,"boss_relics":[],"items_purged_floors":[],"is_endless":false,"potions_floor_spawned":[8,11],"killed_by":"Slime Boss","ascension_level":20}}