{"host":"3twtdwjpiqhvvn5s","time":1612818226,"event":{"mods":["AchievementEnabler","Act Like it!","Aspiration","BaseMod","BetterRewards","Colored Map","Colored Powertips","Downfall","Duelist Mod","Friendly Minions","GifTheSpireLib","Hermit","Hubris","Infinite Spire","Jorbs\u0027s Wanderer Trilogy","Koishi","KomeijiMod","Marisa????????","Minty Spire (QoL Compilation)","Quick Restart","Rare Cards Sparkle","Replay The Spire","Shop Mod","StSLib","Td1madao Mod","The Administrix","The Animator","The Bug Knight","The Caster","The Cursed","The Disciple","The Hierophant","The Necromancer","The Poker Player","The Runesmith","The Servant 0.9.4"],"gold_per_floor":[116,116,7,20,40,69,69,101,101,117,134,160,171,182,182,282,282,292,292,327,5,116,116,143,169,169,169,182,200,214,244,244,392,392,406,406,406],"floor_reached":36,"language":"ENG","playtime":10106,"items_purged":["hermit:Covet","Grand Finale"],"score":491,"play_id":"c8f1ba84-d99a-4958-8c96-c4b27ae7aeb8","local_time":"20210208150346","daily_mods":["DeadlyEvents"],"is_ascension_mode":false,"campfire_choices":[{"floor":15,"key":"REST"},{"floor":23,"key":"REST"},{"floor":32,"key":"REST"}],"circlet_count":0,"master_deck":["hermit:Strike_Hermit","hermit:Defend_Hermit","hermit:Defend_Hermit","hermit:Snapshot","hermit:Manifest","bronze:Frontload+1","bronze:Flail","hermit:Shortfuse","bronze:DarkDash","bronze:CleanCode","hermit:Roulette+1","Unload","hermit:ItchyTrigger+1","hermit:Determination","hermit:ItchyTrigger","hermit:BigShot","hermit:NoHoldsBarred","hermit:BigShot","hermit:Deadeye","hermit:Roughhouse"],"relics":["Snecko Eye","hubris:64BitClover","Guardian:PocketSentry","Meat on the Bone","Bronze Scales","Fusion Hammer","hubris:MobiusCoin","hubris:HerbalPaste","Replay:PocketPolymizer","Mercury Hourglass","Replay:Rubber Ducky","Simple Rune","aspiration:RitualStick","infinitespire:PuzzleCube","aspiration:SecretTechniqueScroll"],"acts_visited":["Exordium","TheCity","TheBeyond"],"potions_floor_usage":[6,8,10,12,24,25,30,31],"damage_taken":[{"damage":8,"enemies":"Small Slimes","floor":1,"turns":2},{"damage":0,"enemies":"2 Louse","floor":4,"turns":3},{"damage":12,"enemies":"Jaw Worm","floor":5,"turns":7},{"damage":20,"enemies":"Gremlin Nob","floor":6,"turns":4},{"damage":4,"enemies":"Replay:BlueRogue","floor":8,"turns":4},{"damage":1,"enemies":"2 Fungi Beasts","floor":10,"turns":2},{"damage":0,"enemies":"Gremlin Gang","floor":11,"turns":3},{"damage":7,"enemies":"HollowMod:MossKnight","floor":12,"turns":6},{"damage":0,"enemies":"Looter","floor":13,"turns":2},{"damage":0,"enemies":"Large Slime","floor":14,"turns":3},{"damage":11,"enemies":"Slime Boss","floor":16,"turns":8},{"damage":4,"enemies":"Shell Parasite","floor":18,"turns":4},{"damage":0,"enemies":"Book of Stabbing","floor":20,"turns":4},{"damage":0,"enemies":"Spheric Guardian","floor":22,"turns":3},{"damage":36,"enemies":"Slavers","floor":24,"turns":4},{"damage":9,"enemies":"theDuelist:KaibaA2","floor":25,"turns":3},{"damage":0,"enemies":"3 Cultists","floor":28,"turns":3},{"damage":2,"enemies":"Shelled Parasite and Fungi","floor":29,"turns":1},{"damage":2,"enemies":"Snake Plant","floor":30,"turns":2},{"damage":9,"enemies":"Nightmare","floor":31,"turns":4},{"damage":22,"enemies":"hubris:MusketHawk","floor":33,"turns":5},{"damage":18,"enemies":"3 Shapes","floor":35,"turns":2},{"damage":23,"enemies":"infinitespire:Three Voidlings","floor":36,"turns":2},{"damage":52,"enemies":"Nightmare_Alpha","floor":36,"turns":4}],"seed_played":"-7299697851233578448","potions_obtained":[{"floor":1,"key":"JyouchiReiPotion"},{"floor":5,"key":"BlessingOfTheForge"},{"floor":8,"key":"Cursed Concoction"},{"floor":10,"key":"champ:CounterPotion"},{"floor":22,"key":"Adrenaline Potion"},{"floor":24,"key":"Fruit Juice"},{"floor":29,"key":"hexamod:SoulburnPotion"},{"floor":30,"key":"DuplicationPotion"}],"is_trial":true,"path_per_floor":["M","?","$","M","M","E","?","E","T","M","M","E","M","M","R","B",null,"M","?","E","$","M","R","E","E","T","?","M","M","M","NM","R","B",null,"M","?"],"character_chosen":"HERMIT","items_purchased":["bronze:Frontload+1","hubris:HerbalPaste","hermit:Determination"],"campfire_rested":3,"item_purchase_floors":[3,21,21],"current_hp_per_floor":[67,67,67,67,55,35,28,24,24,35,47,40,40,40,62,51,75,71,71,71,71,75,75,42,43,43,27,44,45,46,43,67,51,80,65,0,0],"gold":406,"neow_bonus":"","is_daily":false,"chose_seed":false,"campfire_upgraded":0,"win_rate":0.0,"timestamp":1612818226,"path_taken":["M","?","$","M","M","E","?","E","T","M","?","?","M","M","R","BOSS","M","?","?","?","?","R","?","E","T","?","M","?","M","NM","R","BOSS","M","?"],"items_purchased_type":["Card","Relic","Card"],"build_version":"2020-12-22","purchased_purges":2,"victory":false,"max_hp_per_floor":[75,75,75,75,75,75,75,75,75,75,75,75,75,75,75,75,75,75,75,75,75,75,75,75,80,80,80,80,80,80,80,80,80,80,80,80,80],"card_choices":[{"not_picked":["hermit:Feint","bronze:OilSpill"],"picked":"hermit:Manifest","floor":1},{"not_picked":["hermit:Misfire","bronze:BronzeArmor","hermit:Deadeye"],"picked":"SKIP","floor":4},{"not_picked":["bronze:Iterate","bronze:FineTuning"],"picked":"bronze:Flail","floor":5},{"not_picked":["hermit:HeroicBravado","hermit:Feint","bronze:FineTuning"],"picked":"SKIP","floor":6},{"not_picked":["bronze:Philosophize","bronze:Overload","hermit:Quickdraw"],"picked":"SKIP","floor":8},{"not_picked":["hermit:Combo","hermit:BodyArmor"],"picked":"hermit:Shortfuse","floor":10},{"not_picked":["hermit:Vantage","hermit:Ricochet","hermit:Glare"],"picked":"SKIP","floor":11},{"not_picked":["bronze:FollowUp","bronze:Iterate"],"picked":"bronze:DarkDash","floor":12},{"not_picked":["bronze:WhirlingStrike","hermit:HoleUp","hermit:Headshot"],"picked":"SKIP","floor":13},{"not_picked":["bronze:WildBeam","hermit:Dissolve","hermit:Feint"],"picked":"SKIP","floor":14},{"not_picked":["bronze:TinkerersToolbox","hermit:FromBeyond"],"picked":"bronze:CleanCode","floor":16},{"not_picked":["hermit:Spite","hermit:EyeOfTheStorm"],"picked":"hermit:Roulette+1","floor":18},{"not_picked":["hermit:CalledShot","hermit:Desperado"],"picked":"hermit:ItchyTrigger+1","floor":20},{"not_picked":["hermit:BigShot","hermit:Gestalt"],"picked":"hermit:ItchyTrigger","floor":22},{"not_picked":["hermit:Glare","hermit:SprayPray+1","hermit:CalledShot"],"picked":"SKIP","floor":24},{"not_picked":["hermit:Desperado+1","hermit:Ricochet","hermit:Vantage"],"picked":"SKIP","floor":25},{"not_picked":["hermit:Combo","hermit:Roulette"],"picked":"hermit:NoHoldsBarred","floor":28},{"not_picked":["hermit:FlashPowder","hermit:Midnight","hermit:TakeCover+1"],"picked":"SKIP","floor":29},{"not_picked":["hermit:EyeOfTheStorm+1","hermit:Misfire"],"picked":"hermit:BigShot","floor":30},{"not_picked":["hermit:TrackingShot","hermit:FinalCanter","hermit:HoleUp"],"picked":"SKIP","floor":31},{"not_picked":["hermit:Adapt","hermit:Magnum"],"picked":"hermit:Roughhouse","floor":33},{"not_picked":["hermit:EyeOfTheStorm+1","hermit:Coalescence","hermit:Dive+1"],"picked":"SKIP","floor":35}],"player_experience":2874720,"relics_obtained":[{"floor":6,"key":"hubris:64BitClover"},{"floor":8,"key":"Guardian:PocketSentry"},{"floor":9,"key":"Meat on the Bone"},{"floor":12,"key":"Bronze Scales"},{"floor":20,"key":"hubris:MobiusCoin"},{"floor":22,"key":"Replay:PocketPolymizer"},{"floor":24,"key":"Mercury Hourglass"},{"floor":25,"key":"Replay:Rubber Ducky"},{"floor":26,"key":"Simple Rune"},{"floor":31,"key":"infinitespire:PuzzleCube"}],"event_choices":[{"cards_removed":["hermit:Defend_Hermit"],"damage_healed":0,"gold_gain":0,"player_choice":"Card Removal","damage_taken":7,"max_hp_gain":0,"max_hp_loss":0,"event_name":"Golden Wing","floor":7,"gold_loss":0}],"is_beta":false,"boss_relics":[{"not_picked":["Kintsugi","Runesmith:UraniumAnvil"],"picked":"Fusion Hammer"},{"not_picked":["hubris:GrandSneckoEye","Black Star"],"picked":"aspiration:SecretTechniqueScroll"}],"items_purged_floors":[3,21],"is_endless":true,"potions_floor_spawned":[1,5,8,10,22,24,29,30],"killed_by":"Nightmare_Alpha","ascension_level":0}}