{"host":"56d873i5r3uhle0q","time":1612758899,"event":{"mods":["100% Spire Juice","Act Like it!","BaseMod","Block Reminder","Dota2Spire","Gensokyo","Hermit","Lobotomy","LobotomyExtend","Marisa????????","Marked Mod","Minty Spire (QoL Compilation)","Reliquary","Replay The Spire","StSLib","The Animator","The Bug Knight","The Cursed","The Marked","The Servant 0.9.4","Wandering Minibosses","everything is the same but u backflip on backflip","??????REMEMod"],"gold_per_floor":[112,130,130,149,149,149,103,114,186,186,186,213,131,150,150,254,254,254,504,520,275,285,285,295,295,343,166,166,181,181,181],"floor_reached":30,"language":"ENG","playtime":2007,"items_purged":[],"score":228,"play_id":"523097c0-733f-411b-83ed-6e5bf56f2517","local_time":"20210207213459","is_ascension_mode":false,"campfire_choices":[{"floor":6,"key":"REST"},{"floor":11,"key":"REST"},{"floor":15,"key":"REST"},{"floor":23,"key":"DIG"},{"floor":25,"key":"REST"},{"floor":28,"key":"REST"}],"circlet_count":0,"master_deck":["Strike_MRS","Strike_MRS+1","Strike_MRS","Strike_MRS","Defend_MRS","Defend_MRS","Defend_MRS","Defend_MRS","MasterSpark","UpSweep","MeteoricShower+1","MeteoricShower+1","WitchLeyline","WitchLeyline","EnergyFlow","OrrerysSun+1","EnergyRecoil"],"relics":["MiniHakkero","REME_ComplimentaryCards","MagicBroom","LetterFromLob","Moonlight_r","Divine Protection","Dota2Spire:MaskOfMadness","Velvet Choker","BreadOfAWashokuLover","Shovel","Gremlin Food","Regal Pillow","reliquary:FerryPass"],"acts_visited":["Gensokyo:Gensokyo","Gensokyo:Gensokyoer"],"potions_floor_usage":[],"damage_taken":[{"damage":0.0,"enemies":"Gensokyo:2_Kodama","floor":1.0,"turns":5.0},{"damage":7.0,"enemies":"Gensokyo:Gryphon","floor":2.0,"turns":3.0},{"damage":0,"enemies":"Gensokyo:Python","floor":4,"turns":2},{"damage":7,"enemies":"Gensokyo:2_Rabbits","floor":8,"turns":3},{"damage":1,"enemies":"Gensokyo:Aya","floor":12,"turns":3},{"damage":0,"enemies":"Gensokyo:Kitsune","floor":14,"turns":2},{"damage":52,"enemies":"Gensokyo:Kokoro","floor":16,"turns":10},{"damage":0,"enemies":"Gensokyo:AngelMirror","floor":20,"turns":3},{"damage":31,"enemies":"Gensokyo:3_Dogs","floor":22,"turns":5},{"damage":35,"enemies":"Gensokyo:Slime_Group","floor":24,"turns":4},{"damage":0,"enemies":"Gensokyo:Chomper_and_Gloop","floor":29,"turns":4},{"damage":71,"enemies":"Gensokyo:3_Gloops","floor":30,"turns":4}],"seed_played":"8488173419575771835","potions_obtained":[{"floor":8,"key":"Venom Potion"},{"floor":12,"key":"SteroidPotion"}],"is_trial":false,"path_per_floor":["M","M","?","M","?","R","$","M","T","$","R","E","COS","M","R","B",null,"M","?","M","$","M","R","M","R","T","$","R","M","M"],"character_chosen":"MARISA","items_purchased":["WitchLeyline","BreadOfAWashokuLover","EnergyRecoil","reliquary:FerryPass"],"campfire_rested":5,"item_purchase_floors":[7,21,27,27],"current_hp_per_floor":[54,47,3,3,3,25,25,18,18,18,40,39,39,39,61,16,75,75,71,71,71,41,41,22,43,43,43,71,71,0,0],"gold":181,"neow_bonus":"ONE_RARE_RELIC","is_daily":false,"chose_seed":false,"campfire_upgraded":0,"win_rate":0.0,"timestamp":1612758899,"path_taken":["M","M","?","?","?","R","?","M","T","$","R","E","COS","M","R","BOSS","M","?","M","$","?","R","M","R","T","$","R","M","M"],"items_purchased_type":["Card","Relic","Card","Relic"],"build_version":"2020-12-22","purchased_purges":0,"victory":false,"max_hp_per_floor":[75,75,75,75,75,75,75,75,75,75,75,75,75,75,75,75,75,75,71,71,71,71,71,71,71,71,71,71,71,71,71],"card_choices":[{"not_picked":["DC","UnstableBomb","NonDirectionalLaser"],"picked":"SKIP","floor":1.0},{"not_picked":["DC","DragonMeteor"],"picked":"MeteoricShower","floor":2.0},{"not_picked":["AlicesGift","Singularity"],"picked":"WitchLeyline","floor":4},{"not_picked":["DeepEcoloBomb","FairyDestructionRay","WitchOfGreed"],"picked":"SKIP","floor":8},{"not_picked":["StarDustReverie","SprinkleStarSeal","Acceleration"],"picked":"SKIP","floor":12},{"not_picked":["StarDustReverie","SprinkleStarSeal","Acceleration"],"picked":"SKIP","floor":12},{"not_picked":["GravityBeat","Acceleration","DC"],"picked":"SKIP","floor":14},{"not_picked":["DoubleSpark+1","AlicesGift"],"picked":"EnergyFlow","floor":20},{"not_picked":["GalacticHalo+1","MysteriousBeam"],"picked":"OrrerysSun","floor":22},{"not_picked":["AsteroidBelt+1","UnstableBomb","DarkSpark"],"picked":"SKIP","floor":24},{"not_picked":["Singularity+1","MilkyWay","6A"],"picked":"SKIP","floor":29}],"player_experience":705137,"relics_obtained":[{"floor":1.0,"key":"LetterFromLob"},{"floor":9,"key":"Divine Protection"},{"floor":12,"key":"Dota2Spire:MaskOfMadness"},{"floor":23,"key":"Gremlin Food"},{"floor":26,"key":"Regal Pillow"}],"event_choices":[],"is_beta":false,"boss_relics":[{"not_picked":["Busted Crown","Runic Dome"],"picked":"Velvet Choker"}],"items_purged_floors":[],"is_endless":false,"potions_floor_spawned":[8,12],"killed_by":"Gensokyo:3_Gloops","ascension_level":0}}