{"host":"avfk0uqadyfnr875","time":1612766527,"event":{"mods":["2.2 Compatiblity","Act Like it!","BaseMod","Chen","Colored Powertips","Downfall","Gensokyo","Koishi","KomeijiMod","Marisa£®ÏF”Í°°ƒß¿Ì…≥£©","Minty Spire (QoL Compilation)","Pale of the Ancients","Quick Restart","READ ME - Guardian Mod","Reimu£®≤©¿ˆ¡È√Œ£©","Shop Mod","StSLib"],"gold_per_floor":[99,99,53,53,53,53,80,80,141,175,175,209,225,325,345,453,453,153,180,206,219,229,263,313,337,362,362,0,100,100,100,124,239,251,263,293,321,356,368,391,455,478,510,541,553,604,633,688,720,732,744,781,15,15,15,15],"floor_reached":57,"language":"ZHS","playtime":3730,"items_purged":["downfall:Malfunctioning"],"score":1362,"play_id":"48bcd184-f74f-4e82-b5a4-700c1bd7396a","local_time":"20210208144207","is_ascension_mode":false,"campfire_choices":[{"floor":1,"key":"RECALL"},{"data":"hexamod:Float","floor":6,"key":"SMITH"},{"data":"hexamod:SpectersWail","floor":8,"key":"SMITH"},{"data":"hexamod:RainOfEmbers","floor":18,"key":"SMITH"},{"floor":30,"key":"DIG"},{"floor":35,"key":"DIG"},{"floor":54,"key":"DIG"}],"circlet_count":0,"master_deck":["hexamod:Strike+1","hexamod:Strike+1","hexamod:Strike+1","hexamod:Strike+1","hexamod:Defend+1","hexamod:Defend+1","hexamod:Defend+1","hexamod:Defend+1","hexamod:Sear+1","hexamod:Float+1","hexamod:HeatMetal+1","hexamod:SpectersWail+1","hexamod:GhostShield+1","hexamod:NightmareGuise+1","hexamod:SwordOfDarkness+1","hexamod:FifthSeal","hexamod:SecondSeal","hexamod:GhostShield+1","hexamod:FirstSeal","hexamod:RainOfEmbers+1","hexamod:TimeOfNeed+1","hexamod:SixthSeal","hexamod:SixthSeal","hexamod:HeatCrush+1","hexamod:SpectersWail+1","hexamod:Incineration+1","hexamod:Incineration+1","hexamod:NightmareStrike+1","hexamod:SixthSeal","hexamod:HexaLevel+1","hexamod:SixthSeal","hexamod:GhostflameInferno+1","hexamod:ShieldOfDarkness+1","hexamod:HexaLevel+1","hexamod:GhostflameInferno+1","hexamod:SpectersWail+1","hexamod:ShieldOfDarkness+1","hexamod:NightmareGuise+1","Parasite","hexamod:Incineration+1","hexamod:Hexaguard+1","expansioncontent:QuickStudy+1","expansioncontent:InvincibleStrength+1","hexamod:Hexaguard+1"],"relics":["hexamod:SpiritBrand","downfall:HeartsMalice","Tiny Chest","Tea:ReiMu","hexamod:SoulConsumer","Potion Belt","Snecko Eye","downfall:HeartBlessingRed","downfall:HeartBlessingGreen","downfall:HeartBlessingBlue","PreservedInsect","Lantern","Guardian:PocketSentry","CrazyTorch:ReiMu","Shovel","Ornamental Fan","White Beast Statue","MawBank","bronze:MakeshiftBattery","Toxic Egg 2","Bronze Scales","Strawberry","Mercury Hourglass","Oddly Smooth Stone","Anchor","HoshigumaDish","Kunai","TentaclePot:ReiMu","Pantograph"],"acts_visited":["Exordium","TheCity","TheBeyond","TheEnding"],"potions_floor_usage":[14,23,55,55,55,55,56],"damage_taken":[{"damage":0,"enemies":"downfall:FleeingMerchant","floor":3,"turns":1},{"damage":0,"enemies":"Jaw Worm","floor":4,"turns":1},{"damage":0,"enemies":"2 Louse","floor":5,"turns":1},{"damage":11,"enemies":"Gremlin Nob","floor":9,"turns":5},{"damage":16,"enemies":"Lagavulin","floor":10,"turns":6},{"damage":27,"enemies":"Gremlin Nob","floor":12,"turns":4},{"damage":0,"enemies":"Small Slimes","floor":13,"turns":4},{"damage":7,"enemies":"downfall:LadyInBlue","floor":14,"turns":7},{"damage":0,"enemies":"3 Louse","floor":15,"turns":4},{"damage":8,"enemies":"SI_SHIV_ARCHETYPE","floor":16,"turns":10},{"damage":2,"enemies":"3 Byrds","floor":19,"turns":5},{"damage":5,"enemies":"Chosen","floor":20,"turns":3},{"damage":28,"enemies":"3 Cultists","floor":21,"turns":6},{"damage":12,"enemies":"Centurion and Healer","floor":22,"turns":5},{"damage":22,"enemies":"Slavers","floor":23,"turns":5},{"damage":1,"enemies":"Cultist and Chosen","floor":25,"turns":3},{"damage":7,"enemies":"Book of Stabbing","floor":26,"turns":3},{"damage":1,"enemies":"IC_STATUS_ARCHETYPE","floor":29,"turns":2},{"damage":4,"enemies":"3 Cultists","floor":32,"turns":4},{"damage":4,"enemies":"WA_ARCHETYPE_CALM","floor":33,"turns":7},{"damage":0,"enemies":"Orb Walker","floor":36,"turns":2},{"damage":5,"enemies":"3 Darklings","floor":37,"turns":6},{"damage":0,"enemies":"Jaw Worm Horde","floor":40,"turns":3},{"damage":6,"enemies":"Writhing Mass","floor":42,"turns":3},{"damage":7,"enemies":"Spire Growth","floor":43,"turns":4},{"damage":7,"enemies":"3 Darklings","floor":44,"turns":3},{"damage":12,"enemies":"Giant Head","floor":46,"turns":7},{"damage":12,"enemies":"Writhing Mass","floor":47,"turns":5},{"damage":0,"enemies":"Nemesis","floor":48,"turns":4},{"damage":0,"enemies":"Transient","floor":49,"turns":5},{"damage":27,"enemies":"IC_BLOCK_ARCHETYPE","floor":50,"turns":9},{"damage":31,"enemies":"downfall:CharBossMerchant","floor":52,"turns":6},{"damage":10,"enemies":"downfall:NeowBoss","floor":55,"turns":14},{"damage":110,"enemies":"downfall:NeowBossFinal","floor":56,"turns":12}],"seed_played":"8473103770799828089","potions_obtained":[{"floor":9,"key":"Fire Potion"},{"floor":10,"key":"Dexterity Potion"},{"floor":12,"key":"hexamod:EctoCoolerPotion"},{"floor":14,"key":"FearPotion"},{"floor":14,"key":"Slimebound:ThreeZeroPotion"},{"floor":14,"key":"champ:CounterPotion"},{"floor":21,"key":"ColorlessPotion"},{"floor":23,"key":"Strength Potion"},{"floor":29,"key":"GrandPatriotsElixir:ReiMu"},{"floor":33,"key":"BlessingOfTheForge"},{"floor":48,"key":"hexamod:EctoCoolerPotion"}],"is_trial":false,"path_per_floor":["R","?","$","M","M","R","T","R","?","E","?","E","M","?","M","B",null,"R","M","M","M","M","E","T","M","E","T","?","?","R","T","M","B",null,"R","M","M","T","?","M","T","M","M","M","T","E","M","E","M","B",null,"E","$","R","B","B",null],"character_chosen":"THE_SPIRIT","items_purchased":["hexamod:SpectersWail","Kunai","expansioncontent:QuickStudy","expansioncontent:InvincibleStrength","hexamod:Hexaguard+1","TentaclePot:ReiMu"],"campfire_rested":0,"item_purchase_floors":[3,53,53,53,53,53],"current_hp_per_floor":[70,70,70,70,70,70,70,70,59,43,43,16,20,24,31,34,70,80,80,80,59,58,40,40,39,39,39,39,45,45,45,52,52,80,80,80,75,75,75,75,82,80,77,70,70,62,54,58,69,48,87,67,67,87,87,16],"gold":15,"neow_bonus":"THREE_ENEMY_KILL","is_daily":false,"chose_seed":false,"campfire_upgraded":3,"win_rate":0.0,"timestamp":1612766527,"path_taken":["R","?","$","M","M","R","T","R","?","E","?","E","M","?","M","BOSS","R","?","M","M","M","E","T","M","E","?","?","?","R","?","M","BOSS","R","M","M","?","?","M","T","?","?","M","?","E","M","E","M","BOSS","E","$","R","BOSS","BOSS"],"items_purchased_type":["Card","Relic","Card","Card","Card","Relic"],"build_version":"2020-12-22","purchased_purges":1,"victory":true,"max_hp_per_floor":[70,70,70,70,70,70,70,70,70,70,70,70,70,70,70,70,70,80,80,80,80,80,80,80,80,80,80,80,80,80,80,80,80,80,80,80,80,80,80,80,87,87,87,87,87,87,87,87,87,87,87,87,87,87,87,87],"card_choices":[{"not_picked":["hexamod:ShieldOfDarkness","hexamod:BurningTouch"],"picked":"hexamod:HeatMetal","floor":3},{"not_picked":["hexamod:DynamicBlow","hexamod:Haunt"],"picked":"hexamod:GhostShield","floor":4},{"not_picked":["hexamod:RecurringNightmare","hexamod:HauntingEcho"],"picked":"hexamod:NightmareGuise","floor":5},{"not_picked":["hexamod:HeatShield","hexamod:PhantomCloak"],"picked":"hexamod:SwordOfDarkness","floor":9},{"not_picked":["hexamod:UnleashSpirits","hexamod:GhostShield"],"picked":"hexamod:FifthSeal","floor":10},{"not_picked":["hexamod:SixthSeal","hexamod:ThirdSeal"],"picked":"hexamod:SecondSeal","floor":12},{"not_picked":["hexamod:Again","hexamod:SwordOfDarkness"],"picked":"hexamod:GhostShield","floor":12},{"not_picked":["hexamod:SecondSeal","hexamod:FourthSeal"],"picked":"hexamod:FirstSeal","floor":13},{"not_picked":["hexamod:NightmareGuise","hexamod:Rewind"],"picked":"hexamod:RainOfEmbers","floor":13},{"not_picked":["hexamod:PhantomCloak","hexamod:StepThrough"],"picked":"hexamod:TimeOfNeed","floor":15},{"not_picked":["hexamod:GhostOfSpirePresent","hexamod:HexaLevel"],"picked":"hexamod:SixthSeal","floor":16},{"not_picked":["hexamod:FourthSeal","hexamod:FirstSeal"],"picked":"hexamod:SixthSeal","floor":19},{"not_picked":["hexamod:GhostLash","hexamod:Firestarter"],"picked":"hexamod:HeatCrush","floor":19},{"not_picked":["hexamod:DynamicBlow+1","hexamod:GhostShield+1","hexamod:ThirdSeal"],"picked":"SKIP","floor":20},{"not_picked":["hexamod:StepThrough","hexamod:HeatMetal","hexamod:GhostShield+1"],"picked":"SKIP","floor":21},{"not_picked":["hexamod:ThirdSeal","hexamod:EmpoweredFlame","hexamod:FastForward"],"picked":"SKIP","floor":22},{"not_picked":["hexamod:BurningTouch+1","hexamod:ThirdSeal"],"picked":"hexamod:SpectersWail","floor":23},{"not_picked":["hexamod:HauntingEcho+1","hexamod:CatchUp"],"picked":"hexamod:Incineration+1","floor":25},{"not_picked":["hexamod:GhostLash","hexamod:NecessarySacrifice"],"picked":"hexamod:Incineration","floor":26},{"not_picked":["hexamod:TimeWarp","hexamod:ThirdSeal"],"picked":"hexamod:NightmareStrike","floor":29},{"not_picked":["hexamod:ThirdSeal","hexamod:SecondSeal"],"picked":"hexamod:SixthSeal","floor":32},{"not_picked":["hexamod:NightmareStrike","hexamod:FastForward"],"picked":"hexamod:HexaLevel","floor":32},{"not_picked":["hexamod:FourthSeal","hexamod:SecondSeal"],"picked":"hexamod:SixthSeal","floor":33},{"not_picked":["hexamod:SearingWound","hexamod:ForkedFlame"],"picked":"hexamod:GhostflameInferno","floor":33},{"not_picked":["hexamod:AdvancingGuard+1","hexamod:GhostOfSpirePast","hexamod:BacktrackSmack+1"],"picked":"SKIP","floor":36},{"not_picked":["hexamod:GhostLash+1","hexamod:SwordOfDarkness+1"],"picked":"hexamod:ShieldOfDarkness+1","floor":37},{"not_picked":["hexamod:HeatMetal","hexamod:Again+1"],"picked":"hexamod:GhostflameInferno+1","floor":40},{"not_picked":["hexamod:Firestarter+1","hexamod:HauntingEcho"],"picked":"hexamod:SpectersWail","floor":42},{"not_picked":["hexamod:RecurringNightmare+1","hexamod:Haunt+1"],"picked":"hexamod:ShieldOfDarkness+1","floor":43},{"not_picked":["hexamod:ExtraCrispy","hexamod:SwordOfDarkness+1"],"picked":"hexamod:NightmareGuise+1","floor":44},{"not_picked":["hexamod:GhostLash","hexamod:FourthSeal","hexamod:GhostOfSpirePresent"],"picked":"SKIP","floor":46},{"not_picked":["hexamod:PhantomFireball","hexamod:HeatMetal+1"],"picked":"hexamod:Incineration+1","floor":47},{"not_picked":["hexamod:GhostOfSpirePast","hexamod:AdvancingGuard+1","hexamod:RecurringNightmare+1"],"picked":"SKIP","floor":48},{"not_picked":["hexamod:BurningTouch+1","hexamod:ThermalTransfer","hexamod:ThirdSeal"],"picked":"SKIP","floor":49},{"not_picked":["hexamod:EtherealExpedition+1","hexamod:BacktrackSmack+1"],"picked":"hexamod:Hexaguard+1","floor":52}],"player_experience":332535,"relics_obtained":[{"floor":9,"key":"Tiny Chest"},{"floor":10,"key":"Tea:ReiMu"},{"floor":12,"key":"hexamod:SoulConsumer"},{"floor":14,"key":"Potion Belt"},{"floor":23,"key":"PreservedInsect"},{"floor":24,"key":"Lantern"},{"floor":26,"key":"Guardian:PocketSentry"},{"floor":27,"key":"CrazyTorch:ReiMu"},{"floor":29,"key":"Shovel"},{"floor":29,"key":"Ornamental Fan"},{"floor":30,"key":"White Beast Statue"},{"floor":31,"key":"MawBank"},{"floor":35,"key":"Toxic Egg 2"},{"floor":38,"key":"Bronze Scales"},{"floor":41,"key":"Strawberry"},{"floor":45,"key":"Mercury Hourglass"},{"floor":46,"key":"Oddly Smooth Stone"},{"floor":48,"key":"Anchor"},{"floor":52,"key":"HoshigumaDish"},{"floor":54,"key":"Pantograph"}],"event_choices":[],"is_beta":false,"boss_relics":[{"not_picked":["hexamod:UnbrokenSoul","Black Star"],"picked":"Snecko Eye"},{"not_picked":["Cursed Key","Tiny House"],"picked":"bronze:MakeshiftBattery"}],"items_purged_floors":[53],"is_endless":false,"potions_floor_spawned":[9,10,12,13,21,23,29,32,33,36,37,40,42,43,44,46,47,48,49,52],"ascension_level":0}}