{"host":"n7gt2lywuauec2nz","time":1612770044,"event":{"mods":["100% Spire Juice","2.2 Compatiblity","Act Like it!","Aspiration","BaseMod","Better Third Choice","Colored Powertips","DeckTracker","GifTheSpireLib","Highlight Path","HololiveMod","Hubris","Infinite Spire","Minty Spire (QoL Compilation)","Quick Restart","Random Character Button","Relic Sorter","Replay The Spire","Retaliation","StSLib","Synergy Search","The IronCluck"],"gold_per_floor":[112,58,58,69,69,103,103,115,115,127,157,157,50,50,50,147,147,157,157,171,12,12,44,55,55,81,81,81,81,96,110,110,110,110],"floor_reached":33,"language":"ENG","playtime":1594,"items_purged":["Moonworks:Defend","Moonworks:ImOnFire"],"score":325,"play_id":"71c3ec9f-47d4-469b-a0fd-2adc65face71","local_time":"20210207234044","is_ascension_mode":false,"campfire_choices":[{"data":"Moonworks:RagingMadness","floor":7,"key":"SMITH"},{"floor":12,"key":"REST"},{"floor":15,"key":"REST"},{"floor":25,"key":"REST"},{"data":"Moonworks:PlushieMaster","floor":27,"key":"SMITH"},{"data":"Moonworks:JonathanRush","floor":32,"key":"SMITH"}],"circlet_count":0,"master_deck":["Moonworks:Strike","Moonworks:Strike","Moonworks:Strike","Moonworks:Ambush","Moonworks:LongDistanceShot","Moonworks:RagingMadness+1","Moonworks:RagingMadness","Moonworks:NicePresent","Moonworks:SakisCookie","Moonworks:JonathanRush","Moonworks:JonathanRush","Moonworks:NicePresent","Moonworks:SakisCookie","Moonworks:PlushieMaster+1","Moonworks:JonathanRush+1","Moonworks:JonathanRush+1","Moonworks:JonathanRush","Moonworks:RagingMadness","Moonworks:LuckyCharm+1","Moonworks:WeAreWaruda+1","Moonworks:ImOnFire+1","Moonworks:GoAway+1","Moonworks:NicePresent","Moonworks:StiffCrystal"],"relics":["Moonworks:BrokenBomb","Moonworks:Homemark","NeowsBlessing","aspiration:HiddenCompartment","Replay:Bottled Snecko","Hololive_LightStick","Philosopher\u0027s Stone","MutagenicStrength","ReplayTheSpireMod:TigerMarble","Boot","Astrolabe","TheAbacus"],"acts_visited":["Exordium","TheCity"],"potions_floor_usage":[13,23,24,24,33],"damage_taken":[{"damage":0,"enemies":"Small Slimes","floor":1,"turns":1},{"damage":0,"enemies":"Cultist","floor":4,"turns":1},{"damage":0,"enemies":"Lagavulin","floor":6,"turns":1},{"damage":8,"enemies":"2 Louse","floor":8,"turns":3},{"damage":10,"enemies":"Looter","floor":10,"turns":3},{"damage":32,"enemies":"Gremlin Nob","floor":11,"turns":4},{"damage":0,"enemies":"Blue Slaver","floor":13,"turns":3},{"damage":20,"enemies":"Hexaghost","floor":16,"turns":6},{"damage":15,"enemies":"Shell Parasite","floor":18,"turns":5},{"damage":0,"enemies":"Spheric Guardian","floor":20,"turns":2},{"damage":27,"enemies":"Nightmare","floor":23,"turns":5},{"damage":0,"enemies":"Snake Plant","floor":24,"turns":3},{"damage":0,"enemies":"Sentry and Sphere","floor":30,"turns":2},{"damage":6,"enemies":"Shelled Parasite and Fungi","floor":31,"turns":3},{"damage":65,"enemies":"Pondfish","floor":33,"turns":7}],"seed_played":"4214857707931281635","potions_obtained":[{"floor":4,"key":"EssenceOfSteel"},{"floor":10,"key":"SpeedPotion"},{"floor":11,"key":"Languid Potion"},{"floor":18,"key":"Fire Potion"},{"floor":23,"key":"Fire Potion"},{"floor":24,"key":"SteroidPotion"}],"is_trial":false,"path_per_floor":["M","$","?","M","?","E","R","M","T","M","E","R","M","?","R","B",null,"M","?","M","$","?","NM","M","R","T","R","?","AVR","M","M","R","B"],"character_chosen":"THE_STARBREAKER","items_purchased":["Moonworks:RagingMadness","Moonworks:JonathanRush","Moonworks:RagingMadness"],"campfire_rested":3,"item_purchase_floors":[2,21,21],"current_hp_per_floor":[60,60,60,60,60,60,60,54,54,46,14,32,34,34,52,32,60,45,45,49,49,49,24,24,42,42,42,60,60,60,57,57,0,0],"gold":110,"neow_bonus":"THREE_ENEMY_KILL","is_daily":false,"chose_seed":false,"campfire_upgraded":3,"win_rate":0.0,"timestamp":1612770044,"path_taken":["M","$","?","?","?","E","R","M","T","M","E","R","M","?","R","BOSS","M","?","M","$","?","NM","M","R","T","R","?","AVR","M","M","R","BOSS"],"items_purchased_type":["Card","Card","Card"],"build_version":"2020-12-22","purchased_purges":2,"victory":false,"max_hp_per_floor":[60,60,60,60,60,60,60,60,60,60,60,60,60,60,60,60,60,60,60,60,60,60,60,60,60,60,60,60,60,60,60,60,60,60],"card_choices":[{"not_picked":["Moonworks:DeployBits","Moonworks:NicePresent","Moonworks:Assault"],"picked":"SKIP","floor":1},{"not_picked":["Moonworks:LulusLuckyEgg","Moonworks:DeployBits"],"picked":"Moonworks:NicePresent","floor":4},{"not_picked":["Moonworks:SealedMemories","Moonworks:Bloodlust"],"picked":"Moonworks:SakisCookie","floor":6},{"not_picked":["Moonworks:SakisCookie","Moonworks:Bloodlust"],"picked":"Moonworks:JonathanRush","floor":8},{"not_picked":["Moonworks:IntelligenceOfficer","Moonworks:Assault"],"picked":"Moonworks:JonathanRush","floor":10},{"not_picked":["Moonworks:ImOnFire","Moonworks:Assault"],"picked":"Moonworks:NicePresent","floor":11},{"not_picked":["Moonworks:ImOnFire","Moonworks:DevilHand"],"picked":"Moonworks:SakisCookie","floor":13},{"not_picked":["Moonworks:StarBlastingFuse","Moonworks:MetallicMonocoque"],"picked":"Moonworks:PlushieMaster","floor":16},{"not_picked":["Moonworks:ImOnFire","Moonworks:SakisCookie"],"picked":"Moonworks:JonathanRush","floor":18},{"not_picked":["Moonworks:IndiscriminateFireSupport","Moonworks:MixPhenomenon"],"picked":"Moonworks:JonathanRush+1","floor":20},{"not_picked":["Moonworks:BigMagnum","Moonworks:ScrambledEve"],"picked":"Moonworks:LuckyCharm+1","floor":23},{"not_picked":["Moonworks:Assault+1","Moonworks:IndiscriminateFireSupport"],"picked":"Moonworks:ImOnFire","floor":24},{"not_picked":["Moonworks:DeployBits","Moonworks:CastOff"],"picked":"Moonworks:NicePresent","floor":30},{"not_picked":["Moonworks:EvilSpyWorkPreparation","Moonworks:CastOff"],"picked":"Moonworks:StiffCrystal","floor":31}],"player_experience":131231,"relics_obtained":[{"floor":6,"key":"aspiration:HiddenCompartment"},{"floor":9,"key":"Replay:Bottled Snecko"},{"floor":11,"key":"Hololive_LightStick"},{"floor":23,"key":"ReplayTheSpireMod:TigerMarble"},{"floor":26,"key":"Boot"}],"event_choices":[{"damage_healed":0,"gold_gain":0,"player_choice":"Bought 0 Potions","damage_taken":0,"max_hp_gain":0,"max_hp_loss":0,"event_name":"The Woman in Blue","floor":3,"gold_loss":0},{"damage_healed":0,"gold_gain":0,"player_choice":"Inject Mutagens","damage_taken":0,"relics_obtained":["MutagenicStrength"],"max_hp_gain":0,"max_hp_loss":0,"event_name":"Drug Dealer","floor":19,"gold_loss":0},{"damage_healed":0,"gold_gain":0,"player_choice":"Ignored","damage_taken":0,"max_hp_gain":0,"max_hp_loss":0,"event_name":"Ghosts","floor":22,"gold_loss":0},{"damage_healed":20,"gold_gain":0,"player_choice":"Heal","damage_taken":0,"max_hp_gain":0,"max_hp_loss":0,"event_name":"The Library","floor":28,"gold_loss":0}],"is_beta":false,"boss_relics":[{"not_picked":["Empty Cage","ReplayTheSpireMod:DimensionalGlitch"],"picked":"Philosopher\u0027s Stone"}],"items_purged_floors":[21,29],"is_endless":false,"potions_floor_spawned":[4,10,11,18,23,24],"killed_by":"Pondfish","ascension_level":0}}