{"host":"pi8b3ffzwvxqztac","time":1612802824,"event":{"mods":["BaseMod","Colored Map","Custom Start","Downfall","Minty Spire (QoL Compilation)","StSLib"],"gold_per_floor":[99,113,125,125,22,22,22,50,60,72,88,99,99,117,137,137,137,137],"floor_reached":16,"language":"ENG","playtime":969,"items_purged":[],"score":207,"play_id":"7104c844-8cff-403a-a7e7-5521e1cf8de9","local_time":"20210209054704","is_ascension_mode":true,"campfire_choices":[{"floor":1,"key":"RECALL"},{"data":"Slimebound:Grow","floor":6,"key":"SMITH"},{"floor":13,"key":"REST"}],"circlet_count":0,"master_deck":["AscendersBane","Slimebound:Strike_Slimebound","Slimebound:Strike_Slimebound","Slimebound:Strike_Slimebound","Slimebound:Tackle","Slimebound:Defend_Slimebound","Slimebound:Defend_Slimebound","Slimebound:Defend_Slimebound","Slimebound:Defend_Slimebound","Slimebound:Split","Slimebound:CorrosiveSpit+1","Slimebound:FirmFortitude","Slimebound:SplitLeeching","Slimebound:GoopSpray","Slimebound:SplitBruiser","Slimebound:Grow+1","Slimebound:MegaLick","Slimebound:LivingWall","Slimebound:SplitLeeching","Slimebound:Equalize","Slimebound:SplitAcid"],"relics":["Slimebound:AbsorbEndCombat","Slimebound:SlimedTailRelic","Mummified Hand"],"acts_visited":["Exordium"],"potions_floor_usage":[16,16],"damage_taken":[{"damage":7,"enemies":"Cultist","floor":2,"turns":5},{"damage":4,"enemies":"Small Slimes","floor":3,"turns":4},{"damage":0,"enemies":"downfall:FleeingMerchant","floor":5,"turns":4},{"damage":41,"enemies":"Gremlin Nob","floor":8,"turns":4},{"damage":0,"enemies":"Jaw Worm","floor":9,"turns":3},{"damage":1,"enemies":"Exordium Thugs","floor":10,"turns":5},{"damage":0,"enemies":"Blue Slaver","floor":11,"turns":4},{"damage":1,"enemies":"Gremlin Gang","floor":12,"turns":5},{"damage":6,"enemies":"2 Fungi Beasts","floor":14,"turns":3},{"damage":23,"enemies":"Large Slime","floor":15,"turns":5},{"damage":69,"enemies":"IC_STATUS_ARCHETYPE","floor":16,"turns":10}],"seed_played":"7441269338621335549","potions_obtained":[{"floor":9,"key":"GamblersBrew"},{"floor":11,"key":"BlessingOfTheForge"},{"floor":15,"key":"DuplicationPotion"}],"is_trial":false,"path_per_floor":["R","M","M","?","$","R","T","E","M","M","M","M","R","M","M","B"],"character_chosen":"SLIMEBOUND","items_purchased":["Slimebound:Grow"],"campfire_rested":1,"item_purchase_floors":[5],"current_hp_per_floor":[53,49,51,51,53,53,53,16,20,25,29,36,52,50,33,0,0,0],"gold":137,"neow_bonus":"THREE_RARE_CARDS","is_daily":false,"chose_seed":false,"campfire_upgraded":1,"win_rate":0.0,"timestamp":1612802824,"path_taken":["R","M","M","?","?","R","T","E","M","M","?","M","R","M","M","BOSS"],"items_purchased_type":["Card"],"build_version":"2020-12-22","purchased_purges":0,"victory":false,"max_hp_per_floor":[54,54,54,54,54,54,54,54,54,54,54,54,54,54,54,54,54,54],"card_choices":[{"not_picked":["Slimebound:LeechLife","Slimebound:PrepareCrush"],"picked":"Slimebound:FirmFortitude","floor":0},{"not_picked":["Slimebound:Prepare","Slimebound:RollThrough"],"picked":"Slimebound:SplitLeeching","floor":2},{"not_picked":["Slimebound:LivingWall","Slimebound:Prepare"],"picked":"Slimebound:GoopSpray","floor":3},{"not_picked":["Slimebound:Prepare","Slimebound:ItLooksTasty"],"picked":"Slimebound:SplitBruiser","floor":5},{"not_picked":["Slimebound:MassRepurpose","Slimebound:Schlurp"],"picked":"Slimebound:MegaLick","floor":8},{"not_picked":["Slimebound:SamplingLick","Slimebound:ComboTackle","Slimebound:FinishingTackle"],"picked":"SKIP","floor":9},{"not_picked":["Slimebound:LeechEnergy","Slimebound:FlameTackle"],"picked":"Slimebound:LivingWall","floor":10},{"not_picked":["Slimebound:SplitBruiser","Slimebound:Schlurp"],"picked":"Slimebound:SplitLeeching","floor":11},{"not_picked":["Slimebound:HauntingLick","Slimebound:GoopTackle"],"picked":"Slimebound:Equalize","floor":12},{"not_picked":["Slimebound:HauntingLick","Slimebound:FinishingTackle"],"picked":"Slimebound:SplitAcid","floor":14},{"not_picked":["Slimebound:GoopTackle","Slimebound:SlimeBarrage","Slimebound:Equalize"],"picked":"SKIP","floor":15}],"player_experience":729082,"relics_obtained":[{"floor":7,"key":"Slimebound:SlimedTailRelic"},{"floor":8,"key":"Mummified Hand"}],"event_choices":[{"damage_healed":0,"gold_gain":0,"player_choice":"Forge","damage_taken":0,"max_hp_gain":0,"max_hp_loss":0,"event_name":"Accursed Blacksmith","floor":4,"gold_loss":0,"cards_upgraded":["Slimebound:CorrosiveSpit"]}],"is_beta":false,"boss_relics":[],"items_purged_floors":[],"is_endless":false,"potions_floor_spawned":[9,11,14,15],"killed_by":"IC_STATUS_ARCHETYPE","ascension_level":19}}