{"host":"awrw1gk2acwismlg","time":1612755872,"event":{"mods":["ATMod(°¢èªMod)","Aspiration","BaseMod","Bestiary","Challenge The Spire","Conspire","Downfall","Energized Spire","Hermit","Jedi Mod","Marked Mod","Minty Spire (QoL Compilation)","Morshu Shopkeeper","Morshu Shopkeeper - ENHANCED","Quarter Circle Forward PUNCH!","Reliquary","Remilia_Scarlet Moed£¨ÀÙÃ×ÀòÑÇ¡¤Ë¹¿¨À×ÌØ£©3.3.5","Replay The Spire","SIMod","Shop Mod","Small Relic Pack","StSLib","The Bug Knight","The Cursed","Warlord Emblem","Wide Potions","Yakumo Yukari mod","¡¾ÒÅÎï¿¨ÅÆ¡¿REMEMod","óô»ðÖ¸ÄÏ"],"gold_per_floor":[118,118,193,212,229,229,239,272,272,272,282,282,298,311,311,414,414,430,442,454,454,454,192,208,208,208,235,132,132,132,132,132,132,132,132,7,7,7,7,7,12,12,12,12,24,43,43,61,61,61],"floor_reached":51,"language":"ZHS","playtime":2915,"items_purged":["Writhe","Defend_B","Defend_B"],"score":896,"play_id":"4fea0d17-adf1-4514-84d3-8d1a12fdb031","local_time":"20210208114432","is_ascension_mode":false,"campfire_choices":[{"data":"AT_FamilyPortrait","floor":6.0,"key":"SMITH"},{"data":"Zap","floor":10.0,"key":"SMITH"},{"floor":12.0,"key":"REST"},{"data":"REME_Shoggoth","floor":15.0,"key":"SMITH"},{"data":"Thinking Ahead","floor":25.0,"key":"SMITH"},{"floor":32,"key":"DIG"},{"data":"Panic Button","floor":40,"key":"SMITH"},{"data":"relicPack:ZaWorld","floor":44,"key":"SMITH"},{"data":"REME_Shoggoth","floor":49,"key":"SMITH"}],"circlet_count":0,"master_deck":["Strike_B","Strike_B+1","Strike_B+1","Defend_B+1","Defend_B","Zap+1","Dualcast","REME_Shoggoth+1","AT_FamilyPortrait+1","Go for the Eyes","Beam Cell","REME_DataAnalysis","Beam Cell","REME_Shoggoth+1","Panic Button","REME_DataAnalysis","Panic Button","Steam","AT_HeatAcrobatics","Thinking Ahead+1","Steam+1","FTL","White Noise+1","REME_PuzzleBox+1","Fission","relicPack:ZaWorld+1","Panic Button+1","ReplayTheSpireMod:Reroute Power+1","jedi:markofdeath+1","Gash+1","BootSequence+1"],"relics":["Cracked Core","REME_ComplimentaryCards","AT_ATBox","reliquary:BallBearing","Gambling Chip","ChewingGum","Prayer Wheel","Pantograph","HollowMod:StagPassRelic","HornCleat","Iron Hammer","jedi:ominousloannote","Onion Ring","reliquary:RosewoodLute","CaptainsWheel","relicPack:StarArrow","Old Coin","Vajra"],"acts_visited":["Exordium","TheCity","TheBeyond"],"potions_floor_usage":[48,50],"damage_taken":[{"damage":1.0,"enemies":"conspire:RoseBush","floor":1.0,"turns":2.0},{"damage":0.0,"enemies":"Small Slimes","floor":4.0,"turns":2.0},{"damage":0.0,"enemies":"Cultist","floor":5.0,"turns":2.0},{"damage":18.0,"enemies":"Exordium Thugs","floor":7.0,"turns":4.0},{"damage":18.0,"enemies":"3 Sentries","floor":8.0,"turns":4.0},{"damage":5.0,"enemies":"2 Fungi Beasts","floor":11.0,"turns":2.0},{"damage":0.0,"enemies":"Large Slime","floor":13.0,"turns":5.0},{"damage":0.0,"enemies":"Red Slaver","floor":14.0,"turns":2.0},{"damage":0.0,"enemies":"Slime Boss","floor":16.0,"turns":3.0},{"damage":0.0,"enemies":"Spheric Guardian","floor":18.0,"turns":1.0},{"damage":0.0,"enemies":"Shell Parasite","floor":19.0,"turns":1.0},{"damage":0.0,"enemies":"Snake Plant","floor":20.0,"turns":2.0},{"damage":0.0,"enemies":"Centurion and Healer","floor":24.0,"turns":1.0},{"damage":0.0,"enemies":"Slavers","floor":27.0,"turns":2.0},{"damage":0,"enemies":"Sentry and Sphere","floor":29,"turns":1},{"damage":0,"enemies":"Book of Stabbing","floor":31,"turns":3},{"damage":0,"enemies":"Champ","floor":33,"turns":1},{"damage":0,"enemies":"3 Shapes","floor":35,"turns":2},{"damage":0,"enemies":"3 Darklings","floor":37,"turns":1},{"damage":0,"enemies":"Maw","floor":38,"turns":1},{"damage":0,"enemies":"Nemesis","floor":41,"turns":1},{"damage":0,"enemies":"Sphere and 2 Shapes","floor":45,"turns":2},{"damage":0,"enemies":"Spire Growth","floor":46,"turns":1},{"damage":0,"enemies":"Maw","floor":48,"turns":3},{"damage":2,"enemies":"Time Eater","floor":50,"turns":5}],"seed_played":"-7962329759009349498","potions_obtained":[{"floor":1.0,"key":"Fire Potion"},{"floor":8.0,"key":"PowerPotion"},{"floor":11.0,"key":"LiquidBronze"}],"is_trial":false,"path_per_floor":["M","?","?","M","M","R","M","E","T","R","M","R","M","M","R","B",null,"M","M","M","T","?","R","M","R","T","E","$","M","?","E","R","B",null,"M","$","M","M","?","R","E","?","T","R","M","M","$","M","R","B",null],"character_chosen":"DEFECT","items_purchased":["Thinking Ahead","REME_PuzzleBox","jedi:ominousloannote","Onion Ring"],"campfire_rested":1,"item_purchase_floors":[23,28,28,28],"current_hp_per_floor":[81,65,57,57,57,57,39,21,21,21,16,40,40,40,40,40,82,82,82,82,82,82,82,82,82,82,82,82,82,82,82,82,82,82,82,82,82,82,82,82,82,82,82,82,82,82,82,82,82,80],"gold":61,"neow_bonus":"TEN_PERCENT_HP_BONUS","is_daily":false,"chose_seed":false,"campfire_upgraded":7,"win_rate":0.0,"timestamp":1612755872,"path_taken":["M","?","?","M","M","R","M","E","T","R","M","R","?","M","R","BOSS","M","?","M","?","?","R","?","R","T","E","$","M","?","E","R","BOSS","M","$","M","?","?","R","E","?","T","R","M","M","?","M","R","BOSS"],"items_purchased_type":["Card","Card","Relic","Relic"],"build_version":"2020-12-22","purchased_purges":3,"victory":true,"max_hp_per_floor":[82,82,82,82,82,82,82,82,82,82,82,82,82,82,82,82,82,82,82,82,82,82,82,82,82,82,82,82,82,82,82,82,82,82,82,82,82,82,82,82,82,82,82,82,82,82,82,82,82,82],"card_choices":[{"not_picked":["Chill","ReplayTheSpireMod:System Scan"],"picked":"Go for the Eyes","floor":1.0},{"not_picked":["Rip and Tear","Stack","REME_SelfUpgrade"],"picked":"SKIP","floor":4.0},{"not_picked":["jedi:BurstFrost","Compile Driver","Skim"],"picked":"SKIP","floor":5.0},{"not_picked":["White Noise","Barrage","jedi:BurstFrost"],"picked":"SKIP","floor":7.0},{"not_picked":["Doom and Gloom","Barrage","BasicCrystalCard"],"picked":"SKIP","floor":8.0},{"not_picked":["jedi:markofdeath","Crystallizer"],"picked":"Beam Cell","floor":11.0},{"not_picked":["jedi:blockon","BasicCrystalCard"],"picked":"REME_DataAnalysis","floor":13.0},{"not_picked":["jedi:spotbugs","Conserve Battery"],"picked":"Beam Cell","floor":14.0},{"not_picked":["ReplayRNGCard","ReplayTheSpireMod:Fabricate Wheel"],"picked":"REME_Shoggoth","floor":16.0},{"not_picked":["REME_Compress","jedi:BurstFrost"],"picked":"Panic Button","floor":18.0},{"not_picked":["REME_Whirling","Sweeping Beam+1"],"picked":"REME_DataAnalysis","floor":19.0},{"not_picked":["Melter","jedi:spotbugs"],"picked":"Panic Button","floor":19.0},{"not_picked":["jedi:readyaimfire","Barrage"],"picked":"Steam","floor":20.0},{"not_picked":["Auto Shields","Stack+1"],"picked":"AT_HeatAcrobatics","floor":20.0},{"not_picked":["Sweeping Beam+1","Ball Lightning"],"picked":"Steam+1","floor":24.0},{"not_picked":["Ball Lightning","REME_SelfUpgrade"],"picked":"FTL","floor":24.0},{"not_picked":["jedi:bruteforce","Coolheaded"],"picked":"White Noise+1","floor":27.0},{"not_picked":["BasicCrystalCard+1","Barrage+1","jedi:BurstLightning"],"picked":"SKIP","floor":29},{"not_picked":["Compile Driver","jedi:blockon","AT_HeatAcrobatics"],"picked":"SKIP","floor":29},{"not_picked":["All For One","Defragment+1","Streamline+1"],"picked":"SKIP","floor":31},{"not_picked":["Mirror Shield","AT_RightCognition"],"picked":"Fission","floor":33},{"not_picked":["Capacitor","jedi:BurstFrost+1"],"picked":"Panic Button","floor":35},{"not_picked":["REME_Compress+1","Compile Driver","AT_WaterDrop"],"picked":"SKIP","floor":35},{"not_picked":["Conserve Battery","Redo"],"picked":"ReplayTheSpireMod:Reroute Power+1","floor":37},{"not_picked":["jedi:BurstLightning","Redo","Heatsinks+1"],"picked":"SKIP","floor":37},{"not_picked":["jedi:blockon+1","jedi:reiji"],"picked":"jedi:markofdeath+1","floor":38},{"not_picked":["Conserve Battery+1","Leap","jedi:BurstLightning"],"picked":"SKIP","floor":38},{"not_picked":["Machine Learning","Leap","Amplify"],"picked":"SKIP","floor":41},{"not_picked":["BasicCrystalCard","Conserve Battery"],"picked":"Gash+1","floor":45},{"not_picked":["Cold Snap+1","Sweeping Beam","Doom and Gloom"],"picked":"SKIP","floor":45},{"not_picked":["AT_HeatAcrobatics+1","Beam Cell+1"],"picked":"BootSequence+1","floor":46},{"not_picked":["Coolheaded+1","Rebound","AT_RobotInSpace+1"],"picked":"SKIP","floor":46},{"not_picked":["jedi:spotbugs+1","ReplayTheSpireMod:GoodbyeWorld","jedi:hex"],"picked":"SKIP","floor":48},{"not_picked":["Creative AI","Beam Cell+1","Sweeping Beam"],"picked":"SKIP","floor":48}],"player_experience":83586,"relics_obtained":[{"floor":8.0,"key":"reliquary:BallBearing"},{"floor":9.0,"key":"Gambling Chip"},{"floor":21.0,"key":"Pantograph"},{"floor":26.0,"key":"HornCleat"},{"floor":27.0,"key":"Iron Hammer"},{"floor":31,"key":"reliquary:RosewoodLute"},{"floor":32,"key":"CaptainsWheel"},{"floor":41,"key":"Old Coin"},{"floor":43,"key":"Vajra"}],"event_choices":[{"damage_healed":0.0,"max_hp_gain":0.0,"max_hp_loss":0.0,"gold_gain":0.0,"event_name":"Shining Light","player_choice":"Entered Light","floor":2.0,"gold_loss":0.0,"damage_taken":16.0,"cards_upgraded":["Strike_B","Defend_B"]},{"damage_healed":0.0,"max_hp_gain":0.0,"max_hp_loss":0.0,"gold_gain":75.0,"event_name":"FaceTrader","player_choice":"Touch","floor":3.0,"gold_loss":0.0,"damage_taken":8.0},{"damage_healed":0.0,"max_hp_gain":0.0,"max_hp_loss":0.0,"gold_gain":0.0,"event_name":"The Mausoleum","player_choice":"Opened","floor":22.0,"gold_loss":0.0,"damage_taken":0.0,"relics_obtained":["HollowMod:StagPassRelic"],"cards_obtained":["Writhe"]},{"damage_healed":0,"gold_gain":0,"player_choice":"Ignored","damage_taken":0,"max_hp_gain":0,"max_hp_loss":0,"event_name":"NoteForYourself","floor":30,"gold_loss":0},{"cards_removed":["Strike_B"],"damage_healed":0,"gold_gain":0,"player_choice":"Removed Attack","damage_taken":0,"max_hp_gain":0,"max_hp_loss":0,"event_name":"Falling","floor":39,"gold_loss":0}],"is_beta":false,"boss_relics":[{"not_picked":["Sozu","Ectoplasm"],"picked":"ChewingGum"},{"not_picked":["qcfpunch:Killian_Engine_Alpha","Velvet Choker"],"picked":"relicPack:StarArrow"}],"items_purged_floors":[23,28,36],"is_endless":false,"potions_floor_spawned":[1,8,11,13,18,19,31,33,35,45,46],"ascension_level":0}}