{"host":"q5l3nirlejh5mn15","time":1612748300,"event":{"mods":["100% Spire Juice","BaseMod","Bossed Relics","Downfall","Energized Spire","Hermit","Koishi","Marisa£®ÏF”Í°°ƒß¿Ì…≥£©","Minty Spire (QoL Compilation)","MostiFishMod","Reimu£®≤©¿ˆ¡È√Œ£©","Relic Filter Mod","Reliquary","Remilia£®¿Ÿ√◊¿Ú—«£©","RumiaBox-¬∂√◊Ê´µƒ…Ò√ÿ∫–◊”","Spicy Shops","StSLib","The Hierophant","The Servant 0.9.4","Warlord Emblem","[IsaacMod]“‘»ˆº‚À˛","°æπ¶ƒ‹Mod°øªÏ„Á÷Æª∑–ﬁ∏¥≤π∂°"],"gold_per_floor":[119,69,80,91,103,103,133,133,181,181,51,78,105,280,280,378,378,391,391,391],"floor_reached":19,"language":"ZHS","playtime":629,"items_purged":["Strike_G"],"score":240,"play_id":"ba1037c5-ba95-4371-b1fb-db250653987c","local_time":"20210208093820","is_ascension_mode":true,"campfire_choices":[{"data":"MostiFishMod:GrandStart","floor":6,"key":"SMITH"},{"data":"Riddle With Holes","floor":8,"key":"SMITH"},{"data":"Neutralize","floor":10,"key":"SMITH"},{"data":"Poisoned Stab","floor":15,"key":"SMITH"}],"circlet_count":0,"master_deck":["Strike_G","Strike_G","Strike_G","Defend_G","Defend_G","Defend_G","Defend_G","Defend_G","Survivor","Neutralize+1","Bullet Time","Footwork","Riddle With Holes+1","Crippling Poison","MostiFishMod:GrandStart+1","Deadly Poison","Blade Dance","Flash of Steel","Poisoned Stab+1","Doubt","Envenom","Clumsy","Blade Dance"],"relics":["Ring of the Snake","DaveBox","HushsDoor","SteamSale","DianPoetry","Baka","SynthV:TestCard","BookofShadows","Ccalipers","reliquary:RosewoodLute","Happy Flower","energizedSpire:HighHeels"],"acts_visited":["Exordium","TheCity"],"potions_floor_usage":[5],"damage_taken":[{"damage":8,"enemies":"Small Slimes","floor":1,"turns":3},{"damage":4,"enemies":"Cultist","floor":3,"turns":5},{"damage":0,"enemies":"Jaw Worm","floor":4,"turns":3},{"damage":0,"enemies":"Large Slime","floor":5,"turns":5},{"damage":5,"enemies":"Gremlin Nob","floor":7,"turns":3},{"damage":0,"enemies":"3 Sentries","floor":13,"turns":4},{"damage":16,"enemies":"Slime Boss","floor":16,"turns":4},{"damage":4,"enemies":"Shell Parasite","floor":18,"turns":3},{"damage":0,"enemies":"2 Thieves","floor":19,"turns":1}],"seed_played":"373616730638574290","potions_obtained":[{"floor":3,"key":"CunningPotion"},{"floor":5,"key":"Fruit Juice"},{"floor":16,"key":"MagicPotion:ReiMu"}],"is_trial":false,"path_per_floor":["M","?","M","M","M","R","E","R","T","R","$","T","E","?","R","B",null,"M","M"],"character_chosen":"THE_SILENT","items_purchased":["Ccalipers","Blade Dance","Flash of Steel"],"campfire_rested":0,"item_purchase_floors":[11,11,11],"current_hp_per_floor":[62,62,58,58,63,63,58,58,58,58,58,58,58,58,58,42,75,71,71,71],"gold":391,"neow_bonus":"ONE_RANDOM_RARE_CARD","is_daily":false,"chose_seed":false,"campfire_upgraded":4,"win_rate":0.0,"timestamp":1612748300,"path_taken":["M","?","M","?","M","R","E","R","T","R","$","?","E","?","R","BOSS","M","M"],"items_purchased_type":["Relic","Card","Card"],"build_version":"2020-12-22","purchased_purges":1,"victory":false,"max_hp_per_floor":[70,70,70,70,75,75,75,75,75,75,75,75,75,75,75,75,75,75,75,75],"card_choices":[{"not_picked":["Deflect","PiercingWail"],"picked":"Footwork","floor":1},{"not_picked":["Poisoned Stab","PiercingWail","Deadly Poison","Skewer"],"picked":"Riddle With Holes","floor":3},{"not_picked":["Outmaneuver","Acrobatics","Sucker Punch","Backflip"],"picked":"Crippling Poison","floor":4},{"not_picked":["MostiFishMod:PerfectParry","Flying Knee","Dagger Spray","Bomb"],"picked":"MostiFishMod:GrandStart","floor":5},{"not_picked":["Underhanded Strike","Sucker Punch","MostiFishMod:PerfectParry","MostiFishMod:AdrenalineArouse"],"picked":"Deadly Poison","floor":7},{"not_picked":["Dagger Throw","Flying Knee","Sucker Punch","Deflect"],"picked":"Poisoned Stab","floor":13},{"not_picked":["MostiFishMod:Confrontation","MostiFishMod:FullyArmed","Glass Knife","Wraith Form v2"],"picked":"Envenom","floor":16},{"not_picked":["Prepared","MostiFishMod:FrostNova","Flying Knee","Bouncing Flask"],"picked":"Blade Dance","floor":18}],"player_experience":254477,"relics_obtained":[{"floor":1,"key":"Baka"},{"floor":1,"key":"SynthV:TestCard"},{"floor":7,"key":"BookofShadows"},{"floor":12,"key":"reliquary:RosewoodLute"},{"floor":13,"key":"Happy Flower"}],"event_choices":[{"cards_removed":["Strike_G"],"damage_healed":0,"gold_gain":0,"player_choice":"Card Removal","damage_taken":0,"max_hp_gain":0,"max_hp_loss":0,"event_name":"The Cleric","floor":2,"gold_loss":50},{"damage_healed":0,"gold_gain":175,"player_choice":"AGREE","damage_taken":0,"max_hp_gain":0,"max_hp_loss":0,"event_name":"Liars Game","floor":14,"gold_loss":0,"cards_obtained":["Doubt"]}],"is_beta":false,"boss_relics":[{"not_picked":["ChiXiaoBlade","BloodWine"],"picked":"energizedSpire:HighHeels"},{"not_picked":[]}],"items_purged_floors":[11],"is_endless":false,"potions_floor_spawned":[3,5,16],"killed_by":"2 Thieves","ascension_level":4}}