{"host":"k919bq8mkuzdqhzi","time":1612744106,"event":{"mods":["AchievementEnabler","BaseMod","Colored Map","Colored Powertips","DeckTracker","Minty Spire (QoL Compilation)","Relic Sorter","SuperFastMode"],"gold_per_floor":[109,109,127,147,147,147,180,180,180,145,145,175,175,175,175,277,277,295,310,325,69,69,69,69,85,85,85,85,85,0,14,14,113,163,175,190,190,190,205,205,52,52,103,121,0,0,0],"floor_reached":46,"language":"ENG","playtime":4149,"items_purged":["Strike_B","Strike_B"],"score":424,"play_id":"eb838fa8-acf8-4f81-86e7-bb57869540a5","local_time":"20210207192826","is_ascension_mode":false,"campfire_choices":[{"data":"Redo","floor":6.0,"key":"SMITH"},{"data":"Zap","floor":8.0,"key":"SMITH"},{"data":"Dualcast","floor":11.0,"key":"SMITH"},{"data":"Beam Cell","floor":13,"key":"SMITH"},{"data":"Leap","floor":15,"key":"SMITH"},{"data":"Echo Form","floor":23,"key":"SMITH"},{"data":"Conserve Battery","floor":27,"key":"SMITH"},{"data":"Chill","floor":29,"key":"SMITH"},{"floor":32,"key":"REST"},{"data":"Biased Cognition","floor":40,"key":"SMITH"},{"data":"Consume","floor":42,"key":"SMITH"}],"circlet_count":0,"master_deck":["Strike_B","Strike_B","Defend_B","Defend_B","Defend_B","Defend_B","Zap+1","Dualcast+1","Rip and Tear+1","Glacier+1","Redo+1","Beam Cell+1","Leap+1","All For One","Steam","Coolheaded+1","Chill+1","Echo Form+1","Conserve Battery+1","Decay","Capacitor","Sunder","Biased Cognition+1","Go for the Eyes","Stack+1","Consume+1","Barrage","Melter"],"relics":["Cracked Core","Ancient Tea Set","Gambling Chip","WingedGreaves","Sundial","Sozu","Membership Card","Pantograph","MutagenicStrength","Blue Candle","Tiny House","Toy Ornithopter","Red Mask"],"acts_visited":["Exordium","TheCity","TheBeyond"],"potions_floor_usage":[33],"damage_taken":[{"damage":0.0,"enemies":"2 Louse","floor":1.0,"turns":2.0},{"damage":10.0,"enemies":"Small Slimes","floor":3.0,"turns":2.0},{"damage":0.0,"enemies":"Jaw Worm","floor":4.0,"turns":3.0},{"damage":12.0,"enemies":"Lagavulin","floor":7.0,"turns":6.0},{"damage":10.0,"enemies":"3 Sentries","floor":12.0,"turns":7.0},{"damage":23,"enemies":"The Guardian","floor":16,"turns":14},{"damage":12,"enemies":"3 Byrds","floor":18,"turns":4},{"damage":0,"enemies":"Spheric Guardian","floor":19,"turns":3},{"damage":1,"enemies":"Snake Plant","floor":20,"turns":5},{"damage":7,"enemies":"Centurion and Healer","floor":25,"turns":7},{"damage":16,"enemies":"Shelled Parasite and Fungi","floor":31,"turns":6},{"damage":39,"enemies":"Collector","floor":33,"turns":21},{"damage":6,"enemies":"3 Darklings","floor":35,"turns":8},{"damage":1,"enemies":"Orb Walker","floor":36,"turns":4},{"damage":11,"enemies":"Spire Growth","floor":39,"turns":7},{"damage":23,"enemies":"Transient","floor":44,"turns":5},{"damage":46,"enemies":"Reptomancer","floor":46,"turns":4}],"seed_played":"2831914597306191774","potions_obtained":[{"floor":1.0,"key":"Energy Potion"},{"floor":3.0,"key":"SteroidPotion"},{"floor":12,"key":"SmokeBomb"}],"is_trial":false,"path_per_floor":["M","?","M","M","?","R","E","R","T","?","R","E","R","?","R","B",null,"M","M","M","$","?","R","?","M","T","R","?","R","?","M","R","B",null,"M","M","?","?","M","R","$","R","T","M","?","E"],"character_chosen":"DEFECT","items_purchased":["Membership Card","Echo Form","Conserve Battery","Consume","Barrage","Melter"],"campfire_rested":1,"item_purchase_floors":[21,21,21,41,41,41],"current_hp_per_floor":[75,80,70,70,70,70,58,58,58,78,78,68,68,68,68,45,80,68,68,67,67,67,67,67,60,60,60,60,60,60,44,68,41,85,79,78,78,78,67,67,67,67,67,44,44,0,0],"gold":0,"neow_bonus":"RANDOM_COMMON_RELIC","is_daily":false,"chose_seed":false,"campfire_upgraded":10,"win_rate":0.0,"timestamp":1612744106,"path_taken":["M","?","M","M","?","R","E","R","T","?","R","E","R","?","R","BOSS","M","M","M","$","?","R","?","M","T","R","?","R","?","M","R","BOSS","M","M","?","?","M","R","$","R","T","M","?","E"],"items_purchased_type":["Relic","Card","Card","Card","Card","Card"],"build_version":"2020-12-22","purchased_purges":2,"victory":false,"max_hp_per_floor":[75,80,80,80,80,80,80,80,80,80,80,80,80,80,80,80,80,80,80,80,80,80,80,80,80,80,80,80,80,80,80,80,80,85,85,85,81,81,81,81,81,81,81,81,81,81,81],"card_choices":[{"not_picked":["Static Discharge","Hologram"],"picked":"Rip and Tear","floor":1.0},{"not_picked":["Hello World","Barrage"],"picked":"Glacier","floor":3.0},{"not_picked":["Melter","Coolheaded"],"picked":"Redo","floor":4.0},{"not_picked":["Stack","Barrage"],"picked":"Beam Cell","floor":7.0},{"not_picked":["Chaos","Thunder Strike"],"picked":"Leap","floor":12},{"not_picked":["Thunder Strike","Creative AI"],"picked":"All For One","floor":16},{"not_picked":["Steam Power","Blizzard"],"picked":"Steam","floor":18},{"not_picked":["Tempest+1","Conserve Battery"],"picked":"Coolheaded+1","floor":19},{"not_picked":["Coolheaded","Steam"],"picked":"Chill","floor":20},{"not_picked":["Coolheaded","Steam Power+1"],"picked":"Capacitor","floor":25},{"not_picked":["Steam Power","Ball Lightning"],"picked":"Sunder","floor":31},{"not_picked":["Reboot","Fission"],"picked":"Biased Cognition","floor":33},{"not_picked":["Conserve Battery","Stack"],"picked":"Gash+1","floor":35},{"not_picked":["Coolheaded+1","Beam Cell+1"],"picked":"Go for the Eyes","floor":36},{"not_picked":["Buffer","Leap"],"picked":"Stack+1","floor":39},{"not_picked":["Hologram","Skim","Compile Driver"],"picked":"SKIP","floor":44}],"player_experience":115951,"relics_obtained":[{"floor":7.0,"key":"Gambling Chip"},{"floor":9.0,"key":"WingedGreaves"},{"floor":12,"key":"Sundial"},{"floor":26,"key":"Pantograph"},{"floor":43,"key":"Toy Ornithopter"}],"event_choices":[{"damage_healed":0.0,"max_hp_gain":5.0,"max_hp_loss":0.0,"gold_gain":0.0,"event_name":"Big Fish","player_choice":"Donut","floor":2.0,"gold_loss":0.0,"damage_taken":0.0},{"damage_healed":0.0,"max_hp_gain":0.0,"max_hp_loss":0.0,"gold_gain":0.0,"event_name":"Scrap Ooze","player_choice":"Fled","floor":5.0,"gold_loss":0.0,"damage_taken":0.0},{"damage_healed":20.0,"max_hp_gain":0.0,"max_hp_loss":0.0,"gold_gain":0.0,"event_name":"The Cleric","player_choice":"Healed","floor":10.0,"gold_loss":35.0,"damage_taken":0.0},{"damage_healed":0,"gold_gain":0,"player_choice":"Grow","damage_taken":0,"max_hp_gain":0,"max_hp_loss":0,"event_name":"Living Wall","floor":14,"gold_loss":0,"cards_upgraded":["Glacier"]},{"damage_healed":0,"gold_gain":0,"player_choice":"Ignored","damage_taken":0,"max_hp_gain":0,"max_hp_loss":0,"event_name":"Ghosts","floor":22,"gold_loss":0},{"damage_healed":0,"gold_gain":0,"player_choice":"Smashed Altar","damage_taken":0,"max_hp_gain":0,"max_hp_loss":0,"event_name":"Forgotten Altar","floor":24,"gold_loss":0,"cards_obtained":["Decay"]},{"damage_healed":0,"gold_gain":0,"player_choice":"Inject Mutagens","damage_taken":0,"relics_obtained":["MutagenicStrength"],"max_hp_gain":0,"max_hp_loss":0,"event_name":"Drug Dealer","floor":28,"gold_loss":0},{"damage_healed":0,"gold_gain":0,"player_choice":"Obtained Relic","damage_taken":0,"relics_obtained":["Blue Candle"],"max_hp_gain":0,"max_hp_loss":0,"event_name":"Addict","floor":30,"gold_loss":85},{"damage_healed":0,"gold_gain":0,"player_choice":"Max HP","damage_taken":0,"max_hp_gain":0,"max_hp_loss":4,"event_name":"Winding Halls","floor":37,"gold_loss":0},{"cards_removed":["Gash"],"damage_healed":0,"gold_gain":0,"player_choice":"Removed Attack","damage_taken":0,"max_hp_gain":0,"max_hp_loss":0,"event_name":"Falling","floor":38,"gold_loss":0},{"damage_healed":0,"gold_gain":0,"player_choice":"Paid","damage_taken":0,"relics_obtained":["Red Mask"],"max_hp_gain":0,"max_hp_loss":0,"event_name":"Tomb of Lord Red Mask","floor":45,"gold_loss":121}],"is_beta":false,"boss_relics":[{"not_picked":["Cursed Key","Ectoplasm"],"picked":"Sozu"},{"not_picked":["Black Star","Empty Cage"],"picked":"Tiny House"}],"items_purged_floors":[21,41],"is_endless":false,"potions_floor_spawned":[1,3,12,18,31,33,35,36],"killed_by":"Reptomancer","ascension_level":0}}