{"host":"y6zg4wwu39otf01a","time":1612821163,"event":{"mods":["Act Like it!","Aspiration","BaseMod","Better Altar","Better Match","Better Note","Better Sensory Stone","Better Skull","Better Third Choice","Challenge The Spire","Colored Map","Colored Powertips","Conspire","GifTheSpireLib","Glutton Mod","Halation","Hermit","Highlight Path","Hubris","Infinite Spire","Mimic Mod","Minty Spire (QoL Compilation)","Quick Restart","Random Character Button","Rare Cards Sparkle","Replay The Spire","Retaliation","Spicy Shops","Spire Arcade","StSLib","Stuff the Spire","The Blue Laboratory","The Jungle"],"gold_per_floor":[15,30,30,30,30,60,60,60,60,60,74,88,88,88],"floor_reached":13,"language":"ENG","playtime":975,"items_purged":[],"score":87,"play_id":"b4981ccc-ca59-440f-879a-23c2cdc4ab35","local_time":"20210208155243","is_ascension_mode":true,"campfire_choices":[{"data":"aspiration:Polymerization","floor":8,"key":"SMITH"}],"circlet_count":0,"master_deck":["Strike_B","Strike_B","Strike_B","Strike_B","Defend_B","Defend_B","Defend_B","Defend_B","Zap","Dualcast","aspiration:Polymerization+1","BasicCrystalCard","hubris:EnhanceAbility","Coolheaded","Fusion","Consume"],"relics":["Cracked Core","aspiration:BabyByrd","Ginger","Du-Vu Doll","Pocketwatch"],"acts_visited":["Exordium"],"potions_floor_usage":[6,13],"damage_taken":[{"damage":0,"enemies":"Small Slimes","floor":1,"turns":2},{"damage":0,"enemies":"Cultist","floor":2,"turns":2},{"damage":31,"enemies":"Replay:BlueRogue","floor":6,"turns":7},{"damage":0,"enemies":"conspire:RoseBush","floor":11,"turns":5},{"damage":8,"enemies":"conspire:2 RoseBushes","floor":12,"turns":3},{"damage":33,"enemies":"3 Sentries","floor":13,"turns":8}],"seed_played":"-5266705508138799499","potions_obtained":[{"floor":1,"key":"blueLaboratory:PhilterOfMotion"},{"floor":12,"key":"blueLaboratory:TrueEctoplasm"}],"is_trial":false,"path_per_floor":["M","M","?","$","?","E","$","R","T","T","M","M","E"],"character_chosen":"DEFECT","items_purchased":[],"campfire_rested":0,"item_purchase_floors":[],"current_hp_per_floor":[75,75,75,75,75,44,44,44,44,44,44,36,3,3],"gold":88,"neow_bonus":"RANDOM_COLORLESS_2","is_daily":false,"chose_seed":false,"campfire_upgraded":1,"win_rate":0.0,"timestamp":1612821163,"path_taken":["M","M","?","?","?","E","?","R","T","?","M","?","E"],"items_purchased_type":[],"build_version":"2020-12-22","purchased_purges":0,"victory":false,"max_hp_per_floor":[75,75,75,75,75,75,75,75,75,75,75,75,75,75],"card_choices":[{"not_picked":["Metamorphosis","Transmutation"],"picked":"StuffTheSpire:Recharge","floor":0},{"not_picked":["Go for the Eyes","ReplayGash"],"picked":"aspiration:Polymerization","floor":1},{"not_picked":["ReplayGash","Coolheaded"],"picked":"BasicCrystalCard","floor":2},{"not_picked":["Blizzard","Leap"],"picked":"Coolheaded","floor":6},{"not_picked":["Beam Cell","Panic Button"],"picked":"Fusion","floor":11},{"not_picked":["Coolheaded","Leap"],"picked":"Consume","floor":12}],"player_experience":729048,"relics_obtained":[{"floor":6,"key":"Ginger"},{"floor":9,"key":"Du-Vu Doll"},{"floor":10,"key":"Pocketwatch"}],"event_choices":[{"damage_healed":0,"gold_gain":0,"cards_transformed":["StuffTheSpire:Recharge"],"player_choice":"Transformed","damage_taken":0,"max_hp_gain":0,"max_hp_loss":0,"event_name":"Transmorgrifier","floor":3,"gold_loss":0,"cards_obtained":["hubris:EnhanceAbility"]}],"is_beta":false,"boss_relics":[],"items_purged_floors":[],"is_endless":false,"potions_floor_spawned":[1,12],"killed_by":"3 Sentries","ascension_level":1}}