{"host":"49pjgf1q9ev52n8z","time":1612754614,"event":{"mods":["BaseMod","Bestiary","Colored Map","Keyboard Shortcuts","Minty Spire (QoL Compilation)","Practice Mode","Relic Stats","StSLib"],"gold_per_floor":[365,13,25,25,43,76,94,94,94,94,194,225,236,249,249,353,353,369,385,404,99,99,126,126,126,126,126,150,175,175,195,195,290,290,322,47,143,153,203,234,234,269,269,369,62,92,152,164,164,164],"floor_reached":51,"language":"ENG","playtime":5564,"items_purged":["Regret","Writhe"],"score":991,"play_id":"4f172e1a-60b4-4959-ba47-f2de1fdee83f","local_time":"20210207192334","is_ascension_mode":true,"campfire_choices":[{"floor":10.0,"key":"REST"},{"data":"TalkToTheHand","floor":15.0,"key":"SMITH"},{"floor":24.0,"key":"REST"},{"data":"Ghostly","floor":27.0,"key":"SMITH"},{"data":"Ghostly","floor":32.0,"key":"SMITH"},{"floor":41.0,"key":"REST"},{"data":"Thinking Ahead","floor":49,"key":"SMITH"}],"circlet_count":0,"master_deck":["Strike_P","Strike_P","Strike_P","Strike_P","Defend_P","Defend_P","Defend_P","Defend_P","Eruption","Vigilance","CrushJoints","Crescendo","FlurryOfBlows","Wireheading","TalkToTheHand+1","Tantrum","Protect","ClearTheMind","DevaForm","ThirdEye+1","CutThroughFate+1","Ghostly+1","Ghostly+1","Ghostly","Ghostly","Ghostly","Scrawl","FlurryOfBlows+1","Devotion","CurseOfTheBell","EmptyFist","MentalFortress+1","Trip","Weave","CarveReality+1","TalkToTheHand","Thinking Ahead+1","FlurryOfBlows+1"],"relics":["PureWater","Anchor","Bronze Scales","Pear","Shuriken","VioletLotus","GoldenEye","Mummified Hand","Bag of Preparation","Kunai","Akabeko","Blood Vial","SsserpentHead","Calling Bell","MawBank","Meat on the Bone","WingedGreaves","FossilizedHelix","Mango","Lantern","Peace Pipe","Yang","Bird Faced Urn","Ginger"],"acts_visited":["TheBeyond"],"potions_floor_usage":[50,50],"damage_taken":[{"damage":12.0,"enemies":"Jaw Worm","floor":1.0,"turns":4.0},{"damage":0.0,"enemies":"2 Louse","floor":3.0,"turns":3.0},{"damage":0.0,"enemies":"Cultist","floor":5.0,"turns":2.0},{"damage":22.0,"enemies":"3 Sentries","floor":6.0,"turns":6.0},{"damage":0.0,"enemies":"Looter","floor":7.0,"turns":2.0},{"damage":19.0,"enemies":"Lagavulin","floor":12.0,"turns":7.0},{"damage":0.0,"enemies":"3 Louse","floor":13.0,"turns":2.0},{"damage":4.0,"enemies":"Blue Slaver","floor":14.0,"turns":4.0},{"damage":19.0,"enemies":"The Guardian","floor":16.0,"turns":9.0},{"damage":4.0,"enemies":"3 Byrds","floor":18.0,"turns":3.0},{"damage":0.0,"enemies":"Chosen","floor":19.0,"turns":3.0},{"damage":23.0,"enemies":"Snake Plant","floor":20.0,"turns":4.0},{"damage":28.0,"enemies":"Slavers","floor":23.0,"turns":5.0},{"damage":4.0,"enemies":"Gremlin Leader","floor":29.0,"turns":6.0},{"damage":2.0,"enemies":"Chosen and Byrds","floor":31.0,"turns":5.0},{"damage":15.0,"enemies":"Automaton","floor":33.0,"turns":8.0},{"damage":4.0,"enemies":"3 Darklings","floor":35.0,"turns":5.0},{"damage":30.0,"enemies":"2 Orb Walkers","floor":37.0,"turns":5.0},{"damage":0.0,"enemies":"Orb Walker","floor":38.0,"turns":3.0},{"damage":13.0,"enemies":"Giant Head","floor":40.0,"turns":8.0},{"damage":0.0,"enemies":"Nemesis","floor":42.0,"turns":7.0},{"damage":0.0,"enemies":"Mind Bloom Boss Battle","floor":44.0,"turns":4.0},{"damage":0.0,"enemies":"Giant Head","floor":46.0,"turns":7.0},{"damage":0.0,"enemies":"Spire Growth","floor":47.0,"turns":5.0},{"damage":1.0,"enemies":"Sphere and 2 Shapes","floor":48.0,"turns":6.0},{"damage":0,"enemies":"Awakened One","floor":50,"turns":7}],"seed_played":"-7005575483966779942","potions_obtained":[{"floor":6.0,"key":"Regen Potion"},{"floor":19.0,"key":"GamblersBrew"},{"floor":20.0,"key":"LiquidBronze"},{"floor":35.0,"key":"Fruit Juice"},{"floor":38.0,"key":"Strength Potion"},{"floor":42.0,"key":"SteroidPotion"}],"is_trial":false,"path_per_floor":["M","$","M","?","M","E","M","?","T","R","?","E","M","M","R","B",null,"M","M","M","$","?","E","R","?","T","R","T","E","?","M","R","B",null,"M","$","?","M","?","E","R","E","T","?","$","E","M","M","R","B",null],"character_chosen":"WATCHER","items_purchased":["Anchor","StancePotion","BottledMiracle","GoldenEye","FossilizedHelix","TalkToTheHand","Thinking Ahead"],"campfire_rested":3,"item_purchase_floors":[2,2,2,21,36,45,45],"current_hp_per_floor":[60,60,60,60,60,38,38,38,48,72,72,53,53,49,49,30,82,78,78,55,55,55,27,51,41,41,41,41,37,37,37,37,24,41,37,42,40,42,42,31,49,51,51,53,53,60,60,60,60,60],"gold":164,"neow_bonus":"TWO_FIFTY_GOLD","is_daily":false,"chose_seed":false,"campfire_upgraded":4,"win_rate":0.0,"timestamp":1612754614,"path_taken":["M","$","M","?","M","E","M","?","T","R","?","E","M","M","R","BOSS","M","M","?","$","?","E","R","?","T","R","?","E","?","M","R","BOSS","M","$","?","M","?","E","R","E","T","?","?","E","?","M","R","BOSS"],"items_purchased_type":["Relic","Potion","Potion","Relic","Relic","Card","Card"],"build_version":"2020-12-22","purchased_purges":2,"victory":true,"max_hp_per_floor":[72,72,72,72,72,72,72,72,82,82,82,82,82,82,82,82,82,82,82,82,82,82,82,82,41,41,41,41,41,41,41,41,41,41,41,46,60,60,60,60,60,60,60,60,60,60,60,60,60,60],"relic_stats":{"counters":[16,88],"Yang":[84],"Bag of Preparation":[26],"Ginger":[0],"GoldenEye":[104],"MawBank":24,"Blood Vial":16,"Peace Pipe":0,"SsserpentHead":250,"Shuriken":[53],"Mummified Hand":[32],"Bronze Scales":[265],"Bird Faced Urn":[6],"VioletLotus":[11],"Kunai":[45],"obtain_stats":[{"Lantern":40,"Pear":0,"Mango":37,"Yang":43,"Bag of Preparation":23,"Ginger":46,"GoldenEye":21,"MawBank":34,"Akabeko":28,"Blood Vial":29,"Calling Bell":34,"Peace Pipe":42,"SsserpentHead":30,"Anchor":0,"Shuriken":0,"Mummified Hand":22,"Bronze Scales":0,"Bird Faced Urn":44,"VioletLotus":0,"WingedGreaves":34,"Kunai":26,"PureWater":0,"FossilizedHelix":36,"Meat on the Bone":34},{"Lantern":10,"Pear":0,"Mango":8,"Yang":11,"Bag of Preparation":3,"Ginger":13,"GoldenEye":2,"MawBank":6,"Akabeko":3,"Blood Vial":4,"Calling Bell":6,"Peace Pipe":11,"SsserpentHead":4,"Anchor":0,"Shuriken":0,"Mummified Hand":2,"Bronze Scales":0,"Bird Faced Urn":12,"VioletLotus":0,"WingedGreaves":6,"Kunai":3,"PureWater":0,"FossilizedHelix":7,"Meat on the Bone":6},{"Lantern":52,"Pear":0,"Mango":41,"Yang":59,"Bag of Preparation":12,"Ginger":70,"GoldenEye":7,"MawBank":31,"Akabeko":12,"Blood Vial":18,"Calling Bell":31,"Peace Pipe":59,"SsserpentHead":18,"Anchor":0,"Shuriken":0,"Mummified Hand":7,"Bronze Scales":0,"Bird Faced Urn":63,"VioletLotus":0,"WingedGreaves":31,"Kunai":12,"PureWater":0,"FossilizedHelix":36,"Meat on the Bone":31}],"Meat on the Bone":12},"card_choices":[{"not_picked":["WaveOfTheHand","DeceiveReality"],"picked":"CrushJoints","floor":1.0},{"not_picked":["Sanctity","PathToVictory"],"picked":"Crescendo","floor":3.0},{"not_picked":["FlyingSleeves","CrushJoints"],"picked":"FlurryOfBlows","floor":5.0},{"not_picked":["CrushJoints","Halt"],"picked":"Wireheading","floor":6.0},{"not_picked":["WheelKick","FlyingSleeves"],"picked":"TalkToTheHand","floor":7.0},{"not_picked":["CarveReality","EmptyBody"],"picked":"Tantrum","floor":12.0},{"not_picked":["Fasting2","BowlingBash"],"picked":"Protect","floor":13.0},{"not_picked":["Vengeance","PathToVictory"],"picked":"ClearTheMind","floor":14.0},{"not_picked":["Scrawl","SpiritShield"],"picked":"DevaForm","floor":16.0},{"not_picked":["ClearTheMind+1","BowlingBash"],"picked":"ThirdEye+1","floor":18.0},{"not_picked":["PathToVictory","Protect","Perseverance+1"],"picked":"SKIP","floor":19.0},{"not_picked":["Prostrate","Collect+1","Protect"],"picked":"SKIP","floor":20.0},{"not_picked":["TalkToTheHand","Worship"],"picked":"CutThroughFate+1","floor":23.0},{"not_picked":["Fasting2","ThirdEye"],"picked":"Scrawl","floor":29.0},{"not_picked":["Prostrate+1","EmptyBody"],"picked":"FlurryOfBlows+1","floor":31.0},{"not_picked":["Blasphemy","Omniscience"],"picked":"Devotion","floor":33.0},{"not_picked":["Wireheading","Indignation+1","Perseverance"],"picked":"SKIP","floor":35.0},{"not_picked":["Devotion","WindmillStrike"],"picked":"EmptyFist","floor":37.0},{"not_picked":["Sanctity+1","Crescendo"],"picked":"MentalFortress+1","floor":38.0},{"not_picked":["Enlightenment","PanicButton"],"picked":"Trip","floor":39.0},{"not_picked":["CarveReality","Prostrate"],"picked":"Weave","floor":40.0},{"not_picked":["EmptyBody","SandsOfTime+1"],"picked":"CarveReality+1","floor":42.0},{"not_picked":["BowlingBash","ClearTheMind+1","Alpha"],"picked":"SKIP","floor":46.0},{"not_picked":["EmptyFist+1","Worship+1","EmptyBody+1"],"picked":"SKIP","floor":47.0},{"not_picked":["PathToVictory+1","FollowUp+1"],"picked":"FlurryOfBlows+1","floor":48.0}],"player_experience":759741,"relics_obtained":[{"floor":6.0,"key":"Bronze Scales"},{"floor":9.0,"key":"Pear"},{"floor":12.0,"key":"Shuriken"},{"floor":23.0,"key":"Bag of Preparation"},{"floor":26.0,"key":"Kunai"},{"floor":28.0,"key":"Akabeko"},{"floor":29.0,"key":"Blood Vial"},{"floor":34.0,"key":"MawBank"},{"floor":34.0,"key":"Meat on the Bone"},{"floor":34.0,"key":"WingedGreaves"},{"floor":37.0,"key":"Mango"},{"floor":40.0,"key":"Lantern"},{"floor":42.0,"key":"Peace Pipe"},{"floor":43.0,"key":"Yang"},{"floor":44.0,"key":"Bird Faced Urn"},{"floor":46.0,"key":"Ginger"}],"event_choices":[{"damage_healed":0.0,"max_hp_gain":0.0,"max_hp_loss":0.0,"gold_gain":0.0,"event_name":"Golden Wing","player_choice":"Ignored","floor":4.0,"gold_loss":0.0,"damage_taken":0.0},{"damage_healed":0.0,"max_hp_gain":0.0,"max_hp_loss":0.0,"gold_gain":0.0,"event_name":"Liars Game","player_choice":"Ignored","floor":8.0,"gold_loss":0.0,"damage_taken":0.0},{"damage_healed":0.0,"max_hp_gain":0.0,"max_hp_loss":0.0,"gold_gain":100.0,"event_name":"Golden Shrine","player_choice":"Pray","floor":11.0,"gold_loss":0.0,"damage_taken":0.0},{"damage_healed":0.0,"max_hp_gain":0.0,"max_hp_loss":0.0,"gold_gain":0.0,"event_name":"The Mausoleum","player_choice":"Opened","floor":22.0,"gold_loss":0.0,"damage_taken":0.0,"relics_obtained":["Mummified Hand"],"cards_obtained":["Writhe"]},{"damage_healed":0.0,"max_hp_gain":0.0,"max_hp_loss":41.0,"gold_gain":0.0,"event_name":"Ghosts","player_choice":"Became a Ghost","floor":25.0,"gold_loss":0.0,"damage_taken":0.0,"cards_obtained":["Ghostly","Ghostly","Ghostly","Ghostly","Ghostly"]},{"damage_healed":0.0,"max_hp_gain":0.0,"max_hp_loss":0.0,"gold_gain":0.0,"event_name":"FaceTrader","player_choice":"Trade","floor":30.0,"gold_loss":0.0,"damage_taken":0.0,"relics_obtained":["SsserpentHead"]},{"damage_healed":0.0,"max_hp_gain":0.0,"max_hp_loss":0.0,"gold_gain":0.0,"event_name":"Mysterious Sphere","player_choice":"Fight","floor":37.0,"gold_loss":0.0,"damage_taken":0.0},{"damage_healed":0.0,"max_hp_gain":0.0,"max_hp_loss":0.0,"gold_gain":0.0,"event_name":"SensoryStone","player_choice":"Memory 1","floor":39.0,"gold_loss":0.0,"damage_taken":0.0},{"damage_healed":0.0,"max_hp_gain":0.0,"max_hp_loss":0.0,"gold_gain":0.0,"event_name":"MindBloom","player_choice":"Fight","floor":44.0,"gold_loss":0.0,"damage_taken":0.0}],"is_beta":false,"boss_relics":[{"not_picked":["Busted Crown","Ectoplasm"],"picked":"VioletLotus"},{"not_picked":["SacredBark","Coffee Dripper"],"picked":"Calling Bell"}],"items_purged_floors":[2,45],"is_endless":false,"potions_floor_spawned":[6,7,14,16,19,20,35,38,42,44],"ascension_level":2}}