{"host":"344lv32hnei0mdhu","time":1612742463,"event":{"mods":["Act Like it!","BaseMod","Better Match","Better Sensory Stone","Better Skull","Better Third Choice","Better Vampires","Colored Powertips","Highlight Path","Minty Spire (QoL Compilation)","Quick Restart","Random Character Button","Rare Cards Sparkle","StSLib"],"gold_per_floor":[113,113,113,59,70,70,70,101,101,130,145,145,155,69,69,173,223,243,233,233,246,21,21,52,52,52,52,52,72,72,98,98,98,98],"floor_reached":33,"language":"ENG","playtime":997,"items_purged":[],"score":498,"play_id":"f077763b-fd72-4542-9235-f05d33473d5c","local_time":"20210207180103","is_ascension_mode":true,"campfire_choices":[{"data":"Zap","floor":6.0,"key":"SMITH"},{"data":"Defragment","floor":12.0,"key":"SMITH"},{"floor":15.0,"key":"REST"},{"floor":23.0,"key":"REST"},{"floor":25,"key":"REST"},{"floor":30,"key":"REST"},{"floor":32,"key":"REST"}],"circlet_count":0,"master_deck":["AscendersBane","Strike_B+1","Strike_B+1","Strike_B+1","Strike_B+1","Defend_B+1","Defend_B+1","Defend_B+1","Defend_B+1","Zap+1","Dualcast","Steam","Discovery+1","Steam","Steam","Coolheaded+1","Defragment","Defragment+1","Defragment","Conserve Battery","Core Surge","Genetic Algorithm","Self Repair"],"relics":["Cracked Core","NeowsBlessing","Orichalcum","Symbiotic Virus","Regal Pillow","Tiny House","Oddly Smooth Stone","Red Mask","Cables","DataDisk"],"acts_visited":["Exordium","TheCity"],"potions_floor_usage":[24,31,33],"damage_taken":[{"damage":0.0,"enemies":"Small Slimes","floor":1.0,"turns":1.0},{"damage":0.0,"enemies":"Jaw Worm","floor":5.0,"turns":1.0},{"damage":0.0,"enemies":"Gremlin Nob","floor":8.0,"turns":1.0},{"damage":10.0,"enemies":"Lagavulin","floor":10.0,"turns":5.0},{"damage":2.0,"enemies":"2 Louse","floor":11.0,"turns":3.0},{"damage":0.0,"enemies":"Large Slime","floor":13.0,"turns":4.0},{"damage":40.0,"enemies":"Hexaghost","floor":16.0,"turns":11.0},{"damage":24.0,"enemies":"Shell Parasite","floor":18.0,"turns":5.0},{"damage":23.0,"enemies":"2 Thieves","floor":19.0,"turns":5.0},{"damage":13.0,"enemies":"Shelled Parasite and Fungi","floor":21.0,"turns":6.0},{"damage":48,"enemies":"Masked Bandits","floor":24,"turns":5},{"damage":15,"enemies":"3 Cultists","floor":29,"turns":7},{"damage":42,"enemies":"Slavers","floor":31,"turns":6},{"damage":85,"enemies":"Collector","floor":33,"turns":7}],"seed_played":"-8009173672149563629","potions_obtained":[{"floor":5.0,"key":"PowerPotion"},{"floor":11.0,"key":"Energy Potion"},{"floor":17.0,"key":"CultistPotion"},{"floor":18.0,"key":"Dexterity Potion"},{"floor":29,"key":"CultistPotion"},{"floor":31,"key":"SkillPotion"}],"is_trial":false,"path_per_floor":["M","?","?","$","M","R","?","E","T","E","M","R","M","$","R","B",null,"M","M","?","M","$","R","?","R","T","?","?","M","R","E","R","B"],"character_chosen":"DEFECT","items_purchased":["Steam","Defragment","Conserve Battery","Oddly Smooth Stone","Self Repair"],"campfire_rested":5,"item_purchase_floors":[4,14,14,22,22],"current_hp_per_floor":[68,53,53,53,53,53,53,53,53,43,41,41,41,41,75,35,70,46,23,23,10,10,49,8,47,47,47,73,65,80,45,80,0,0],"gold":98,"neow_bonus":"THREE_ENEMY_KILL","is_daily":false,"chose_seed":false,"campfire_upgraded":2,"win_rate":0.0,"timestamp":1612742463,"path_taken":["M","?","?","$","M","R","?","E","T","E","M","R","M","$","R","BOSS","M","M","?","M","$","R","?","R","T","?","?","?","R","E","R","BOSS"],"items_purchased_type":["Card","Card","Card","Relic","Card"],"build_version":"2020-12-22","purchased_purges":0,"victory":false,"max_hp_per_floor":[75,75,75,75,75,75,75,75,75,75,75,75,75,75,75,75,80,80,80,80,80,80,80,80,80,80,80,80,80,80,80,80,80,80],"card_choices":[{"not_picked":["Streamline","Rebound"],"picked":"Steam","floor":1.0},{"not_picked":["Secret Weapon","Deep Breath"],"picked":"Discovery","floor":3.0},{"not_picked":["Turbo","Sweeping Beam"],"picked":"Steam","floor":5.0},{"not_picked":["Barrage","Double Energy"],"picked":"Coolheaded","floor":8.0},{"not_picked":["Redo","FTL"],"picked":"Defragment","floor":10.0},{"not_picked":["Hologram","Hello World"],"picked":"Defragment","floor":11.0},{"not_picked":["Rebound","Sweeping Beam","Stack"],"picked":"SKIP","floor":13.0},{"not_picked":["Rainbow","Buffer"],"picked":"Core Surge","floor":16.0},{"not_picked":["Streamline","Conserve Battery"],"picked":"Genetic Algorithm","floor":17.0},{"not_picked":["Streamline+1","Compile Driver","Beam Cell+1"],"picked":"SKIP","floor":18.0},{"not_picked":["Go for the Eyes","Steam","Double Energy"],"picked":"SKIP","floor":19.0},{"not_picked":["Multi-Cast","Blizzard","FTL"],"picked":"SKIP","floor":21.0},{"not_picked":["Consume","Compile Driver","Turbo"],"picked":"SKIP","floor":29},{"not_picked":["Lockon","Beam Cell","Scrape"],"picked":"SKIP","floor":31}],"player_experience":415241,"relics_obtained":[{"floor":8.0,"key":"Orichalcum"},{"floor":9.0,"key":"Symbiotic Virus"},{"floor":10.0,"key":"Regal Pillow"},{"floor":24,"key":"Red Mask"},{"floor":26,"key":"Cables"},{"floor":31,"key":"DataDisk"}],"event_choices":[{"damage_healed":68.0,"max_hp_gain":0.0,"max_hp_loss":75.0,"gold_gain":0.0,"event_name":"betterThird:BetterShining","player_choice":"Upgrade","floor":2.0,"gold_loss":0.0,"damage_taken":15.0,"cards_upgraded":["Strike_B","Defend_B"]},{"damage_healed":0.0,"max_hp_gain":0.0,"max_hp_loss":0.0,"gold_gain":1.0,"event_name":"betterStone:BetterStone","player_choice":"1","floor":3.0,"gold_loss":0.0,"damage_taken":0.0},{"damage_healed":0.0,"max_hp_gain":0.0,"max_hp_loss":0.0,"gold_gain":0.0,"event_name":"Living Wall","player_choice":"Grow","floor":7.0,"gold_loss":0.0,"damage_taken":0.0,"cards_upgraded":["Discovery"]},{"damage_healed":0.0,"max_hp_gain":0.0,"max_hp_loss":6.0,"gold_gain":0.0,"event_name":"betterThird:BetterWriting","player_choice":"Simplicity","floor":20.0,"gold_loss":0.0,"damage_taken":0.0},{"damage_healed":0,"gold_gain":0,"player_choice":"Fought Bandits","damage_taken":0,"max_hp_gain":0,"max_hp_loss":0,"event_name":"Masked Bandits","floor":24,"gold_loss":0},{"damage_healed":26,"gold_gain":0,"player_choice":"Heal","damage_taken":0,"max_hp_gain":0,"max_hp_loss":0,"event_name":"The Library","floor":28,"gold_loss":0}],"is_beta":false,"boss_relics":[{"not_picked":["Philosopher\u0027s Stone","Runic Pyramid"],"picked":"Tiny House"}],"items_purged_floors":[],"is_endless":false,"potions_floor_spawned":[5,11,13,18,29,31],"killed_by":"Collector","ascension_level":11}}