{"host":"2p3jwbtacxwf1d73","time":1612743442,"event":{"mods":["BaseMod","Colored Powertips","Hermit","Hubris","Minty Spire (QoL Compilation)","Potionbrewer","Quick Restart","Reliquary","Small Relic Pack","StSLib","The Cursed","The Death Knight","The Gatherer","The Hierophant","The Necromancer","The Servant 0.9.4"],"gold_per_floor":[110,7,65,141,141,141,141],"floor_reached":6,"language":"ENG","playtime":399,"items_purged":[],"score":61,"play_id":"1b1372a5-e5c9-4a55-bb5b-439c290deae7","local_time":"20210207181722","daily_mods":["Heirloom"],"is_ascension_mode":false,"campfire_choices":[],"circlet_count":0,"master_deck":["hierophant:Strike_Hierophant","hierophant:Strike_Hierophant","hierophant:Strike_Hierophant","hierophant:Strike_Hierophant","hierophant:Punish","hierophant:Defend_Hierophant","hierophant:Defend_Hierophant","hierophant:Defend_Hierophant","hierophant:Defend_Hierophant","hierophant:ChurchCoffers","hierophant:RustyCrate","hierophant:Doubloon","hierophant:Doubloon","hierophant:Doubloon","hierophant:Doubloon","hierophant:Smite","hierophant:Doubloon","hierophant:Generosity","hierophant:Doubloon"],"relics":["hierophant:PropheticMaskRelic","Shovel"],"acts_visited":["Exordium"],"potions_floor_usage":[6],"damage_taken":[{"damage":15,"enemies":"Jaw Worm","floor":1,"turns":4},{"damage":6,"enemies":"Cultist","floor":3,"turns":4},{"damage":0,"enemies":"Small Slimes","floor":4,"turns":3},{"damage":40,"enemies":"Lagavulin","floor":6,"turns":9}],"seed_played":"-6390229853125188686","potions_obtained":[{"floor":1,"key":"SteroidPotion"}],"is_trial":true,"path_per_floor":["M","$","M","M","?","E"],"character_chosen":"HIEROPHANT","items_purchased":["hierophant:RustyCrate","hierophant:Smite"],"campfire_rested":0,"item_purchase_floors":[2,2],"current_hp_per_floor":[60,60,54,54,59,19,19],"gold":141,"neow_bonus":"","is_daily":false,"chose_seed":false,"campfire_upgraded":0,"win_rate":0.0,"timestamp":1612743442,"path_taken":["M","$","M","M","?","E"],"items_purchased_type":["Card","Card"],"build_version":"2020-12-22","purchased_purges":0,"victory":false,"max_hp_per_floor":[75,75,75,75,75,75,75],"card_choices":[{"not_picked":["hierophant:PassingBell","hierophant:HammerAndAnvil"],"picked":"hierophant:RustyCrate","floor":1},{"not_picked":["hierophant:Racketeering","hierophant:Zeal"],"picked":"hierophant:Generosity","floor":3},{"not_picked":["hierophant:HammerAndAnvil","hierophant:AuricBeam"],"picked":"hierophant:Doubloon","floor":4}],"player_experience":470117,"relics_obtained":[],"event_choices":[{"cards_removed":["hierophant:RustyCrate"],"damage_healed":5,"gold_gain":0,"player_choice":"Offered Common","damage_taken":0,"max_hp_gain":0,"max_hp_loss":0,"event_name":"Bonfire Elementals","floor":5,"gold_loss":0},{"cards_removed":["hierophant:RustyCrate"],"damage_healed":5,"gold_gain":0,"player_choice":"Offered Special","damage_taken":0,"max_hp_gain":0,"max_hp_loss":0,"event_name":"Bonfire Elementals","floor":5,"gold_loss":0}],"is_beta":false,"boss_relics":[],"items_purged_floors":[],"is_endless":false,"potions_floor_spawned":[1],"killed_by":"Lagavulin","ascension_level":0}}