{"host":"zjnmjbs15rdpqnz9","time":1612765922,"event":{"mods":["BaseMod","Downfall","Minty Spire (QoL Compilation)","StSLib"],"gold_per_floor":[99,119,138,148,178,194,218,238,238,271,301,301,52,79,93,188,188,188,204,217,55,55,69,69,87,87,87,117,117,17,17,29,130,130,30,49,402,402,273,290,290,321,336,369,369,400,400,400,415,415],"floor_reached":51,"language":"ENG","playtime":4941,"items_purged":["Guardian:Strike_Guardian","Guardian:Harden"],"score":765,"play_id":"f5382a7e-f623-4282-a3c6-4cad52a527c5","local_time":"20210207233202","is_ascension_mode":false,"campfire_choices":[{"data":"Guardian:TwinSlam","floor":1.0,"key":"SMITH"},{"data":"Guardian:RefractedBeam","floor":9.0,"key":"SMITH"},{"data":"Guardian:RefractedBeam+1","floor":12.0,"key":"SMITH"},{"data":"Guardian:SentryBeam","floor":18.0,"key":"SMITH"},{"data":"Guardian:Preprogram","floor":26.0,"key":"SMITH"},{"floor":30.0,"key":"RECALL"},{"data":"Guardian:MultiBeam","floor":35.0,"key":"SMITH"},{"floor":45.0,"key":"REST"},{"data":"Guardian:TemporalShield","floor":47.0,"key":"SMITH"}],"circlet_count":0,"master_deck":["Guardian:CurlUp","Guardian:TwinSlam+1","Guardian:RefractedBeam+2","Guardian:SentryBeam+1","Guardian:Reroute","Guardian:Incinerate","expansioncontent:HyperBeam","Guardian:PrimingBeam","Guardian:StasisField","Guardian:Suspension+1","Guardian:Preprogram+1","Guardian:TemporalStrike+1","Guardian:Reroute","Guardian:Preprogram","Guardian:PrimingBeam","Guardian:TemporalShield+1","Guardian:MultiBeam+1","Guardian:ExploitGems","Guardian:Reroute","Guardian:SentryBeam+1","Guardian:Recover+1"],"relics":["Guardian:ModeShifter","MealTicket","Akabeko","Strawberry","Odd Mushroom","Turnip","Runic Pyramid","Orichalcum","Vajra","Enchiridion","downfall:HeartBlessingGreen","Torii","Pandora\u0027s Box","downfall:HeartBlessingRed","Old Coin","Lee\u0027s Waffle","Regal Pillow","White Beast Statue","Bag of Preparation","CaptainsWheel","Boot"],"acts_visited":["Exordium","TheCity","TheBeyond"],"potions_floor_usage":[50,50],"damage_taken":[{"damage":0.0,"enemies":"Cultist","floor":2.0,"turns":4.0},{"damage":1.0,"enemies":"2 Louse","floor":3.0,"turns":3.0},{"damage":2.0,"enemies":"Small Slimes","floor":4.0,"turns":4.0},{"damage":7.0,"enemies":"3 Louse","floor":6.0,"turns":3.0},{"damage":15.0,"enemies":"Exordium Thugs","floor":8.0,"turns":6.0},{"damage":3.0,"enemies":"Gremlin Nob","floor":10.0,"turns":3.0},{"damage":6.0,"enemies":"The Mushroom Lair","floor":11.0,"turns":4.0},{"damage":0.0,"enemies":"downfall:FleeingMerchant","floor":13.0,"turns":4.0},{"damage":12.0,"enemies":"Lagavulin","floor":14.0,"turns":5.0},{"damage":12.0,"enemies":"Gremlin Gang","floor":15.0,"turns":3.0},{"damage":10.0,"enemies":"SI_SHIV_ARCHETYPE","floor":16.0,"turns":5.0},{"damage":0.0,"enemies":"Shell Parasite","floor":19.0,"turns":5.0},{"damage":20.0,"enemies":"3 Byrds","floor":20.0,"turns":6.0},{"damage":0.0,"enemies":"downfall:FleeingMerchant","floor":21.0,"turns":4.0},{"damage":8.0,"enemies":"Sentry and Sphere","floor":23.0,"turns":3.0},{"damage":0.0,"enemies":"Snake Plant","floor":25.0,"turns":4.0},{"damage":14.0,"enemies":"Gremlin Leader","floor":28.0,"turns":5.0},{"damage":0.0,"enemies":"Centurion and Healer","floor":32.0,"turns":3.0},{"damage":36.0,"enemies":"DF_ARCHETYPE_CLAW","floor":33.0,"turns":10.0},{"damage":0.0,"enemies":"Orb Walker","floor":36.0,"turns":1.0},{"damage":0.0,"enemies":"2 Orb Walkers","floor":37.0,"turns":3.0},{"damage":0.0,"enemies":"downfall:FleeingMerchant","floor":39.0,"turns":3.0},{"damage":9.0,"enemies":"3 Darklings","floor":40.0,"turns":4.0},{"damage":12.0,"enemies":"Reptomancer","floor":42.0,"turns":5.0},{"damage":7.0,"enemies":"Spire Growth","floor":43.0,"turns":3.0},{"damage":22.0,"enemies":"Giant Head","floor":44.0,"turns":8.0},{"damage":26.0,"enemies":"Nemesis","floor":46.0,"turns":9.0},{"damage":1.0,"enemies":"Transient","floor":49.0,"turns":5.0},{"damage":37,"enemies":"IC_BLOCK_ARCHETYPE","floor":50,"turns":10}],"seed_played":"541154789889104024","potions_obtained":[{"floor":3.0,"key":"Ancient Potion"},{"floor":4.0,"key":"SteroidPotion"},{"floor":6.0,"key":"CultistPotion"},{"floor":19.0,"key":"bronze:BurnAndBuffPotion"},{"floor":22.0,"key":"CultistPotion"},{"floor":32.0,"key":"Guardian:DefensiveModePotion"},{"floor":36.0,"key":"Ancient Potion"},{"floor":42.0,"key":"CultistPotion"}],"is_trial":false,"path_per_floor":["R","M","M","M","?","M","T","M","R","E","?","R","$","E","M","B",null,"R","M","M","$","?","M","T","M","R","?","E","?","R","T","M","B",null,"R","M","?","?","$","M","T","E","M","E","R","E","R","?","M","B",null],"character_chosen":"GUARDIAN","items_purchased":["Guardian:Incinerate","expansioncontent:HyperBeam","Guardian:PrimingBeam","Guardian:Gem_Orange","Guardian:Gem_Lightblue","Lee\u0027s Waffle","Regal Pillow"],"campfire_rested":1,"item_purchase_floors":[13,13,13,21,39,39,39],"current_hp_per_floor":[88,88,87,85,85,78,78,63,63,67,61,61,76,64,52,42,95,95,95,75,90,90,82,82,82,82,82,68,52,52,52,52,16,95,95,95,95,95,102,93,93,81,74,52,97,71,71,71,70,33],"gold":415,"neow_bonus":"TEN_PERCENT_HP_BONUS","is_daily":false,"chose_seed":false,"campfire_upgraded":7,"win_rate":0.0,"timestamp":1612765922,"path_taken":["R","M","M","M","?","M","T","M","R","E","?","R","$","E","M","BOSS","R","M","M","$","?","M","T","M","R","?","E","?","R","?","M","BOSS","R","M","?","?","$","?","T","E","M","E","R","E","R","?","M","BOSS"],"items_purchased_type":["Card","Card","Card","Card","Card","Relic","Relic"],"build_version":"2020-12-22","purchased_purges":2,"victory":true,"max_hp_per_floor":[88,88,88,88,88,88,88,88,88,95,95,95,95,95,95,95,95,95,95,95,95,95,95,95,95,95,95,95,95,95,95,95,95,95,95,95,95,95,102,102,102,102,102,102,102,102,102,102,102,102],"card_choices":[{"not_picked":["Guardian:Planning","Guardian:PrismaticBeam"],"picked":"Guardian:Gem_Lightblue","floor":2.0},{"not_picked":["Guardian:GuardianWhirl","Guardian:ChargeCore"],"picked":"Guardian:RefractedBeam","floor":3.0},{"not_picked":["Guardian:BodySlam","Guardian:DecasProtection"],"picked":"Guardian:Gem_Cyan","floor":4.0},{"not_picked":["Guardian:Planning","Guardian:ShieldCharger"],"picked":"Guardian:Gem_Purple","floor":6.0},{"not_picked":["Guardian:MultiBeam","Guardian:CrystalBeam","Guardian:Harden"],"picked":"SKIP","floor":8.0},{"not_picked":["Guardian:PiercingHide","Guardian:SpikerProtocol"],"picked":"Guardian:SentryBeam","floor":10.0},{"not_picked":["Guardian:SphericShield","Guardian:Reroute"],"picked":"Guardian:Gem_Green","floor":11.0},{"not_picked":["Guardian:WalkerClaw","Guardian:TemporalShield"],"picked":"Guardian:Reroute","floor":13.0},{"not_picked":["Guardian:Incinerate","Guardian:Emergency"],"picked":"Guardian:Gem_Blue","floor":14.0},{"not_picked":["Guardian:EvasiveProtocol","Guardian:SpikerProtocol"],"picked":"Guardian:Gem_Yellow","floor":15.0},{"not_picked":["Guardian:StasisStrike","Guardian:AncientConstruct"],"picked":"Guardian:StasisField","floor":16.0},{"not_picked":["Guardian:Reroute","Guardian:Recover"],"picked":"Guardian:Gem_Red","floor":19.0},{"not_picked":["Guardian:RollAttack","Guardian:Clone"],"picked":"Guardian:Suspension+1","floor":20.0},{"not_picked":["Guardian:PrismaticBeam","Guardian:Planning"],"picked":"Guardian:Gem_Purple","floor":21.0},{"not_picked":["Guardian:RollAttack","Guardian:Gem_Green"],"picked":"Guardian:Preprogram","floor":23.0},{"not_picked":["Guardian:TemporalShield","Guardian:BronzeArmor","Guardian:PiercingHide"],"picked":"SKIP","floor":25.0},{"not_picked":["Guardian:CrystalBeam+1","Guardian:RollAttack"],"picked":"Guardian:TemporalStrike+1","floor":28.0},{"not_picked":["Guardian:ArmoredProtocol","Guardian:ShieldSpikes"],"picked":"Guardian:Reroute","floor":32.0},{"not_picked":["Guardian:StasisStrike","Guardian:StasisField"],"picked":"Guardian:BaubleBeam","floor":33.0},{"not_picked":["Guardian:PiercingHide","Guardian:Emergency","Guardian:RefractedBeam"],"picked":"SKIP","floor":36.0},{"not_picked":["Guardian:BodySlam","Guardian:EvasiveProtocol+1"],"picked":"Guardian:Gem_Lightblue","floor":37.0},{"not_picked":["Guardian:PrimingBeam","Guardian:BronzeOrb","Guardian:TemporalStrike+1"],"picked":"SKIP","floor":39.0},{"not_picked":["Guardian:PrismaticBeam+1","Guardian:BodySlam+1","Guardian:Incinerate"],"picked":"SKIP","floor":40.0},{"not_picked":["Guardian:BodySlam","Guardian:ConstructionForm"],"picked":"Guardian:SentryBeam+1","floor":42.0},{"not_picked":["Guardian:PiercingHide+1","Guardian:SentryBeam","Guardian:TemporalStrike+1"],"picked":"SKIP","floor":43.0},{"not_picked":["Guardian:RollAttack","Guardian:PrimingBeam","Guardian:CrystalBeam"],"picked":"SKIP","floor":44.0},{"not_picked":["Guardian:Gem_Lightblue","Guardian:RollAttack+1"],"picked":"Guardian:Recover+1","floor":46.0},{"not_picked":["Guardian:PrimingBeam","Guardian:BronzeArmor+1","Guardian:Gem_Fragmented"],"picked":"SKIP","floor":49.0}],"player_experience":878403,"relics_obtained":[{"floor":7.0,"key":"Akabeko"},{"floor":10.0,"key":"Strawberry"},{"floor":11.0,"key":"Odd Mushroom"},{"floor":14.0,"key":"Turnip"},{"floor":24.0,"key":"Orichalcum"},{"floor":28.0,"key":"Vajra"},{"floor":29.0,"key":"Enchiridion"},{"floor":31.0,"key":"Torii"},{"floor":37.0,"key":"Old Coin"},{"floor":41.0,"key":"White Beast Statue"},{"floor":42.0,"key":"Bag of Preparation"},{"floor":44.0,"key":"CaptainsWheel"},{"floor":46.0,"key":"Boot"}],"event_choices":[{"damage_healed":0.0,"max_hp_gain":0.0,"max_hp_loss":0.0,"gold_gain":0.0,"event_name":"Mushrooms","player_choice":"Fought Mushrooms","floor":11.0,"gold_loss":0.0,"damage_taken":0.0},{"damage_healed":0.0,"max_hp_gain":0.0,"max_hp_loss":0.0,"gold_gain":0.0,"event_name":"Mysterious Sphere","player_choice":"Fight","floor":37.0,"gold_loss":0.0,"damage_taken":0.0},{"cards_removed":["Guardian:BaubleBeam"],"damage_healed":0.0,"max_hp_gain":0.0,"max_hp_loss":0.0,"gold_gain":0.0,"event_name":"Falling","player_choice":"Removed Attack","floor":48.0,"gold_loss":0.0,"damage_taken":0.0}],"is_beta":false,"boss_relics":[{"not_picked":["Guardian:ModeShifterPlus","Fusion Hammer"],"picked":"Runic Pyramid"},{"not_picked":["SlaversCollar","Snecko Eye"],"picked":"Pandora\u0027s Box"}],"items_purged_floors":[13,39],"is_endless":false,"potions_floor_spawned":[3,4,6,11,19,20,23,28,32,36,42,43,44,46,49],"ascension_level":0}}