{"host":"5inz41fcnifmg6v2","time":1612788290,"event":{"mods":["BaseMod","Minty Spire (QoL Compilation)","Replay The Spire","StSLib","The Bug Knight"],"gold_per_floor":[117,129,129,142,153,153,166,195,195,225,238,248,248,248,248,346,396,409,65,84,99,118,118,118],"floor_reached":23,"language":"ZHS","playtime":3185,"items_purged":[],"score":232,"play_id":"f76ef58b-b90f-4b13-acb6-75390e732f88","local_time":"20210208204450","is_ascension_mode":false,"campfire_choices":[{"floor":6.0,"key":"RECALL"},{"floor":13.0,"key":"REST"},{"floor":15,"key":"REST"}],"circlet_count":0,"master_deck":["HollowMod:NailStrikeStart","HollowMod:NailStrikeStart","HollowMod:NailStrikeStart","HollowMod:NailStrikeStart","HollowMod:QuickDashStart","HollowMod:QuickDashStart","HollowMod:QuickDashStart","HollowMod:QuickDashStart","HollowMod:FocusHealStart","HollowMod:PogoStrike","HollowMod:HowlingWraiths","HollowMod:SiblingsSouls","HollowMod:DashSlash","HollowMod:DungDefenderAura","HollowMod:FastStrike","HollowMod:LifebloodCocoon","HollowMod:PerfectDash","HollowMod:SoulShaman+1","HollowMod:DesolateDive","Iron Wave","HollowMod:LifebloodCore","HollowMod:DungDefenderAura","HollowMod:DreamGate","HollowMod:CoiledNail+1","HollowMod:SoulStrike+1","HollowMod:FastStrike","HollowMod:FallenFury","HollowMod:FastStrike+1"],"relics":["HollowMod:VesselMask","WarpedTongs","Nunchaku","HollowMod:StagPassRelic","Replay:Grab Bag","SlaversCollar","Philosopher\u0027s Stone","Tiny House","Eternal Feather"],"acts_visited":["Exordium","TheCity"],"potions_floor_usage":[21,21,21,23],"damage_taken":[{"damage":1.0,"enemies":"Jaw Worm","floor":1.0,"turns":3.0},{"damage":1.0,"enemies":"Cultist","floor":2.0,"turns":3.0},{"damage":1.0,"enemies":"2 Louse","floor":4.0,"turns":2.0},{"damage":23.0,"enemies":"Lots of Slimes","floor":5.0,"turns":5.0},{"damage":12.0,"enemies":"Blue Slaver","floor":7.0,"turns":4.0},{"damage":26.0,"enemies":"Gremlin Nob","floor":8.0,"turns":5.0},{"damage":5.0,"enemies":"HollowMod:MossKnight","floor":10.0,"turns":6.0},{"damage":11.0,"enemies":"3 Louse","floor":11.0,"turns":3.0},{"damage":6.0,"enemies":"Looter","floor":12.0,"turns":3.0},{"damage":9,"enemies":"Fading Forest","floor":16,"turns":11},{"damage":28,"enemies":"Shell Parasite","floor":18,"turns":5},{"damage":12,"enemies":"Chosen","floor":20,"turns":5},{"damage":0,"enemies":"Snecko","floor":21,"turns":4},{"damage":37,"enemies":"Sentry and Sphere","floor":22,"turns":6},{"damage":28,"enemies":"Slavers","floor":23,"turns":3}],"seed_played":"5586046403358500175","potions_obtained":[{"floor":2.0,"key":"Languid Potion"},{"floor":8.0,"key":"SpeedPotion"},{"floor":10.0,"key":"Energy Potion"},{"floor":17,"key":"Dexterity Potion"},{"floor":21,"key":"Elixir"}],"is_trial":false,"path_per_floor":["M","M","?","M","M","R","M","E","T","E","M","M","R","?","R","B",null,"M","$","M","M","M","E"],"character_chosen":"THE_BUGKNIGHT","items_purchased":["HollowMod:CoiledNail","Eternal Feather","HollowMod:SoulStrike"],"campfire_rested":2,"item_purchase_floors":[19,19,19],"current_hp_per_floor":[82,82,82,81,68,68,66,50,50,51,46,40,64,64,82,73,87,59,59,53,53,26,0,0],"gold":118,"neow_bonus":"TEN_PERCENT_HP_BONUS","is_daily":false,"chose_seed":false,"campfire_upgraded":0,"win_rate":0.0,"timestamp":1612788290,"path_taken":["M","M","?","M","M","R","?","E","T","E","M","M","R","?","R","BOSS","M","$","M","M","M","E"],"items_purchased_type":["Card","Relic","Card"],"build_version":"2020-12-22","purchased_purges":0,"victory":false,"max_hp_per_floor":[82,82,82,82,82,82,82,82,82,82,82,82,82,82,82,82,87,87,87,87,87,87,87,87],"card_choices":[{"not_picked":["HollowMod:SiblingsSouls","HollowMod:DescendingDark"],"picked":"HollowMod:HowlingWraiths","floor":1.0},{"not_picked":["HollowMod:NewJinnsSoul","HollowMod:TaintedHusks"],"picked":"HollowMod:SiblingsSouls","floor":2.0},{"not_picked":["HollowMod:HeavyBlow","HollowMod:SoulSplash"],"picked":"HollowMod:DashSlash","floor":4.0},{"not_picked":["HollowMod:ShadowDash","HollowMod:SoulEater"],"picked":"HollowMod:DungDefenderAura","floor":5.0},{"not_picked":["HollowMod:DesolateDive","HollowMod:InfectedAttack"],"picked":"HollowMod:FastStrike","floor":7.0},{"not_picked":["HollowMod:MidwifesHunger","HollowMod:SiblingsSouls"],"picked":"HollowMod:LifebloodCocoon","floor":8.0},{"not_picked":["HollowMod:FastStrike","HollowMod:GreatSlash"],"picked":"HollowMod:PerfectDash","floor":10.0},{"not_picked":["HollowMod:MonarchWings","HollowMod:ShadowDash"],"picked":"HollowMod:SoulShaman","floor":11.0},{"not_picked":["HollowMod:InfectedAttack","HollowMod:CrystalDash"],"picked":"HollowMod:DesolateDive","floor":12.0},{"not_picked":["HollowMod:ZotesMagnificence","HollowMod:HornetsHelp"],"picked":"HollowMod:LifebloodCore","floor":16},{"not_picked":["HollowMod:DescendingDark","HollowMod:WraithStrike"],"picked":"HollowMod:DungDefenderAura","floor":17},{"not_picked":["HollowMod:SiblingsShadow","HollowMod:VengefulSpirit"],"picked":"HollowMod:DreamGate","floor":18},{"not_picked":["HollowMod:HeavyBlow+1","HollowMod:PureNailStrike"],"picked":"HollowMod:FastStrike","floor":20},{"not_picked":["HollowMod:BlackTendrils","HollowMod:CoiledNail"],"picked":"HollowMod:FallenFury","floor":21},{"not_picked":["HollowMod:VengefulVoid+1","HollowMod:ShadowDash"],"picked":"HollowMod:FastStrike+1","floor":22}],"player_experience":67935,"relics_obtained":[{"floor":8.0,"key":"Nunchaku"},{"floor":10.0,"key":"HollowMod:StagPassRelic"}],"event_choices":[{"damage_healed":0.0,"max_hp_gain":0.0,"max_hp_loss":0.0,"gold_gain":0.0,"event_name":"Accursed Blacksmith","player_choice":"Rummage","floor":3.0,"gold_loss":0.0,"damage_taken":0.0,"relics_obtained":["WarpedTongs"],"cards_obtained":["Pain"]},{"cards_removed":["Pain"],"damage_healed":0.0,"max_hp_gain":0.0,"max_hp_loss":0.0,"gold_gain":0.0,"event_name":"NoteForYourself","player_choice":"Took Card","floor":14.0,"gold_loss":0.0,"damage_taken":0.0,"cards_obtained":["Iron Wave"]}],"is_beta":false,"boss_relics":[{"not_picked":["ReplayTheSpireMod:DimensionalGlitch","Busted Crown"],"picked":"Replay:Grab Bag"},{"not_picked":["Fusion Hammer","Velvet Choker"],"picked":"SlaversCollar"},{"not_picked":["Coffee Dripper","ChewingGum"],"picked":"Philosopher\u0027s Stone"},{"not_picked":["Black Star","Snecko Eye"],"picked":"Tiny House"}],"items_purged_floors":[],"is_endless":false,"potions_floor_spawned":[2,8,10,21],"killed_by":"Slavers","ascension_level":0}}