{"host":"i70yit5z0kpl303k","time":1612751816,"event":{"mods":["2.2 Compatiblity","Act Like it!","BaseMod","BetterRewards","Evolution","Infinite Spire","Ironclad Rager","Koishi","Marked Mod","Minty Spire (QoL Compilation)","Relic Stats","Reliquary","Replay The Spire","StSLib","The Blue Laboratory","The Marked"],"gold_per_floor":[112,112,112,124,124,152,172,172,172,172,172,197,208,221,221,320,320,339,339,355,355,355,355,355,390,416,434,447,447,463,463,463,463,463],"floor_reached":33,"language":"ENG","playtime":1022,"items_purged":[],"score":350,"play_id":"6b4527f1-6606-4764-ad56-95932e5da673","local_time":"20210207183656","is_ascension_mode":false,"campfire_choices":[{"data":"Rebound","floor":8,"key":"SMITH"},{"floor":15,"key":"REST"},{"floor":23,"key":"REST"},{"floor":29,"key":"REST"},{"floor":32,"key":"REST"}],"circlet_count":0,"master_deck":["Rebound","Rebound","Rebound","Rebound","Leap","Leap","Defend_B","Zap","Dualcast","Rebound+1","Gash","Consume","Beam Cell","Doubt","Ball Lightning","Scrape","Compile Driver","Go for the Eyes","Fission","Beam Cell","Compile Driver","Conserve Battery","Redo","White Noise","Rainbow"],"relics":["Cracked Core","EVO:Axolotl","reliquary:RosewoodLute","HornCleat","Mercury Hourglass","Chameleon Ring","ReplayTheSpireMod:Ring of Collecting","reliquary:TridentHead","infinitespire:CheckeredPen","reliquary:Knoch","MutagenicStrength"],"acts_visited":["Exordium","TheCity"],"potions_floor_usage":[],"damage_taken":[{"damage":6,"enemies":"Cultist","floor":1,"turns":3},{"damage":0,"enemies":"Small Slimes","floor":4,"turns":2},{"damage":18,"enemies":"3 Sentries","floor":6,"turns":4},{"damage":0,"enemies":"2 Louse","floor":7,"turns":1},{"damage":18,"enemies":"Lagavulin","floor":12,"turns":4},{"damage":2,"enemies":"Large Slime","floor":13,"turns":3},{"damage":13,"enemies":"Red Slaver","floor":14,"turns":2},{"damage":0,"enemies":"Slime Boss","floor":16,"turns":5},{"damage":8,"enemies":"Chosen","floor":18,"turns":4},{"damage":0,"enemies":"Spheric Guardian","floor":20,"turns":3},{"damage":30,"enemies":"Gremlin Leader","floor":25,"turns":6},{"damage":10,"enemies":"Snake Plant","floor":27,"turns":4},{"damage":22,"enemies":"Centurion and Healer","floor":28,"turns":5},{"damage":16,"enemies":"Chosen and Byrds","floor":30,"turns":5},{"damage":87,"enemies":"Pondfish","floor":33,"turns":16}],"seed_played":"-8196707913708901787","potions_obtained":[{"floor":4,"key":"blueLaboratory:ForbiddenFruitJuice"},{"floor":7,"key":"Strength Potion"},{"floor":14,"key":"blueLaboratory:AbyssPotion"},{"floor":18,"key":"Ancient Potion"},{"floor":20,"key":"FairyPotion"}],"is_trial":false,"path_per_floor":["M","T","?","M","$","E","M","R","T","?","?","E","M","M","R","B",null,"M","?","M","?","?","R","?","E","T","M","M","R","M","?","R","B"],"character_chosen":"DEFECT","items_purchased":[],"campfire_rested":4,"item_purchase_floors":[],"current_hp_per_floor":[69,69,69,69,69,51,51,51,51,51,51,33,31,18,40,40,75,67,67,67,53,53,77,77,47,47,37,15,39,23,23,47,0,0],"gold":463,"neow_bonus":"RANDOM_COMMON_RELIC","is_daily":false,"chose_seed":false,"campfire_upgraded":1,"win_rate":0.0,"timestamp":1612751816,"path_taken":["M","?","?","?","$","E","M","R","T","?","?","E","?","M","R","BOSS","M","?","M","?","?","R","?","E","T","?","M","R","M","?","R","BOSS"],"items_purchased_type":[],"build_version":"2020-12-22","purchased_purges":0,"victory":false,"max_hp_per_floor":[75,75,75,75,75,75,75,75,75,75,75,75,75,75,75,75,75,75,75,75,80,80,80,80,80,80,80,80,80,80,80,80,80,80],"relic_stats":{"counters":[15,67],"obtain_stats":[{"reliquary:TridentHead":12,"HornCleat":2,"Chameleon Ring":9,"ReplayTheSpireMod:Ring of Collecting":10,"MutagenicStrength":31,"EVO:Axolotl":0,"infinitespire:CheckeredPen":25,"reliquary:Knoch":26,"reliquary:RosewoodLute":0,"Cracked Core":0,"Mercury Hourglass":6},{"reliquary:TridentHead":5,"HornCleat":1,"Chameleon Ring":4,"ReplayTheSpireMod:Ring of Collecting":4,"MutagenicStrength":14,"EVO:Axolotl":0,"infinitespire:CheckeredPen":11,"reliquary:Knoch":11,"reliquary:RosewoodLute":0,"Cracked Core":0,"Mercury Hourglass":3},{"reliquary:TridentHead":14,"HornCleat":3,"Chameleon Ring":10,"ReplayTheSpireMod:Ring of Collecting":10,"MutagenicStrength":51,"EVO:Axolotl":0,"infinitespire:CheckeredPen":37,"reliquary:Knoch":37,"reliquary:RosewoodLute":0,"Cracked Core":0,"Mercury Hourglass":9}],"Mercury Hourglass":[233]},"card_choices":[{"not_picked":["Go for the Eyes","Compile Driver"],"picked":"Rebound","floor":1},{"not_picked":["Compile Driver","Leap"],"picked":"Gash","floor":4},{"not_picked":["Sweeping Beam","BasicCrystalCard"],"picked":"Consume","floor":6},{"not_picked":["Barrage","Stack"],"picked":"Beam Cell","floor":7},{"not_picked":["Reboot","Force Field"],"picked":"Scrape","floor":12},{"not_picked":["Melter","Steam"],"picked":"Compile Driver","floor":13},{"not_picked":["Sweeping Beam","Panic Button"],"picked":"Go for the Eyes","floor":14},{"not_picked":["Thunder Strike","Meteor Strike"],"picked":"Fission","floor":16},{"not_picked":["Stack+1","Panic Button"],"picked":"Beam Cell","floor":18},{"not_picked":["BasicCrystalCard","Streamline+1"],"picked":"Compile Driver","floor":20},{"not_picked":["Compile Driver","Doom and Gloom"],"picked":"Conserve Battery","floor":25},{"not_picked":["ReplayTheSpireMod:Repulse","Rip and Tear"],"picked":"Redo","floor":27},{"not_picked":["Leap+1","Reinforced Body"],"picked":"White Noise","floor":28},{"not_picked":["Steam","Streamline"],"picked":"Rainbow","floor":30}],"player_experience":265411,"relics_obtained":[{"floor":2,"key":"HornCleat"},{"floor":6,"key":"Mercury Hourglass"},{"floor":9,"key":"Chameleon Ring"},{"floor":10,"key":"ReplayTheSpireMod:Ring of Collecting"},{"floor":12,"key":"reliquary:TridentHead"},{"floor":25,"key":"infinitespire:CheckeredPen"},{"floor":26,"key":"reliquary:Knoch"}],"event_choices":[{"cards_removed":["Defend_B"],"damage_healed":0,"gold_gain":0,"player_choice":"Offered Basic","damage_taken":0,"max_hp_gain":0,"max_hp_loss":0,"event_name":"Bonfire Elementals","floor":3,"gold_loss":0},{"damage_healed":0,"gold_gain":0,"player_choice":"1 cards matched","damage_taken":0,"max_hp_gain":0,"max_hp_loss":0,"event_name":"Match and Keep!","floor":11,"gold_loss":0,"cards_obtained":["Ball Lightning"]},{"damage_healed":0,"gold_gain":0,"player_choice":"Ignored","damage_taken":0,"max_hp_gain":0,"max_hp_loss":0,"event_name":"Ghosts","floor":19,"gold_loss":0},{"damage_healed":0,"gold_gain":0,"player_choice":"Shed Blood","damage_taken":19,"max_hp_gain":5,"max_hp_loss":0,"event_name":"Forgotten Altar","floor":21,"gold_loss":0},{"damage_healed":0,"gold_gain":0,"player_choice":"Ignored","damage_taken":0,"max_hp_gain":0,"max_hp_loss":0,"event_name":"Vampires","floor":24,"gold_loss":0},{"damage_healed":0,"gold_gain":0,"player_choice":"Inject Mutagens","damage_taken":0,"relics_obtained":["MutagenicStrength"],"max_hp_gain":0,"max_hp_loss":0,"event_name":"Drug Dealer","floor":31,"gold_loss":0}],"is_beta":false,"boss_relics":[{"not_picked":["Replay:Bronze Core","Velvet Choker","Empty Cage"]}],"items_purged_floors":[],"is_endless":false,"potions_floor_spawned":[4,7,14,18,20,28],"killed_by":"Pondfish","ascension_level":0}}