{"host":"8is2j71l4wmybkoi","time":1612788401,"event":{"mods":["AchievementEnabler","BaseMod","Colored Map","Minty Spire (QoL Compilation)","Rare Cards Sparkle","StSLib","SuperFastMode"],"gold_per_floor":[110,110,129,144,160,195,195,236,260,273,273,273,273,286,286,286,286],"floor_reached":16,"language":"KOR","playtime":474,"items_purged":[],"score":196,"play_id":"a03bf282-4725-4fce-9213-ce432600c316","local_time":"20210208214641","is_ascension_mode":true,"campfire_choices":[{"data":"Wild Strike","floor":7,"key":"SMITH"},{"floor":13,"key":"REST"},{"data":"Uppercut","floor":15,"key":"SMITH"}],"circlet_count":0,"master_deck":["AscendersBane","Strike_R","Strike_R+1","Strike_R+1","Strike_R+1","Defend_R","Defend_R","Defend_R","Defend_R+1","Bash+1","Wild Strike+1","Shrug It Off","Seeing Red","Battle Trance","Rage","Uppercut+1","Shrug It Off"],"relics":["Burning Blood","Golden Idol","Gremlin Horn","Whetstone","Anchor"],"acts_visited":["Exordium"],"potions_floor_usage":[6,8],"damage_taken":[{"damage":6,"enemies":"Cultist","floor":1,"turns":4},{"damage":7,"enemies":"Jaw Worm","floor":3,"turns":3},{"damage":11,"enemies":"Small Slimes","floor":4,"turns":4},{"damage":10,"enemies":"Exordium Wildlife","floor":5,"turns":6},{"damage":32,"enemies":"3 Sentries","floor":6,"turns":8},{"damage":15,"enemies":"Lagavulin","floor":8,"turns":3},{"damage":0,"enemies":"Large Slime","floor":10,"turns":2},{"damage":0,"enemies":"Looter","floor":14,"turns":2},{"damage":26,"enemies":"Slime Boss","floor":16,"turns":9}],"seed_played":"5747588281922594415","potions_obtained":[{"floor":4,"key":"CultistPotion"},{"floor":5,"key":"SteroidPotion"},{"floor":10,"key":"SteroidPotion"}],"is_trial":false,"path_per_floor":["M","?","M","M","M","E","R","E","T","M","?","?","R","M","R","B"],"character_chosen":"IRONCLAD","items_purchased":[],"campfire_rested":1,"item_purchase_floors":[],"current_hp_per_floor":[68,68,67,62,58,32,32,23,23,29,22,2,22,28,28,2,2],"gold":286,"neow_bonus":"UPGRADE_CARD","is_daily":false,"chose_seed":false,"campfire_upgraded":2,"win_rate":0.0,"timestamp":1612788401,"path_taken":["M","?","M","M","M","E","R","E","T","M","?","?","R","M","R","BOSS"],"items_purchased_type":[],"build_version":"2020-12-22","purchased_purges":0,"victory":false,"max_hp_per_floor":[75,68,68,68,68,68,68,68,68,68,68,68,68,68,68,68,68],"card_choices":[{"not_picked":["Clothesline","Armaments","Infernal Blade"],"picked":"SKIP","floor":1},{"not_picked":["Iron Wave","Heavy Blade"],"picked":"Wild Strike","floor":3},{"not_picked":["Clash","Headbutt"],"picked":"Shrug It Off","floor":4},{"not_picked":["Warcry","Armaments"],"picked":"Seeing Red","floor":5},{"not_picked":["Spot Weakness","Searing Blow"],"picked":"Battle Trance","floor":6},{"not_picked":["True Grit","Pommel Strike"],"picked":"Rage","floor":8},{"not_picked":["Flame Barrier","Whirlwind"],"picked":"Uppercut","floor":10},{"not_picked":["Disarm","Pommel Strike"],"picked":"Shrug It Off","floor":14}],"player_experience":1073578,"relics_obtained":[{"floor":6,"key":"Gremlin Horn"},{"floor":8,"key":"Whetstone"},{"floor":9,"key":"Anchor"}],"event_choices":[{"damage_healed":0,"gold_gain":0,"player_choice":"Lose Max HP","damage_taken":0,"relics_obtained":["Golden Idol"],"max_hp_gain":0,"max_hp_loss":7,"event_name":"Golden Idol","floor":2,"gold_loss":0},{"cards_removed":["Strike_R"],"damage_healed":0,"gold_gain":0,"player_choice":"Card Removal","damage_taken":7,"max_hp_gain":0,"max_hp_loss":0,"event_name":"Golden Wing","floor":11,"gold_loss":0},{"damage_healed":0,"gold_gain":0,"player_choice":"Entered Light","damage_taken":20,"max_hp_gain":0,"max_hp_loss":0,"event_name":"Shining Light","floor":12,"gold_loss":0,"cards_upgraded":["Strike_R","Defend_R"]}],"is_beta":false,"boss_relics":[],"items_purged_floors":[],"is_endless":false,"potions_floor_spawned":[4,5,10],"killed_by":"Slime Boss","ascension_level":15}}