{"host":"oopoa2qluour3scl","time":1612775228,"event":{"mods":["2.2 Compatiblity","AchievementEnabler","AlwaysNeverKeys","BaseMod","Better Match","Better Note","Better Sensory Stone","Better Third Choice","Better Vampires","BetterRewards","Bossed Relics","Colored Powertips","Communication Mod","Minty Spire (QoL Compilation)","Practice Mode","Random Character Button","Relic Filter Mod","Relic Stats","Smile Girya","StS++","StSLib","SuperFastMode","Swap Starting Deck Mod","Weighted Paths"],"gold_per_floor":[119,119,0,0,15,15,15,15,15,48,48,48,79,95,95,195,195,206,206,196,196,136,136,161,171,243,268,268,268,288,300,300,405,405,422,422,65,0,10,10,29,56,56,91,105,105,120,20,20,20,20,20,20,52,52,52],"floor_reached":55,"language":"ENG","playtime":2860,"items_purged":["Strike_B","Defend_B","Strike_B"],"score":970,"play_id":"6bb29688-b219-45e7-bbf3-9b59ab59ce1e","local_time":"20210208100708","is_ascension_mode":false,"campfire_choices":[{"data":"Zap","floor":6,"key":"SMITH"},{"data":"Dualcast","floor":8,"key":"SMITH"},{"data":"Scrape","floor":15,"key":"SMITH"},{"data":"Hologram","floor":23,"key":"SMITH"},{"floor":29,"key":"REST"},{"floor":32,"key":"REST"},{"data":"Apotheosis","floor":40,"key":"SMITH"},{"data":"Seek","floor":46,"key":"SMITH"},{"data":"Seek","floor":49,"key":"SMITH"},{"data":"Skim","floor":52,"key":"SMITH"}],"circlet_count":0,"master_deck":["Strike_B","Strike_B+1","Defend_B","Defend_B","Defend_B","Zap+1","Dualcast+1","Scrape+1","Enlightenment+1","Gash","BootSequence","Seek+1","Reprogram+1","Hologram+1","StSpp:Fierceness","Echo Form","Streamline","Seek+1","Apotheosis+1","Master of Strategy","Thunder Strike","Gash","Skim+1","Steam","Redo+1","Redo+1"],"relics":["Cracked Core","Singing Bowl","TungstenRod","White Beast Statue","MealTicket","The Courier","Incense Burner","Ornamental Fan","Gremlin Horn","Inserter","Spirit Poop","Ginger","StSpp:TwinEgg","Symbiotic Virus","Philosopher\u0027s Stone","Vajra","Red Mask","Ice Cream","StSpp:PetrifiedCaterpillar","Akabeko","Letter Opener"],"acts_visited":["Exordium","TheCity","TheBeyond","TheEnding"],"potions_floor_usage":[13,16,16,24,27,31,47,50,54,54,55],"damage_taken":[{"damage":7,"enemies":"Small Slimes","floor":1,"turns":4},{"damage":7,"enemies":"2 Louse","floor":5,"turns":3},{"damage":16,"enemies":"Lagavulin","floor":10,"turns":5},{"damage":1,"enemies":"3 Sentries","floor":13,"turns":7},{"damage":2,"enemies":"Jaw Worm","floor":14,"turns":3},{"damage":21,"enemies":"The Guardian","floor":16,"turns":10},{"damage":13,"enemies":"Spheric Guardian","floor":18,"turns":5},{"damage":8,"enemies":"2 Thieves","floor":20,"turns":4},{"damage":31,"enemies":"Slavers","floor":24,"turns":9},{"damage":7,"enemies":"Snecko","floor":25,"turns":6},{"damage":16,"enemies":"Book of Stabbing","floor":27,"turns":6},{"damage":0,"enemies":"Chosen and Byrds","floor":30,"turns":7},{"damage":9,"enemies":"Sentry and Sphere","floor":31,"turns":5},{"damage":26,"enemies":"Collector","floor":33,"turns":10},{"damage":13,"enemies":"Orb Walker","floor":35,"turns":4},{"damage":3,"enemies":"3 Shapes","floor":39,"turns":3},{"damage":11,"enemies":"3 Darklings","floor":41,"turns":4},{"damage":0,"enemies":"Giant Head","floor":42,"turns":6},{"damage":2,"enemies":"Reptomancer","floor":44,"turns":4},{"damage":16,"enemies":"Writhing Mass","floor":45,"turns":4},{"damage":3,"enemies":"Maw","floor":47,"turns":4},{"damage":41,"enemies":"Donu and Deca","floor":50,"turns":6},{"damage":50,"enemies":"Shield and Spear","floor":54,"turns":5},{"damage":66,"enemies":"The Heart","floor":55,"turns":6}],"seed_played":"2347253375181479411","potions_obtained":[{"floor":1,"key":"LiquidMemories"},{"floor":5,"key":"ColorlessPotion"},{"floor":10,"key":"GamblersBrew"},{"floor":13,"key":"StSpp:ScatteredWeakPotion"},{"floor":16,"key":"DuplicationPotion"},{"floor":20,"key":"Fire Potion"},{"floor":24,"key":"Block Potion"},{"floor":27,"key":"SkillPotion"},{"floor":31,"key":"DuplicationPotion"},{"floor":41,"key":"Energy Potion"},{"floor":47,"key":"Regen Potion"},{"floor":54,"key":"AttackPotion"}],"is_trial":false,"path_per_floor":["M","?","?","?","M","R","?","R","T","E","?","?","E","M","R","B",null,"M","?","M","?","$","R","E","M","T","E","?","R","M","M","R","B",null,"M","?","$","?","M","R","M","E","T","E","M","R","M","$","R","B",null,"R","$","E","B"],"character_chosen":"DEFECT","items_purchased":["Singing Bowl","Scrape","White Beast Statue","Thunder Strike","Vajra","Gash"],"campfire_rested":2,"item_purchase_floors":[0,0,0,37,37,37],"current_hp_per_floor":[70,70,76,60,55,55,76,76,76,60,54,52,51,51,51,30,87,74,74,66,66,81,81,50,45,45,29,29,54,56,47,73,47,88,77,77,90,90,87,87,76,78,78,76,62,62,61,76,76,44,96,96,96,46,0,0],"gold":52,"neow_bonus":"","is_daily":false,"chose_seed":false,"campfire_upgraded":8,"win_rate":0.0,"timestamp":1612775228,"path_taken":["M","?","?","?","M","R","?","R","T","E","?","?","E","M","R","BOSS","M","?","M","?","$","R","E","M","T","E","?","R","?","M","R","BOSS","M","?","$","?","M","R","M","E","T","E","M","R","M","?","R","BOSS","R","$","E","BOSS"],"items_purchased_type":["Relic","Card","Relic","Card","Relic","Card"],"build_version":"2020-12-22","purchased_purges":3,"victory":false,"max_hp_per_floor":[77,77,83,83,85,85,85,85,85,85,85,85,85,87,87,87,87,87,87,87,84,84,84,84,86,86,86,86,86,88,88,88,88,88,90,90,90,90,90,90,90,92,92,92,94,94,96,96,96,96,96,96,96,96,96,96],"relic_stats":{"Inserter":[49],"Singing Bowl":18,"Gremlin Horn":[19,19],"counters":[186,750],"Ornamental Fan":[212],"MealTicket":43,"Ginger":[14],"Letter Opener":[40],"obtain_stats":[{"Ice Cream":34,"Calipers":0,"Gremlin Horn":37,"CeramicFish":48,"Vajra":28,"Spirit Poop":21,"Whetstone":26,"Ginger":54,"StSpp:PetrifiedCaterpillar":43,"Bottled Tornado":43,"Boot":48,"Old Coin":37,"Sozu":0,"Blood Vial":24,"Centennial Puzzle":54,"HornCleat":30,"DollysMirror":38,"Sundial":43,"Prayer Wheel":0,"MealTicket":10,"Philosopher\u0027s Stone":17,"StSpp:TwinEgg":26,"Fusion Hammer":34,"Kunai":31,"Toxic Egg 2":9,"StSpp:Monolith":22,"Girya":37,"Pear":37,"Happy Flower":8,"Blue Candle":23,"Oddly Smooth Stone":47,"Eternal Feather":38,"Pen Nib":42,"Letter Opener":53,"Question Card":38,"Akabeko":6,"Cables":0,"Du-Vu Doll":0,"OrangePellets":0,"Bottled Flame":53,"Shuriken":38,"Bronze Scales":0,"Bird Faced Urn":9,"Molten Egg 2":26,"Symbiotic Virus":9,"Pocketwatch":6,"Lantern":54,"Singing Bowl":25,"Mango":0,"Juzu Bracelet":26,"Bag of Preparation":9,"Incense Burner":10,"Cursed Key":17,"Smiling Mask":26,"Nunchaku":53,"Matryoshka":22,"Mummified Hand":0,"Pantograph":0,"Tiny Chest":30,"WingedGreaves":27,"Red Mask":38,"Cracked Core":0,"InkBottle":30,"Potion Belt":12,"Inserter":17,"Golden Idol":0,"Thread and Needle":45,"PreservedInsect":0,"The Courier":9,"Frozen Egg 2":23,"Orichalcum":12,"White Beast Statue":34,"Nuclear Battery":34,"Peace Pipe":11,"Calling Bell":34,"DataDisk":40,"CaptainsWheel":46,"Anchor":9,"Ornamental Fan":12,"betterThird:SlimedRelic":2,"Orrery":31,"Ectoplasm":17,"Turnip":13,"Coffee Dripper":34,"Art of War":9,"Bottled Lightning":54,"Membership Card":38,"Toy Ornithopter":23,"TungstenRod":40},{"Ice Cream":152,"Calipers":60,"Gremlin Horn":51,"CeramicFish":30,"Vajra":20,"Spirit Poop":170,"Whetstone":4,"Ginger":59,"StSpp:PetrifiedCaterpillar":180,"Bottled Tornado":28,"Boot":57,"Old Coin":94,"Sozu":0,"Blood Vial":46,"Centennial Puzzle":161,"HornCleat":21,"DollysMirror":115,"Sundial":117,"Prayer Wheel":60,"MealTicket":83,"Philosopher\u0027s Stone":85,"StSpp:TwinEgg":172,"Fusion Hammer":50,"Kunai":75,"Toxic Egg 2":139,"StSpp:Monolith":146,"Girya":25,"Pear":153,"Happy Flower":39,"Blue Candle":71,"Oddly Smooth Stone":119,"Eternal Feather":94,"Pen Nib":54,"Letter Opener":121,"Question Card":25,"Akabeko":63,"Cables":0,"Du-Vu Doll":33,"OrangePellets":60,"Bottled Flame":121,"Shuriken":25,"Bronze Scales":0,"Bird Faced Urn":9,"Molten Egg 2":19,"Symbiotic Virus":100,"Pocketwatch":9,"Lantern":122,"Singing Bowl":19,"Mango":123,"Juzu Bracelet":46,"Bag of Preparation":82,"Incense Burner":165,"Cursed Key":68,"Smiling Mask":109,"Nunchaku":31,"Matryoshka":134,"Mummified Hand":0,"Pantograph":0,"Tiny Chest":91,"WingedGreaves":47,"Red Mask":177,"Cracked Core":0,"InkBottle":75,"Potion Belt":102,"Inserter":168,"Golden Idol":0,"Thread and Needle":118,"PreservedInsect":60,"The Courier":164,"Frozen Egg 2":17,"Orichalcum":66,"White Beast Statue":152,"Nuclear Battery":92,"Peace Pipe":101,"Calling Bell":113,"DataDisk":27,"CaptainsWheel":57,"Anchor":64,"Ornamental Fan":165,"betterThird:SlimedRelic":61,"Orrery":75,"Ectoplasm":42,"Turnip":66,"Coffee Dripper":23,"Art of War":39,"Bottled Lightning":32,"Membership Card":94,"Toy Ornithopter":3,"TungstenRod":53},{"Ice Cream":585,"Calipers":227,"Gremlin Horn":180,"CeramicFish":94,"Vajra":64,"Spirit Poop":661,"Whetstone":18,"Ginger":219,"StSpp:PetrifiedCaterpillar":721,"Bottled Tornado":90,"Boot":208,"Old Coin":364,"Sozu":0,"Blood Vial":156,"Centennial Puzzle":615,"HornCleat":66,"DollysMirror":442,"Sundial":451,"Prayer Wheel":227,"MealTicket":320,"Philosopher\u0027s Stone":329,"StSpp:TwinEgg":676,"Fusion Hammer":176,"Kunai":289,"Toxic Egg 2":544,"StSpp:Monolith":565,"Girya":81,"Pear":588,"Happy Flower":127,"Blue Candle":273,"Oddly Smooth Stone":460,"Eternal Feather":364,"Pen Nib":195,"Letter Opener":471,"Question Card":81,"Akabeko":238,"Cables":0,"Du-Vu Doll":102,"OrangePellets":227,"Bottled Flame":471,"Shuriken":81,"Bronze Scales":0,"Bird Faced Urn":31,"Molten Egg 2":61,"Symbiotic Virus":381,"Pocketwatch":31,"Lantern":475,"Singing Bowl":61,"Mango":477,"Juzu Bracelet":156,"Bag of Preparation":314,"Incense Burner":632,"Cursed Key":261,"Smiling Mask":414,"Nunchaku":96,"Matryoshka":527,"Mummified Hand":0,"Pantograph":0,"Tiny Chest":352,"WingedGreaves":158,"Red Mask":708,"Cracked Core":0,"InkBottle":289,"Potion Belt":387,"Inserter":652,"Golden Idol":0,"Thread and Needle":455,"PreservedInsect":227,"The Courier":627,"Frozen Egg 2":54,"Orichalcum":249,"White Beast Statue":585,"Nuclear Battery":357,"Peace Pipe":384,"Calling Bell":435,"DataDisk":86,"CaptainsWheel":208,"Anchor":240,"Ornamental Fan":632,"betterThird:SlimedRelic":230,"Orrery":289,"Ectoplasm":138,"Turnip":249,"Coffee Dripper":73,"Art of War":127,"Bottled Lightning":99,"Membership Card":364,"Toy Ornithopter":14,"TungstenRod":190}],"TungstenRod":207},"card_choices":[{"not_picked":["Lockon","Conserve Battery","Leap"],"picked":"Singing Bowl","floor":1},{"not_picked":["Conserve Battery","Rebound","Cold Snap"],"picked":"Singing Bowl","floor":5},{"not_picked":["StSpp:Pointer","Stack"],"picked":"Gash","floor":10},{"not_picked":["Recycle","Rip and Tear"],"picked":"BootSequence","floor":13},{"not_picked":["Coolheaded","Blizzard","Fusion"],"picked":"Singing Bowl","floor":14},{"not_picked":["StSpp:Converter","All For One"],"picked":"Seek","floor":16},{"not_picked":["Coolheaded","Stack"],"picked":"Reprogram+1","floor":18},{"not_picked":["Ball Lightning+1","Compile Driver"],"picked":"Hologram","floor":20},{"not_picked":["Force Field+1","Static Discharge"],"picked":"StSpp:Fierceness","floor":24},{"not_picked":["Coolheaded","Hologram+1","Force Field"],"picked":"Singing Bowl","floor":25},{"not_picked":["Steam","Lockon+1"],"picked":"Echo Form","floor":27},{"not_picked":["Chaos+1","Conserve Battery","Rebound+1"],"picked":"Singing Bowl","floor":30},{"not_picked":["Steam+1","Turbo"],"picked":"Streamline","floor":31},{"not_picked":["Rainbow","StSpp:Converter"],"picked":"Seek","floor":33},{"not_picked":["Ball Lightning","Streamline","Fusion+1"],"picked":"Singing Bowl","floor":35},{"not_picked":["StSpp:MindBarrier","Enlightenment"],"picked":"Apotheosis","floor":36},{"not_picked":["StSpp:MindBarrier","PanicButton"],"picked":"Master of Strategy","floor":36},{"not_picked":["Sweeping Beam+1","Darkness+1"],"picked":"Skim","floor":39},{"not_picked":["Conserve Battery","Darkness"],"picked":"Steam","floor":41},{"not_picked":["Genetic Algorithm","StSpp:Mask","Stack"],"picked":"Singing Bowl","floor":42},{"not_picked":["Conserve Battery","Hello World"],"picked":"Redo+1","floor":44},{"not_picked":["StSpp:Fierceness","Barrage","Cold Snap+1"],"picked":"Singing Bowl","floor":45},{"not_picked":["Rebound","Ball Lightning+1","Hello World"],"picked":"Singing Bowl","floor":47},{"not_picked":["Skim+1","Barrage+1"],"picked":"Redo+1","floor":54}],"player_experience":489014,"relics_obtained":[{"floor":9,"key":"The Courier"},{"floor":10,"key":"Incense Burner"},{"floor":13,"key":"Gremlin Horn"},{"floor":24,"key":"Ginger"},{"floor":26,"key":"StSpp:TwinEgg"},{"floor":27,"key":"Symbiotic Virus"},{"floor":42,"key":"Ice Cream"},{"floor":43,"key":"StSpp:PetrifiedCaterpillar"},{"floor":44,"key":"Akabeko"},{"floor":54,"key":"Letter Opener"}],"event_choices":[{"damage_healed":0,"gold_gain":0,"player_choice":"Box","damage_taken":0,"relics_obtained":["MealTicket"],"max_hp_gain":0,"max_hp_loss":0,"event_name":"Big Fish","floor":2,"gold_loss":0,"cards_obtained":["Regret"]},{"damage_healed":0,"gold_gain":0,"player_choice":"RENOUNCE","damage_taken":119,"max_hp_gain":0,"max_hp_loss":0,"event_name":"betterThird:BetterSerpent","floor":3,"gold_loss":119,"cards_obtained":["Enlightenment"]},{"damage_healed":76,"gold_gain":0,"player_choice":"Upgrade","damage_taken":17,"max_hp_gain":0,"max_hp_loss":83,"event_name":"betterThird:BetterShining","floor":4,"gold_loss":0,"cards_upgraded":["Strike_B","Enlightenment"]},{"damage_healed":21,"gold_gain":0,"player_choice":"Healed and dodged fight","damage_taken":0,"max_hp_gain":0,"max_hp_loss":0,"event_name":"Mushrooms","floor":7,"gold_loss":0,"cards_obtained":["Parasite"]},{"cards_removed":["Regret"],"damage_healed":0,"gold_gain":0,"player_choice":"Card Removal","damage_taken":7,"max_hp_gain":0,"max_hp_loss":0,"event_name":"Golden Wing","floor":11,"gold_loss":0},{"damage_healed":0,"gold_gain":0,"player_choice":"Relic ","damage_taken":3,"max_hp_gain":0,"max_hp_loss":0,"event_name":"betterThird:BetterScrap","floor":12,"gold_loss":0,"cards_obtained":["StSpp:Chanting"]},{"damage_healed":0,"gold_gain":0,"player_choice":"Bought 0 Potions","damage_taken":0,"max_hp_gain":0,"max_hp_loss":0,"event_name":"The Woman in Blue","floor":19,"gold_loss":0},{"cards_removed":["Parasite"],"damage_healed":0,"gold_gain":0,"player_choice":"Offered Curse","damage_taken":0,"relics_obtained":["Spirit Poop"],"max_hp_gain":0,"max_hp_loss":0,"event_name":"Bonfire Elementals","floor":21,"gold_loss":0},{"damage_healed":0,"gold_gain":0,"player_choice":"Got Potions","damage_taken":0,"max_hp_gain":0,"max_hp_loss":0,"event_name":"Lab","floor":28,"gold_loss":0},{"damage_healed":0,"gold_gain":3,"player_choice":"1","damage_taken":0,"max_hp_gain":0,"max_hp_loss":0,"event_name":"betterStone:BetterStone","floor":36,"gold_loss":0},{"damage_healed":0,"gold_gain":0,"player_choice":"Paid","damage_taken":0,"relics_obtained":["Red Mask"],"max_hp_gain":0,"max_hp_loss":0,"event_name":"Tomb of Lord Red Mask","floor":38,"gold_loss":65}],"is_beta":false,"boss_relics":[{"not_picked":["StSpp:Balance","StSpp:FireArrow"],"picked":"Inserter"},{"not_picked":["Coffee Dripper","FrozenCore"],"picked":"Philosopher\u0027s Stone"}],"items_purged_floors":[22,37,48],"is_endless":false,"potions_floor_spawned":[1,5,10,13,14,16,18,20,24,25,27,30,31,33,35,39,41,42,44,45,47,54],"killed_by":"The Heart","ascension_level":0}}