{"host":"1focbxb2e8qu7ccd","time":1612822812,"event":{"mods":["AchievementEnabler","BaseMod","Bestiary","Highlight Path","Minty Spire (QoL Compilation)","Relic Stats"],"gold_per_floor":[215,233,69,81,81,111,36,59,83,109,109,140,158,187,187,187,187],"floor_reached":16,"language":"ENG","playtime":754,"items_purged":[],"score":256,"play_id":"e16a558a-4e7a-4f00-871e-05fce4808bea","local_time":"20210208172012","is_ascension_mode":true,"campfire_choices":[{"data":"Pummel","floor":11,"key":"SMITH"},{"data":"Clothesline","floor":15,"key":"SMITH"}],"circlet_count":0,"master_deck":["AscendersBane","Strike_R","Strike_R","Strike_R","Defend_R","Defend_R","Defend_R","Defend_R","Bash","Combust","Cleave","Twin Strike","Exhume","Pummel+1","Sword Boomerang","Dual Wield","Clothesline+1"],"relics":["Burning Blood","Oddly Smooth Stone","Vajra","Odd Mushroom","PreservedInsect","Boot","Bronze Scales","Turnip"],"acts_visited":["Exordium"],"potions_floor_usage":[6,8,13,16],"damage_taken":[{"damage":8.0,"enemies":"Small Slimes","floor":1.0,"turns":4.0},{"damage":6,"enemies":"2 Louse","floor":2,"turns":3},{"damage":8,"enemies":"Jaw Worm","floor":4,"turns":3},{"damage":22,"enemies":"3 Sentries","floor":6,"turns":5},{"damage":17,"enemies":"The Mushroom Lair","floor":8,"turns":4},{"damage":10,"enemies":"Gremlin Nob","floor":10,"turns":3},{"damage":10,"enemies":"3 Sentries","floor":12,"turns":3},{"damage":8,"enemies":"2 Fungi Beasts","floor":13,"turns":2},{"damage":20,"enemies":"Lagavulin","floor":14,"turns":4},{"damage":16,"enemies":"Hexaghost","floor":16,"turns":7}],"seed_played":"5341223650645257477","potions_obtained":[{"floor":2,"key":"Energy Potion"},{"floor":6,"key":"ColorlessPotion"},{"floor":12,"key":"Regen Potion"},{"floor":14,"key":"Swift Potion"}],"is_trial":false,"path_per_floor":["M","M","$","M","?","E","?","?","T","E","R","E","M","E","R","B"],"character_chosen":"IRONCLAD","items_purchased":["Oddly Smooth Stone"],"campfire_rested":0,"item_purchase_floors":[3],"current_hp_per_floor":[66,66,66,64,57,41,41,30,30,26,26,22,25,11,11,0,0],"gold":187,"neow_bonus":"HUNDRED_GOLD","is_daily":false,"chose_seed":false,"campfire_upgraded":2,"win_rate":0.0,"timestamp":1612822812,"path_taken":["M","M","$","M","?","E","?","?","T","E","R","E","M","E","R","BOSS"],"items_purchased_type":["Relic"],"build_version":"2020-12-22","purchased_purges":0,"victory":false,"max_hp_per_floor":[75,75,75,75,75,75,75,75,75,75,75,75,75,75,75,75,75],"relic_stats":{"counters":[10,38],"Bronze Scales":[36],"PreservedInsect":83,"Turnip":[0],"Boot":[83],"obtain_stats":[{"Bronze Scales":12,"Oddly Smooth Stone":3,"Vajra":6,"PreservedInsect":9,"Turnip":14,"Odd Mushroom":8,"Boot":10,"Burning Blood":0},{"Bronze Scales":7,"Oddly Smooth Stone":2,"Vajra":4,"PreservedInsect":5,"Turnip":9,"Odd Mushroom":5,"Boot":6,"Burning Blood":0},{"Bronze Scales":25,"Oddly Smooth Stone":7,"Vajra":15,"PreservedInsect":19,"Turnip":31,"Odd Mushroom":19,"Boot":22,"Burning Blood":0}],"Burning Blood":54},"card_choices":[{"not_picked":["Thunderclap","Hemokinesis"],"picked":"Combust","floor":1.0},{"not_picked":["Sword Boomerang","Second Wind"],"picked":"Cleave","floor":2},{"not_picked":["Anger","Flex"],"picked":"Twin Strike","floor":4},{"not_picked":["Seeing Red","True Grit"],"picked":"Exhume","floor":6},{"not_picked":["Thunderclap","Perfected Strike"],"picked":"Pummel","floor":8},{"not_picked":["Double Tap","Perfected Strike"],"picked":"Sword Boomerang","floor":10},{"not_picked":["Blood for Blood","Sword Boomerang"],"picked":"Dual Wield","floor":12},{"not_picked":["Armaments","Sever Soul","Headbutt"],"picked":"SKIP","floor":13},{"not_picked":["Thunderclap","Body Slam"],"picked":"Clothesline","floor":14}],"player_experience":899905,"relics_obtained":[{"floor":6,"key":"Vajra"},{"floor":8,"key":"Odd Mushroom"},{"floor":9,"key":"PreservedInsect"},{"floor":10,"key":"Boot"},{"floor":12,"key":"Bronze Scales"},{"floor":14,"key":"Turnip"}],"event_choices":[{"cards_removed":["Strike_R"],"damage_healed":0,"gold_gain":0,"player_choice":"Card Removal","damage_taken":7,"max_hp_gain":0,"max_hp_loss":0,"event_name":"Golden Wing","floor":5,"gold_loss":0},{"cards_removed":["Strike_R"],"damage_healed":0,"gold_gain":0,"player_choice":"Card Removal","damage_taken":0,"max_hp_gain":0,"max_hp_loss":0,"event_name":"The Cleric","floor":7,"gold_loss":75},{"damage_healed":0,"gold_gain":0,"player_choice":"Fought Mushrooms","damage_taken":0,"max_hp_gain":0,"max_hp_loss":0,"event_name":"Mushrooms","floor":8,"gold_loss":0}],"is_beta":false,"boss_relics":[],"items_purged_floors":[],"is_endless":false,"potions_floor_spawned":[2,6,12,14],"killed_by":"Hexaghost","ascension_level":20}}