{"host":"n9fx05aq4lr38byd","time":1612746334,"event":{"mods":["BaseMod","Bestiary","Minty Spire (QoL Compilation)","Permanent Neow","Relic Stats"],"gold_per_floor":[114,127,139,139,139,139,173,173,221,257,257,288,300,312,324,336,336],"floor_reached":16,"language":"ENG","playtime":531,"items_purged":[],"score":226,"play_id":"71e7d648-df73-44f8-9338-e1391e40fcd7","local_time":"20210208010534","is_ascension_mode":true,"campfire_choices":[{"data":"Dagger Spray","floor":6,"key":"SMITH"},{"floor":8,"key":"REST"},{"floor":11,"key":"REST"},{"data":"Defend_G","floor":15,"key":"PURGE"}],"circlet_count":0,"master_deck":["AscendersBane","Strike_G","Strike_G","Strike_G","Strike_G","Defend_G","Defend_G","Defend_G","Defend_G","Survivor","Neutralize","Dagger Spray+1","Backstab","Flying Knee","Leg Sweep","Outmaneuver","Catalyst"],"relics":["Ring of the Snake","Ice Cream","Golden Idol","Snake Skull","Omamori","White Beast Statue","MawBank","Peace Pipe"],"acts_visited":["Exordium"],"potions_floor_usage":[7,10,16],"damage_taken":[{"damage":0,"enemies":"2 Louse","floor":1,"turns":4},{"damage":2,"enemies":"Jaw Worm","floor":2,"turns":5},{"damage":4,"enemies":"Small Slimes","floor":3,"turns":4},{"damage":10,"enemies":"Lagavulin","floor":7,"turns":6},{"damage":17,"enemies":"3 Sentries","floor":10,"turns":9},{"damage":5,"enemies":"Lagavulin","floor":12,"turns":10},{"damage":52,"enemies":"Slime Boss","floor":16,"turns":10}],"seed_played":"-1704161436192676670","potions_obtained":[{"floor":2,"key":"SkillPotion"},{"floor":7,"key":"LiquidMemories"},{"floor":12,"key":"GamblersBrew"}],"is_trial":false,"path_per_floor":["M","M","M","?","?","R","E","R","T","E","R","E","T","$","R","B"],"character_chosen":"THE_SILENT","items_purchased":[],"campfire_rested":2,"item_purchase_floors":[],"current_hp_per_floor":[44,42,38,38,38,38,28,46,46,29,47,42,42,42,42,0,0],"gold":336,"neow_bonus":"ONE_RARE_RELIC","is_daily":false,"chose_seed":false,"campfire_upgraded":1,"win_rate":0.0,"timestamp":1612746334,"path_taken":["M","M","M","?","?","R","E","R","T","E","R","E","?","$","R","BOSS"],"items_purchased_type":[],"build_version":"2020-12-22","purchased_purges":0,"victory":false,"max_hp_per_floor":[66,66,66,66,60,60,60,60,60,60,60,60,60,60,60,60,60],"relic_stats":{"Peace Pipe":1,"counters":[7,48],"Golden Idol":20,"Snake Skull":[0],"MawBank":48,"obtain_stats":[{"Ice Cream":0,"Peace Pipe":13,"Golden Idol":5,"Snake Skull":7,"Omamori":9,"MawBank":12,"White Beast Statue":10,"Ring of the Snake":0},{"Ice Cream":0,"Peace Pipe":6,"Golden Idol":3,"Snake Skull":4,"Omamori":4,"MawBank":6,"White Beast Statue":5,"Ring of the Snake":0},{"Ice Cream":0,"Peace Pipe":38,"Golden Idol":13,"Snake Skull":19,"Omamori":19,"MawBank":38,"White Beast Statue":28,"Ring of the Snake":0}],"Ring of the Snake":[14]},"card_choices":[{"not_picked":["Quick Slash","Sucker Punch"],"picked":"Dagger Spray","floor":1},{"not_picked":["Sucker Punch","Quick Slash"],"picked":"Backstab","floor":2},{"not_picked":["Dodge and Roll","PiercingWail"],"picked":"Flying Knee","floor":3},{"not_picked":["Sucker Punch","Slice"],"picked":"Outmaneuver","floor":7},{"not_picked":["Phantasmal Killer","Riddle With Holes","Quick Slash"],"picked":"SKIP","floor":10},{"not_picked":["Leg Sweep","Flechettes"],"picked":"Catalyst","floor":12}],"player_experience":845126,"relics_obtained":[{"floor":7,"key":"Snake Skull"},{"floor":9,"key":"Omamori"},{"floor":10,"key":"White Beast Statue"},{"floor":12,"key":"MawBank"},{"floor":13,"key":"Peace Pipe"}],"event_choices":[{"damage_healed":0,"gold_gain":0,"cards_transformed":["Strike_G"],"player_choice":"Change","damage_taken":0,"max_hp_gain":0,"max_hp_loss":0,"event_name":"Living Wall","floor":4,"gold_loss":0,"cards_obtained":["Leg Sweep"]},{"damage_healed":0,"gold_gain":0,"player_choice":"Lose Max HP","damage_taken":0,"relics_obtained":["Golden Idol"],"max_hp_gain":0,"max_hp_loss":6,"event_name":"Golden Idol","floor":5,"gold_loss":0}],"is_beta":false,"boss_relics":[],"items_purged_floors":[],"is_endless":false,"potions_floor_spawned":[2,7,12],"killed_by":"Slime Boss","ascension_level":19}}