{"host":"fff5e1uasnm04x18","time":1612817014,"event":{"mods":["BaseMod","Highlight Path","Minty Spire (QoL Compilation)","StSLib"],"gold_per_floor":[116,130,130,146,146,146,178,195,195,207,207,235,7,39,39,142,142,157,172,97,124,142,175,175,189,236,255,275,275,275],"floor_reached":29,"language":"ENG","playtime":1720,"items_purged":["Strike_B"],"score":294,"play_id":"97fcb6ac-244d-4558-97e5-5c2488eede7a","local_time":"20210208154334","is_ascension_mode":true,"campfire_choices":[{"floor":6,"key":"REST"},{"floor":11,"key":"REST"},{"floor":15,"key":"REST"},{"floor":24,"key":"REST"}],"circlet_count":0,"master_deck":["Strike_B","Strike_B+1","Defend_B","Defend_B","Defend_B","Defend_B","Zap","Dualcast","Rebound","BootSequence+1","Sunder","Rebound","Hologram","Hologram","Echo Form","CurseOfTheBell","Go for the Eyes+1","White Noise","Beam Cell+1","BootSequence"],"relics":["Cracked Core","Gremlin Horn","Ornamental Fan","Shuriken","Symbiotic Virus","MealTicket","Unceasing Top","Calling Bell","Happy Flower","Molten Egg 2","Incense Burner","DataDisk","PreservedInsect","Omamori"],"acts_visited":["Exordium","TheCity"],"potions_floor_usage":[27,28],"damage_taken":[{"damage":0,"enemies":"Small Slimes","floor":1,"turns":3},{"damage":8,"enemies":"2 Louse","floor":2,"turns":2},{"damage":0,"enemies":"Jaw Worm","floor":4,"turns":2},{"damage":17,"enemies":"3 Sentries","floor":7,"turns":6},{"damage":0,"enemies":"2 Fungi Beasts","floor":8,"turns":2},{"damage":3,"enemies":"3 Louse","floor":10,"turns":2},{"damage":27,"enemies":"Gremlin Nob","floor":12,"turns":4},{"damage":36,"enemies":"Lagavulin","floor":14,"turns":5},{"damage":29,"enemies":"Slime Boss","floor":16,"turns":10},{"damage":31,"enemies":"Shell Parasite","floor":18,"turns":4},{"damage":7,"enemies":"Chosen","floor":19,"turns":4},{"damage":26,"enemies":"Shelled Parasite and Fungi","floor":22,"turns":6},{"damage":2,"enemies":"Gremlin Leader","floor":23,"turns":6},{"damage":4,"enemies":"Cultist and Chosen","floor":25,"turns":7},{"damage":5,"enemies":"Centurion and Healer","floor":27,"turns":4},{"damage":14,"enemies":"Sentry and Sphere","floor":28,"turns":4},{"damage":17,"enemies":"Slavers","floor":29,"turns":3}],"seed_played":"-7950793081243943296","potions_obtained":[{"floor":4,"key":"SneckoOil"},{"floor":8,"key":"LiquidMemories"},{"floor":12,"key":"Explosive Potion"},{"floor":22,"key":"DuplicationPotion"},{"floor":28,"key":"LiquidBronze"}],"is_trial":false,"path_per_floor":["M","M","?","M","?","R","E","M","T","M","R","E","$","E","R","B",null,"M","M","?","T","M","E","R","M","T","M","M","E"],"character_chosen":"DEFECT","items_purchased":["MealTicket"],"campfire_rested":4,"item_purchase_floors":[13],"current_hp_per_floor":[82,74,58,58,55,79,62,62,62,59,82,55,55,19,43,14,82,51,44,44,44,18,16,40,36,36,31,17,0,0],"gold":275,"neow_bonus":"TEN_PERCENT_HP_BONUS","is_daily":false,"chose_seed":false,"campfire_upgraded":0,"win_rate":0.0,"timestamp":1612817014,"path_taken":["M","M","?","M","?","R","E","M","T","M","R","E","$","E","R","BOSS","M","M","?","?","M","E","R","M","T","M","M","E"],"items_purchased_type":["Relic"],"build_version":"2020-12-22","purchased_purges":1,"victory":false,"max_hp_per_floor":[82,82,82,82,82,82,82,82,82,82,82,82,82,82,82,82,82,82,82,82,82,82,82,82,82,82,82,82,82,82],"card_choices":[{"not_picked":["Hello World","Stack"],"picked":"Rebound","floor":1},{"not_picked":["Beam Cell","Aggregate"],"picked":"BootSequence","floor":2},{"not_picked":["Redo","Coolheaded"],"picked":"Sunder","floor":4},{"not_picked":["Conserve Battery","Double Energy","Storm"],"picked":"SKIP","floor":7},{"not_picked":["Redo","Conserve Battery","Coolheaded"],"picked":"SKIP","floor":8},{"not_picked":["Sweeping Beam","Fission"],"picked":"Rebound","floor":10},{"not_picked":["Tempest","Ball Lightning"],"picked":"Hologram","floor":12},{"not_picked":["Consume","Coolheaded"],"picked":"Hologram","floor":14},{"not_picked":["Thunder Strike","Meteor Strike"],"picked":"Echo Form","floor":16},{"not_picked":["Heatsinks+1","Sunder+1"],"picked":"Go for the Eyes+1","floor":18},{"not_picked":["Reinforced Body","Undo","Streamline+1"],"picked":"SKIP","floor":19},{"not_picked":["Steam","Hologram"],"picked":"White Noise","floor":22},{"not_picked":["Redo+1","Auto Shields","Thunder Strike+1"],"picked":"SKIP","floor":23},{"not_picked":["Blizzard+1","Compile Driver+1"],"picked":"Beam Cell+1","floor":25},{"not_picked":["Chaos","Redo","Compile Driver+1"],"picked":"SKIP","floor":27},{"not_picked":["Streamline+1","Sweeping Beam+1"],"picked":"BootSequence","floor":28}],"player_experience":512782,"relics_obtained":[{"floor":7,"key":"Ornamental Fan"},{"floor":9,"key":"Shuriken"},{"floor":12,"key":"Symbiotic Virus"},{"floor":14,"key":"Unceasing Top"},{"floor":17,"key":"Happy Flower"},{"floor":17,"key":"Molten Egg 2"},{"floor":17,"key":"Incense Burner"},{"floor":21,"key":"DataDisk"},{"floor":23,"key":"PreservedInsect"},{"floor":26,"key":"Omamori"}],"event_choices":[{"damage_healed":0,"gold_gain":0,"player_choice":"Entered Light","damage_taken":16,"max_hp_gain":0,"max_hp_loss":0,"event_name":"Shining Light","floor":3,"gold_loss":0,"cards_upgraded":["BootSequence","Strike_B"]},{"damage_healed":0,"gold_gain":0,"player_choice":"Success","damage_taken":3,"relics_obtained":["Gremlin Horn"],"max_hp_gain":0,"max_hp_loss":0,"event_name":"Scrap Ooze","floor":5,"gold_loss":0},{"cards_removed":["Strike_B"],"damage_healed":0,"gold_gain":0,"player_choice":"Gave Gold","damage_taken":0,"max_hp_gain":0,"max_hp_loss":0,"event_name":"Beggar","floor":20,"gold_loss":75}],"is_beta":false,"boss_relics":[{"not_picked":["Philosopher\u0027s Stone","Cursed Key"],"picked":"Calling Bell"}],"items_purged_floors":[13],"is_endless":false,"potions_floor_spawned":[4,8,12,18,22,28],"killed_by":"Slavers","ascension_level":2}}