{"host":"pieflzu1toyu3gz6","time":1612754325,"event":{"mods":["BaseMod","BetterRewards","Friendly Minions","HololiveMod","Hubris","Kiyohime¡]²M®V¡^","Koishi","Marisa¡]Ãú«B¡@Å]²z¨F¡^","Minty Spire (QoL Compilation)","Prisma Mod","Remilia¡]Á¢¦Ì²ú?¡^","Shop Mod","StSLib","The Bladedancer","The Bug Knight","The Servant 0.9.4","The Wild Card","Youmu¡]»î¾z§¯?¡^"],"gold_per_floor":[92,108,108,127,147,178,178,212,293,326,501,501,517,557,557,667,667,695,695,104,122,137,187,211,211,211,230,230,230,261,136,136,262,262,295,330,310,339,51,101,101,101,101,147,147,188,188,288,288,295],"floor_reached":51,"language":"ZHS","playtime":2803,"items_purged":[],"score":1180,"play_id":"fd6c87d1-b7ab-413b-b77e-da9281dfd4bf","local_time":"20210208111845","is_ascension_mode":false,"campfire_choices":[{"data":"Hololive_RevenueBasedLive","floor":7,"key":"SMITH"},{"data":"Hololive_CallSpadeEcho","floor":15,"key":"SMITH"},{"floor":25,"key":"REST"},{"data":"Hololive_CallMinatoAqua","floor":28,"key":"SMITH"},{"floor":32,"key":"REST"},{"data":"Hololive_CallUsadaPekora","floor":41,"key":"SMITH"},{"data":"Hololive_CallYuzukiChoco","floor":45,"key":"SMITH"},{"data":"Hololive_SoulCatcher","floor":49,"key":"SMITH"}],"circlet_count":0,"master_deck":["Hololive_CallMinatoAqua+1","Hololive_CallUsadaPekora+1","Hololive_CallMurasakiShion","Hololive_CallShiranuiFlare","Hololive_CallSpadeEcho+1","Hololive_Breathe","Hololive_Strike+1","Hololive_Defend","Hololive_Defend","Hololive_FlyingPonyTail","Hololive_RevenueBasedLive+1","Hololive_LuckPotion","Hololive_CallNatsuiroMatsuri","Hololive_StrengthChampion","Hololive_Thief","Hololive_Trident","Hololive_FlyingPonyTail","Hololive_Trident","Hololive_OpenUp","Hololive_CallAkaiHaato+1","Hololive_LuckPotion","Hololive_Psychosis","hubris:Greed","Hololive_DevilCharm+1","Hololive_DiamondStrike","Hololive_SoulCatcher+1","Hololive_CallCivia","Writhe","Hololive_Sequa","Hololive_CocoNews","hubris:Greed","Hololive_Rebirth+1","Hololive_DevilCharm+1","Hololive_Yoholoon+1","Hololive_LuckPotion","Hololive_CallYuzukiChoco+1","Hololive_Trident+1","hubris:Greed","Hololive_CallShishiroBotan+1","hubris:Greed","Hololive_Sequa+1","hubris:Greed"],"relics":["Hololive_TheStar","WarpedTongs","Whetstone","Bag of Preparation","AntiCross","hubris:TinFlute","Bronze Scales","Empty Cage","hubris:AstralHammer","hubris:Metronome","Letter Opener","HollowMod:PaleOreRelic","Juzu Bracelet","SlaversCollar","Bottled Tornado","hubris:Spice","Mercury Hourglass"],"acts_visited":["Exordium","TheCity","TheBeyond"],"potions_floor_usage":[6,36,46],"damage_taken":[{"damage":0,"enemies":"Jaw Worm","floor":1,"turns":3},{"damage":0,"enemies":"Cultist","floor":2,"turns":3},{"damage":0,"enemies":"Small Slimes","floor":4,"turns":3},{"damage":1,"enemies":"Exordium Wildlife","floor":5,"turns":4},{"damage":2,"enemies":"Lagavulin","floor":6,"turns":4},{"damage":0,"enemies":"Gremlin Nob","floor":8,"turns":3},{"damage":1,"enemies":"Lagavulin","floor":10,"turns":3},{"damage":0,"enemies":"2 Fungi Beasts","floor":13,"turns":2},{"damage":0,"enemies":"3 Sentries","floor":14,"turns":3},{"damage":0,"enemies":"The Guardian","floor":16,"turns":4},{"damage":0,"enemies":"2 Thieves","floor":18,"turns":3},{"damage":0,"enemies":"Chosen","floor":21,"turns":2},{"damage":0,"enemies":"Snake Plant","floor":22,"turns":2},{"damage":30,"enemies":"Slavers","floor":23,"turns":4},{"damage":0,"enemies":"Snecko","floor":24,"turns":3},{"damage":0,"enemies":"Sentry and Sphere","floor":27,"turns":3},{"damage":0,"enemies":"Cultist and Chosen","floor":30,"turns":3},{"damage":0,"enemies":"Champ","floor":33,"turns":5},{"damage":0,"enemies":"3 Shapes","floor":35,"turns":3},{"damage":2,"enemies":"3 Darklings","floor":36,"turns":4},{"damage":0,"enemies":"Sphere and 2 Shapes","floor":38,"turns":3},{"damage":0,"enemies":"Giant Head","floor":40,"turns":4},{"damage":0,"enemies":"Reptomancer","floor":44,"turns":3},{"damage":0,"enemies":"Spire Growth","floor":46,"turns":3},{"damage":4,"enemies":"Awakened One","floor":50,"turns":6}],"seed_played":"1835421536645435585","potions_obtained":[{"floor":4,"key":"Swift Potion"},{"floor":5,"key":"Fruit Juice"},{"floor":10,"key":"Swift Potion"},{"floor":14,"key":"ColorlessPotion"},{"floor":23,"key":"Swift Potion"},{"floor":37,"key":"Fire Potion"},{"floor":38,"key":"LiquidMemories"},{"floor":40,"key":"DistilledChaos"}],"is_trial":false,"path_per_floor":["M","M","?","M","M","E","R","E","T","E","?","?","M","E","R","B",null,"M","?","$","M","M","E","M","R","T","M","R","?","M","$","R","B",null,"M","M","?","M","$","E","R","?","T","E","R","M","?","?","R","B",null],"character_chosen":"Hololive_HololiveCharacter","items_purchased":["hubris:AstralHammer","hubris:Metronome","Hololive_LuckPotion","EntropicBrew","Hololive_CocoNews","Bottled Tornado","Hololive_CallYuzukiChoco"],"campfire_rested":2,"item_purchase_floors":[20,20,20,31,31,39,39],"current_hp_per_floor":[35,35,35,35,34,37,37,37,37,36,36,36,36,36,36,36,40,40,35,35,35,35,5,5,18,18,18,18,18,18,18,31,31,45,45,43,43,43,43,51,51,51,51,59,59,59,59,59,59,55],"gold":295,"neow_bonus":"","is_daily":false,"chose_seed":false,"campfire_upgraded":6,"win_rate":0.0,"timestamp":1612754325,"path_taken":["M","M","?","?","M","E","R","E","T","E","?","?","?","E","R","BOSS","M","?","$","M","M","E","M","R","T","M","R","?","M","?","R","BOSS","M","M","?","M","?","E","R","?","T","E","R","M","?","?","R","BOSS"],"items_purchased_type":["Relic","Relic","Card","Potion","Card","Relic","Card"],"build_version":"2020-12-22","purchased_purges":0,"victory":true,"max_hp_per_floor":[35,35,35,35,35,40,40,40,40,40,40,40,40,40,40,40,40,40,45,45,45,45,45,45,45,45,45,45,45,45,45,45,45,45,45,45,45,45,45,53,53,53,53,61,61,61,61,61,61,61],"card_choices":[{"not_picked":["Hololive_Trident","Hololive_CallShiranuiFlare","Hololive_OvertimeWork"],"picked":"Hololive_FlyingPonyTail","floor":1},{"not_picked":["Hololive_CallRosalyn","Hololive_OvertimeWork","Hololive_CallYukihanaLamy"],"picked":"Hololive_RevenueBasedLive","floor":2},{"not_picked":["Hololive_OvertimeWork","Hololive_OpenUp","Hololive_Breathe"],"picked":"Hololive_LuckPotion","floor":4},{"not_picked":["Hololive_CallShiroganeNoel","Hololive_CallManoAloe","Hololive_LuckPotion"],"picked":"Hololive_CallNatsuiroMatsuri","floor":5},{"not_picked":["Hololive_Trident","Hololive_Sequa","Hololive_CallRoboco"],"picked":"Hololive_StrengthChampion","floor":6},{"not_picked":["Hololive_Breathe","Hololive_CallShishiroBotan","Hololive_Nanodesu"],"picked":"Hololive_Thief","floor":8},{"not_picked":["Hololive_RevenueBasedLive","Hololive_CallAmaneKanata","Hololive_CallTokoyamiTowa"],"picked":"Hololive_Trident","floor":10},{"not_picked":["Hololive_CallSakuraMiko","Hololive_Sequa","Hololive_CallUsadaPekora"],"picked":"Hololive_FlyingPonyTail","floor":13},{"not_picked":["Hololive_RevenueBasedLive","Hololive_Rebound","Hololive_SoulCatcher"],"picked":"Hololive_Trident","floor":14},{"not_picked":["Hololive_Recruit","Hololive_Nanodesu","Hololive_AWSL"],"picked":"Hololive_OpenUp","floor":16},{"not_picked":["Hololive_Rebound","Hololive_Watashimo","Hololive_StrengthChampion"],"picked":"Hololive_CallAkaiHaato+1","floor":18},{"not_picked":["Hololive_Rebound","Hololive_RevenueBasedLive","Hololive_LuckPotion"],"picked":"Hololive_Psychosis","floor":21},{"not_picked":["Hololive_RevenueBasedLive","Hololive_HuntDinosaur+1","Hololive_Rebound"],"picked":"Hololive_DevilCharm+1","floor":22},{"not_picked":["Hololive_CallUsadaPekora+1","Hololive_StrengthChampion+1","Hololive_LuckPotion"],"picked":"Hololive_DiamondStrike","floor":23},{"not_picked":["Hololive_StrengthChampion","Hololive_CallArtia","Hololive_Rebound"],"picked":"Hololive_SoulCatcher","floor":24},{"not_picked":["Hololive_LuckPotion","Hololive_Breathe","Hololive_RevenueBasedLive"],"picked":"Hololive_CallCivia","floor":27},{"not_picked":["Hololive_CallUsadaPekora","Hololive_RevenueBasedLive","Hololive_FlyingPonyTail"],"picked":"Hololive_Sequa","floor":30},{"not_picked":["Hololive_FlareMind","Hololive_StarCraft","Hololive_IdolExercise"],"picked":"Hololive_Rebirth","floor":33},{"not_picked":["Hololive_OvertimeWork+1","Hololive_CallYukihanaLamy","Hololive_Watashimo"],"picked":"Hololive_DevilCharm+1","floor":35},{"not_picked":["Hololive_Psychosis","Hololive_CallMinatoAqua+1","Hololive_BringToTrial"],"picked":"Hololive_Yoholoon+1","floor":36},{"not_picked":["Hololive_CocoNews","Hololive_RevenueBasedLive","Hololive_CallNekomataOkayu"],"picked":"Hololive_LuckPotion","floor":38},{"not_picked":["Hololive_ScarfAndHalo","Hololive_CallShiranuiFlare","Hololive_CallTokoyamiTowa+1"],"picked":"Hololive_Trident+1","floor":40},{"not_picked":["Hololive_HuntDinosaur+1","Hololive_ScarfAndHalo","Hololive_SoulCatcher"],"picked":"Hololive_CallShishiroBotan+1","floor":44},{"not_picked":["Hololive_SoulCatcher","Hololive_CocoNews","Hololive_HuntDinosaur+1"],"picked":"Hololive_Sequa+1","floor":46}],"player_experience":0,"relics_obtained":[{"floor":6,"key":"Whetstone"},{"floor":8,"key":"Bag of Preparation"},{"floor":9,"key":"AntiCross"},{"floor":10,"key":"hubris:TinFlute"},{"floor":14,"key":"Bronze Scales"},{"floor":23,"key":"Letter Opener"},{"floor":26,"key":"HollowMod:PaleOreRelic"},{"floor":40,"key":"hubris:Spice"},{"floor":43,"key":"Mercury Hourglass"},{"floor":44,"key":"hubris:Spice"}],"event_choices":[{"damage_healed":0,"gold_gain":0,"player_choice":"Rummage","damage_taken":0,"relics_obtained":["WarpedTongs"],"max_hp_gain":0,"max_hp_loss":0,"event_name":"Accursed Blacksmith","floor":3,"gold_loss":0,"cards_obtained":["Pain"]},{"damage_healed":0,"gold_gain":175,"player_choice":"AGREE","damage_taken":0,"max_hp_gain":0,"max_hp_loss":0,"event_name":"Liars Game","floor":11,"gold_loss":0,"cards_obtained":["Doubt"]},{"damage_healed":0,"gold_gain":0,"cards_transformed":["Pain"],"player_choice":"Transformed","damage_taken":0,"max_hp_gain":0,"max_hp_loss":0,"event_name":"Transmorgrifier","floor":12,"gold_loss":0,"cards_obtained":["hubris:Compulsion"]},{"damage_healed":0,"gold_gain":0,"player_choice":"Shed Blood","damage_taken":10,"max_hp_gain":5,"max_hp_loss":0,"event_name":"Forgotten Altar","floor":19,"gold_loss":0},{"damage_healed":0,"gold_gain":0,"player_choice":"Opened","damage_taken":0,"relics_obtained":["Juzu Bracelet"],"max_hp_gain":0,"max_hp_loss":0,"event_name":"The Mausoleum","floor":29,"gold_loss":0,"cards_obtained":["Writhe"]},{"damage_healed":0,"gold_gain":0,"player_choice":"Bought 1 Potion","damage_taken":0,"max_hp_gain":0,"max_hp_loss":0,"event_name":"The Woman in Blue","floor":37,"gold_loss":0},{"cards_removed":["Hololive_Strike"],"damage_healed":0,"gold_gain":0,"player_choice":"Removed Attack","damage_taken":0,"max_hp_gain":0,"max_hp_loss":0,"event_name":"Falling","floor":42,"gold_loss":0},{"damage_healed":0,"gold_gain":100,"player_choice":"Pray","damage_taken":0,"max_hp_gain":0,"max_hp_loss":0,"event_name":"Golden Shrine","floor":48,"gold_loss":0}],"is_beta":false,"boss_relics":[{"not_picked":["hubris:Stopwatch","Sozu"],"picked":"Empty Cage"},{"not_picked":["Hololive_ChaosS","SacredBark"],"picked":"SlaversCollar"}],"items_purged_floors":[],"is_endless":false,"potions_floor_spawned":[4,5,10,14,23,24,30,35,38,40],"ascension_level":0}}