{"host":"w01zow3jg16g8jdh","time":1612798055,"event":{"mods":["2.2 Compatiblity","AchievementEnabler","BaseMod","DeckTracker","Hermit","Keyboard Shortcuts","Marisa£¨Ùöéë¡¡Øª×âÞÞ£©","Minty Spire (QoL Compilation)","Permanent Neow","StSLib","SuperFastMode"],"gold_per_floor":[111,124,49,67,79,114,134,165,165,165,165],"floor_reached":10,"language":"KOR","playtime":283,"items_purged":["Strike_MRS"],"score":96,"play_id":"51c257c9-7379-4244-a8bd-2ac3e196f23d","local_time":"20210209002735","is_ascension_mode":true,"campfire_choices":[],"circlet_count":0,"master_deck":["Strike_MRS","Strike_MRS","Strike_MRS","Defend_MRS","Defend_MRS","Defend_MRS","MasterSpark","UpSweep","AsteroidBelt","Singularity","SporeBomb","IllusionStar+1","NonDirectionalLaser"],"relics":["MiniHakkero","Toxic Egg 2","Ginger","Sundial"],"acts_visited":["Exordium"],"potions_floor_usage":[6,7,10],"damage_taken":[{"damage":0,"enemies":"Small Slimes","floor":1,"turns":3},{"damage":2,"enemies":"2 Louse","floor":2,"turns":3},{"damage":4,"enemies":"Jaw Worm","floor":4,"turns":3},{"damage":16,"enemies":"Large Slime","floor":5,"turns":7},{"damage":12,"enemies":"Lagavulin","floor":6,"turns":6},{"damage":8,"enemies":"Lots of Slimes","floor":7,"turns":4},{"damage":32,"enemies":"Gremlin Nob","floor":8,"turns":4},{"damage":2,"enemies":"Lagavulin","floor":10,"turns":4}],"seed_played":"-8088681409539251192","potions_obtained":[{"floor":4,"key":"ColorlessPotion"},{"floor":5,"key":"Energy Potion"},{"floor":8,"key":"Swift Potion"}],"is_trial":false,"path_per_floor":["M","M","$","M","M","E","M","E","T","E"],"character_chosen":"MARISA","items_purchased":[],"campfire_rested":0,"item_purchase_floors":[],"current_hp_per_floor":[75,73,73,69,53,41,33,1,1,0,0],"gold":165,"neow_bonus":"REMOVE_CARD","is_daily":false,"chose_seed":false,"campfire_upgraded":0,"win_rate":0.0,"timestamp":1612798055,"path_taken":["M","M","$","M","M","E","M","E","T","E"],"items_purchased_type":[],"build_version":"2020-12-22","purchased_purges":1,"victory":false,"max_hp_per_floor":[75,75,75,75,75,75,75,75,75,75,75],"card_choices":[{"not_picked":["EnergyFlow","WitchOfGreed"],"picked":"AsteroidBelt","floor":1},{"not_picked":["ShootTheMoon","IllusionStar","OortCloud"],"picked":"SKIP","floor":2},{"not_picked":["Orbital","GalacticHalo"],"picked":"Singularity","floor":4},{"not_picked":["PowerUp","Robbery"],"picked":"SporeBomb","floor":5},{"not_picked":["GravityBeat","Occultation+1"],"picked":"IllusionStar+1","floor":6},{"not_picked":["PowerUp+1","MilkyWay+1"],"picked":"NonDirectionalLaser","floor":7},{"not_picked":["FairyDestructionRay","GalacticHalo+1","OneTimeOff+1"],"picked":"SKIP","floor":8}],"player_experience":376966,"relics_obtained":[{"floor":6,"key":"Toxic Egg 2"},{"floor":8,"key":"Ginger"},{"floor":9,"key":"Sundial"}],"event_choices":[],"is_beta":false,"boss_relics":[],"items_purged_floors":[3],"is_endless":false,"potions_floor_spawned":[4,5,8],"killed_by":"Lagavulin","ascension_level":4}}