{"host":"o1umn66c6cmsknp2","time":1612790182,"event":{"mods":["BaseMod","Colored Map","DeckTracker","Highlight Path","Keyboard Shortcuts","Minty Spire (QoL Compilation)","Permanent Neow","SuperFastMode","Unceasing Turn Reminder","everything is the same but u backflip on backflip"],"gold_per_floor":[218,218,233,19,35,35,55,87,87,87,87],"floor_reached":10,"language":"KOR","playtime":371,"items_purged":[],"score":109,"play_id":"ecc171f6-249d-437b-be30-8369b149dfab","local_time":"20210208221622","is_ascension_mode":true,"campfire_choices":[{"data":"Neutralize","floor":6,"key":"SMITH"}],"circlet_count":0,"master_deck":["AscendersBane","Strike_G","Strike_G","Strike_G","Strike_G","Defend_G","Defend_G","Defend_G","Defend_G","Defend_G","Survivor","Neutralize+1","Cloak And Dagger","Caltrops","A Thousand Cuts","Dagger Spray","Blade Dance","Backflip"],"relics":["Ring of the Snake","Lantern","Toy Ornithopter"],"acts_visited":["Exordium"],"potions_floor_usage":[8],"damage_taken":[{"damage":0,"enemies":"2 Louse","floor":1,"turns":3},{"damage":1,"enemies":"Cultist","floor":3,"turns":4},{"damage":8,"enemies":"Jaw Worm","floor":5,"turns":4},{"damage":13,"enemies":"Exordium Thugs","floor":7,"turns":5},{"damage":23,"enemies":"Lagavulin","floor":8,"turns":7},{"damage":21,"enemies":"3 Sentries","floor":10,"turns":4}],"seed_played":"-1344054839641820194","potions_obtained":[{"floor":3,"key":"SneckoOil"},{"floor":5,"key":"Swift Potion"},{"floor":8,"key":"CunningPotion"}],"is_trial":false,"path_per_floor":["M","?","M","$","M","R","M","E","T","E"],"character_chosen":"THE_SILENT","items_purchased":["A Thousand Cuts","Energy Potion"],"campfire_rested":0,"item_purchase_floors":[4,4],"current_hp_per_floor":[63,63,62,62,54,54,41,18,18,0,0],"gold":87,"neow_bonus":"HUNDRED_GOLD","is_daily":false,"chose_seed":false,"campfire_upgraded":1,"win_rate":0.0,"timestamp":1612790182,"path_taken":["M","?","M","$","M","R","?","E","T","E"],"items_purchased_type":["Card","Potion"],"build_version":"2020-12-22","purchased_purges":0,"victory":false,"max_hp_per_floor":[70,70,70,70,70,70,70,70,70,70,70],"card_choices":[{"not_picked":["PiercingWail","Escape Plan"],"picked":"Cloak And Dagger","floor":1},{"not_picked":["Finisher","Calculated Gamble"],"picked":"Caltrops","floor":3},{"not_picked":["Bane","Setup"],"picked":"Dagger Spray","floor":5},{"not_picked":["Cloak And Dagger","Quick Slash"],"picked":"Blade Dance","floor":7},{"not_picked":["Quick Slash","Bane"],"picked":"Backflip","floor":8}],"player_experience":389466,"relics_obtained":[{"floor":8,"key":"Lantern"},{"floor":9,"key":"Toy Ornithopter"}],"event_choices":[{"cards_removed":["Strike_G"],"damage_healed":0,"gold_gain":0,"player_choice":"Card Removal","damage_taken":0,"max_hp_gain":0,"max_hp_loss":0,"event_name":"Wheel of Change","floor":2,"gold_loss":0}],"is_beta":false,"boss_relics":[],"items_purged_floors":[],"is_endless":false,"potions_floor_spawned":[3,5,8],"killed_by":"3 Sentries","ascension_level":12}}