{"host":"bgyhjzqafgkxdxsh","time":1612759136,"event":{"mods":["BaseMod","Colored Map","Minty Spire (QoL Compilation)","Relic Stats","StSLib","everything is the same but u backflip on backflip"],"gold_per_floor":[119,129,143,143,143,143,156,156,208,218,230,263,39,73,73,176,176,194,212,222,237,84,114,130,155,179,179,179,179,208,258,258,258,258],"floor_reached":33,"language":"ENG","playtime":1347,"items_purged":["Regret","Strike_B"],"score":446,"play_id":"5bd35f74-fdfe-495e-bf7f-e38108678b60","local_time":"20210208143856","is_ascension_mode":true,"campfire_choices":[{"data":"Zap","floor":6,"key":"SMITH"},{"data":"Steam Power","floor":8,"key":"SMITH"},{"floor":15,"key":"REST"},{"floor":28,"key":"REST"},{"floor":32,"key":"DIG"}],"circlet_count":0,"master_deck":["Defend_B","Defend_B","Defend_B","Defend_B","Zap+1","Dualcast","Gash","Steam Power+1","Streamline","Gash","Glacier","Gash","Recycle","Scrape","Seek","Gash+1","Leap+1","Turbo","Beam Cell+1","Gash+1","Scrape+1","Bite+1","Bite+1","Bite+1","Bite+1","Bite+1","Skim+1"],"relics":["Cracked Core","Strawberry","Bag of Marbles","DataDisk","CaptainsWheel","Membership Card","Molten Egg 2","Empty Cage","Lee\u0027s Waffle","The Courier","Shovel","PreservedInsect","Cables","Orichalcum"],"acts_visited":["Exordium","TheCity"],"potions_floor_usage":[1,12,14,21,23,24,25,25,33,33,33],"damage_taken":[{"damage":0,"enemies":"Cultist","floor":1,"turns":3},{"damage":5,"enemies":"Small Slimes","floor":2,"turns":3},{"damage":7,"enemies":"Jaw Worm","floor":3,"turns":2},{"damage":12,"enemies":"Gremlin Gang","floor":7,"turns":3},{"damage":13,"enemies":"Blue Slaver","floor":10,"turns":2},{"damage":4,"enemies":"Large Slime","floor":11,"turns":4},{"damage":15,"enemies":"3 Sentries","floor":12,"turns":6},{"damage":9,"enemies":"Lagavulin","floor":14,"turns":3},{"damage":17,"enemies":"Hexaghost","floor":16,"turns":7},{"damage":0,"enemies":"Shell Parasite","floor":18,"turns":4},{"damage":18,"enemies":"2 Thieves","floor":19,"turns":4},{"damage":1,"enemies":"Centurion and Healer","floor":20,"turns":6},{"damage":7,"enemies":"Snake Plant","floor":21,"turns":3},{"damage":30,"enemies":"Gremlin Leader","floor":23,"turns":7},{"damage":0,"enemies":"Cultist and Chosen","floor":24,"turns":5},{"damage":39,"enemies":"Slavers","floor":25,"turns":4},{"damage":8,"enemies":"Gremlin Leader","floor":30,"turns":3},{"damage":45,"enemies":"Champ","floor":33,"turns":5}],"seed_played":"-770311701497945908","potions_obtained":[{"floor":0,"key":"EntropicBrew"},{"floor":0,"key":"GamblersBrew"},{"floor":0,"key":"Dexterity Potion"},{"floor":1,"key":"Ancient Potion"},{"floor":12,"key":"SkillPotion"},{"floor":16,"key":"Strength Potion"},{"floor":21,"key":"Dexterity Potion"},{"floor":24,"key":"GamblersBrew"}],"is_trial":false,"path_per_floor":["M","M","M","?","?","R","M","R","T","M","M","E","$","E","R","B",null,"M","M","M","M","$","E","M","E","T","?","R","?","E","?","R","B"],"character_chosen":"DEFECT","items_purchased":["Membership Card","Scrape","Lee\u0027s Waffle","Beam Cell+1"],"campfire_rested":2,"item_purchase_floors":[13,13,22,22],"current_hp_per_floor":[75,70,63,58,58,58,46,46,46,33,29,14,14,5,29,12,65,65,47,46,39,89,59,59,20,20,3,31,31,35,35,35,0,0],"gold":258,"neow_bonus":"THREE_SMALL_POTIONS","is_daily":false,"chose_seed":false,"campfire_upgraded":2,"win_rate":0.0,"timestamp":1612759136,"path_taken":["M","M","M","?","?","R","M","R","T","M","M","E","?","E","R","BOSS","M","?","M","M","$","E","M","E","T","?","R","?","E","?","R","BOSS"],"items_purchased_type":["Relic","Card","Relic","Card"],"build_version":"2020-12-22","purchased_purges":2,"victory":false,"max_hp_per_floor":[75,75,75,82,82,82,82,82,82,82,82,82,82,82,82,82,82,82,82,82,82,89,89,89,89,89,94,94,65,65,65,65,65,65],"relic_stats":{"Lee\u0027s Waffle":50,"Shovel":1,"counters":[18,74],"PreservedInsect":44,"Orichalcum":[6],"obtain_stats":[{"Lee\u0027s Waffle":22,"The Courier":23,"PreservedInsect":26,"Orichalcum":32,"Empty Cage":17,"Cables":30,"DataDisk":9,"CaptainsWheel":12,"Shovel":25,"Strawberry":4,"Molten Egg 2":14,"Bag of Marbles":5,"Membership Card":13,"Cracked Core":0},{"Lee\u0027s Waffle":13,"The Courier":14,"PreservedInsect":16,"Orichalcum":17,"Empty Cage":9,"Cables":17,"DataDisk":4,"CaptainsWheel":7,"Shovel":16,"Strawberry":3,"Molten Egg 2":8,"Bag of Marbles":3,"Membership Card":7,"Cracked Core":0},{"Lee\u0027s Waffle":50,"The Courier":57,"PreservedInsect":66,"Orichalcum":69,"Empty Cage":33,"Cables":69,"DataDisk":11,"CaptainsWheel":23,"Shovel":66,"Strawberry":8,"Molten Egg 2":26,"Bag of Marbles":8,"Membership Card":23,"Cracked Core":0}],"Cables":[4,4,0,0,0]},"card_choices":[{"not_picked":["Rebound","Scrape"],"picked":"Gash","floor":1},{"not_picked":["Chill","Blizzard"],"picked":"Steam Power","floor":2},{"not_picked":["Glacier","Double Energy"],"picked":"Streamline","floor":3},{"not_picked":["BootSequence","Auto Shields"],"picked":"Gash","floor":7},{"not_picked":["Reprogram","Ball Lightning"],"picked":"Glacier","floor":10},{"not_picked":["Beam Cell","BootSequence"],"picked":"Gash","floor":11},{"not_picked":["Doom and Gloom","Force Field"],"picked":"Recycle","floor":12},{"not_picked":["Redo","Tempest","Recycle"],"picked":"SKIP","floor":14},{"not_picked":["Thunder Strike+1","Meteor Strike+1"],"picked":"Seek","floor":16},{"not_picked":["Conserve Battery","Ball Lightning+1","Consume"],"picked":"SKIP","floor":18},{"not_picked":["Cold Snap+1","Tempest"],"picked":"Gash+1","floor":19},{"not_picked":["Barrage+1","Self Repair"],"picked":"Leap+1","floor":20},{"not_picked":["Double Energy","Sunder+1"],"picked":"Turbo","floor":21},{"not_picked":["Static Discharge+1","Capacitor+1","Meteor Strike+1"],"picked":"SKIP","floor":23},{"not_picked":["Coolheaded+1","Sweeping Beam+1"],"picked":"Gash+1","floor":24},{"not_picked":["Chaos","Undo+1"],"picked":"Scrape+1","floor":25},{"not_picked":["Compile Driver+1","Force Field+1"],"picked":"Skim+1","floor":30}],"player_experience":473960,"relics_obtained":[{"floor":9,"key":"DataDisk"},{"floor":12,"key":"CaptainsWheel"},{"floor":14,"key":"Molten Egg 2"},{"floor":23,"key":"The Courier"},{"floor":25,"key":"Shovel"},{"floor":26,"key":"PreservedInsect"},{"floor":30,"key":"Cables"},{"floor":32,"key":"Orichalcum"}],"event_choices":[{"damage_healed":0,"gold_gain":0,"player_choice":"Success","damage_taken":12,"relics_obtained":["Strawberry"],"max_hp_gain":0,"max_hp_loss":0,"event_name":"Scrap Ooze","floor":4,"gold_loss":0},{"damage_healed":0,"gold_gain":0,"player_choice":"Box","damage_taken":0,"relics_obtained":["Bag of Marbles"],"max_hp_gain":0,"max_hp_loss":0,"event_name":"Big Fish","floor":5,"gold_loss":0,"cards_obtained":["Regret"]},{"damage_healed":0,"gold_gain":0,"player_choice":"Shed Blood","damage_taken":22,"max_hp_gain":5,"max_hp_loss":0,"event_name":"Forgotten Altar","floor":27,"gold_loss":0},{"damage_healed":0,"gold_gain":0,"player_choice":"Became a vampire","damage_taken":0,"max_hp_gain":0,"max_hp_loss":29,"event_name":"Vampires","floor":29,"gold_loss":0,"cards_obtained":["Bite","Bite","Bite","Bite","Bite"]},{"damage_healed":0,"gold_gain":100,"player_choice":"Bet on Murderer","damage_taken":0,"max_hp_gain":0,"max_hp_loss":0,"event_name":"The Joust","floor":31,"gold_loss":50}],"is_beta":false,"boss_relics":[{"not_picked":["Velvet Choker","Astrolabe"],"picked":"Empty Cage"}],"items_purged_floors":[13,22],"is_endless":false,"potions_floor_spawned":[1,3,12,16,18,21,24],"killed_by":"Champ","ascension_level":5}}