{"host":"2pmmafybkq7zb6na","time":1612791590,"event":{"mods":["AchievementEnabler","BaseMod","Colored Map","Highlight Path","Keyboard Shortcuts","Minty Spire (QoL Compilation)","Quick Restart","StSLib","SuperFastMode"],"gold_per_floor":[116,64,84,184,199,199,233,243,243,261,271,306,306,335,335,435,435,454,454,468,480,30,30,49,49,49,148,148,174,74,84,84,186,186,204,230,230,244,262,296,296,296,296,296,327,48,81,99,99,99],"floor_reached":51,"language":"KOR","playtime":2267,"items_purged":["Strike_R","Armaments","Parasite"],"score":903,"play_id":"5d8a47ca-d80b-4f27-9118-13775e9f1aa7","local_time":"20210208223950","is_ascension_mode":true,"campfire_choices":[{"data":"Spot Weakness","floor":6.0,"key":"SMITH"},{"floor":13.0,"key":"REST"},{"floor":15.0,"key":"REST"},{"data":"Apotheosis","floor":23.0,"key":"SMITH"},{"data":"Rage","floor":25.0,"key":"SMITH"},{"data":"Perfected Strike","floor":28.0,"key":"SMITH"},{"floor":32.0,"key":"REST"},{"data":"Double Tap","floor":41,"key":"SMITH"},{"data":"Pommel Strike","floor":44,"key":"SMITH"},{"floor":49,"key":"RECALL"}],"circlet_count":0,"master_deck":["Strike_R","Strike_R","Strike_R","Strike_R","Defend_R","Defend_R","Defend_R","Defend_R","Bash","Thunderclap","Spot Weakness+1","Flex","Flex","Pommel Strike+1","Twin Strike","Bloodletting","Twin Strike","Double Tap+1","Rage+1","Impervious","Bloodletting+1","Battle Trance+1","Perfected Strike+1","Apotheosis+1","Pommel Strike+1","Impervious","Shrug It Off+1","Finesse","Headbutt","Dual Wield+1"],"relics":["Burning Blood","Dream Catcher","Potion Belt","Matryoshka","Sundial","SacredBark","Lee\u0027s Waffle","Blood Vial","Paper Frog","Bag of Preparation","Philosopher\u0027s Stone","PreservedInsect","Anchor","Boot","Ice Cream","Lantern","Vajra","Mercury Hourglass"],"acts_visited":["Exordium","TheCity","TheBeyond"],"potions_floor_usage":[33,33,33,45,47,48,50],"damage_taken":[{"damage":0.0,"enemies":"Small Slimes","floor":1.0,"turns":3.0},{"damage":1.0,"enemies":"Cultist","floor":3.0,"turns":3.0},{"damage":6.0,"enemies":"2 Louse","floor":5.0,"turns":3.0},{"damage":44.0,"enemies":"3 Sentries","floor":7.0,"turns":6.0},{"damage":1.0,"enemies":"Exordium Wildlife","floor":8.0,"turns":3.0},{"damage":9.0,"enemies":"Red Slaver","floor":10.0,"turns":3.0},{"damage":18.0,"enemies":"Lots of Slimes","floor":11.0,"turns":3.0},{"damage":24.0,"enemies":"Lagavulin","floor":12.0,"turns":4.0},{"damage":25.0,"enemies":"3 Sentries","floor":14.0,"turns":5.0},{"damage":46.0,"enemies":"The Guardian","floor":16.0,"turns":10.0},{"damage":21.0,"enemies":"3 Byrds","floor":18.0,"turns":6.0},{"damage":33.0,"enemies":"Spheric Guardian","floor":20.0,"turns":5.0},{"damage":37.0,"enemies":"Snecko","floor":21.0,"turns":5.0},{"damage":4.0,"enemies":"Centurion and Healer","floor":24.0,"turns":6.0},{"damage":73.0,"enemies":"Gremlin Leader","floor":29.0,"turns":7.0},{"damage":3.0,"enemies":"Chosen and Byrds","floor":31.0,"turns":3.0},{"damage":28,"enemies":"Champ","floor":33,"turns":7},{"damage":12,"enemies":"3 Shapes","floor":35,"turns":4},{"damage":16,"enemies":"3 Darklings","floor":38,"turns":4},{"damage":15,"enemies":"Writhing Mass","floor":39,"turns":4},{"damage":3,"enemies":"Giant Head","floor":40,"turns":4},{"damage":3,"enemies":"Reptomancer","floor":45,"turns":4},{"damage":18,"enemies":"Nemesis","floor":47,"turns":5},{"damage":9,"enemies":"Sphere and 2 Shapes","floor":48,"turns":3},{"damage":66,"enemies":"Donu and Deca","floor":50,"turns":9}],"seed_played":"7628029046436387749","potions_obtained":[{"floor":1.0,"key":"Regen Potion"},{"floor":7.0,"key":"LiquidMemories"},{"floor":14.0,"key":"AttackPotion"},{"floor":16.0,"key":"Regen Potion"},{"floor":24.0,"key":"LiquidBronze"},{"floor":29.0,"key":"SkillPotion"},{"floor":31.0,"key":"CultistPotion"},{"floor":39,"key":"AttackPotion"},{"floor":40,"key":"Weak Potion"},{"floor":45,"key":"SpeedPotion"},{"floor":47,"key":"Regen Potion"}],"is_trial":false,"path_per_floor":["M","$","M","?","M","R","E","M","T","M","M","E","R","E","R","B",null,"M","?","M","M","$","R","M","R","T","?","R","E","$","M","R","B",null,"M","T","$","M","M","E","R","?","T","R","E","$","E","M","R","B",null],"character_chosen":"IRONCLAD","items_purchased":["Flex","Perfected Strike","Lee\u0027s Waffle","Apotheosis","Vajra"],"campfire_rested":3,"item_purchase_floors":[2,22,22,22,46],"current_hp_per_floor":[80,80,80,80,80,80,56,61,61,58,46,28,52,33,57,17,80,65,65,38,7,87,87,87,87,87,87,87,20,20,44,70,50,87,81,81,81,73,66,71,71,71,71,71,76,76,66,75,75,17],"gold":99,"neow_bonus":"THREE_CARDS","is_daily":false,"chose_seed":false,"campfire_upgraded":6,"win_rate":0.0,"timestamp":1612791590,"path_taken":["M","$","M","?","M","R","E","M","T","M","?","E","R","E","R","BOSS","M","?","M","M","$","R","M","R","T","?","R","E","?","?","R","BOSS","M","?","$","M","?","E","R","?","T","R","E","$","E","M","R","BOSS"],"items_purchased_type":["Card","Card","Relic","Card","Relic"],"build_version":"2020-12-22","purchased_purges":3,"victory":true,"max_hp_per_floor":[80,80,80,80,80,80,80,80,80,80,80,80,80,80,80,80,80,80,80,80,80,87,87,87,87,87,87,87,87,87,87,87,87,87,87,87,87,87,87,87,87,87,87,87,87,84,84,84,84,84],"card_choices":[{"not_picked":["Sword Boomerang","Pummel"],"picked":"Thunderclap","floor":0.0},{"not_picked":["Body Slam","Heavy Blade"],"picked":"Spot Weakness","floor":1.0},{"not_picked":["Metallicize","Fire Breathing"],"picked":"Flex","floor":3.0},{"not_picked":["Armaments","Clash"],"picked":"Pommel Strike","floor":5.0},{"not_picked":["Headbutt","Infernal Blade"],"picked":"Twin Strike","floor":7.0},{"not_picked":["Wild Strike","Iron Wave"],"picked":"Bloodletting","floor":8.0},{"not_picked":["Entrench","Rampage"],"picked":"Twin Strike","floor":10.0},{"not_picked":["Flex","Wild Strike","Bludgeon"],"picked":"SKIP","floor":11.0},{"not_picked":["Dropkick","Rage"],"picked":"Double Tap","floor":12.0},{"not_picked":["Twin Strike","Iron Wave"],"picked":"Armaments","floor":13.0},{"not_picked":["Armaments","Sentinel","Fiend Fire"],"picked":"SKIP","floor":14.0},{"not_picked":["Armaments","Anger"],"picked":"Rage","floor":15.0},{"not_picked":["Limit Break","Juggernaut"],"picked":"Impervious","floor":16.0},{"not_picked":["Dropkick","Flex","Entrench"],"picked":"SKIP","floor":18.0},{"not_picked":["Wild Strike","Flex"],"picked":"Bloodletting+1","floor":20.0},{"not_picked":["Intimidate","Anger+1"],"picked":"Battle Trance+1","floor":21.0},{"not_picked":["Searing Blow","Seeing Red","Clothesline"],"picked":"SKIP","floor":24.0},{"not_picked":["Body Slam","Feel No Pain+1"],"picked":"Pommel Strike+1","floor":29.0},{"not_picked":["Metallicize","Thunderclap+1","Evolve"],"picked":"SKIP","floor":31.0},{"not_picked":["Demon Form","Brutality"],"picked":"Impervious","floor":33},{"not_picked":["Metallicize","Iron Wave+1","Whirlwind"],"picked":"SKIP","floor":35},{"not_picked":["Sword Boomerang+1","Body Slam+1"],"picked":"Shrug It Off+1","floor":38},{"not_picked":["Sentinel+1","Burning Pact","Dark Embrace"],"picked":"SKIP","floor":39},{"not_picked":["Demon Form","Iron Wave+1","Heavy Blade"],"picked":"SKIP","floor":40},{"not_picked":["Mind Blast","Madness"],"picked":"Finesse","floor":42},{"not_picked":["Body Slam+1","Exhume"],"picked":"Headbutt","floor":45},{"not_picked":["Power Through+1","Havoc+1","Clothesline+1"],"picked":"SKIP","floor":47},{"not_picked":["Whirlwind","Clothesline"],"picked":"Dual Wield+1","floor":48}],"player_experience":110026,"relics_obtained":[{"floor":7.0,"key":"Dream Catcher"},{"floor":9.0,"key":"Potion Belt"},{"floor":12.0,"key":"Matryoshka"},{"floor":14.0,"key":"Sundial"},{"floor":26.0,"key":"Blood Vial"},{"floor":26.0,"key":"Paper Frog"},{"floor":29.0,"key":"Bag of Preparation"},{"floor":36,"key":"PreservedInsect"},{"floor":36,"key":"Anchor"},{"floor":40,"key":"Boot"},{"floor":43,"key":"Ice Cream"},{"floor":45,"key":"Lantern"},{"floor":47,"key":"Mercury Hourglass"}],"event_choices":[{"damage_healed":0.0,"max_hp_gain":0.0,"max_hp_loss":0.0,"gold_gain":100.0,"event_name":"Golden Shrine","player_choice":"Pray","floor":4.0,"gold_loss":0.0,"damage_taken":0.0},{"damage_healed":0.0,"max_hp_gain":0.0,"max_hp_loss":0.0,"gold_gain":0.0,"event_name":"Ghosts","player_choice":"Ignored","floor":19.0,"gold_loss":0.0,"damage_taken":0.0},{"damage_healed":0.0,"max_hp_gain":0.0,"max_hp_loss":0.0,"gold_gain":99.0,"event_name":"Nest","player_choice":"Stole From Cult","floor":27.0,"gold_loss":0.0,"damage_taken":0.0},{"damage_healed":0,"gold_gain":0,"player_choice":"Memory 1","damage_taken":0,"max_hp_gain":0,"max_hp_loss":0,"event_name":"SensoryStone","floor":42,"gold_loss":0}],"is_beta":false,"boss_relics":[{"not_picked":["Runic Cube","Tiny House"],"picked":"SacredBark"},{"not_picked":["Mark of Pain","Busted Crown"],"picked":"Philosopher\u0027s Stone"}],"items_purged_floors":[22,30,46],"is_endless":false,"potions_floor_spawned":[1,7,14,16,24,29,31,39,40,45,47],"ascension_level":2}}