{"host":"clgpak7dimivr1r3","time":1612802494,"event":{"mods":["BaseMod","Colored Map","Colored Powertips","Curses Come First","Minty Spire (QoL Compilation)","Relic Stats","Say the Spire","StSLib"],"gold_per_floor":[113,113,133,133,148,148,148],"floor_reached":6,"language":"ENG","playtime":1169,"items_purged":[],"score":61,"play_id":"25a0a9ca-426b-4a0e-b052-c4a9af847932","local_time":"20210208194134","is_ascension_mode":true,"campfire_choices":[],"circlet_count":0,"master_deck":["AscendersBane","Strike_R","Strike_R","Strike_R","Strike_R","Defend_R","Defend_R","Defend_R","Defend_R","Bash","Cleave","Double Tap","Disarm","Regret","Pommel Strike"],"relics":["Coffee Dripper","Boot"],"acts_visited":["Exordium"],"potions_floor_usage":[],"damage_taken":[{"damage":7,"enemies":"2 Louse","floor":1,"turns":3},{"damage":1,"enemies":"Cultist","floor":3,"turns":3},{"damage":10,"enemies":"Small Slimes","floor":5,"turns":4},{"damage":65,"enemies":"Gremlin Nob","floor":6,"turns":4}],"seed_played":"-8156908154862990156","potions_obtained":[{"floor":3,"key":"LiquidBronze"}],"is_trial":false,"path_per_floor":["M","?","M","?","M","E"],"character_chosen":"IRONCLAD","items_purchased":[],"campfire_rested":0,"item_purchase_floors":[],"current_hp_per_floor":[61,61,60,60,50,0,0],"gold":148,"neow_bonus":"BOSS_RELIC","is_daily":false,"chose_seed":false,"campfire_upgraded":0,"win_rate":0.0,"timestamp":1612802494,"path_taken":["M","?","M","?","M","E"],"items_purchased_type":[],"build_version":"2020-12-22","purchased_purges":0,"victory":false,"max_hp_per_floor":[75,75,75,75,75,75,75],"relic_stats":{"counters":[4,14],"Boot":[0],"obtain_stats":[{"Coffee Dripper":0,"Boot":4,"Burning Blood":0},{"Coffee Dripper":0,"Boot":2,"Burning Blood":0},{"Coffee Dripper":0,"Boot":6,"Burning Blood":0}]},"card_choices":[{"not_picked":["Clash","Shrug It Off"],"picked":"Cleave","floor":1},{"not_picked":["Perfected Strike","Twin Strike"],"picked":"Disarm","floor":3},{"not_picked":["Heavy Blade","Perfected Strike"],"picked":"Pommel Strike","floor":5}],"player_experience":129903,"relics_obtained":[],"event_choices":[{"damage_healed":0,"gold_gain":0,"cards_transformed":["Strike_R"],"player_choice":"Change","damage_taken":0,"max_hp_gain":0,"max_hp_loss":0,"event_name":"Living Wall","floor":2,"gold_loss":0,"cards_obtained":["Double Tap"]},{"damage_healed":0,"gold_gain":0,"player_choice":"Box","damage_taken":0,"relics_obtained":["Boot"],"max_hp_gain":0,"max_hp_loss":0,"event_name":"Big Fish","floor":4,"gold_loss":0,"cards_obtained":["Regret"]}],"is_beta":false,"boss_relics":[],"items_purged_floors":[],"is_endless":false,"potions_floor_spawned":[3],"killed_by":"Gremlin Nob","ascension_level":14}}