{"host":"52lujqhsyicpcskq","time":1612797061,"event":{"mods":["BaseMod","Colored Map","Minty Spire (QoL Compilation)","Permanent Neow","StSLib","SuperFastMode","everything is the same but u backflip on backflip"],"gold_per_floor":[111,125,142,17,37,69,69,89,116,132,165,165,118,118,118,194,194,204,174,174],"floor_reached":19,"language":"KOR","playtime":886,"items_purged":["Strike_G"],"score":295,"play_id":"422c4e85-0809-4d52-822e-490eb3ab0bdf","local_time":"20210209001101","is_ascension_mode":true,"campfire_choices":[{"floor":7,"key":"REST"},{"data":"Storm of Steel","floor":12,"key":"SMITH"},{"floor":15,"key":"REST"}],"circlet_count":0,"master_deck":["AscendersBane","Strike_G","Strike_G","Strike_G","Strike_G","Defend_G","Defend_G","Defend_G","Defend_G","Defend_G","Survivor","Neutralize","Dagger Spray","Deflect","Flying Knee","PiercingWail","Poisoned Stab","Quick Slash","Noxious Fumes","Deadly Poison","Storm of Steel+1","Backflip","A Thousand Cuts","PiercingWail"],"relics":["Ring of the Snake","Tiny Chest","Happy Flower","Nunchaku","Juzu Bracelet","SlaversCollar"],"acts_visited":["Exordium","TheCity"],"potions_floor_usage":[6,18],"damage_taken":[{"damage":6,"enemies":"Cultist","floor":1,"turns":5},{"damage":0,"enemies":"Small Slimes","floor":2,"turns":3},{"damage":0,"enemies":"2 Louse","floor":3,"turns":2},{"damage":0,"enemies":"Blue Slaver","floor":5,"turns":5},{"damage":21,"enemies":"3 Sentries","floor":6,"turns":11},{"damage":1,"enemies":"Exordium Wildlife","floor":8,"turns":4},{"damage":3,"enemies":"3 Louse","floor":10,"turns":4},{"damage":23,"enemies":"Gremlin Nob","floor":11,"turns":4},{"damage":27,"enemies":"Hexaghost","floor":16,"turns":9},{"damage":37,"enemies":"Shell Parasite","floor":18,"turns":5},{"damage":4,"enemies":"2 Thieves","floor":19,"turns":2}],"seed_played":"-4028615151905439642","potions_obtained":[{"floor":1,"key":"Weak Potion"},{"floor":5,"key":"Fire Potion"},{"floor":10,"key":"SpeedPotion"},{"floor":16,"key":"CultistPotion"}],"is_trial":false,"path_per_floor":["M","M","M","$","M","E","R","M","T","M","E","R","$","?","R","B",null,"M","M"],"character_chosen":"THE_SILENT","items_purchased":["PiercingWail","Backflip"],"campfire_rested":2,"item_purchase_floors":[4,13],"current_hp_per_floor":[57,57,57,57,57,36,57,56,56,53,30,30,30,30,51,24,59,22,18,18],"gold":174,"neow_bonus":"RANDOM_COMMON_RELIC","is_daily":false,"chose_seed":false,"campfire_upgraded":1,"win_rate":0.0,"timestamp":1612797061,"path_taken":["M","M","M","?","M","E","R","M","T","M","E","R","$","?","R","BOSS","M","M"],"items_purchased_type":["Card","Card"],"build_version":"2020-12-22","purchased_purges":1,"victory":false,"max_hp_per_floor":[70,70,70,70,70,70,70,70,70,70,70,70,70,70,70,70,70,70,70,70],"card_choices":[{"not_picked":["Well Laid Plans","Riddle With Holes"],"picked":"Dagger Spray","floor":1},{"not_picked":["Distraction","Reflex"],"picked":"Deflect","floor":2},{"not_picked":["Concentrate","Outmaneuver"],"picked":"Flying Knee","floor":3},{"not_picked":["Quick Slash","Dodge and Roll"],"picked":"Poisoned Stab","floor":5},{"not_picked":["Bane","Sucker Punch"],"picked":"Quick Slash","floor":6},{"not_picked":["Sucker Punch","All Out Attack"],"picked":"Noxious Fumes","floor":8},{"not_picked":["Backflip","Noxious Fumes"],"picked":"Deadly Poison","floor":10},{"not_picked":["Blur","Dagger Throw"],"picked":"Storm of Steel","floor":11},{"not_picked":["After Image","Wraith Form v2"],"picked":"A Thousand Cuts","floor":16},{"not_picked":["Flechettes","Poisoned Stab"],"picked":"PiercingWail","floor":18}],"player_experience":770716,"relics_obtained":[{"floor":6,"key":"Happy Flower"},{"floor":9,"key":"Nunchaku"},{"floor":11,"key":"Juzu Bracelet"}],"event_choices":[{"damage_healed":0,"gold_gain":0,"player_choice":"Ignored","damage_taken":0,"max_hp_gain":0,"max_hp_loss":0,"event_name":"Shining Light","floor":14,"gold_loss":0}],"is_beta":false,"boss_relics":[{"not_picked":["Calling Bell","Ectoplasm"],"picked":"SlaversCollar"}],"items_purged_floors":[4],"is_endless":false,"potions_floor_spawned":[1,5,10,16],"killed_by":"2 Thieves","ascension_level":13}}