{"host":"ippeulvg90hectqg","time":1612785610,"event":{"mods":["BaseMod","Downfall","Hermit","Infinite Spire","Lobotomy","Minty Spire (QoL Compilation)","Replay The Spire","StSLib","The Saiyan"],"gold_per_floor":[97,172,122,135,153,153,216,216,284,295,330,203,221,237,237,340,340,352,366,366,366],"floor_reached":20,"language":"ZHS","playtime":1135,"items_purged":["Saiyan:SAIYA_Strike","Saiyan:SAIYA_Strike"],"score":176,"play_id":"e2bf47a2-af15-41a0-b4a7-722040ab2247","local_time":"20210208200010","is_ascension_mode":false,"campfire_choices":[{"data":"Saiyan:KaioKen","floor":6.0,"key":"SMITH"},{"data":"Saiyan:TurtleShell","floor":15.0,"key":"SMITH"}],"circlet_count":0,"master_deck":["Saiyan:SAIYA_Strike","Saiyan:SAIYA_Strike","Saiyan:SAIYA_Defend","Saiyan:SAIYA_Defend","Saiyan:SAIYA_Defend","Saiyan:EnergyBlast","Saiyan:KaioKen+1","Saiyan:RuthlessBlow","Saiyan:Planning","Saiyan:PowerPole","Saiyan:PowerUp","Saiyan:MeteorDash","Saiyan:DragonFist","Saiyan:SpiritSword","Saiyan:TurtleShell+1","Saiyan:Twize","Saiyan:Momentum"],"relics":["SaiyanHeart","Ring of Chaos","Ginger","Replay:Wax Seal","Shuriken","Girya","bronze:MakeshiftBattery"],"acts_visited":["Exordium","TheCity","TheCity"],"potions_floor_usage":[],"damage_taken":[{"damage":3.0,"enemies":"Jaw Worm","floor":1.0,"turns":3.0},{"damage":0.0,"enemies":"Small Slimes","floor":4.0,"turns":2.0},{"damage":0.0,"enemies":"2 Louse","floor":5.0,"turns":2.0},{"damage":8.0,"enemies":"3 Sentries","floor":7.0,"turns":6.0},{"damage":0.0,"enemies":"Gremlin Gang","floor":10.0,"turns":2.0},{"damage":2.0,"enemies":"3 Sentries","floor":11.0,"turns":6.0},{"damage":14.0,"enemies":"2 Fungi Beasts","floor":13.0,"turns":3.0},{"damage":12.0,"enemies":"Blue Slaver","floor":14.0,"turns":4.0},{"damage":10.0,"enemies":"Hexaghost","floor":16.0,"turns":9.0},{"damage":26.0,"enemies":"Shell Parasite","floor":18.0,"turns":7.0},{"damage":17.0,"enemies":"3 Byrds","floor":19.0,"turns":7.0},{"damage":0,"enemies":"Snake Plant","floor":20,"turns":1}],"seed_played":"2181104720216449098","potions_obtained":[{"floor":5.0,"key":"LifebloodPotion"},{"floor":11.0,"key":"champ:CounterPotion"},{"floor":13.0,"key":"Languid Potion"}],"is_trial":false,"path_per_floor":["M","?","?","M","M","R","?","AVR","T","M","E","$","M","M","R","B",null,"M","M","M"],"character_chosen":"SAIYAJIN","items_purchased":["Saiyan:TurtleShell"],"campfire_rested":0,"item_purchase_floors":[12],"current_hp_per_floor":[58,47,47,49,49,49,42,42,42,43,42,42,30,18,18,9,69,45,29,29,29],"gold":366,"neow_bonus":"BOSS_RELIC","is_daily":false,"chose_seed":false,"campfire_upgraded":2,"win_rate":0.0,"timestamp":1612785610,"path_taken":["M","?","?","M","M","R","?","AVR","T","M","E","$","M","M","R","BOSS","M","M","M"],"items_purchased_type":["Card"],"build_version":"2020-12-22","purchased_purges":2,"victory":false,"max_hp_per_floor":[61,61,61,63,63,63,64,64,64,65,66,66,68,68,68,69,69,71,72,72,72],"card_choices":[{"not_picked":["Saiyan:DoubleMasenko","Saiyan:Honing"],"picked":"Saiyan:Planning","floor":1.0},{"not_picked":["Saiyan:UltraInstinct","Saiyan:ExtremeSpeed"],"picked":"Saiyan:PowerPole","floor":4.0},{"not_picked":["Saiyan:RemoveWeights","Saiyan:Makankosappo"],"picked":"Saiyan:PowerUp","floor":5.0},{"not_picked":["Saiyan:FingerParry","Saiyan:BurningSoul"],"picked":"Saiyan:MeteorDash","floor":7.0},{"not_picked":["Saiyan:TurtleShell","Saiyan:SpiritSword"],"picked":"Saiyan:DragonFist","floor":10.0},{"not_picked":["Saiyan:Flurry","Saiyan:TheBomb"],"picked":"Saiyan:SpiritSword","floor":11.0},{"not_picked":["Saiyan:Pacing","Saiyan:BigBangAttack"],"picked":"Saiyan:Twize","floor":13.0},{"not_picked":["Saiyan:Makankosappo","Saiyan:UltraInstinct","Saiyan:BackAttack"],"picked":"SKIP","floor":14.0},{"not_picked":["Saiyan:GhostAttack","Saiyan:MonkeyTail"],"picked":"Saiyan:Momentum","floor":16.0},{"not_picked":["Saiyan:PlotArmor+1","Saiyan:MeteorDash","Saiyan:DragonFist"],"picked":"SKIP","floor":18.0},{"not_picked":["Saiyan:UltraInstinct","Saiyan:Scouter","Saiyan:SpiritSword"],"picked":"SKIP","floor":19.0}],"player_experience":573467,"relics_obtained":[{"floor":7.0,"key":"Ginger"},{"floor":9.0,"key":"Shuriken"},{"floor":11.0,"key":"Girya"}],"event_choices":[{"damage_healed":0.0,"max_hp_gain":0.0,"max_hp_loss":0.0,"gold_gain":75.0,"event_name":"World of Goop","player_choice":"Gather Gold","floor":2.0,"gold_loss":0.0,"damage_taken":11.0},{"cards_removed":["Saiyan:SAIYA_Defend"],"damage_healed":0.0,"max_hp_gain":0.0,"max_hp_loss":0.0,"gold_gain":0.0,"event_name":"The Cleric","player_choice":"Card Removal","floor":3.0,"gold_loss":50.0,"damage_taken":0.0},{"damage_healed":0.0,"max_hp_gain":0.0,"max_hp_loss":0.0,"gold_gain":30.0,"event_name":"Dead Adventurer","player_choice":"Searched \u00272\u0027 times","floor":7.0,"gold_loss":0.0,"damage_taken":0.0}],"is_beta":false,"boss_relics":[{"not_picked":["Busted Crown","Black Star"],"picked":"bronze:MakeshiftBattery"}],"items_purged_floors":[8,12],"is_endless":false,"potions_floor_spawned":[5,11,13,16],"killed_by":"Snake Plant","ascension_level":0}}