{"host":"uv5ws9rdk87e8i5k","time":1612759240,"event":{"mods":["AchievementEnabler","BaseMod","Colored Map","Minty Spire (QoL Compilation)","Permanent Neow","Quick Restart","StSLib","SuperFastMode","The Necromancer"],"gold_per_floor":[119,119,135,151,164,190,204,230,230,258,269,269,147,147,147],"floor_reached":14,"language":"ENG","playtime":225,"items_purged":[],"score":146,"play_id":"8be749ec-2f46-4150-af86-59181c4f884c","local_time":"20210207224040","is_ascension_mode":true,"campfire_choices":[{"floor":12,"key":"REST"}],"circlet_count":0,"master_deck":["Strike_R","Strike_R","Strike_R","Strike_R","Defend_R","Defend_R","Bash","Iron Wave","Clash","Pommel Strike","Headbutt","Sword Boomerang","Twin Strike","Hemokinesis","Perfected Strike","Immolate","Whirlwind","Hemokinesis","Whirlwind"],"relics":["Burning Blood","Dead Branch","Frozen Egg 2","HornCleat","Darkstone Periapt"],"acts_visited":["Exordium"],"potions_floor_usage":[8,10],"damage_taken":[{"damage":2.0,"enemies":"Jaw Worm","floor":1.0,"turns":2.0},{"damage":0.0,"enemies":"Small Slimes","floor":3.0,"turns":2.0},{"damage":0.0,"enemies":"2 Louse","floor":4.0,"turns":2.0},{"damage":13.0,"enemies":"Blue Slaver","floor":5.0,"turns":2.0},{"damage":35.0,"enemies":"Lagavulin","floor":6.0,"turns":5.0},{"damage":9.0,"enemies":"Exordium Wildlife","floor":7.0,"turns":3.0},{"damage":22,"enemies":"3 Sentries","floor":8,"turns":4},{"damage":16,"enemies":"Lagavulin","floor":10,"turns":4},{"damage":2,"enemies":"Large Slime","floor":11,"turns":4},{"damage":0,"enemies":"3 Sentries","floor":14,"turns":1}],"seed_played":"-415264119772023804","potions_obtained":[{"floor":1.0,"key":"Explosive Potion"},{"floor":8,"key":"Block Potion"},{"floor":11,"key":"GamblersBrew"}],"is_trial":false,"path_per_floor":["M","?","M","M","M","E","M","E","T","E","M","R","$","E"],"character_chosen":"IRONCLAD","items_purchased":["PowerPotion","Whirlwind"],"campfire_rested":1,"item_purchase_floors":[13,13],"current_hp_per_floor":[72,65,71,72,65,36,33,17,17,7,11,32,32,32,32],"gold":147,"neow_bonus":"TRANSFORM_TWO_CARDS","is_daily":false,"chose_seed":false,"campfire_upgraded":0,"win_rate":0.0,"timestamp":1612759240,"path_taken":["M","?","M","M","M","E","M","E","T","E","M","R","$","E"],"items_purchased_type":["Potion","Card"],"build_version":"2020-12-22","purchased_purges":0,"victory":false,"max_hp_per_floor":[72,72,72,72,72,72,72,72,72,72,72,72,72,72,72],"card_choices":[{"not_picked":["Ghostly Armor","Heavy Blade"],"picked":"Pommel Strike","floor":1.0},{"not_picked":["Warcry","Burning Pact"],"picked":"Headbutt","floor":3.0},{"not_picked":["Evolve","Warcry"],"picked":"Sword Boomerang","floor":4.0},{"not_picked":["Carnage","Warcry"],"picked":"Twin Strike","floor":5.0},{"not_picked":["Limit Break","Iron Wave"],"picked":"Hemokinesis","floor":6.0},{"not_picked":["Sword Boomerang","Pommel Strike"],"picked":"Perfected Strike","floor":7.0},{"not_picked":["Flex","Bludgeon"],"picked":"Immolate","floor":8},{"not_picked":["Sword Boomerang","Pommel Strike"],"picked":"Whirlwind","floor":10},{"not_picked":["Entrench","Dual Wield"],"picked":"Hemokinesis","floor":11}],"player_experience":249476,"relics_obtained":[{"floor":6.0,"key":"Dead Branch"},{"floor":8,"key":"Frozen Egg 2"},{"floor":9,"key":"HornCleat"},{"floor":10,"key":"Darkstone Periapt"}],"event_choices":[{"cards_removed":["Defend_R"],"damage_healed":0.0,"max_hp_gain":0.0,"max_hp_loss":0.0,"gold_gain":0.0,"event_name":"Golden Wing","player_choice":"Card Removal","floor":2.0,"gold_loss":0.0,"damage_taken":7.0}],"is_beta":false,"boss_relics":[],"items_purged_floors":[],"is_endless":false,"potions_floor_spawned":[1,8,11],"killed_by":"3 Sentries","ascension_level":6}}