{"host":"x5w9zppki4gdwvc7","time":1612823682,"event":{"mods":["AchievementEnabler","BaseMod","Colored Powertips","DeckTracker","Minty Spire (QoL Compilation)","SuperFastMode"],"gold_per_floor":[113,130,148,148,50,50,84,84,84,110,124,134,134,160,160,260,260,272,252,132,145,145,145,176,195,248,280,295,295,309,342,342,443,443,458,478,478,478,490,519,519,519,519,553,603,34,54,82,82,82,82,82,30,63,63,63],"floor_reached":55,"language":"ENG","playtime":2666,"items_purged":["Defend_R","Defend_R","Defend_R"],"score":1165,"play_id":"61eb78d9-40fe-4638-826b-e36a0c12ebfd","local_time":"20210208233442","is_ascension_mode":true,"campfire_choices":[{"data":"Perfected Strike","floor":6,"key":"SMITH"},{"data":"Twin Strike","floor":8,"key":"SMITH"},{"data":"Perfected Strike","floor":13,"key":"SMITH"},{"data":"Uppercut","floor":15,"key":"SMITH"},{"data":"True Grit","floor":29,"key":"SMITH"},{"data":"Fire Breathing","floor":32,"key":"SMITH"},{"data":"Fire Breathing","floor":42,"key":"SMITH"},{"floor":49,"key":"RECALL"},{"data":"Evolve","floor":52,"key":"SMITH"}],"circlet_count":0,"master_deck":["Strike_R","Strike_R","Strike_R","Strike_R","Strike_R","Defend_R","Bash","Twin Strike+1","Perfected Strike+1","Twin Strike","Uppercut+1","Perfected Strike+1","Wild Strike+1","Fire Breathing+1","Pommel Strike","Evolve+1","Wild Strike","True Grit+1","True Grit+1","Fire Breathing+1","Clash+1","Dark Shackles","Pommel Strike+1","Twin Strike","True Grit+1","Dual Wield"],"relics":["Burning Blood","Pen Nib","HornCleat","Paper Frog","Smiling Mask","Oddly Smooth Stone","Black Star","Nilry\u0027s Codex","Gremlin Horn","Bird Faced Urn","Toy Ornithopter","PreservedInsect","Potion Belt","Juzu Bracelet","Red Skull","Velvet Choker","Eternal Feather","Lantern","Blue Candle","TungstenRod","Pocketwatch","Ginger","Anchor","Art of War","Nunchaku","Bronze Scales"],"acts_visited":["Exordium","TheCity","TheBeyond","TheEnding"],"potions_floor_usage":[16,16,24,24,25,25,25,25,25,25,33,33,33,33,33,33,40,50,50,50,50,50,55,55],"damage_taken":[{"damage":4,"enemies":"2 Louse","floor":1,"turns":3},{"damage":6,"enemies":"Cultist","floor":2,"turns":3},{"damage":7,"enemies":"Jaw Worm","floor":3,"turns":2},{"damage":16,"enemies":"Gremlin Nob","floor":7,"turns":3},{"damage":20,"enemies":"3 Sentries","floor":10,"turns":6},{"damage":0,"enemies":"Exordium Thugs","floor":11,"turns":3},{"damage":8,"enemies":"Blue Slaver","floor":12,"turns":2},{"damage":0,"enemies":"Gremlin Nob","floor":14,"turns":3},{"damage":4,"enemies":"Hexaghost","floor":16,"turns":3},{"damage":15,"enemies":"3 Byrds","floor":18,"turns":5},{"damage":11,"enemies":"2 Thieves","floor":21,"turns":3},{"damage":0,"enemies":"Book of Stabbing","floor":24,"turns":3},{"damage":0,"enemies":"Sentry and Sphere","floor":25,"turns":3},{"damage":9,"enemies":"Gremlin Leader","floor":27,"turns":6},{"damage":12,"enemies":"Chosen and Byrds","floor":28,"turns":4},{"damage":0,"enemies":"Shelled Parasite and Fungi","floor":30,"turns":3},{"damage":28,"enemies":"Book of Stabbing","floor":31,"turns":4},{"damage":77,"enemies":"Automaton","floor":33,"turns":8},{"damage":18,"enemies":"3 Darklings","floor":35,"turns":5},{"damage":11,"enemies":"3 Shapes","floor":36,"turns":3},{"damage":18,"enemies":"Sphere and 2 Shapes","floor":39,"turns":4},{"damage":32,"enemies":"Reptomancer","floor":40,"turns":4},{"damage":19,"enemies":"Giant Head","floor":44,"turns":6},{"damage":13,"enemies":"Mind Bloom Boss Battle","floor":45,"turns":6},{"damage":6,"enemies":"Maw","floor":47,"turns":5},{"damage":29,"enemies":"Reptomancer","floor":48,"turns":4},{"damage":88,"enemies":"Time Eater","floor":50,"turns":9},{"damage":40,"enemies":"Shield and Spear","floor":54,"turns":5},{"damage":87,"enemies":"The Heart","floor":55,"turns":5}],"seed_played":"5390903921184918703","potions_obtained":[{"floor":3,"key":"AttackPotion"},{"floor":7,"key":"SkillPotion"},{"floor":14,"key":"PowerPotion"},{"floor":16,"key":"ColorlessPotion"},{"floor":18,"key":"SteroidPotion"},{"floor":19,"key":"EntropicBrew"},{"floor":25,"key":"Fire Potion"},{"floor":27,"key":"Energy Potion"},{"floor":28,"key":"SteroidPotion"},{"floor":31,"key":"SkillPotion"},{"floor":39,"key":"Fire Potion"},{"floor":45,"key":"Dexterity Potion"},{"floor":47,"key":"AttackPotion"},{"floor":54,"key":"Regen Potion"}],"is_trial":false,"path_per_floor":["M","M","M","?","$","R","E","R","T","E","M","M","R","E","R","B",null,"M","?","$","M","?","?","E","M","T","E","M","R","M","E","R","B",null,"M","M","?","?","M","E","?","R","T","E","?","$","M","E","R","B",null,"R","$","E","B"],"character_chosen":"IRONCLAD","items_purchased":["Clash","Fire Breathing","Ginger","PowerPotion","Anchor","Dexterity Potion"],"campfire_rested":0,"item_purchase_floors":[5,20,46,46,46,53],"current_hp_per_floor":[74,74,73,65,65,65,55,55,55,41,47,45,45,51,51,53,73,64,64,64,59,43,90,90,90,90,89,87,87,90,72,72,28,75,69,70,70,70,64,49,49,64,64,57,56,56,62,45,60,13,71,86,86,54,0,0],"gold":63,"neow_bonus":"RANDOM_COMMON_RELIC","is_daily":false,"chose_seed":false,"campfire_upgraded":8,"win_rate":0.0,"timestamp":1612823682,"path_taken":["M","M","M","?","?","R","E","R","T","E","M","M","R","E","R","BOSS","M","?","?","M","?","?","E","M","T","E","M","R","M","E","R","BOSS","M","M","?","?","M","E","?","R","T","E","?","?","M","E","R","BOSS","R","$","E","BOSS"],"items_purchased_type":["Card","Card","Relic","Potion","Relic","Potion"],"build_version":"2020-12-22","purchased_purges":3,"victory":false,"max_hp_per_floor":[80,80,80,80,80,80,80,80,80,80,80,80,80,80,80,80,80,80,80,80,80,80,90,90,90,90,90,90,90,90,90,90,90,90,90,90,90,90,90,90,90,90,90,90,90,90,90,90,90,90,90,90,90,90,90,90],"card_choices":[{"not_picked":["Clash","Headbutt"],"picked":"Twin Strike","floor":1},{"not_picked":["Iron Wave","Carnage"],"picked":"Perfected Strike","floor":2},{"not_picked":["Carnage","Inflame"],"picked":"Twin Strike","floor":3},{"not_picked":["Flex","Shrug It Off","Body Slam"],"picked":"SKIP","floor":7},{"not_picked":["Infernal Blade","Sword Boomerang"],"picked":"Uppercut","floor":10},{"not_picked":["Second Wind","Clothesline"],"picked":"Perfected Strike","floor":11},{"not_picked":["Clash","Havoc","Whirlwind"],"picked":"SKIP","floor":12},{"not_picked":["Cleave","Blood for Blood","Sword Boomerang"],"picked":"SKIP","floor":14},{"not_picked":["Juggernaut","Limit Break"],"picked":"Barricade","floor":16},{"not_picked":["Havoc","Hemokinesis"],"picked":"Wild Strike+1","floor":18},{"not_picked":["Combust","Clash"],"picked":"Pommel Strike","floor":21},{"not_picked":["Clothesline+1","Thunderclap","Clash"],"picked":"SKIP","floor":24},{"not_picked":["Barricade","Flex"],"picked":"Evolve","floor":25},{"not_picked":["Intimidate","Cleave"],"picked":"Wild Strike","floor":27},{"not_picked":["Hemokinesis+1","Warcry"],"picked":"True Grit","floor":28},{"not_picked":["Clash","Cleave+1"],"picked":"True Grit+1","floor":30},{"not_picked":["Warcry","Evolve"],"picked":"Fire Breathing","floor":31},{"not_picked":["Havoc+1","Whirlwind"],"picked":"Clash+1","floor":35},{"not_picked":["Heavy Blade+1","Cleave+1","Body Slam"],"picked":"SKIP","floor":36},{"not_picked":["Violence","Discovery"],"picked":"Dark Shackles","floor":37},{"not_picked":["Sword Boomerang","Armaments"],"picked":"Pommel Strike+1","floor":39},{"not_picked":["Combust+1","Iron Wave+1"],"picked":"Twin Strike","floor":40},{"not_picked":["True Grit","Offering","Flex+1"],"picked":"SKIP","floor":44},{"not_picked":["Hemokinesis","Sword Boomerang"],"picked":"True Grit+1","floor":45},{"not_picked":["Cleave+1","Intimidate","Shrug It Off"],"picked":"SKIP","floor":47},{"not_picked":["Sword Boomerang","Infernal Blade+1","Heavy Blade"],"picked":"SKIP","floor":48},{"not_picked":["Havoc+1","Rupture"],"picked":"Dual Wield","floor":54}],"player_experience":565287,"relics_obtained":[{"floor":7,"key":"HornCleat"},{"floor":9,"key":"Paper Frog"},{"floor":10,"key":"Smiling Mask"},{"floor":14,"key":"Oddly Smooth Stone"},{"floor":22,"key":"Nilry\u0027s Codex"},{"floor":24,"key":"Gremlin Horn"},{"floor":24,"key":"Bird Faced Urn"},{"floor":26,"key":"Toy Ornithopter"},{"floor":27,"key":"PreservedInsect"},{"floor":27,"key":"Potion Belt"},{"floor":31,"key":"Juzu Bracelet"},{"floor":31,"key":"Red Skull"},{"floor":40,"key":"Eternal Feather"},{"floor":40,"key":"Lantern"},{"floor":44,"key":"Blue Candle"},{"floor":44,"key":"TungstenRod"},{"floor":45,"key":"Pocketwatch"},{"floor":48,"key":"Art of War"},{"floor":54,"key":"Nunchaku"},{"floor":54,"key":"Bronze Scales"}],"event_choices":[{"damage_healed":0,"gold_gain":0,"player_choice":"Damaged","damage_taken":8,"max_hp_gain":0,"max_hp_loss":0,"event_name":"Wheel of Change","floor":4,"gold_loss":0},{"damage_healed":0,"gold_gain":0,"player_choice":"Bought 1 Potion","damage_taken":0,"max_hp_gain":0,"max_hp_loss":0,"event_name":"The Woman in Blue","floor":19,"gold_loss":0},{"damage_healed":0,"gold_gain":0,"player_choice":"Obtained Book","damage_taken":16,"max_hp_gain":0,"max_hp_loss":0,"event_name":"Cursed Tome","floor":22,"gold_loss":0},{"cards_removed":["Barricade"],"damage_healed":37,"gold_gain":0,"player_choice":"Offered Rare","damage_taken":0,"max_hp_gain":10,"max_hp_loss":0,"event_name":"Bonfire Elementals","floor":23,"gold_loss":0},{"damage_healed":0,"gold_gain":0,"player_choice":"Memory 1","damage_taken":0,"max_hp_gain":0,"max_hp_loss":0,"event_name":"SensoryStone","floor":37,"gold_loss":0},{"damage_healed":0,"gold_gain":0,"player_choice":"Ignored","damage_taken":0,"max_hp_gain":0,"max_hp_loss":0,"event_name":"Tomb of Lord Red Mask","floor":38,"gold_loss":0},{"cards_removed":["Clash"],"damage_healed":0,"gold_gain":0,"player_choice":"Removed Attack","damage_taken":0,"max_hp_gain":0,"max_hp_loss":0,"event_name":"Falling","floor":41,"gold_loss":0},{"damage_healed":0,"gold_gain":0,"player_choice":"Fight","damage_taken":0,"max_hp_gain":0,"max_hp_loss":0,"event_name":"MindBloom","floor":45,"gold_loss":0}],"is_beta":false,"boss_relics":[{"not_picked":["Tiny House","SlaversCollar"],"picked":"Black Star"},{"not_picked":["Philosopher\u0027s Stone","Runic Pyramid"],"picked":"Velvet Choker"}],"items_purged_floors":[5,20,46],"is_endless":false,"potions_floor_spawned":[3,7,14,16,18,25,27,28,31,39,45,47,54],"killed_by":"The Heart","ascension_level":6}}