{"host":"6pfj0wha12yu6wq3","time":1612764837,"event":{"mods":["AchievementEnabler","BaseMod","Colored Map","Colored Powertips","Curses Come First","DeckTracker","Minty Spire (QoL Compilation)","RNG Fix","Relic Sorter","Relic Stats","StSLib","UnlockEverythingMod","ojb\u0027s Better Paths Mod","ojb\u0027s Info Mod"],"gold_per_floor":[19,35,53,53,69,69,98,98,98,98,58,58,76,105,105,180,180,196,33,33,48,61,61,96,96,96,96,111,127,162,176,176,249,249,264,264,309,322,372,372,387,387,387,419,432,448,86,115,115,115,115,115,115,27,58,58],"floor_reached":57,"language":"ENG","playtime":3828,"items_purged":["Strike_G"],"score":2794,"play_id":"90ad56be-1470-441f-9d86-ee0ef0f76ad9","local_time":"20210208011357","is_ascension_mode":true,"campfire_choices":[{"data":"Corpse Explosion","floor":6.0,"key":"SMITH"},{"data":"Bouncing Flask","floor":8.0,"key":"SMITH"},{"floor":12.0,"key":"REST"},{"data":"Leg Sweep","floor":15.0,"key":"SMITH"},{"data":"Wraith Form v2","floor":23.0,"key":"SMITH"},{"data":"Phantasmal Killer","floor":25.0,"key":"SMITH"},{"data":"Blade Dance","floor":27.0,"key":"SMITH"},{"data":"Panache","floor":32.0,"key":"SMITH"},{"floor":40.0,"key":"RECALL"},{"data":"Malaise","floor":42.0,"key":"SMITH"},{"data":"Expertise","floor":49.0,"key":"SMITH"},{"data":"Blade Dance","floor":53.0,"key":"SMITH"}],"circlet_count":0,"master_deck":["AscendersBane","Strike_G","Strike_G","Strike_G","Strike_G","Defend_G","Defend_G","Defend_G","Defend_G","Defend_G","Survivor","Neutralize","Panache+1","Poisoned Stab","Corpse Explosion+1","Leg Sweep+1","Bouncing Flask+1","Endless Agony","Blade Dance+1","Wraith Form v2+1","Escape Plan","Endless Agony+1","Blade Dance+1","Phantasmal Killer+1","Infinite Blades+1","Infinite Blades+1","Malaise+1","Neutralize","Expertise+1","Footwork+1","Blade Dance","Leg Sweep","Well Laid Plans+1","Acrobatics"],"relics":["Ring of the Snake","Nunchaku","Mercury Hourglass","Pantograph","Bronze Scales","Coffee Dripper","FaceOfCleric","Mummified Hand","Frozen Egg 2","Mango","SlaversCollar","Bird Faced Urn","Letter Opener","Ornamental Fan","Blue Candle","Gambling Chip"],"acts_visited":["Exordium","TheCity","TheBeyond","TheEnding"],"potions_floor_usage":[56],"damage_taken":[{"damage":1.0,"enemies":"Small Slimes","floor":1.0,"turns":6.0},{"damage":3.0,"enemies":"Cultist","floor":2.0,"turns":4.0},{"damage":1.0,"enemies":"2 Louse","floor":3.0,"turns":3.0},{"damage":8.0,"enemies":"Blue Slaver","floor":5.0,"turns":6.0},{"damage":17.0,"enemies":"3 Sentries","floor":7.0,"turns":3.0},{"damage":19.0,"enemies":"Gremlin Nob","floor":10.0,"turns":4.0},{"damage":0.0,"enemies":"2 Fungi Beasts","floor":13.0,"turns":2.0},{"damage":7.0,"enemies":"Lagavulin","floor":14.0,"turns":5.0},{"damage":4.0,"enemies":"Hexaghost","floor":16.0,"turns":8.0},{"damage":3.0,"enemies":"Spheric Guardian","floor":18.0,"turns":4.0},{"damage":2.0,"enemies":"3 Byrds","floor":21.0,"turns":2.0},{"damage":0.0,"enemies":"3 Cultists","floor":22.0,"turns":2.0},{"damage":5.0,"enemies":"Book of Stabbing","floor":24.0,"turns":5.0},{"damage":17.0,"enemies":"Shelled Parasite and Fungi","floor":28.0,"turns":4.0},{"damage":0.0,"enemies":"Chosen and Byrds","floor":29.0,"turns":2.0},{"damage":0.0,"enemies":"Gremlin Leader","floor":30.0,"turns":4.0},{"damage":23.0,"enemies":"Centurion and Healer","floor":31.0,"turns":2.0},{"damage":29.0,"enemies":"Champ","floor":33.0,"turns":11.0},{"damage":9.0,"enemies":"3 Shapes","floor":35.0,"turns":2.0},{"damage":15.0,"enemies":"2 Orb Walkers","floor":37.0,"turns":5.0},{"damage":0.0,"enemies":"Orb Walker","floor":38.0,"turns":3.0},{"damage":14.0,"enemies":"Writhing Mass","floor":41.0,"turns":6.0},{"damage":3.0,"enemies":"Giant Head","floor":44.0,"turns":8.0},{"damage":2.0,"enemies":"3 Darklings","floor":45.0,"turns":4.0},{"damage":9.0,"enemies":"Sphere and 2 Shapes","floor":46.0,"turns":3.0},{"damage":3.0,"enemies":"Nemesis","floor":48.0,"turns":7.0},{"damage":51.0,"enemies":"Awakened One","floor":50.0,"turns":13.0},{"damage":7.0,"enemies":"Donu and Deca","floor":51.0,"turns":5.0},{"damage":28.0,"enemies":"Shield and Spear","floor":55.0,"turns":6.0},{"damage":99,"enemies":"The Heart","floor":56,"turns":10}],"seed_played":"7834079285903173851","potions_obtained":[{"floor":2.0,"key":"SkillPotion"},{"floor":5.0,"key":"SmokeBomb"},{"floor":11.0,"key":"GhostInAJar"},{"floor":11.0,"key":"SteroidPotion"},{"floor":29.0,"key":"DuplicationPotion"},{"floor":31.0,"key":"DuplicationPotion"},{"floor":44.0,"key":"Regen Potion"},{"floor":45.0,"key":"DistilledChaos"}],"is_trial":false,"path_per_floor":["M","M","M","?","M","R","E","R","T","E","?","R","M","E","R","B",null,"M","$","?","M","M","R","E","R","T","R","M","M","E","M","R","B",null,"M","?","?","M","?","R","M","R","T","E","M","M","$","E","R","B","B",null,"R","$","E","B",null],"character_chosen":"THE_SILENT","items_purchased":["Nunchaku","Ornamental Fan","Well Laid Plans+1"],"campfire_rested":1,"item_purchase_floors":[19,47,54],"current_hp_per_floor":[58,55,54,54,46,46,29,29,29,10,10,29,29,22,22,43,60,57,57,57,56,57,57,53,53,53,53,37,38,53,31,31,28,73,65,65,51,58,58,58,51,51,51,59,68,68,68,76,76,50,79,93,93,93,77,13],"gold":58,"neow_bonus":"RANDOM_COLORLESS_2","is_daily":false,"chose_seed":false,"campfire_upgraded":10,"win_rate":0.0,"timestamp":1612764837,"path_taken":["M","M","M","?","M","R","E","R","T","E","?","R","M","E","R","BOSS","M","$","?","?","M","R","E","R","T","R","?","?","E","M","R","BOSS","M","?","?","M","?","R","M","R","T","E","M","M","$","E","R","BOSS","BOSS","R","$","E","BOSS"],"items_purchased_type":["Relic","Relic","Card"],"build_version":"2020-12-22","purchased_purges":1,"victory":true,"max_hp_per_floor":[66,66,66,66,66,66,66,66,66,66,66,66,66,66,66,66,66,66,66,66,67,68,68,69,69,69,69,70,71,86,87,87,88,88,89,89,90,91,91,91,92,92,92,93,94,95,95,96,96,97,98,98,98,98,99,100],"relic_stats":{"counters":[30,148],"Blue Candle":[0],"Letter Opener":[220],"Mercury Hourglass":[387],"Nunchaku":[45],"FaceOfCleric":20,"Mummified Hand":[79],"Ornamental Fan":[224],"Pantograph":117,"Bronze Scales":[516],"Bird Faced Urn":[87],"Gambling Chip":[6],"obtain_stats":[{"Blue Candle":48,"Mango":30,"Letter Opener":44,"Frozen Egg 2":26,"Mercury Hourglass":7,"SlaversCollar":34,"Nunchaku":19,"FaceOfCleric":20,"Mummified Hand":24,"Ornamental Fan":47,"Pantograph":9,"Bronze Scales":14,"Bird Faced Urn":37,"Gambling Chip":55,"Coffee Dripper":17,"Ring of the Snake":0},{"Blue Candle":26,"Mango":16,"Letter Opener":23,"Frozen Egg 2":13,"Mercury Hourglass":5,"SlaversCollar":18,"Nunchaku":10,"FaceOfCleric":10,"Mummified Hand":13,"Ornamental Fan":25,"Pantograph":5,"Bronze Scales":8,"Bird Faced Urn":20,"Gambling Chip":29,"Coffee Dripper":9,"Ring of the Snake":0},{"Blue Candle":114,"Mango":63,"Letter Opener":100,"Frozen Egg 2":53,"Mercury Hourglass":22,"SlaversCollar":76,"Nunchaku":45,"FaceOfCleric":45,"Mummified Hand":53,"Ornamental Fan":107,"Pantograph":22,"Bronze Scales":33,"Bird Faced Urn":83,"Gambling Chip":138,"Coffee Dripper":41,"Ring of the Snake":0}],"Ring of the Snake":[65]},"card_choices":[{"not_picked":["Secret Technique","Sadistic Nature"],"picked":"Panache","floor":0.0},{"not_picked":["Backflip","Flying Knee"],"picked":"Poisoned Stab","floor":1.0},{"not_picked":["Deadly Poison","Outmaneuver"],"picked":"Corpse Explosion","floor":2.0},{"not_picked":["Caltrops","Slice"],"picked":"Leg Sweep","floor":3.0},{"not_picked":["Footwork","Backstab"],"picked":"Bouncing Flask","floor":5.0},{"not_picked":["Choke","Cloak And Dagger","PiercingWail"],"picked":"SKIP","floor":7.0},{"not_picked":["Sucker Punch","Acrobatics"],"picked":"Endless Agony","floor":13.0},{"not_picked":["Acrobatics","Expertise"],"picked":"Blade Dance","floor":14.0},{"not_picked":["After Image","Glass Knife"],"picked":"Wraith Form v2","floor":16.0},{"not_picked":["Flying Knee","Dagger Throw"],"picked":"Escape Plan","floor":18.0},{"not_picked":["Dagger Spray","Poisoned Stab"],"picked":"Endless Agony+1","floor":21.0},{"not_picked":["Dodge and Roll","Dash"],"picked":"Blade Dance","floor":22.0},{"not_picked":["Caltrops+1","Bane"],"picked":"Phantasmal Killer","floor":24.0},{"not_picked":["Bane","Setup","Cloak And Dagger"],"picked":"SKIP","floor":28.0},{"not_picked":["Finisher","Caltrops+1","Bane"],"picked":"SKIP","floor":29.0},{"not_picked":["Masterful Stab","Bane+1"],"picked":"Infinite Blades+1","floor":30.0},{"not_picked":["Outmaneuver","Escape Plan"],"picked":"Infinite Blades+1","floor":31.0},{"not_picked":["Die Die Die","Venomology"],"picked":"Malaise","floor":33.0},{"not_picked":["Bane","Reflex","Quick Slash"],"picked":"SKIP","floor":35.0},{"not_picked":["Skewer","Quick Slash"],"picked":"Expertise","floor":37.0},{"not_picked":["Tactician","Backstab","Deadly Poison"],"picked":"SKIP","floor":38.0},{"not_picked":["Infinite Blades+1","Slice+1","Distraction"],"picked":"SKIP","floor":41.0},{"not_picked":["Cloak And Dagger","Grand Finale"],"picked":"Footwork+1","floor":44.0},{"not_picked":["Infinite Blades+1","Bane"],"picked":"Blade Dance","floor":45.0},{"not_picked":["Blade Dance","Underhanded Strike+1"],"picked":"Leg Sweep","floor":46.0},{"not_picked":["Flechettes","Prepared","Masterful Stab"],"picked":"SKIP","floor":48.0},{"not_picked":["Underhanded Strike","Bouncing Flask"],"picked":"Acrobatics","floor":55.0}],"player_experience":671887,"relics_obtained":[{"floor":7.0,"key":"Mercury Hourglass"},{"floor":9.0,"key":"Pantograph"},{"floor":14.0,"key":"Bronze Scales"},{"floor":24.0,"key":"Mummified Hand"},{"floor":26.0,"key":"Frozen Egg 2"},{"floor":30.0,"key":"Mango"},{"floor":37.0,"key":"Bird Faced Urn"},{"floor":44.0,"key":"Letter Opener"},{"floor":48.0,"key":"Blue Candle"},{"floor":55.0,"key":"Gambling Chip"}],"event_choices":[{"damage_healed":0.0,"max_hp_gain":0.0,"max_hp_loss":0.0,"gold_gain":0.0,"event_name":"Liars Game","player_choice":"Ignored","floor":4.0,"gold_loss":0.0,"damage_taken":0.0},{"damage_healed":0.0,"max_hp_gain":0.0,"max_hp_loss":0.0,"gold_gain":0.0,"event_name":"The Woman in Blue","player_choice":"Bought 3 Potions","floor":11.0,"gold_loss":0.0,"damage_taken":0.0},{"damage_healed":0.0,"max_hp_gain":0.0,"max_hp_loss":0.0,"gold_gain":0.0,"event_name":"FaceTrader","player_choice":"Trade","floor":20.0,"gold_loss":0.0,"damage_taken":0.0,"relics_obtained":["FaceOfCleric"]},{"damage_healed":0.0,"max_hp_gain":0.0,"max_hp_loss":0.0,"gold_gain":0.0,"event_name":"Match and Keep!","player_choice":"1 cards matched","floor":36.0,"gold_loss":0.0,"damage_taken":0.0,"cards_obtained":["Neutralize"]},{"damage_healed":0.0,"max_hp_gain":0.0,"max_hp_loss":0.0,"gold_gain":0.0,"event_name":"Mysterious Sphere","player_choice":"Fight","floor":37.0,"gold_loss":0.0,"damage_taken":0.0},{"damage_healed":0.0,"max_hp_gain":0.0,"max_hp_loss":0.0,"gold_gain":50.0,"event_name":"Golden Shrine","player_choice":"Pray","floor":39.0,"gold_loss":0.0,"damage_taken":0.0}],"is_beta":false,"boss_relics":[{"not_picked":["Tiny House","WristBlade"],"picked":"Coffee Dripper"},{"not_picked":["Cursed Key","Busted Crown"],"picked":"SlaversCollar"}],"items_purged_floors":[47],"is_endless":false,"potions_floor_spawned":[2,5,13,14,16,21,22,29,31,33,44,45],"ascension_level":20}}