{"host":"vdpaduzlq0qlaikq","time":1612759540,"event":{"mods":["AchievementEnabler","BaseMod","Better Third Choice","BetterRewards","Colored Map","Downfall","Gold Saver","Hermit","Jorbs\u0027s Wanderer Trilogy","Minty Spire (QoL Compilation)","Relic Filter","Spicy Shops","StSLib","The Necromancer"],"gold_per_floor":[1060,1077,1077,357,376,376,396,396,419,419,434,434,434,464,464,569,569,589,601,118,118,136,136,166,166,191,141,159,98,114,147,147,243,243,261,261,279,35,46,74,74,74,99,127,127,155,155,171,171,171,171,171,14,42,42],"floor_reached":56,"language":"ENG","playtime":2384,"items_purged":["Strike_R"],"score":2272,"play_id":"f5d73fbb-d254-42c9-b8bb-87f9e339d686","local_time":"20210208024540","is_ascension_mode":true,"campfire_choices":[{"data":"Demon Form","floor":6,"key":"SMITH"},{"data":"Armaments","floor":8,"key":"SMITH"},{"data":"Rage","floor":12,"key":"SMITH"},{"data":"Seeing Red","floor":15,"key":"SMITH"},{"data":"Limit Break","floor":23,"key":"SMITH"},{"data":"Seeing Red","floor":25,"key":"SMITH"},{"data":"Infinite Blades","floor":32,"key":"SMITH"},{"floor":41,"key":"RECALL"},{"data":"Disarm","floor":47,"key":"SMITH"},{"data":"Pommel Strike","floor":49,"key":"SMITH"},{"data":"stsjorbsmod:Rebuttal","floor":52,"key":"SMITH"}],"circlet_count":0,"master_deck":["AscendersBane","Strike_R+1","Strike_R+1","Strike_R+1","Strike_R+1","Defend_R+1","Defend_R+1","Defend_R+1","Defend_R+1","Bash","Seeing Red+1","Disarm+1","Pommel Strike+1","Inflame","Armaments+1","Ghostly Armor","Spot Weakness+1","Demon Form+1","Inflame","Spot Weakness+1","Whirlwind","Juggernaut","Bash","Trip","Seeing Red+1","Cleave+1","Rage+1","Limit Break+1","Metallicize","Infinite Blades+1","Life_Drain","stsjorbsmod:Rebuttal+1"],"relics":["Burning Blood","Thread and Needle","Bronze Scales","Anchor","Orrery","Singing Bowl","Guardian:GemstoneGun","Ancient Tea Set","Matryoshka","Shuriken","Orichalcum","Omamori","Guardian:PocketSentry","Juzu Bracelet","Whetstone","SacredBark","Bottled Tornado","PrismaticShard","Oddly Smooth Stone","Lantern","Chemical X","Happy Flower","Coffee Dripper","Kunai","Meat on the Bone","Potion Belt","Self Forming Clay","Regal Pillow","War Paint","White Beast Statue"],"acts_visited":["Exordium","TheCity","TheBeyond","TheEnding"],"potions_floor_usage":[18,31,33,39,50,54,55,55],"damage_taken":[{"damage":1,"enemies":"Small Slimes","floor":1,"turns":4},{"damage":2,"enemies":"Cultist","floor":2,"turns":4},{"damage":0,"enemies":"Jaw Worm","floor":5,"turns":2},{"damage":0,"enemies":"2 Fungi Beasts","floor":7,"turns":3},{"damage":3,"enemies":"Lots of Slimes","floor":11,"turns":4},{"damage":0,"enemies":"3 Sentries","floor":14,"turns":1},{"damage":28,"enemies":"Hexaghost","floor":16,"turns":7},{"damage":8,"enemies":"3 Byrds","floor":18,"turns":4},{"damage":0,"enemies":"Chosen","floor":19,"turns":4},{"damage":12,"enemies":"Shelled Parasite and Fungi","floor":22,"turns":5},{"damage":0,"enemies":"Book of Stabbing","floor":24,"turns":3},{"damage":24,"enemies":"Sentry and Sphere","floor":28,"turns":4},{"damage":5,"enemies":"Snake Plant","floor":30,"turns":3},{"damage":17,"enemies":"Gremlin Leader","floor":31,"turns":4},{"damage":4,"enemies":"Champ","floor":33,"turns":5},{"damage":12,"enemies":"3 Shapes","floor":35,"turns":4},{"damage":14,"enemies":"3 Darklings","floor":37,"turns":3},{"damage":23,"enemies":"4 Shapes","floor":39,"turns":4},{"damage":20,"enemies":"Nemesis","floor":40,"turns":5},{"damage":55,"enemies":"Reptomancer","floor":44,"turns":4},{"damage":27,"enemies":"Nemesis","floor":46,"turns":5},{"damage":8,"enemies":"Spire Growth","floor":48,"turns":5},{"damage":26,"enemies":"Time Eater","floor":50,"turns":7},{"damage":50,"enemies":"Shield and Spear","floor":54,"turns":5},{"damage":49,"enemies":"The Heart","floor":55,"turns":6}],"seed_played":"-1976092058667413580","potions_obtained":[{"floor":1,"key":"Swift Potion"},{"floor":7,"key":"CultistPotion"},{"floor":14,"key":"bronze:BurnAndBuffPotion"},{"floor":18,"key":"Fruit Juice"},{"floor":28,"key":"hexamod:SoulburnPotion"},{"floor":31,"key":"SmokeBomb"},{"floor":33,"key":"AttackPotion"},{"floor":36,"key":"FearPotion"},{"floor":48,"key":"BloodPotion"},{"floor":54,"key":"FearPotion"}],"is_trial":false,"path_per_floor":["M","M","?","$","M","R","M","R","T","$","M","R","T","E","R","B",null,"M","M","$","?","M","R","E","R","T","?","M","$","M","E","R","B",null,"M","?","M","$","M","E","R","$","T","E","?","E","R","M","R","B",null,"R","$","E","B",null],"character_chosen":"IRONCLAD","items_purchased":["Thread and Needle","Bronze Scales","Seeing Red","Disarm","Pommel Strike","Anchor","Inflame","Armaments","Orrery","Inflame","Singing Bowl","Guardian:GemstoneGun","Ancient Tea Set","Guardian:BlockOnCardUsePotion","Matryoshka","Shuriken","Orichalcum","Seeing Red","Metallicize","Bottled Tornado","PrismaticShard","Chemical X","Kunai","War Paint"],"campfire_rested":0,"item_purchase_floors":[0,0,0,0,0,0,0,0,0,0,0,0,0,0,4,4,4,4,20,20,20,29,38,53],"current_hp_per_floor":[81,84,84,84,86,86,86,86,86,86,86,86,86,88,88,66,83,93,101,101,101,97,97,105,105,105,105,87,87,90,81,81,85,105,99,99,93,93,84,76,76,76,76,47,47,46,46,58,58,56,106,106,106,118,81],"gold":42,"neow_bonus":"","is_daily":false,"chose_seed":false,"campfire_upgraded":10,"win_rate":0.0,"timestamp":1612759540,"path_taken":["M","M","?","$","M","R","?","R","T","$","M","R","?","E","R","BOSS","M","M","$","?","M","R","E","R","T","?","M","$","M","E","R","BOSS","M","?","M","$","M","E","R","?","T","E","?","E","R","M","R","BOSS","R","$","E","BOSS"],"items_purchased_type":["Relic","Relic","Card","Card","Card","Relic","Card","Card","Relic","Card","Relic","Relic","Relic","Potion","Relic","Relic","Relic","Card","Card","Relic","Relic","Relic","Relic","Relic"],"build_version":"2020-12-22","purchased_purges":1,"victory":true,"max_hp_per_floor":[84,84,84,84,86,86,86,86,86,86,86,86,86,88,88,88,88,100,102,102,102,104,104,106,106,106,106,106,106,108,110,110,112,112,112,112,114,114,116,116,116,116,116,118,118,120,120,122,122,122,122,122,122,124,124],"card_choices":[{"not_picked":["Perfected Strike","Hemokinesis"],"picked":"Ghostly Armor","floor":0},{"not_picked":["Flex","Dropkick"],"picked":"Spot Weakness","floor":0},{"not_picked":["Clash","Carnage"],"picked":"Demon Form","floor":0},{"not_picked":["Fire Breathing","Warcry","Body Slam"],"picked":"Singing Bowl","floor":0},{"not_picked":["Combust","Iron Wave","Thunderclap"],"picked":"Singing Bowl","floor":0},{"not_picked":["Reckless Charge","Entrench"],"picked":"Spot Weakness","floor":1},{"not_picked":["Headbutt","Warcry"],"picked":"Whirlwind","floor":2},{"not_picked":["Perfected Strike","Feel No Pain","Sever Soul"],"picked":"Singing Bowl","floor":5},{"not_picked":["Thunderclap","Blood for Blood"],"picked":"Cleave","floor":7},{"not_picked":["Dark Embrace","Body Slam"],"picked":"Rage","floor":11},{"not_picked":["Clash","Sentinel","Body Slam"],"picked":"Singing Bowl","floor":14},{"not_picked":["Barricade","Feed"],"picked":"Limit Break","floor":16},{"not_picked":["Spot Weakness","Second Wind+1","Ghostly Armor"],"picked":"Singing Bowl","floor":18},{"not_picked":["Rupture+1","Reckless Charge","Havoc"],"picked":"Singing Bowl","floor":19},{"not_picked":["Cloak And Dagger","Catalyst","stsjorbsmod:BlackTentacles_Cull"],"picked":"Singing Bowl","floor":22},{"not_picked":["Guardian:Recover","hexamod:Hexaguard","champ:DeathBlow+1"],"picked":"Singing Bowl","floor":24},{"not_picked":["Glacier","Blood_Curse+1"],"picked":"Infinite Blades","floor":28},{"not_picked":["champ:ShieldWall","CutThroughFate","stsjorbsmod:Pollute"],"picked":"Singing Bowl","floor":30},{"not_picked":["stsjorbsmod:Sentinel_Cull","Armaments","Rampage"],"picked":"Singing Bowl","floor":31},{"not_picked":["All For One","stsjorbsmod:Trauma","Guardian:CompilePackage"],"picked":"Singing Bowl","floor":33},{"not_picked":["Streamline+1","hexamod:GhostShield"],"picked":"Life_Drain","floor":35},{"not_picked":["Slimebound:Prepare","Guardian:ChargeCore+1","bronze:ForceShield+1"],"picked":"Singing Bowl","floor":37},{"not_picked":["Corrupt","sneckomod:UnknownClassRED","Slimebound:Dissolve"],"picked":"Singing Bowl","floor":39},{"not_picked":["champ:SkillfulDodge","sneckomod:Nope+1"],"picked":"stsjorbsmod:Rebuttal","floor":40},{"not_picked":["Acrobatics+1","Guardian:ChargeCore","Guardian:PrimingBeam+1"],"picked":"Singing Bowl","floor":44},{"not_picked":["sneckomod:WideSting","Meteor Strike","stsjorbsmod:Message+1"],"picked":"Singing Bowl","floor":46},{"not_picked":["Cold Snap+1","Slimebound:PressTheAttack","Slimebound:SplitAcid+1"],"picked":"Singing Bowl","floor":48},{"not_picked":["Stack","Blood for Blood","champ:BerserkersShout+1"],"picked":"Singing Bowl","floor":54}],"player_experience":742858,"relics_obtained":[{"floor":9,"key":"Omamori"},{"floor":9,"key":"Guardian:PocketSentry"},{"floor":13,"key":"Juzu Bracelet"},{"floor":14,"key":"Whetstone"},{"floor":24,"key":"Oddly Smooth Stone"},{"floor":26,"key":"Lantern"},{"floor":31,"key":"Happy Flower"},{"floor":40,"key":"Meat on the Bone"},{"floor":43,"key":"Potion Belt"},{"floor":44,"key":"Self Forming Clay"},{"floor":46,"key":"Regal Pillow"},{"floor":54,"key":"White Beast Statue"}],"event_choices":[{"damage_healed":0,"gold_gain":0,"player_choice":"3 cards matched","damage_taken":0,"max_hp_gain":0,"max_hp_loss":0,"event_name":"Match and Keep!","floor":3,"gold_loss":0,"cards_obtained":["Juggernaut","Bash","Trip"]},{"damage_healed":0,"gold_gain":0,"player_choice":"Simplicity","damage_taken":0,"max_hp_gain":0,"max_hp_loss":7,"event_name":"betterThird:BetterWriting","floor":21,"gold_loss":0},{"damage_healed":0,"gold_gain":0,"player_choice":"Bet on Owner","damage_taken":0,"max_hp_gain":0,"max_hp_loss":0,"event_name":"The Joust","floor":27,"gold_loss":50},{"damage_healed":0,"gold_gain":0,"player_choice":"Got Potions","damage_taken":0,"max_hp_gain":0,"max_hp_loss":0,"event_name":"Lab","floor":36,"gold_loss":0},{"damage_healed":0,"gold_gain":0,"player_choice":"Ignored","damage_taken":0,"max_hp_gain":0,"max_hp_loss":0,"event_name":"betterThird:BetterPortal","floor":45,"gold_loss":0}],"is_beta":false,"boss_relics":[{"not_picked":["bronze:MakeshiftBattery","Astrolabe"],"picked":"SacredBark"},{"not_picked":["Velvet Choker","Runic Cube"],"picked":"Coffee Dripper"}],"items_purged_floors":[0],"is_endless":false,"potions_floor_spawned":[1,7,14,18,28,31,33,35,48,54],"ascension_level":10}}