{"host":"y36bp6mnm73x3iob","time":1612817416,"event":{"mods":["Aspiration","BaseMod","Bossed Relics","GifTheSpireLib","Hermit","Minty Spire (QoL Compilation)","Reliquary","Retaliation","StSLib"],"gold_per_floor":[11,25,25,36,6,40,40,70,95,95,113,129,154,164,164,262,262,274,124,124,124],"floor_reached":20,"language":"ENG","playtime":1025,"items_purged":[],"score":202,"play_id":"188866ff-ab42-4cb6-8a6a-ba1108c46b70","local_time":"20210208225016","is_ascension_mode":true,"campfire_choices":[{"data":"hermit:EternalForm","floor":7,"key":"SMITH"},{"floor":10,"key":"REST"},{"data":"hermit:FlashPowder","floor":15,"key":"SMITH"}],"circlet_count":0,"master_deck":["hermit:Strike_Hermit","hermit:Strike_Hermit","hermit:Strike_Hermit+1","hermit:Strike_Hermit","hermit:Defend_Hermit","hermit:Defend_Hermit","hermit:Defend_Hermit","hermit:Defend_Hermit+1","hermit:Snapshot","hermit:Covet","Panache","hermit:Determination","hermit:Glare","hermit:FlashPowder+1","hermit:EternalForm+1","hermit:LuckOfTheDraw+1","hermit:WideOpen+1","hermit:ShadowCloak","hermit:Glare","hermit:Maintenance","hermit:Horror","hermit:Gestalt","hermit:BlackWind","hermit:ShadowCloak","hermit:EternalForm+1"],"relics":["hermit:Momento","War Paint","aspiration:ChemicalBlood","reliquary:RoseTintedGlasses","Whetstone","Black Star","DollysMirror"],"acts_visited":["Exordium","TheCity"],"potions_floor_usage":[6,8,8,12,16,18,18,20,20],"damage_taken":[{"damage":13,"enemies":"Jaw Worm","floor":1,"turns":4},{"damage":1,"enemies":"Cultist","floor":2,"turns":3},{"damage":0,"enemies":"Small Slimes","floor":4,"turns":4},{"damage":0,"enemies":"Looter","floor":5,"turns":4},{"damage":20,"enemies":"Gremlin Nob","floor":6,"turns":4},{"damage":11,"enemies":"3 Sentries","floor":8,"turns":5},{"damage":5,"enemies":"3 Louse","floor":11,"turns":3},{"damage":5,"enemies":"Exordium Thugs","floor":12,"turns":4},{"damage":0,"enemies":"Looter","floor":14,"turns":3},{"damage":9,"enemies":"Hexaghost","floor":16,"turns":9},{"damage":39,"enemies":"3 Byrds","floor":18,"turns":5},{"damage":50,"enemies":"Masked Bandits","floor":20,"turns":3}],"seed_played":"-791030505773957461","potions_obtained":[{"floor":2,"key":"Weak Potion"},{"floor":4,"key":"Strength Potion"},{"floor":6,"key":"Explosive Potion"},{"floor":8,"key":"DistilledChaos"},{"floor":16,"key":"hermit:Tonic"}],"is_trial":false,"path_per_floor":["M","M","?","M","M","E","R","E","T","R","M","M","T","M","R","B",null,"M","$","?"],"character_chosen":"HERMIT","items_purchased":["DollysMirror"],"campfire_rested":1,"item_purchase_floors":[19],"current_hp_per_floor":[62,61,61,61,61,41,41,30,30,52,47,42,42,42,42,33,75,36,36,0,0],"gold":124,"neow_bonus":"RANDOM_COLORLESS_2","is_daily":false,"chose_seed":false,"campfire_upgraded":2,"win_rate":0.0,"timestamp":1612817416,"path_taken":["M","M","?","?","M","E","R","E","T","R","M","?","?","M","R","BOSS","M","$","?"],"items_purchased_type":["Relic"],"build_version":"2020-12-22","purchased_purges":0,"victory":false,"max_hp_per_floor":[75,75,75,75,75,75,75,75,75,75,75,75,75,75,75,75,75,75,75,75,75],"card_choices":[{"not_picked":["The Bomb","DDmod:PotionAddictCard"],"picked":"Panache","floor":0},{"not_picked":["hermit:Scavenge","hermit:Malice"],"picked":"hermit:Determination","floor":1},{"not_picked":["hermit:Misfire","hermit:Vantage"],"picked":"hermit:Glare","floor":2},{"not_picked":["hermit:Malice","hermit:WideOpen"],"picked":"hermit:LuckOfTheDraw","floor":4},{"not_picked":["hermit:TrackingShot","hermit:Ricochet"],"picked":"hermit:WideOpen","floor":5},{"not_picked":["hermit:SprayPray","hermit:Glare"],"picked":"hermit:ShadowCloak","floor":6},{"not_picked":["hermit:SprayPray","hermit:Enervate"],"picked":"hermit:Glare","floor":8},{"not_picked":["hermit:Midnight","hermit:Coalescence"],"picked":"hermit:Maintenance","floor":11},{"not_picked":["hermit:Ricochet","hermit:Glare"],"picked":"hermit:Horror","floor":12},{"not_picked":["hermit:SprayPray","hermit:ItchyTrigger"],"picked":"hermit:Gestalt","floor":14},{"not_picked":["hermit:Roughhouse","hermit:Adapt"],"picked":"hermit:BlackWind","floor":16},{"not_picked":["hermit:HoleUp+1","hermit:Cheat"],"picked":"hermit:ShadowCloak","floor":18}],"player_experience":518459,"relics_obtained":[{"floor":6,"key":"War Paint"},{"floor":8,"key":"aspiration:ChemicalBlood"},{"floor":9,"key":"reliquary:RoseTintedGlasses"},{"floor":13,"key":"Whetstone"}],"event_choices":[{"damage_healed":0,"gold_gain":0,"player_choice":"2 cards matched","damage_taken":0,"max_hp_gain":0,"max_hp_loss":0,"event_name":"Match and Keep!","floor":3,"gold_loss":0,"cards_obtained":["hermit:FlashPowder","hermit:EternalForm"]},{"damage_healed":0,"gold_gain":0,"player_choice":"Fought Bandits","damage_taken":0,"max_hp_gain":0,"max_hp_loss":0,"event_name":"Masked Bandits","floor":20,"gold_loss":0}],"is_beta":false,"boss_relics":[{"not_picked":["SacredBark","Empty Cage"],"picked":"Black Star"}],"items_purged_floors":[],"is_endless":false,"potions_floor_spawned":[2,4,6,8,16],"killed_by":"Masked Bandits","ascension_level":2}}