{"host":"2zu58scgr3ekv4lr","time":1612825617,"event":{"mods":["AchievementEnabler","BaseMod","Minty Spire (QoL Compilation)","Quick Restart","StSLib","The Cursed"],"gold_per_floor":[110,130,130,142,29,29,64,64,64,64,94,12,22,51,51,151,151,170,3,17,17,34,34,69,69,141,141,141],"floor_reached":27,"language":"ENG","playtime":1309,"items_purged":["Strike_B","Strike_B"],"score":249,"play_id":"1e495148-3af6-4ab1-a77b-1d4195b38f9f","local_time":"20210209000657","is_ascension_mode":false,"campfire_choices":[{"data":"Defragment","floor":6,"key":"SMITH"},{"floor":8,"key":"REST"},{"floor":15,"key":"REST"},{"data":"Meteor Strike","floor":23,"key":"SMITH"}],"circlet_count":0,"master_deck":["Strike_B","Strike_B","Defend_B","Defend_B","Defend_B","Defend_B","Zap","Dualcast","Ball Lightning","Capacitor","Turbo","Defragment+1","BootSequence","Rainbow","Storm","Steam","BootSequence","Meteor Strike+1","Skim+1","Rip and Tear","Coolheaded","Shame","Rainbow","Capacitor+1"],"relics":["SlaversCollar","Mango","Bottled Tornado","Ice Cream","TungstenRod","Boot","Inserter","PreservedInsect","Frozen Egg 2","Sundial"],"acts_visited":["Exordium","TheCity"],"potions_floor_usage":[24,27,27,27],"damage_taken":[{"damage":10,"enemies":"Small Slimes","floor":1,"turns":4},{"damage":5,"enemies":"Cultist","floor":2,"turns":4},{"damage":4,"enemies":"2 Louse","floor":4,"turns":3},{"damage":37,"enemies":"3 Sentries","floor":7,"turns":8},{"damage":29,"enemies":"Gremlin Nob","floor":11,"turns":5},{"damage":0,"enemies":"Large Slime","floor":13,"turns":5},{"damage":10,"enemies":"Lagavulin","floor":14,"turns":6},{"damage":36,"enemies":"Slime Boss","floor":16,"turns":10},{"damage":10,"enemies":"Shell Parasite","floor":18,"turns":5},{"damage":9,"enemies":"Chosen","floor":20,"turns":6},{"damage":31,"enemies":"Shelled Parasite and Fungi","floor":22,"turns":8},{"damage":36,"enemies":"Gremlin Leader","floor":24,"turns":7},{"damage":3,"enemies":"Centurion and Healer","floor":27,"turns":3}],"seed_played":"4605402645831140001","potions_obtained":[{"floor":1,"key":"FearPotion"},{"floor":11,"key":"Strength Potion"},{"floor":13,"key":"ColorlessPotion"},{"floor":14,"key":"PotionOfCapacity"},{"floor":18,"key":"Dexterity Potion"},{"floor":24,"key":"EssenceOfSteel"}],"is_trial":false,"path_per_floor":["M","M","?","M","$","R","E","R","T","?","E","$","M","E","R","B",null,"M","$","M","?","M","R","E","?","T","M"],"character_chosen":"DEFECT","items_purchased":["Defragment","Storm","Rip and Tear"],"campfire_rested":2,"item_purchase_floors":[5,12,19],"current_hp_per_floor":[65,60,60,56,56,56,33,59,59,59,30,30,30,20,46,10,89,79,79,70,70,39,39,3,3,3,0,0],"gold":141,"neow_bonus":"BOSS_RELIC","is_daily":false,"chose_seed":false,"campfire_upgraded":2,"win_rate":0.0,"timestamp":1612825617,"path_taken":["M","M","?","M","$","R","E","R","T","?","E","$","M","E","R","BOSS","M","$","?","?","M","R","E","?","T","?"],"items_purchased_type":["Card","Card","Card"],"build_version":"2020-12-22","purchased_purges":2,"victory":false,"max_hp_per_floor":[75,75,75,75,75,75,89,89,89,89,89,89,89,89,89,89,89,89,89,89,89,89,89,89,89,89,89,89],"card_choices":[{"not_picked":["Fusion","Compile Driver"],"picked":"Ball Lightning","floor":1},{"not_picked":["Beam Cell","Darkness"],"picked":"Capacitor","floor":2},{"not_picked":["Rip and Tear","Hologram"],"picked":"Turbo","floor":4},{"not_picked":["Hologram","Cold Snap"],"picked":"BootSequence","floor":7},{"not_picked":["Heatsinks","Double Energy"],"picked":"Rainbow","floor":11},{"not_picked":["Sweeping Beam","Tempest"],"picked":"Steam","floor":13},{"not_picked":["Streamline","Hello World"],"picked":"BootSequence","floor":14},{"not_picked":["Fission","Hyperbeam"],"picked":"Meteor Strike","floor":16},{"not_picked":["Hologram","Gash"],"picked":"Skim+1","floor":18},{"not_picked":["Steam","Beam Cell"],"picked":"Coolheaded","floor":20},{"not_picked":["Blizzard","Hologram"],"picked":"Rainbow","floor":22},{"not_picked":["Double Energy","Steam"],"picked":"Capacitor+1","floor":24}],"player_experience":23877,"relics_obtained":[{"floor":7,"key":"Mango"},{"floor":9,"key":"Bottled Tornado"},{"floor":11,"key":"TungstenRod"},{"floor":14,"key":"Boot"},{"floor":24,"key":"Frozen Egg 2"},{"floor":26,"key":"Sundial"}],"event_choices":[{"damage_healed":0,"gold_gain":0,"player_choice":"Ignored","damage_taken":0,"max_hp_gain":0,"max_hp_loss":0,"event_name":"Golden Idol","floor":3,"gold_loss":0},{"damage_healed":0,"gold_gain":0,"player_choice":"Gave Potion","damage_taken":0,"relics_obtained":["Ice Cream"],"max_hp_gain":0,"max_hp_loss":0,"event_name":"WeMeetAgain","floor":10,"gold_loss":0},{"damage_healed":0,"gold_gain":0,"player_choice":"Stole Relic","damage_taken":0,"relics_obtained":["PreservedInsect"],"max_hp_gain":0,"max_hp_loss":0,"event_name":"Addict","floor":21,"gold_loss":0,"cards_obtained":["Shame"]},{"damage_healed":0,"gold_gain":0,"player_choice":"Bought 0 Potions","damage_taken":0,"max_hp_gain":0,"max_hp_loss":0,"event_name":"The Woman in Blue","floor":25,"gold_loss":0}],"is_beta":false,"boss_relics":[{"not_picked":["Astrolabe","Cursed Key"],"picked":"Inserter"}],"items_purged_floors":[5,19],"is_endless":false,"potions_floor_spawned":[1,11,13,14,18,20,24],"killed_by":"Centurion and Healer","ascension_level":0}}