{"host":"n605f8gctjc87d7h","time":1612804443,"event":{"mods":["Aspiration","Bard","BaseMod","Better Match","Better Note","Better Skull","Better Third Choice","Conspire","Downfall","Halation","Hermit","Infinite Spire","Minty Spire (QoL Compilation)","Reliquary","Replay The Spire","Retaliation","Shade Mod","Spicy Shops","StSLib","The IronCluck","The Jungle","The Runesmith"],"gold_per_floor":[119,119,119,119,119,119,119,119,119,147,147,161,180,208,208,284,284,295,309,144,144,144],"floor_reached":21,"language":"ENG","playtime":986,"items_purged":[],"score":333,"play_id":"36f31ba2-d164-4eeb-9637-6a233a6ae884","local_time":"20210208091403","is_ascension_mode":true,"campfire_choices":[{"floor":6,"key":"REST"},{"data":"ReplayTheSpireMod:Book of Names","floor":8,"key":"SMITH"},{"floor":11,"key":"REST"},{"floor":15,"key":"REST"}],"circlet_count":0,"master_deck":["AscendersBane","Strike_B","Strike_B","Strike_B","Defend_B","Defend_B","Defend_B","Zap","Dualcast","Machine Learning","ReplayTheSpireMod:Book of Names+1","Streamline+1","Ball Lightning","FTL","Core Surge","Gash"],"relics":["Cracked Core","Question Card","Blue Candle","White Beast Statue"],"acts_visited":["Exordium","TheCity"],"potions_floor_usage":[14,16,16,19,20,21],"damage_taken":[{"damage":5,"enemies":"Small Slimes","floor":1,"turns":4},{"damage":19,"enemies":"Replay:BlueRogue","floor":10,"turns":4},{"damage":1,"enemies":"2 Louse","floor":12,"turns":3},{"damage":0,"enemies":"Cultist","floor":13,"turns":2},{"damage":25,"enemies":"3 Sentries","floor":14,"turns":6},{"damage":19,"enemies":"The Guardian","floor":16,"turns":8},{"damage":23,"enemies":"Spheric Guardian","floor":18,"turns":4},{"damage":19,"enemies":"3 Byrds","floor":19,"turns":3},{"damage":30,"enemies":"Snake Plant","floor":21,"turns":3}],"seed_played":"1952127704718438542","potions_obtained":[{"floor":7,"key":"SpeedPotion"},{"floor":7,"key":"EntropicBrew"},{"floor":16,"key":"sneckomod:MuddlingPotion"},{"floor":18,"key":"hexamod:SoulburnPotion"},{"floor":19,"key":"LiquidMemories"}],"is_trial":false,"path_per_floor":["M","?","?","?","?","R","?","R","T","E","R","M","M","E","R","B",null,"M","M","$","M"],"character_chosen":"DEFECT","items_purchased":["Fruit Juice"],"campfire_rested":3,"item_purchase_floors":[20],"current_hp_per_floor":[59,42,42,42,42,63,63,63,63,44,65,64,64,39,60,41,64,41,22,29,0,0],"gold":144,"neow_bonus":"ONE_RANDOM_RARE_CARD","is_daily":false,"chose_seed":false,"campfire_upgraded":1,"win_rate":0.0,"timestamp":1612804443,"path_taken":["M","?","?","?","?","R","?","R","T","E","R","?","M","E","R","BOSS","M","M","$","M"],"items_purchased_type":["Potion"],"build_version":"2020-12-22","purchased_purges":0,"victory":false,"max_hp_per_floor":[71,71,71,71,71,71,71,71,71,71,71,71,71,71,71,71,71,71,71,78,78,78],"card_choices":[{"not_picked":["Panic Button","Cold Snap","Beam Cell"],"picked":"SKIP","floor":1},{"not_picked":["ReplayTheSpireMod:Echoes of Time","infinitespire:SealOfDarkness+"],"picked":"ReplayTheSpireMod:Book of Names","floor":2},{"not_picked":["Stack","Undo","Hello World","Sweeping Beam"],"picked":"SKIP","floor":10},{"not_picked":["Loop","Darkness","Compile Driver"],"picked":"Ball Lightning","floor":12},{"not_picked":["Sunder","Sweeping Beam","Turbo"],"picked":"FTL","floor":13},{"not_picked":["Recycle","Buffer","Streamline","Redo"],"picked":"SKIP","floor":14},{"not_picked":["All For One","Meteor Strike","Hyperbeam"],"picked":"Core Surge","floor":16},{"not_picked":["ReplaySort","Go for the Eyes","Ball Lightning","Hologram"],"picked":"SKIP","floor":18},{"not_picked":["Leap","Ball Lightning","Cold Snap"],"picked":"Gash","floor":19}],"player_experience":844440,"relics_obtained":[{"floor":9,"key":"Question Card"},{"floor":10,"key":"Blue Candle"},{"floor":14,"key":"White Beast Statue"}],"event_choices":[{"cards_removed":["Strike_B"],"damage_healed":0,"gold_gain":0,"player_choice":"Forget","damage_taken":0,"max_hp_gain":0,"max_hp_loss":0,"event_name":"Living Wall","floor":5,"gold_loss":0},{"damage_healed":0,"gold_gain":0,"player_choice":"Got Potions","damage_taken":0,"max_hp_gain":0,"max_hp_loss":0,"event_name":"Lab","floor":7,"gold_loss":0}],"is_beta":false,"boss_relics":[{"not_picked":["conspire:SlowCooker","Snecko Heart","conspire:SeveredTorchhead"]}],"items_purged_floors":[],"is_endless":false,"potions_floor_spawned":[10,12,16,18,19],"killed_by":"Snake Plant","ascension_level":16}}