{"host":"utqe55yv0jihe4d6","time":1612756806,"event":{"mods":["2.2 Compatiblity","AchievementEnabler","BaseMod","Block Reminder","Colored Map","Colored Powertips","Minty Spire (QoL Compilation)","Quick Restart","Rare Cards Sparkle","Relic Stats","SuperFastMode"],"gold_per_floor":[118,42,42,42,63,99,99,113,158,158,158,179,179,219,219,312,312,332,4,23,38,51,51,75,118,118,161,161,508,28,68,68,68,68],"floor_reached":33,"language":"ENG","playtime":1241,"items_purged":["Strike_G"],"score":816,"play_id":"db9b1a4b-637e-40e2-8474-d1cffe847dd5","local_time":"20210207230006","is_ascension_mode":true,"campfire_choices":[{"data":"Neutralize","floor":7.0,"key":"SMITH"},{"data":"Wraith Form v2","floor":10.0,"key":"SMITH"},{"floor":13.0,"key":"REST"},{"floor":15.0,"key":"REST"},{"data":"Footwork","floor":23.0,"key":"SMITH"},{"data":"Footwork","floor":28.0,"key":"SMITH"},{"floor":32,"key":"REST"}],"circlet_count":0,"master_deck":["AscendersBane","Strike_G","Strike_G","Strike_G+1","Defend_G+1","Defend_G","Defend_G","Defend_G","Defend_G","Survivor","Neutralize+1","Noxious Fumes","Footwork+1","Deadly Poison","All Out Attack","Wraith Form v2+1","Footwork+1","PiercingWail","Backflip","Night Terror","Crippling Poison+1","Skewer","PiercingWail","Die Die Die","Dodge and Roll+1","Backflip","Caltrops"],"relics":["Ring of the Snake","NeowsBlessing","Golden Idol","Potion Belt","Centennial Puzzle","White Beast Statue","Snecko Eye","PreservedInsect","Bronze Scales","Tough Bandages","Kunai","CeramicFish","Old Coin","ClockworkSouvenir","Oddly Smooth Stone","Shuriken"],"acts_visited":["Exordium","TheCity"],"potions_floor_usage":[31,31,33],"damage_taken":[{"damage":0.0,"enemies":"Small Slimes","floor":1.0,"turns":1.0},{"damage":0.0,"enemies":"2 Louse","floor":5.0,"turns":1.0},{"damage":0.0,"enemies":"Lagavulin","floor":6.0,"turns":1.0},{"damage":10.0,"enemies":"Jaw Worm","floor":8.0,"turns":4.0},{"damage":18.0,"enemies":"Large Slime","floor":12.0,"turns":7.0},{"damage":4.0,"enemies":"3 Sentries","floor":14.0,"turns":7.0},{"damage":19.0,"enemies":"The Guardian","floor":16.0,"turns":12.0},{"damage":1.0,"enemies":"2 Thieves","floor":18.0,"turns":5.0},{"damage":4.0,"enemies":"Chosen","floor":20.0,"turns":6.0},{"damage":6.0,"enemies":"Snake Plant","floor":21.0,"turns":5.0},{"damage":2.0,"enemies":"Snecko","floor":22.0,"turns":7.0},{"damage":3.0,"enemies":"Centurion and Healer","floor":24.0,"turns":11.0},{"damage":18.0,"enemies":"Slavers","floor":25.0,"turns":4.0},{"damage":0.0,"enemies":"Gremlin Leader","floor":27.0,"turns":5.0},{"damage":15.0,"enemies":"Slavers","floor":29.0,"turns":4.0},{"damage":0,"enemies":"Gremlin Leader","floor":31,"turns":6},{"damage":65,"enemies":"Collector","floor":33,"turns":9}],"seed_played":"-5259436316023004841","potions_obtained":[{"floor":1.0,"key":"LiquidMemories"},{"floor":6.0,"key":"Swift Potion"},{"floor":8.0,"key":"DuplicationPotion"},{"floor":16.0,"key":"DistilledChaos"},{"floor":18.0,"key":"Regen Potion"},{"floor":21.0,"key":"CultistPotion"},{"floor":24.0,"key":"Energy Potion"},{"floor":27.0,"key":"Energy Potion"},{"floor":29.0,"key":"Ancient Potion"},{"floor":31,"key":"PowerPotion"}],"is_trial":false,"path_per_floor":["M","$","?","?","M","E","R","M","T","R","?","M","R","E","R","B",null,"M","$","M","M","M","R","M","E","T","E","R","E","$","E","R","B"],"character_chosen":"THE_SILENT","items_purchased":["Footwork","PreservedInsect","Bronze Scales","ClockworkSouvenir","Oddly Smooth Stone","Caltrops"],"campfire_rested":3,"item_purchase_floors":[2,19,19,30,30,30],"current_hp_per_floor":[59,59,59,41,41,41,41,31,31,31,31,13,31,27,45,26,52,51,51,47,55,53,53,50,32,32,32,32,17,17,17,35,0,0],"gold":68,"neow_bonus":"THREE_ENEMY_KILL","is_daily":false,"chose_seed":false,"campfire_upgraded":4,"win_rate":0.0,"timestamp":1612756806,"path_taken":["M","$","?","?","?","E","R","M","T","R","?","M","R","E","R","BOSS","M","?","M","?","?","R","M","E","T","E","R","E","$","E","R","BOSS"],"items_purchased_type":["Card","Relic","Relic","Relic","Relic","Card"],"build_version":"2020-12-22","purchased_purges":1,"victory":false,"max_hp_per_floor":[66,66,60,60,60,60,60,60,60,60,60,60,60,60,60,60,60,60,60,60,60,60,60,60,60,60,60,60,60,60,60,60,60,60],"relic_stats":{"Centennial Puzzle":[33],"Tough Bandages":[30],"counters":[17,95],"Golden Idol":96,"Shuriken":[1],"Bronze Scales":[195],"CeramicFish":27,"Snecko Eye":[121,102,116,120],"PreservedInsect":181,"Kunai":[2],"obtain_stats":[{"Potion Belt":6,"NeowsBlessing":0,"Golden Idol":3,"CeramicFish":27,"Oddly Smooth Stone":30,"PreservedInsect":19,"White Beast Statue":14,"Old Coin":29,"ClockworkSouvenir":30,"Centennial Puzzle":9,"Tough Bandages":25,"Shuriken":31,"Bronze Scales":19,"Snecko Eye":17,"Kunai":26,"Ring of the Snake":0},{"Potion Belt":3,"NeowsBlessing":0,"Golden Idol":1,"CeramicFish":14,"Oddly Smooth Stone":15,"PreservedInsect":8,"White Beast Statue":6,"Old Coin":15,"ClockworkSouvenir":15,"Centennial Puzzle":4,"Tough Bandages":13,"Shuriken":16,"Bronze Scales":8,"Snecko Eye":7,"Kunai":13,"Ring of the Snake":0},{"Potion Belt":3,"NeowsBlessing":0,"Golden Idol":1,"CeramicFish":76,"Oddly Smooth Stone":80,"PreservedInsect":38,"White Beast Statue":21,"Old Coin":80,"ClockworkSouvenir":80,"Centennial Puzzle":7,"Tough Bandages":71,"Shuriken":86,"Bronze Scales":38,"Snecko Eye":33,"Kunai":71,"Ring of the Snake":0}],"Ring of the Snake":[34]},"card_choices":[{"not_picked":["Calculated Gamble","Flying Knee"],"picked":"Noxious Fumes","floor":1.0},{"not_picked":["Bane","Footwork"],"picked":"Deadly Poison","floor":5.0},{"not_picked":["Slice","Deflect"],"picked":"All Out Attack","floor":6.0},{"not_picked":["Prepared","Quick Slash"],"picked":"Wraith Form v2","floor":8.0},{"not_picked":["Distraction","Expertise"],"picked":"PiercingWail","floor":12.0},{"not_picked":["Dodge and Roll","Acrobatics"],"picked":"Backflip","floor":14.0},{"not_picked":["Tools of the Trade","After Image"],"picked":"Night Terror","floor":16.0},{"not_picked":["Flying Knee","Poisoned Stab"],"picked":"Crippling Poison+1","floor":18.0},{"not_picked":["Finisher","Bane"],"picked":"Skewer","floor":20.0},{"not_picked":["Riddle With Holes","Skewer","Choke"],"picked":"SKIP","floor":21.0},{"not_picked":["Finisher","Deadly Poison"],"picked":"PiercingWail","floor":22.0},{"not_picked":["Poisoned Stab","Deadly Poison","Tactician"],"picked":"SKIP","floor":24.0},{"not_picked":["Backflip","Poisoned Stab"],"picked":"Die Die Die","floor":25.0},{"not_picked":["Dagger Spray","Escape Plan"],"picked":"Dodge and Roll+1","floor":27.0},{"not_picked":["Slice","Heel Hook"],"picked":"Backflip","floor":29.0},{"not_picked":["Crippling Poison","Poisoned Stab","Choke"],"picked":"SKIP","floor":31}],"player_experience":3062738,"relics_obtained":[{"floor":6.0,"key":"Potion Belt"},{"floor":9.0,"key":"Centennial Puzzle"},{"floor":14.0,"key":"White Beast Statue"},{"floor":25.0,"key":"Tough Bandages"},{"floor":26.0,"key":"Kunai"},{"floor":27.0,"key":"CeramicFish"},{"floor":29.0,"key":"Old Coin"},{"floor":31,"key":"Shuriken"}],"event_choices":[{"damage_healed":0.0,"max_hp_gain":0.0,"max_hp_loss":6.0,"gold_gain":0.0,"event_name":"Golden Idol","player_choice":"Lose Max HP","floor":3.0,"gold_loss":0.0,"damage_taken":0.0,"relics_obtained":["Golden Idol"]},{"damage_healed":0.0,"max_hp_gain":0.0,"max_hp_loss":0.0,"gold_gain":0.0,"event_name":"Shining Light","player_choice":"Entered Light","floor":4.0,"gold_loss":0.0,"damage_taken":18.0,"cards_upgraded":["Strike_G","Defend_G"]},{"damage_healed":0.0,"max_hp_gain":0.0,"max_hp_loss":0.0,"gold_gain":0.0,"cards_transformed":["Strike_G"],"event_name":"Transmorgrifier","player_choice":"Transformed","floor":11.0,"gold_loss":0.0,"damage_taken":0.0,"cards_obtained":["Footwork"]}],"is_beta":false,"boss_relics":[{"not_picked":["Ectoplasm","Sozu"],"picked":"Snecko Eye"}],"items_purged_floors":[30],"is_endless":false,"potions_floor_spawned":[1,6,8,16,18,20,21,22,24,25,27,29,31],"killed_by":"Collector","ascension_level":20}}