{"host":"j4g6ia6asvpyu2b0","time":1612746345,"event":{"mods":["BaseMod","Colored Map","Minty Spire (QoL Compilation)","Permanent Neow","Quick Restart","Relic Stats","StSLib","Unceasing Turn Reminder"],"gold_per_floor":[117,133,153,168,179,179,195,195,195,227,227,227,258,258,258,356,356,370,370,385,412,412,412],"floor_reached":22,"language":"ENG","playtime":548,"items_purged":[],"score":283,"play_id":"2edf8aac-a1b7-41d7-acb5-5f8f2a321fd7","local_time":"20210207180545","is_ascension_mode":true,"campfire_choices":[{"data":"Blade Dance","floor":6,"key":"SMITH"},{"data":"Deadly Poison","floor":8,"key":"SMITH"},{"data":"Terror","floor":11,"key":"SMITH"},{"data":"Finisher","floor":15,"key":"SMITH"}],"circlet_count":0,"master_deck":["Strike_G+1","Strike_G","Strike_G","Strike_G","Strike_G","Defend_G","Defend_G+1","Defend_G","Defend_G","Defend_G","Survivor","Neutralize","Blade Dance+1","Deadly Poison+1","Infinite Blades","Escape Plan","Terror+1","Dodge and Roll","Finisher+1","Envenom","Blade Dance","Necronomicurse","PiercingWail","Quick Slash"],"relics":["Cursed Key","Singing Bowl","Art of War","StrikeDummy","Runic Dome","Necronomicon","Red Mask"],"acts_visited":["Exordium","TheCity"],"potions_floor_usage":[10,10,13],"damage_taken":[{"damage":0,"enemies":"Small Slimes","floor":1,"turns":4},{"damage":0,"enemies":"2 Louse","floor":2,"turns":2},{"damage":7,"enemies":"Jaw Worm","floor":3,"turns":3},{"damage":4,"enemies":"Large Slime","floor":4,"turns":6},{"damage":6,"enemies":"Looter","floor":5,"turns":3},{"damage":0,"enemies":"2 Fungi Beasts","floor":7,"turns":3},{"damage":5,"enemies":"Gremlin Nob","floor":10,"turns":4},{"damage":2,"enemies":"3 Sentries","floor":13,"turns":7},{"damage":0,"enemies":"Slime Boss","floor":16,"turns":4},{"damage":10,"enemies":"Shell Parasite","floor":18,"turns":3},{"damage":6,"enemies":"3 Byrds","floor":20,"turns":5},{"damage":22,"enemies":"Masked Bandits","floor":21,"turns":5},{"damage":18,"enemies":"Shelled Parasite and Fungi","floor":22,"turns":3}],"seed_played":"3542442991141515390","potions_obtained":[{"floor":3,"key":"AttackPotion"},{"floor":4,"key":"LiquidMemories"},{"floor":5,"key":"Block Potion"},{"floor":13,"key":"LiquidBronze"},{"floor":16,"key":"Energy Potion"},{"floor":18,"key":"CultistPotion"}],"is_trial":false,"path_per_floor":["M","M","M","M","M","R","M","R","T","E","R","?","E","?","R","B",null,"M","?","M","?","M"],"character_chosen":"THE_SILENT","items_purchased":[],"campfire_rested":0,"item_purchase_floors":[],"current_hp_per_floor":[70,70,63,59,53,53,53,53,53,50,50,36,34,27,27,27,72,62,46,40,18,0,0],"gold":412,"neow_bonus":"BOSS_RELIC","is_daily":false,"chose_seed":false,"campfire_upgraded":4,"win_rate":0.0,"timestamp":1612746345,"path_taken":["M","M","M","M","M","R","M","R","T","E","R","?","E","?","R","BOSS","M","?","M","?","M"],"items_purchased_type":[],"build_version":"2020-12-22","purchased_purges":0,"victory":false,"max_hp_per_floor":[70,70,70,70,70,70,70,70,70,72,72,72,72,72,72,72,72,72,72,72,72,72,72],"relic_stats":{"Singing Bowl":2,"counters":[13,52],"Art of War":[0],"Necronomicon":[0],"Cursed Key":1,"obtain_stats":[{"Runic Dome":17,"Singing Bowl":9,"Art of War":10,"Necronomicon":19,"Red Mask":21,"Cursed Key":0,"StrikeDummy":13,"Ring of the Snake":0},{"Runic Dome":9,"Singing Bowl":6,"Art of War":7,"Necronomicon":10,"Red Mask":12,"Cursed Key":0,"StrikeDummy":8,"Ring of the Snake":0},{"Runic Dome":36,"Singing Bowl":21,"Art of War":25,"Necronomicon":39,"Red Mask":49,"Cursed Key":0,"StrikeDummy":32,"Ring of the Snake":0}]},"card_choices":[{"not_picked":["Outmaneuver","Caltrops"],"picked":"Blade Dance","floor":1},{"not_picked":["Eviscerate","Slice"],"picked":"Deadly Poison","floor":2},{"not_picked":["Prepared","Calculated Gamble"],"picked":"Infinite Blades","floor":3},{"not_picked":["Heel Hook","Prepared"],"picked":"Escape Plan","floor":4},{"not_picked":["All Out Attack","Dodge and Roll"],"picked":"Terror","floor":5},{"not_picked":["Deflect","Slice"],"picked":"Dodge and Roll","floor":7},{"not_picked":["Setup","Poisoned Stab","Distraction"],"picked":"Singing Bowl","floor":10},{"not_picked":["Slice","Well Laid Plans"],"picked":"Finisher","floor":13},{"not_picked":["Wraith Form v2","Unload"],"picked":"Envenom","floor":16},{"not_picked":["Poisoned Stab","Underhanded Strike+1"],"picked":"Blade Dance","floor":18},{"not_picked":["Cloak And Dagger","Poisoned Stab"],"picked":"PiercingWail","floor":20},{"not_picked":["Masterful Stab","Deflect+1"],"picked":"Quick Slash","floor":21}],"player_experience":1177414,"relics_obtained":[{"floor":9,"key":"Singing Bowl"},{"floor":10,"key":"Art of War"},{"floor":13,"key":"StrikeDummy"},{"floor":19,"key":"Necronomicon"},{"floor":21,"key":"Red Mask"}],"event_choices":[{"damage_healed":0,"gold_gain":0,"player_choice":"Entered Light","damage_taken":14,"max_hp_gain":0,"max_hp_loss":0,"event_name":"Shining Light","floor":12,"gold_loss":0,"cards_upgraded":["Defend_G","Strike_G"]},{"cards_removed":["Normality"],"damage_healed":0,"gold_gain":0,"player_choice":"Card Removal","damage_taken":7,"max_hp_gain":0,"max_hp_loss":0,"event_name":"Golden Wing","floor":14,"gold_loss":0},{"damage_healed":0,"gold_gain":0,"player_choice":"Obtained Book","damage_taken":16,"max_hp_gain":0,"max_hp_loss":0,"event_name":"Cursed Tome","floor":19,"gold_loss":0},{"damage_healed":0,"gold_gain":0,"player_choice":"Fought Bandits","damage_taken":0,"max_hp_gain":0,"max_hp_loss":0,"event_name":"Masked Bandits","floor":21,"gold_loss":0}],"is_beta":false,"boss_relics":[{"not_picked":["Tiny House","Snecko Eye"],"picked":"Runic Dome"}],"items_purged_floors":[],"is_endless":false,"potions_floor_spawned":[3,4,5,13,16,18,21],"killed_by":"Shelled Parasite and Fungi","ascension_level":3}}