{"host":"zksvs3x2ysy9npnz","time":1612748552,"event":{"mods":["Aspiration","BaseMod","Beaked The Cultist","BetterRewards","Clockwork Mod","Colored Map","Conspire","Downfall","Halation","Highlight Path","Hubris","Infinite Spire","Jedi Mod","Magitek Elite","Minty Spire (QoL Compilation)","Permanent Neow","Quick Restart","Relic Stats","Shop Mod","StSLib","The Runesmith","The Witch"],"gold_per_floor":[15,34,34,34,47,82,100,135,135,166,166,197,197,213,213,311,311,336,336,336,336,360,360,360],"floor_reached":23,"language":"FRA","playtime":1455,"items_purged":[],"score":397,"play_id":"6d456a87-fb17-46f4-806b-7ad2b81fae3b","local_time":"20210208024232","is_ascension_mode":true,"campfire_choices":[{"data":"beaked:SurvivalInstinct","floor":11,"key":"SMITH"},{"data":"beaked:Ceremony","floor":13,"key":"SMITH"},{"data":"beaked:FullHouse","floor":15,"key":"SMITH"}],"circlet_count":0,"master_deck":["AscendersBane","beaked:Strike_Y","beaked:Strike_Y","beaked:Strike_Y","beaked:Strike_Y","beaked:Strike_Y","beaked:Strike_Y","beaked:Defend_Y","beaked:Defend_Y","beaked:Defend_Y","beaked:Defend_Y","beaked:Ceremony+1","beaked:Ceremony","beaked:Ceremony","beaked:SurvivalInstinct+1","beaked:Evade","beaked:FullHouse+1","beaked:FakeOut","infinitespire:SevenWalls","beaked:Brace"],"relics":["beaked:MendingPlumage","Golden Idol","Boot","hubris:Spice","Happy Flower","jedi:bottledfury","Tintinnabulum","MealTicket","aspiration:Stabinomicon"],"acts_visited":["Exordium","TheCity"],"potions_floor_usage":[7,10,22],"damage_taken":[{"damage":10,"enemies":"2 Louse","floor":1,"turns":7},{"damage":6,"enemies":"Cultist","floor":2,"turns":4},{"damage":2,"enemies":"Small Slimes","floor":5,"turns":5},{"damage":60,"enemies":"3 Sentries","floor":6,"turns":10},{"damage":7,"enemies":"2 Fungi Beasts","floor":7,"turns":6},{"damage":30,"enemies":"Lagavulin","floor":8,"turns":7},{"damage":15,"enemies":"3 Sentries","floor":10,"turns":9},{"damage":44,"enemies":"Gremlin Nob","floor":12,"turns":5},{"damage":18,"enemies":"Large Slime","floor":14,"turns":12},{"damage":5,"enemies":"The Guardian","floor":16,"turns":11},{"damage":40,"enemies":"Shell Parasite","floor":18,"turns":8},{"damage":11,"enemies":"3 Byrds","floor":22,"turns":5},{"damage":52,"enemies":"Gremlin Leader","floor":23,"turns":5}],"seed_played":"1905632714595167680","potions_obtained":[{"floor":1,"key":"Swift Potion"},{"floor":7,"key":"Fruit Juice"},{"floor":8,"key":"Strength Potion"},{"floor":10,"key":"jedi:mysterypotion"},{"floor":12,"key":"hexamod:SoulburnPotion"}],"is_trial":false,"path_per_floor":["M","M","?","?","M","E","M","E","T","E","R","E","R","M","R","B",null,"M","?","?","?","M","E"],"character_chosen":"BEAKED_THE_CULTIST","items_purchased":[],"campfire_rested":0,"item_purchase_floors":[],"current_hp_per_floor":[53,53,40,40,53,22,39,29,29,44,45,18,19,51,52,66,74,57,39,40,25,31,0,0],"gold":360,"neow_bonus":"TWENTY_PERCENT_HP_BONUS","is_daily":false,"chose_seed":false,"campfire_upgraded":3,"win_rate":0.0,"timestamp":1612748552,"path_taken":["M","M","?","?","M","E","M","E","T","E","R","E","R","?","R","BOSS","M","?","?","?","M","E"],"items_purchased_type":[],"build_version":"2020-12-22","purchased_purges":0,"victory":false,"max_hp_per_floor":[53,53,53,53,53,61,66,66,66,66,66,66,66,66,66,66,74,74,74,74,74,74,74,74],"relic_stats":{"Happy Flower":[18],"counters":[13,94],"Golden Idol":66,"MealTicket":0,"Boot":[20],"obtain_stats":[{"Happy Flower":8,"Golden Idol":3,"hubris:Spice":6,"Tintinnabulum":10,"MealTicket":12,"aspiration:Stabinomicon":21,"jedi:bottledfury":9,"beaked:MendingPlumage":0,"Boot":4},{"Happy Flower":6,"Golden Idol":2,"hubris:Spice":4,"Tintinnabulum":7,"MealTicket":8,"aspiration:Stabinomicon":11,"jedi:bottledfury":6,"beaked:MendingPlumage":0,"Boot":2},{"Happy Flower":39,"Golden Idol":11,"hubris:Spice":26,"Tintinnabulum":48,"MealTicket":53,"aspiration:Stabinomicon":84,"jedi:bottledfury":39,"beaked:MendingPlumage":0,"Boot":11}]},"card_choices":[{"not_picked":["beaked:Recite","beaked:Daydream"],"picked":"beaked:SurvivalInstinct","floor":1},{"not_picked":["beaked:BarbedWire","beaked:Poke"],"picked":"beaked:Evade","floor":2},{"not_picked":["beaked:VigorBurst","beaked:MimicMachine","beaked:Molting"],"picked":"SKIP","floor":5},{"not_picked":["beaked:TuckingFeathers","beaked:Resilience"],"picked":"beaked:FullHouse","floor":6},{"not_picked":["beaked:Redirect","beaked:Resilience","beaked:DigDeeper"],"picked":"SKIP","floor":7},{"not_picked":["beaked:Devastation","beaked:FeelMyPain","beaked:WarriorEssence"],"picked":"SKIP","floor":8},{"not_picked":["beaked:Overexert","beaked:MaddeningMurmurs","beaked:WildInstinct"],"picked":"SKIP","floor":10},{"not_picked":["beaked:Windmill","beaked:Poke","beaked:Cower"],"picked":"SKIP","floor":12},{"not_picked":["beaked:StunningBlow","beaked:MachineSpirit","beaked:Evade"],"picked":"SKIP","floor":14},{"not_picked":["beaked:SacrificialScars","beaked:DarkTribute"],"picked":"beaked:FakeOut","floor":16},{"not_picked":["beaked:BloodRitual","beaked:Tradeoff","beaked:DigDeep"],"picked":"SKIP","floor":18},{"not_picked":["infinitespire:FinalStrike","infinitespire:Gouge"],"picked":"infinitespire:SevenWalls","floor":19},{"not_picked":["beaked:DigDeep","beaked:Daydream"],"picked":"beaked:Brace","floor":22}],"player_experience":1865871,"relics_obtained":[{"floor":6,"key":"hubris:Spice"},{"floor":8,"key":"Happy Flower"},{"floor":9,"key":"jedi:bottledfury"},{"floor":10,"key":"Tintinnabulum"},{"floor":12,"key":"MealTicket"},{"floor":21,"key":"aspiration:Stabinomicon"}],"event_choices":[{"damage_healed":0,"gold_gain":0,"player_choice":"Take Damage","damage_taken":13,"relics_obtained":["Golden Idol"],"max_hp_gain":0,"max_hp_loss":0,"event_name":"Golden Idol","floor":3,"gold_loss":0},{"damage_healed":0,"gold_gain":0,"player_choice":"Gave Potion","damage_taken":0,"relics_obtained":["Boot"],"max_hp_gain":0,"max_hp_loss":0,"event_name":"WeMeetAgain","floor":4,"gold_loss":0},{"damage_healed":0,"gold_gain":0,"player_choice":"Obtained Book","damage_taken":16,"max_hp_gain":0,"max_hp_loss":0,"event_name":"Cursed Tome","floor":21,"gold_loss":0}],"is_beta":false,"boss_relics":[{"not_picked":["Runic Pyramid","hubris:Spice"],"picked":"hubris:Spice"}],"items_purged_floors":[],"is_endless":false,"potions_floor_spawned":[1,7,8,10,12,18],"killed_by":"Gremlin Leader","ascension_level":14}}