{"host":"\u003cno name\u003e","time":1612762643,"event":{"mods":["BaseMod","Colored Powertips","Downfall","Googly Eyes","Minty Spire (QoL Compilation)","StSLib","SuperFastMode"],"gold_per_floor":[99,112,112,112,128,183,208,218,118,148,158,177,207,226,245,345,345,345,356,456,470,470,490,490,502,402,434,56,84,84,104,119,218,218,218,234,254,139,154,173,199,217,236,254,254,265,265,125,137,137],"floor_reached":51,"language":"ZHS","playtime":2817,"items_purged":["Regret","downfall:Haunted","Doubt"],"score":871,"play_id":"c1e6f023-dbc2-4f4e-b481-6c027d0c48f3","local_time":"20210208133723","is_ascension_mode":true,"campfire_choices":[{"floor":1,"key":"RECALL"},{"data":"Slimebound:GrowthPunch","floor":9,"key":"SMITH"},{"data":"Slimebound:MassRepurpose","floor":18,"key":"SMITH"},{"data":"Slimebound:SelfFormingGoo","floor":26,"key":"SMITH"},{"data":"Slimebound:SlimeBrawl","floor":30,"key":"SMITH"},{"data":"Slimebound:MassFeed","floor":35,"key":"SMITH"},{"data":"Slimebound:FirmFortitude","floor":47,"key":"SMITH"}],"circlet_count":0,"master_deck":["Slimebound:Strike_Slimebound","Slimebound:Strike_Slimebound","Slimebound:Tackle","Slimebound:Defend_Slimebound","Slimebound:Defend_Slimebound","Slimebound:Defend_Slimebound","Slimebound:Defend_Slimebound","Slimebound:Split","Slimebound:CorrosiveSpit","Slimebound:GrowthPunch+1","Slimebound:Repurpose","Slimebound:Nibble","Slimebound:DisruptingSlam","Slimebound:GrowthPunch","Slimebound:OozeBath","Slimebound:Schlurp","Slimebound:FirmFortitude+1","Slimebound:LeechEnergy","Slimebound:MassRepurpose+1","downfall:Haunted","downfall:Icky","Slimebound:SelfFormingGoo+1","Writhe","Slimebound:Prepare","RitualDagger","Slimebound:SplitMire+1","Slimebound:SplitLeeching","Slimebound:SlimeBrawl+1","Slimebound:MegaLick","Slimebound:SpikyOuterGoop+1","Slimebound:SplitBruiser","Slimebound:GoopSpray+1","Slimebound:MassFeed+1","Slimebound:SplitMire","Slimebound:SamplingLick+1","Slimebound:Gluttony+1","Slimebound:SplitAcid","Slimebound:SlimeSpikes+1"],"relics":["Slimebound:AbsorbEndCombat","FossilizedHelix","Shuriken","Oddly Smooth Stone","downfall:HeartBlessingRed","Thread and Needle","Slimebound:MaxSlimesRelic","Coffee Dripper","Darkstone Periapt","Pear","downfall:HeartBlessingBlue","Gremlin Horn","Frozen Egg 2","Regal Pillow","Busted Crown","MealTicket"],"acts_visited":["Exordium","TheCity","TheBeyond"],"potions_floor_usage":[29,29,29],"damage_taken":[{"damage":0,"enemies":"Small Slimes","floor":2,"turns":3},{"damage":7,"enemies":"2 Louse","floor":5,"turns":4},{"damage":35,"enemies":"3 Sentries","floor":6,"turns":12},{"damage":0,"enemies":"Jaw Worm","floor":8,"turns":4},{"damage":15,"enemies":"Gremlin Nob","floor":10,"turns":4},{"damage":2,"enemies":"Blue Slaver","floor":11,"turns":5},{"damage":0,"enemies":"Exordium Wildlife","floor":12,"turns":4},{"damage":9,"enemies":"3 Sentries","floor":13,"turns":7},{"damage":0,"enemies":"3 Louse","floor":14,"turns":2},{"damage":0,"enemies":"Exordium Thugs","floor":15,"turns":4},{"damage":1,"enemies":"SI_SHIV_ARCHETYPE","floor":16,"turns":9},{"damage":0,"enemies":"Chosen","floor":19,"turns":4},{"damage":12,"enemies":"Spheric Guardian","floor":21,"turns":5},{"damage":14,"enemies":"Chosen and Byrds","floor":23,"turns":5},{"damage":31,"enemies":"Shelled Parasite and Fungi","floor":25,"turns":7},{"damage":37,"enemies":"Slavers","floor":27,"turns":5},{"damage":0,"enemies":"downfall:FleeingMerchant","floor":28,"turns":4},{"damage":0,"enemies":"Book of Stabbing","floor":29,"turns":5},{"damage":0,"enemies":"3 Cultists","floor":31,"turns":6},{"damage":20,"enemies":"Snake Plant","floor":32,"turns":4},{"damage":1,"enemies":"IC_MUSHROOM_ARCHETYPE","floor":33,"turns":9},{"damage":0,"enemies":"3 Darklings","floor":36,"turns":4},{"damage":9,"enemies":"Orb Walker","floor":37,"turns":4},{"damage":0,"enemies":"downfall:FleeingMerchant","floor":38,"turns":4},{"damage":0,"enemies":"Maw","floor":39,"turns":6},{"damage":17,"enemies":"Sphere and 2 Shapes","floor":40,"turns":4},{"damage":0,"enemies":"3 Darklings","floor":42,"turns":5},{"damage":10,"enemies":"Jaw Worm Horde","floor":43,"turns":3},{"damage":5,"enemies":"4 Shapes","floor":44,"turns":4},{"damage":0,"enemies":"Maw","floor":46,"turns":7},{"damage":0,"enemies":"downfall:FleeingMerchant","floor":48,"turns":4},{"damage":0,"enemies":"Jaw Worm Horde","floor":49,"turns":5},{"damage":13,"enemies":"WA_ARCHETYPE_DIVINITY","floor":50,"turns":10}],"seed_played":"-8209509622046247624","potions_obtained":[{"floor":5,"key":"Block Potion"},{"floor":11,"key":"PowerPotion"},{"floor":12,"key":"Regen Potion"},{"floor":13,"key":"CultistPotion"},{"floor":15,"key":"Guardian:BlockOnCardUsePotion"},{"floor":16,"key":"Regen Potion"},{"floor":31,"key":"GamblersBrew"},{"floor":39,"key":"DistilledChaos"},{"floor":40,"key":"Dexterity Potion"},{"floor":42,"key":"Fire Potion"}],"is_trial":false,"path_per_floor":["R","M","?","?","M","?","T","M","R","E","M","M","E","M","M","B",null,"R","M","?","M","?","M","T","M","R","E","$","E","R","M","M","B",null,"R","M","M","$","M","M","T","M","M","M","?","M","R","$","M","B",null],"character_chosen":"SLIMEBOUND","items_purchased":["Frozen Egg 2","Slimebound:MegaLick"],"campfire_rested":0,"item_purchase_floors":[28,28],"current_hp_per_floor":[59,59,59,59,54,21,21,25,25,12,12,18,17,23,31,38,59,59,59,94,86,80,72,82,59,69,40,46,84,84,92,78,85,114,114,118,113,118,118,105,105,117,115,126,126,130,130,130,134,121],"gold":137,"neow_bonus":"ONE_RARE_RELIC","is_daily":false,"chose_seed":false,"campfire_upgraded":6,"win_rate":0.0,"timestamp":1612762643,"path_taken":["R","M","?","?","M","?","T","M","R","E","M","?","E","M","M","BOSS","R","M","?","M","?","M","T","M","R","E","$","E","R","M","M","BOSS","R","M","M","$","M","M","T","M","M","M","?","M","R","?","M","BOSS"],"items_purchased_type":["Relic","Card"],"build_version":"2020-12-18","purchased_purges":3,"victory":true,"max_hp_per_floor":[59,59,59,59,59,59,59,59,59,59,59,59,59,59,59,59,59,59,59,94,94,94,94,104,104,114,114,114,114,114,114,114,114,114,114,118,118,118,118,118,118,122,122,130,130,130,130,130,134,134],"card_choices":[{"not_picked":["Slimebound:LivingWall","Slimebound:BestDefense"],"picked":"Slimebound:GrowthPunch","floor":2},{"not_picked":["Slimebound:LeechEnergy","Slimebound:SplitAcid"],"picked":"Slimebound:Repurpose","floor":5},{"not_picked":["Slimebound:Grow","Slimebound:SplitLeeching"],"picked":"Slimebound:Nibble","floor":6},{"not_picked":["Slimebound:LeechingTouch","Slimebound:SlimeSpikes"],"picked":"Slimebound:DisruptingSlam","floor":8},{"not_picked":["Slimebound:SlimeTap","Slimebound:DisruptingSlam"],"picked":"Slimebound:GrowthPunch","floor":10},{"not_picked":["Slimebound:DisruptingSlam","Slimebound:SplitAcid"],"picked":"Slimebound:OozeBath","floor":11},{"not_picked":["Slimebound:RollThrough","Slimebound:Chomp"],"picked":"Slimebound:Schlurp","floor":12},{"not_picked":["Slimebound:LeechingTouch","Slimebound:SplitLeeching"],"picked":"Slimebound:FirmFortitude","floor":13},{"not_picked":["Slimebound:DisruptingSlam","Slimebound:RejuvenatingLick","Slimebound:GrowthPunch"],"picked":"SKIP","floor":14},{"not_picked":["Slimebound:ComboTackle","Slimebound:PressTheAttack"],"picked":"Slimebound:LeechEnergy","floor":15},{"not_picked":["Slimebound:MinionMaster","Slimebound:RallyTheTroops"],"picked":"Slimebound:MassRepurpose","floor":16},{"not_picked":["Slimebound:ComboTackle","Slimebound:SamplingLick","Slimebound:HauntingLick"],"picked":"SKIP","floor":19},{"not_picked":["Slimebound:LeechingTouch","Slimebound:ProtectTheBoss"],"picked":"Slimebound:Prepare","floor":21},{"not_picked":["Slimebound:FinishingTackle","Slimebound:Schlurp"],"picked":"Slimebound:SplitMire+1","floor":23},{"not_picked":["Slimebound:Dissolve","Slimebound:Nibble"],"picked":"Slimebound:SplitLeeching","floor":25},{"not_picked":["Slimebound:Grow","Slimebound:ViciousTackle+1"],"picked":"Slimebound:SlimeBrawl","floor":27},{"not_picked":["Slimebound:ItLooksTasty","Slimebound:ComboTackle","Slimebound:ForwardTackle"],"picked":"SKIP","floor":28},{"not_picked":["Slimebound:DivideAndConquer","Slimebound:Overexert+1"],"picked":"Slimebound:SpikyOuterGoop+1","floor":29},{"not_picked":["Slimebound:DivideAndConquer","Slimebound:GoopTackle"],"picked":"Slimebound:SplitBruiser","floor":31},{"not_picked":["Slimebound:RejuvenatingLick","Slimebound:SplitLeeching"],"picked":"Slimebound:GoopSpray+1","floor":32},{"not_picked":["Slimebound:PrepareCrush","Slimebound:FirmFortitude"],"picked":"Slimebound:MassFeed","floor":33},{"not_picked":[],"picked":"Slimebound:SplitMire","floor":36},{"not_picked":[],"picked":"Slimebound:SamplingLick+1","floor":37},{"not_picked":["Slimebound:ServeAndProtect+1"],"picked":"SKIP","floor":38},{"not_picked":[],"picked":"Slimebound:Gluttony+1","floor":39},{"not_picked":[],"picked":"Slimebound:SplitAcid","floor":40},{"not_picked":["Slimebound:PressTheAttack"],"picked":"SKIP","floor":42},{"not_picked":[],"picked":"Slimebound:SlimeSpikes+1","floor":43},{"not_picked":["Slimebound:RainOfGoop+1"],"picked":"SKIP","floor":44},{"not_picked":["Slimebound:HauntingLick"],"picked":"SKIP","floor":46},{"not_picked":["Slimebound:Grow+1"],"picked":"SKIP","floor":48},{"not_picked":["Slimebound:TongueLash"],"picked":"SKIP","floor":49}],"player_experience":16640,"relics_obtained":[{"floor":10,"key":"Thread and Needle"},{"floor":13,"key":"Slimebound:MaxSlimesRelic"},{"floor":24,"key":"Pear"},{"floor":27,"key":"Gremlin Horn"},{"floor":29,"key":"Regal Pillow"},{"floor":41,"key":"MealTicket"}],"event_choices":[{"damage_healed":0,"gold_gain":0,"player_choice":"Box","damage_taken":0,"relics_obtained":["Shuriken"],"max_hp_gain":0,"max_hp_loss":0,"event_name":"Big Fish","floor":4,"gold_loss":0,"cards_obtained":["Regret"]}],"is_beta":true,"boss_relics":[{"not_picked":["SacredBark","Fusion Hammer"],"picked":"Coffee Dripper"},{"not_picked":["Snecko Eye","Sozu"],"picked":"Busted Crown"}],"items_purged_floors":[28,38,48],"is_endless":false,"potions_floor_spawned":[5,11,12,13,14,15,16,21,23,27,31,39,40,42,46,49],"ascension_level":1}}