{"host":"8o45mh5p3pp1o2mi","time":1612745312,"event":{"mods":["BaseMod","Bestiary","Better Match","Better Third Choice","BetterRewards","Dark Map","Downfall","Fox Events","Minty Spire (QoL Compilation)","Rare Cards Sparkle","Relic Stats","Replay The Spire","Shop Mod","Spire Exporter","StSLib","everything is the same but u backflip on backflip"],"gold_per_floor":[109,119,119,133,143,181,190,234,259,294,219,32,75,40,49,157,157,182,32,236,272,317,370,429,441,453,502,514,544,481,554,575,718,730,808,856,917,929,973,1038,1068,1106,1170,1243,1197,1267,1288,1300,1321,1353,1365,1386,215,298,324,324],"floor_reached":55,"language":"ENG","playtime":4731,"items_purged":["Defend_G","Strike_G","Defend_G","Replay:Hysterical Blindness"],"score":1919,"play_id":"bfd50fb4-5f72-4530-bd54-7e4a584600a0","local_time":"20210208004832","is_ascension_mode":true,"campfire_choices":[{"data":"Envenom","floor":7,"key":"SMITH"},{"floor":15,"key":"REST"},{"floor":29,"key":"REST"},{"floor":32,"key":"REST"},{"floor":41,"key":"REST"},{"floor":47,"key":"RECALL"},{"floor":49,"key":"REST"},{"data":"Adrenaline","floor":52,"key":"SMITH"}],"circlet_count":0,"master_deck":["Strike_G","Survivor+1","Neutralize","Malaise+1","Dagger Throw","Envenom+1","Cloak And Dagger","Leg Sweep","Toxin Wave","Backflip+1","Crippling Poison","Blade Dance","Infinite Blades+1","Accuracy","Envenom+1","Die Die Die","ReplayTheSpireMod:Exploit Weakness","Heel Hook","Well Laid Plans+1","Backflip+1","Dagger Spray+1","downfall:Bewildered","Flechettes","Adrenaline+1","Overencumbered","Blade Dance","Sneak Up","downfall:Icky","ReplayTheSpireMod:Faulty Equipment","Tactician","ReplayTheSpireMod:Splinters","Accuracy","Phantasmal Killer","Hallucinations","Poison Darts"],"relics":["Ring of the Serpent","Shuriken","Calipers","Ornamental Fan","Gambling Chip","Replay:PocketPolymizer","CeramicFish","Gremlin Food","Juzu Bracelet","Art of War","Replay:Baseball","Replay:Bandana","Sundial","Ring of Greed","Tiny Chest","TungstenRod","Kunai","Painkiller Herb","Replay:Wax Seal","Boot","MerchantsRug","Mirror","TheAbacus","Replay:Mystery Machine","Pantograph"],"acts_visited":["Exordium","TheCity","TheBeyond","TheEnding"],"potions_floor_usage":[6,10,18,22,23,25,31,33,36,44,45,50,50,54,54,55,55],"damage_taken":[{"damage":0,"enemies":"Small Slimes","floor":1,"turns":3},{"damage":0,"enemies":"Cultist","floor":2,"turns":4},{"damage":0,"enemies":"Jaw Worm","floor":4,"turns":6},{"damage":19,"enemies":"Lots of Slimes","floor":5,"turns":4},{"damage":6,"enemies":"Lagavulin","floor":6,"turns":7},{"damage":23,"enemies":"Replay:BlueRogue","floor":8,"turns":8},{"damage":6,"enemies":"Lagavulin","floor":10,"turns":7},{"damage":0,"enemies":"Replay:BlueRogue","floor":13,"turns":5},{"damage":9,"enemies":"The Guardian","floor":16,"turns":9},{"damage":18,"enemies":"Spheric Guardian","floor":18,"turns":5},{"damage":6,"enemies":"Chosen","floor":21,"turns":5},{"damage":0,"enemies":"Centurion and Healer","floor":22,"turns":6},{"damage":14,"enemies":"Gremlin Leader","floor":23,"turns":6},{"damage":0,"enemies":"Slavers","floor":25,"turns":1},{"damage":11,"enemies":"Cultist and Chosen","floor":27,"turns":6},{"damage":5,"enemies":"Gremlin Leader","floor":31,"turns":6},{"damage":9,"enemies":"Pondfish","floor":33,"turns":10},{"damage":9,"enemies":"3 Darklings","floor":35,"turns":4},{"damage":0,"enemies":"3 Shapes","floor":36,"turns":4},{"damage":4,"enemies":"Transient","floor":37,"turns":5},{"damage":4,"enemies":"Writhing Mass","floor":39,"turns":7},{"damage":34,"enemies":"Nemesis","floor":40,"turns":7},{"damage":9,"enemies":"Jaw Worm Horde","floor":44,"turns":5},{"damage":0,"enemies":"Transient","floor":45,"turns":5},{"damage":0,"enemies":"Maw","floor":46,"turns":5},{"damage":35,"enemies":"Time Eater","floor":50,"turns":13},{"damage":42,"enemies":"Shield and Spear","floor":54,"turns":7},{"damage":35,"enemies":"The Heart","floor":55,"turns":6}],"seed_played":"468894522485746516","potions_obtained":[{"floor":1,"key":"SkillPotion"},{"floor":4,"key":"Reflective Coating"},{"floor":5,"key":"Weak Potion"},{"floor":8,"key":"Energy Potion"},{"floor":13,"key":"Explosive Potion"},{"floor":21,"key":"GamblersBrew"},{"floor":22,"key":"GamblersBrew"},{"floor":23,"key":"SmokeBomb"},{"floor":33,"key":"Toxic Potion"},{"floor":35,"key":"bronze:BurnAndBuffPotion"},{"floor":36,"key":"sneckomod:MuddlingPotion"},{"floor":44,"key":"AttackPotion"},{"floor":46,"key":"Dexterity Potion"},{"floor":54,"key":"GamblersBrew"}],"is_trial":false,"path_per_floor":["M","M","?","M","M","E","R","E","T","E","?","$","E","?","R","B",null,"M","$","?","M","M","E","?","E","T","M","?","R","?","E","R","B",null,"?","?","?","?","?","E","T","T","T","?","?","?","T","?","T","B",null,"T","T","E","B"],"character_chosen":"THE_SILENT","items_purchased":["Shuriken","Ornamental Fan","Malaise+1","Dagger Throw","Envenom","Infinite Blades","Replay:Bandana","MerchantsRug","Mirror","TheAbacus","Phantasmal Killer","Guardian:BlockOnCardUsePotion","GamblersBrew","EssenceOfSteel","Replay:Mystery Machine"],"campfire_rested":5,"item_purchase_floors":[0,0,0,0,0,12,19,53,53,53,53,53,53,53,53],"current_hp_per_floor":[63,63,63,63,44,38,38,15,15,9,9,9,9,26,47,38,62,44,44,44,38,38,24,24,24,24,13,13,34,34,29,50,41,63,54,54,50,50,46,12,31,31,31,22,22,22,22,22,41,6,51,51,51,9,0,0],"gold":324,"neow_bonus":"","is_daily":false,"chose_seed":false,"campfire_upgraded":2,"win_rate":0.0,"timestamp":1612745312,"path_taken":["M","M","?","?","M","E","R","E","T","E","?","$","E","?","R","BOSS","M","$","?","M","M","E","?","E","T","M","?","R","?","E","R","BOSS","?","?","?","?","?","E","T","?","T","?","?","?","T","?","T","BOSS","T","T","E","BOSS"],"items_purchased_type":["Relic","Relic","Card","Card","Card","Card","Relic","Relic","Relic","Relic","Card","Potion","Potion","Potion","Relic"],"build_version":"2020-12-22","purchased_purges":4,"victory":false,"max_hp_per_floor":[70,70,70,70,70,70,70,70,70,70,70,70,70,70,70,70,70,70,70,70,70,70,70,70,70,70,70,70,70,70,70,70,70,70,70,70,70,66,66,66,66,66,66,66,66,66,66,66,66,66,66,66,66,66,66,66],"relic_stats":{"counters":[149,642],"CeramicFish":297,"Juzu Bracelet":1,"Boot":[32],"TheAbacus":[12],"Shuriken":[106],"Ornamental Fan":[424],"Sundial":[16],"Gambling Chip":[103],"Pantograph":25,"Tiny Chest":1,"Art of War":[10],"Kunai":[64],"obtain_stats":[{"TwistedFunnel":20,"Ice Cream":23,"Calipers":0,"CeramicFish":6,"Vajra":25,"Whetstone":12,"Boot":43,"Old Coin":30,"Blood Vial":0,"Replay:Ringing Soul":42,"Sundial":0,"Strawberry":26,"Replay:Bronze Core":17,"Philosopher\u0027s Stone":34,"MealTicket":40,"Iron Hammer":23,"Kunai":32,"Toxic Egg 2":0,"Replay:Wax Seal":40,"MerchantsRug":0,"Girya":0,"Pear":29,"Happy Flower":6,"ReplayTheSpireMod:CursedCoin":4,"Dead Branch":0,"Astrolabe":34,"Blue Candle":43,"Oddly Smooth Stone":47,"Question Card":0,"Du-Vu Doll":0,"Replay:Baseball":9,"Bottled Flame":27,"Snecko Scales":17,"ReplayTheSpireMod:Shallot":26,"Shuriken":0,"Onion Ring":26,"Simple Rune":43,"foxEvents:LuckyCharm":3,"Black Star":34,"Grinning Jar":8,"Mirror":53,"Unceasing Top":0,"Ring of the Serpent":17,"ReplayFunnel":49,"Darkstone Periapt":23,"Lantern":48,"Regal Pillow":12,"bronze:BronzeCore":0,"Replay:PocketPolymizer":0,"Torii":3,"Singing Bowl":22,"Mango":6,"Painkiller Herb":17,"Snake Skull":9,"Juzu Bracelet":11,"Bag of Preparation":43,"Replay:Mystery Machine":0,"Cursed Key":34,"Replay:Rubber Ducky":20,"ClockworkSouvenir":0,"BranchBurnRelic":6,"SsserpentHead":13,"Nunchaku":41,"Tough Bandages":0,"Replay:Bandana":19,"Chameleon Ring":9,"Shovel":23,"TheAbacus":53,"Gambling Chip":0,"Pantograph":54,"Tiny Chest":11,"Red Mask":30,"Replay:Bottled Eggs":23,"InkBottle":42,"Ring of the Snake":7,"Gremlin Food":22,"BargainBundle":36,"Replay:Towering Pillar of Hats":0,"Guide Book":5,"The Courier":25,"Ring of Greed":24,"Orichalcum":6,"MawBank":24,"White Beast Statue":10,"Calling Bell":0,"sneckomod:BabySnecko":20,"Anchor":4,"Busted Crown":17,"Ornamental Fan":40,"ChewingGum":17,"Art of War":4,"Snack Pack":0,"Durian":8,"Membership Card":0,"Bottled Lightning":27,"TungstenRod":0},{"TwistedFunnel":18,"Ice Cream":43,"Calipers":121,"CeramicFish":126,"Vajra":22,"Whetstone":38,"Boot":143,"Old Coin":57,"Blood Vial":9,"Replay:Ringing Soul":115,"Sundial":45,"Strawberry":22,"Replay:Bronze Core":52,"Philosopher\u0027s Stone":26,"MealTicket":113,"Iron Hammer":20,"Kunai":80,"Toxic Egg 2":89,"Replay:Wax Seal":143,"MerchantsRug":9,"Girya":63,"Pear":24,"Happy Flower":93,"ReplayTheSpireMod:CursedCoin":46,"Dead Branch":32,"Astrolabe":81,"Blue Candle":115,"Oddly Smooth Stone":88,"Question Card":32,"Du-Vu Doll":89,"Replay:Baseball":68,"Bottled Flame":77,"Snecko Scales":99,"ReplayTheSpireMod:Shallot":104,"Shuriken":121,"Onion Ring":56,"Simple Rune":86,"foxEvents:LuckyCharm":2,"Black Star":59,"Grinning Jar":50,"Mirror":147,"Unceasing Top":63,"Ring of the Serpent":130,"ReplayFunnel":88,"Darkstone Periapt":103,"Lantern":88,"Regal Pillow":96,"bronze:BronzeCore":0,"Replay:PocketPolymizer":45,"Torii":34,"Singing Bowl":55,"Mango":12,"Painkiller Herb":16,"Snake Skull":13,"Juzu Bracelet":7,"Bag of Preparation":30,"Replay:Mystery Machine":45,"Cursed Key":108,"Replay:Rubber Ducky":74,"ClockworkSouvenir":89,"BranchBurnRelic":34,"SsserpentHead":38,"Nunchaku":29,"Tough Bandages":61,"Replay:Bandana":131,"Chameleon Ring":35,"Shovel":76,"TheAbacus":147,"Gambling Chip":121,"Pantograph":148,"Tiny Chest":51,"Red Mask":80,"Replay:Bottled Eggs":56,"InkBottle":30,"Ring of the Snake":12,"Gremlin Food":42,"BargainBundle":82,"Replay:Towering Pillar of Hats":9,"Guide Book":11,"The Courier":104,"Ring of Greed":134,"Orichalcum":48,"MawBank":134,"White Beast Statue":36,"Calling Bell":45,"sneckomod:BabySnecko":41,"Anchor":11,"Busted Crown":40,"Ornamental Fan":85,"ChewingGum":72,"Art of War":46,"Snack Pack":89,"Durian":94,"Membership Card":9,"Bottled Lightning":105,"TungstenRod":9},{"TwistedFunnel":60,"Ice Cream":182,"Calipers":476,"CeramicFish":500,"Vajra":78,"Whetstone":158,"Boot":601,"Old Coin":249,"Blood Vial":25,"Replay:Ringing Soul":454,"Sundial":191,"Strawberry":78,"Replay:Bronze Core":226,"Philosopher\u0027s Stone":99,"MealTicket":446,"Iron Hammer":69,"Kunai":338,"Toxic Egg 2":370,"Replay:Wax Seal":601,"MerchantsRug":25,"Girya":290,"Pear":87,"Happy Flower":383,"ReplayTheSpireMod:CursedCoin":196,"Dead Branch":132,"Astrolabe":342,"Blue Candle":454,"Oddly Smooth Stone":366,"Question Card":132,"Du-Vu Doll":370,"Replay:Baseball":309,"Bottled Flame":331,"Snecko Scales":401,"ReplayTheSpireMod:Shallot":414,"Shuriken":476,"Onion Ring":246,"Simple Rune":357,"foxEvents:LuckyCharm":5,"Black Star":264,"Grinning Jar":213,"Mirror":629,"Unceasing Top":290,"Ring of the Serpent":529,"ReplayFunnel":366,"Darkstone Periapt":411,"Lantern":366,"Regal Pillow":391,"bronze:BronzeCore":0,"Replay:PocketPolymizer":191,"Torii":143,"Singing Bowl":241,"Mango":34,"Painkiller Herb":52,"Snake Skull":36,"Juzu Bracelet":19,"Bag of Preparation":118,"Replay:Mystery Machine":191,"Cursed Key":431,"Replay:Rubber Ducky":321,"ClockworkSouvenir":370,"BranchBurnRelic":143,"SsserpentHead":158,"Nunchaku":109,"Tough Bandages":273,"Replay:Bandana":534,"Chameleon Ring":146,"Shovel":327,"TheAbacus":629,"Gambling Chip":476,"Pantograph":636,"Tiny Chest":218,"Red Mask":338,"Replay:Bottled Eggs":246,"InkBottle":118,"Ring of the Snake":34,"Gremlin Food":176,"BargainBundle":344,"Replay:Towering Pillar of Hats":25,"Guide Book":30,"The Courier":414,"Ring of Greed":551,"Orichalcum":204,"MawBank":551,"White Beast Statue":151,"Calling Bell":191,"sneckomod:BabySnecko":173,"Anchor":30,"Busted Crown":168,"Ornamental Fan":351,"ChewingGum":317,"Art of War":196,"Snack Pack":370,"Durian":385,"Membership Card":25,"Bottled Lightning":419,"TungstenRod":25}],"TungstenRod":60},"card_choices":[{"not_picked":["Deadly Poison","Backflip"],"picked":"Cloak And Dagger","floor":1},{"not_picked":["Dagger Spray","Distraction"],"picked":"Leg Sweep","floor":2},{"not_picked":["Bane","Sucker Punch"],"picked":"Toxin Wave","floor":4},{"not_picked":["Deadly Poison","Dodge and Roll","ReplayTheSpireMod:Necrosis"],"picked":"SKIP","floor":5},{"not_picked":["Flying Knee","Night Terror"],"picked":"Backflip","floor":6},{"not_picked":["Quick Slash","Riddle With Holes"],"picked":"Blade Dance","floor":8},{"not_picked":["Dagger Throw","Leg Sweep","Deadly Poison"],"picked":"SKIP","floor":10},{"not_picked":["Crippling Poison","Slice"],"picked":"Accuracy","floor":13},{"not_picked":["Malaise","Grand Finale"],"picked":"Die Die Die","floor":16},{"not_picked":["Dagger Throw","Acrobatics+1"],"picked":"ReplayTheSpireMod:Exploit Weakness","floor":18},{"not_picked":["Expertise","Underhanded Strike+1","Infinite Blades"],"picked":"SKIP","floor":21},{"not_picked":["Slice","Deflect"],"picked":"Heel Hook","floor":22},{"not_picked":["Tools of the Trade","ReplayTheSpireMod:Shiv Toss"],"picked":"Well Laid Plans+1","floor":23},{"not_picked":["Bullet Time","Bane"],"picked":"Backflip+1","floor":27},{"not_picked":["Reflex+1","Deflect","Quick Slash"],"picked":"SKIP","floor":31},{"not_picked":["ReplayTheSpireMod:From All Sides","Tools of the Trade"],"picked":"Adrenaline","floor":33},{"not_picked":["Escape Plan+1","Predator+1"],"picked":"Blade Dance","floor":35},{"not_picked":["Slice","Cloak And Dagger","Underhanded Strike"],"picked":"SKIP","floor":36},{"not_picked":["PiercingWail","Replay:Poison Smokescreen","Flying Knee"],"picked":"SKIP","floor":37},{"not_picked":["Leg Sweep+1","Dodge and Roll+1","Underhanded Strike"],"picked":"SKIP","floor":39},{"not_picked":["Fluid Movement","Well Laid Plans+1"],"picked":"Sneak Up","floor":40},{"not_picked":["Acrobatics+1","Poisoned Stab+1","Prepared"],"picked":"SKIP","floor":44},{"not_picked":["Skewer","Underhanded Strike+1"],"picked":"Tactician","floor":45},{"not_picked":["Setup+1","Slice","Flying Knee+1"],"picked":"SKIP","floor":46},{"not_picked":["Blade Dance","Toxin Wave"],"picked":"Poison Darts","floor":54}],"player_experience":175588,"relics_obtained":[{"floor":6,"key":"CeramicFish"},{"floor":8,"key":"Gremlin Food"},{"floor":9,"key":"Juzu Bracelet"},{"floor":10,"key":"Art of War"},{"floor":13,"key":"Replay:Baseball"},{"floor":23,"key":"Sundial"},{"floor":24,"key":"Ring of Greed"},{"floor":24,"key":"Tiny Chest"},{"floor":24,"key":"MawBank"},{"floor":26,"key":"TungstenRod"},{"floor":31,"key":"Kunai"},{"floor":40,"key":"Replay:Wax Seal"},{"floor":43,"key":"Boot"},{"floor":54,"key":"Pantograph"}],"event_choices":[{"cards_removed":["Defend_G"],"damage_healed":0,"gold_gain":0,"player_choice":"Card Removal","damage_taken":0,"max_hp_gain":0,"max_hp_loss":0,"event_name":"Wheel of Change","floor":3,"gold_loss":0},{"damage_healed":0,"gold_gain":0,"player_choice":"2","damage_taken":0,"max_hp_gain":0,"max_hp_loss":0,"event_name":"betterMatch:BetterMatch","floor":11,"gold_loss":0,"cards_obtained":[]},{"damage_healed":17,"gold_gain":0,"player_choice":"Healed","damage_taken":0,"max_hp_gain":0,"max_hp_loss":0,"event_name":"The Cleric","floor":14,"gold_loss":35},{"cards_removed":["Delirium","ReplayTheSpireMod:Splinters"],"damage_healed":0,"gold_gain":0,"player_choice":"Removed Curses","damage_taken":0,"max_hp_gain":0,"max_hp_loss":0,"event_name":"Fountain of Cleansing","floor":28,"gold_loss":0},{"damage_healed":0,"gold_gain":0,"player_choice":"2","damage_taken":0,"max_hp_gain":0,"max_hp_loss":0,"event_name":"betterMatch:BetterMatch","floor":30,"gold_loss":0,"cards_obtained":["betterMatch:UncommonCard"]},{"damage_healed":0,"gold_gain":0,"player_choice":"Max HP","damage_taken":0,"max_hp_gain":0,"max_hp_loss":4,"event_name":"Winding Halls","floor":38,"gold_loss":0},{"damage_healed":0,"gold_gain":0,"player_choice":"Ignored","damage_taken":0,"max_hp_gain":0,"max_hp_loss":0,"event_name":"Tomb of Lord Red Mask","floor":48,"gold_loss":0}],"is_beta":false,"boss_relics":[{"not_picked":["Astrolabe","Honey Jar"],"picked":"Ring of the Serpent"},{"not_picked":["ReplayTheSpireMod:DimensionalGlitch","Runic Pyramid"],"picked":"Painkiller Herb"}],"items_purged_floors":[0,0,12,53],"is_endless":false,"potions_floor_spawned":[1,4,5,8,13,21,22,23,33,35,36,44,46,54],"killed_by":"The Heart","ascension_level":8}}