{"host":"f8toxsj3bk02pkeu","time":1612784355,"event":{"mods":["BaseMod","Minty Spire (QoL Compilation)","Permanent Neow","Quick Restart","StSLib","SuperFastMode"],"gold_per_floor":[112,112,112,112,129,129,24,24,24,24,55,55,55,70,70,147,147,157,174,185,185,200,234,234,261,261,277,277,277,302,22,22,22,22],"floor_reached":33,"language":"ENG","playtime":726,"items_purged":["Writhe"],"score":612,"play_id":"641161fc-31d6-4414-92d2-1d850a69143f","local_time":"20210208043915","is_ascension_mode":true,"campfire_choices":[{"data":"Uppercut","floor":6,"key":"SMITH"},{"data":"Swift Strike","floor":8,"key":"SMITH"},{"floor":10,"key":"RECALL"},{"data":"Spot Weakness","floor":15,"key":"SMITH"},{"floor":24,"key":"REST"},{"data":"Pommel Strike","floor":28,"key":"SMITH"},{"data":"Offering","floor":32,"key":"SMITH"}],"circlet_count":0,"master_deck":["AscendersBane","Strike_R","Strike_R","Strike_R","Strike_R","Defend_R","Defend_R","Defend_R","Defend_R","Uppercut+1","Swift Strike+1","Pommel Strike+1","Spot Weakness+1","Offering+1","Thunderclap+1","Sword Boomerang+1","Entrench+1"],"relics":["Burning Blood","NeowsBlessing","Pocketwatch","The Courier","Busted Crown","InkBottle","FossilizedHelix","Anchor","StrikeDummy","MutagenicStrength","Red Mask","Matryoshka"],"acts_visited":["Exordium","TheCity"],"potions_floor_usage":[16,20,30],"damage_taken":[{"damage":0,"enemies":"2 Louse","floor":1,"turns":1},{"damage":0,"enemies":"Small Slimes","floor":5,"turns":1},{"damage":0,"enemies":"Lagavulin","floor":11,"turns":1},{"damage":0,"enemies":"Cultist","floor":14,"turns":2},{"damage":20,"enemies":"Slime Boss","floor":16,"turns":8},{"damage":13,"enemies":"3 Byrds","floor":18,"turns":5},{"damage":7,"enemies":"Spheric Guardian","floor":19,"turns":3},{"damage":17,"enemies":"Shelled Parasite and Fungi","floor":20,"turns":3},{"damage":17,"enemies":"Snecko","floor":22,"turns":4},{"damage":24,"enemies":"Gremlin Leader","floor":23,"turns":5},{"damage":26,"enemies":"Book of Stabbing","floor":25,"turns":3},{"damage":12,"enemies":"Snake Plant","floor":27,"turns":3},{"damage":0,"enemies":"Masked Bandits","floor":30,"turns":2},{"damage":70,"enemies":"Automaton","floor":33,"turns":6}],"seed_played":"2252329772576261635","potions_obtained":[{"floor":5,"key":"Explosive Potion"},{"floor":11,"key":"BlessingOfTheForge"},{"floor":22,"key":"EssenceOfSteel"},{"floor":23,"key":"SteroidPotion"}],"is_trial":false,"path_per_floor":["M","?","?","?","M","R","$","R","T","R","E","T","$","M","R","B",null,"M","M","M","?","M","E","R","E","T","M","R","?","?","$","R","B"],"character_chosen":"IRONCLAD","items_purchased":["Swift Strike","Matryoshka"],"campfire_rested":1,"item_purchase_floors":[7,31],"current_hp_per_floor":[74,79,72,72,78,78,78,78,78,78,80,80,80,80,80,66,77,70,69,58,58,47,29,53,33,33,27,27,27,33,33,33,0,0],"gold":22,"neow_bonus":"THREE_ENEMY_KILL","is_daily":false,"chose_seed":false,"campfire_upgraded":5,"win_rate":0.0,"timestamp":1612784355,"path_taken":["M","?","?","?","?","R","$","R","T","R","E","?","$","M","R","BOSS","M","M","M","?","M","E","R","E","T","M","R","?","?","$","R","BOSS"],"items_purchased_type":["Card","Relic"],"build_version":"2020-12-22","purchased_purges":1,"victory":false,"max_hp_per_floor":[75,80,80,80,80,80,80,80,80,80,80,80,80,80,80,80,80,80,80,80,80,80,80,80,80,80,80,80,80,80,80,80,80,80],"card_choices":[{"not_picked":["Clash","Pommel Strike"],"picked":"Uppercut","floor":1},{"not_picked":["Anger","Feel No Pain","Wild Strike"],"picked":"SKIP","floor":5},{"not_picked":["Iron Wave","Perfected Strike"],"picked":"Pommel Strike","floor":11},{"not_picked":["Havoc","Uppercut"],"picked":"Spot Weakness","floor":14},{"not_picked":["Brutality","Corruption"],"picked":"Offering","floor":16},{"not_picked":[],"picked":"Thunderclap+1","floor":18},{"not_picked":["Wild Strike"],"picked":"SKIP","floor":19},{"not_picked":[],"picked":"Sword Boomerang+1","floor":20},{"not_picked":["Iron Wave"],"picked":"SKIP","floor":22},{"not_picked":["Disarm"],"picked":"SKIP","floor":23},{"not_picked":["Offering"],"picked":"SKIP","floor":25},{"not_picked":["Flex+1"],"picked":"SKIP","floor":27},{"not_picked":[],"picked":"Entrench+1","floor":30}],"player_experience":986417,"relics_obtained":[{"floor":11,"key":"Pocketwatch"},{"floor":12,"key":"The Courier"},{"floor":23,"key":"FossilizedHelix"},{"floor":25,"key":"Anchor"},{"floor":26,"key":"StrikeDummy"},{"floor":30,"key":"Red Mask"}],"event_choices":[{"damage_healed":0,"gold_gain":0,"player_choice":"Donut","damage_taken":0,"max_hp_gain":5,"max_hp_loss":0,"event_name":"Big Fish","floor":2,"gold_loss":0},{"cards_removed":["Bash"],"damage_healed":0,"gold_gain":0,"player_choice":"Card Removal","damage_taken":7,"max_hp_gain":0,"max_hp_loss":0,"event_name":"Golden Wing","floor":3,"gold_loss":0},{"cards_removed":["Strike_R"],"damage_healed":0,"gold_gain":0,"player_choice":"Purged","damage_taken":0,"max_hp_gain":0,"max_hp_loss":0,"event_name":"Purifier","floor":4,"gold_loss":0},{"damage_healed":0,"gold_gain":0,"player_choice":"Opened","damage_taken":0,"relics_obtained":["InkBottle"],"max_hp_gain":0,"max_hp_loss":0,"event_name":"The Mausoleum","floor":21,"gold_loss":0,"cards_obtained":["Writhe"]},{"damage_healed":0,"gold_gain":0,"player_choice":"Inject Mutagens","damage_taken":0,"relics_obtained":["MutagenicStrength"],"max_hp_gain":0,"max_hp_loss":0,"event_name":"Drug Dealer","floor":29,"gold_loss":0},{"damage_healed":0,"gold_gain":0,"player_choice":"Fought Bandits","damage_taken":0,"max_hp_gain":0,"max_hp_loss":0,"event_name":"Masked Bandits","floor":30,"gold_loss":0}],"is_beta":false,"boss_relics":[{"not_picked":["Velvet Choker","Black Star"],"picked":"Busted Crown"}],"items_purged_floors":[31],"is_endless":false,"potions_floor_spawned":[5,11,14,22,23,27],"killed_by":"Automaton","ascension_level":20}}