{"host":"13o02hya6v6rzuva","time":1612794030,"event":{"mods":["BaseMod","Minty Spire (QoL Compilation)","Relic Stats"],"gold_per_floor":[118,118,133,133,147,174,190,265,317,334,128,161,161,192,192,289,289,299,398,414,430,443,443,469,495,495,512,102,130,130,159,159,262,262,275,294,344,344,354,354,51,51,51,82,82,111,111,123,123,123,123,123,19,45,45,45],"floor_reached":55,"language":"ENG","playtime":1860,"items_purged":[],"score":1231,"play_id":"f522645c-4865-402f-940e-2ac0bfc2674c","local_time":"20210208152030","is_ascension_mode":true,"campfire_choices":[{"floor":13,"key":"REST"},{"floor":15,"key":"REST"},{"floor":23,"key":"RECALL"},{"data":"Perfected Strike","floor":30,"key":"SMITH"},{"data":"Perfected Strike","floor":32,"key":"SMITH"},{"data":"Disarm","floor":40,"key":"SMITH"},{"data":"Offering","floor":42,"key":"SMITH"},{"data":"Clothesline","floor":45,"key":"SMITH"},{"data":"Shockwave","floor":49,"key":"SMITH"},{"data":"Bash","floor":52,"key":"SMITH"}],"circlet_count":0,"master_deck":["AscendersBane","Strike_R","Strike_R","Strike_R","Strike_R","Strike_R","Defend_R","Defend_R","Bash+1","Perfected Strike+1","Pummel","Flex","Twin Strike","Shrug It Off","Twin Strike","Spot Weakness","Perfected Strike+1","Disarm+1","Evolve","Reaper","Pommel Strike+1","Clothesline+1","Anger","Sword Boomerang+1","Metallicize+1","Perfected Strike+1","Sword Boomerang+1","Offering+1","Wild Strike+1","Shockwave+1","Flex","Flame Barrier+1"],"relics":["Burning Blood","NeowsBlessing","HornCleat","Vajra","Juzu Bracelet","Pen Nib","StrikeDummy","Mark of Pain","Bottled Flame","Red Mask","Molten Egg 2","Eternal Feather","DollysMirror","Blue Candle","Orichalcum","SlaversCollar","Ice Cream","Dead Branch","Regal Pillow","Bird Faced Urn","Bottled Lightning"],"acts_visited":["Exordium","TheCity","TheBeyond","TheEnding"],"potions_floor_usage":[7,10,20,29,29,48,50,50,50,55,55],"damage_taken":[{"damage":0,"enemies":"Small Slimes","floor":1,"turns":1},{"damage":0,"enemies":"Cultist","floor":3,"turns":1},{"damage":0,"enemies":"2 Louse","floor":5,"turns":1},{"damage":45,"enemies":"3 Sentries","floor":6,"turns":8},{"damage":11,"enemies":"Exordium Thugs","floor":7,"turns":3},{"damage":0,"enemies":"Looter","floor":10,"turns":3},{"damage":26,"enemies":"Lagavulin","floor":12,"turns":4},{"damage":10,"enemies":"3 Sentries","floor":14,"turns":4},{"damage":27,"enemies":"Slime Boss","floor":16,"turns":6},{"damage":0,"enemies":"Spheric Guardian","floor":18,"turns":1},{"damage":9,"enemies":"2 Thieves","floor":20,"turns":3},{"damage":0,"enemies":"Snecko","floor":21,"turns":3},{"damage":16,"enemies":"Snake Plant","floor":22,"turns":3},{"damage":19,"enemies":"Slavers","floor":24,"turns":4},{"damage":12,"enemies":"Masked Bandits","floor":25,"turns":3},{"damage":0,"enemies":"3 Cultists","floor":27,"turns":3},{"damage":7,"enemies":"Book of Stabbing","floor":29,"turns":3},{"damage":13,"enemies":"Slavers","floor":31,"turns":3},{"damage":28,"enemies":"Automaton","floor":33,"turns":6},{"damage":6,"enemies":"Orb Walker","floor":35,"turns":2},{"damage":15,"enemies":"3 Shapes","floor":36,"turns":3},{"damage":0,"enemies":"Mind Bloom Boss Battle","floor":37,"turns":4},{"damage":25,"enemies":"Spire Growth","floor":39,"turns":4},{"damage":13,"enemies":"Giant Head","floor":44,"turns":4},{"damage":17,"enemies":"Reptomancer","floor":46,"turns":3},{"damage":15,"enemies":"3 Darklings","floor":48,"turns":6},{"damage":73,"enemies":"Donu and Deca","floor":50,"turns":7},{"damage":61,"enemies":"Shield and Spear","floor":54,"turns":5},{"damage":36,"enemies":"The Heart","floor":55,"turns":5}],"seed_played":"-587641003607416396","potions_obtained":[{"floor":3,"key":"SkillPotion"},{"floor":7,"key":"Regen Potion"},{"floor":10,"key":"SpeedPotion"},{"floor":12,"key":"HeartOfIron"},{"floor":20,"key":"ColorlessPotion"},{"floor":24,"key":"Fire Potion"},{"floor":31,"key":"EntropicBrew"},{"floor":33,"key":"HeartOfIron"},{"floor":54,"key":"Weak Potion"}],"is_trial":false,"path_per_floor":["M","?","M","?","M","E","M","?","T","M","$","E","R","E","R","B",null,"M","?","M","M","M","R","E","?","T","M","$","E","R","E","R","B",null,"M","M","?","?","M","R","$","R","T","E","R","E","$","M","R","B",null,"R","$","E","B"],"character_chosen":"IRONCLAD","items_purchased":["Juzu Bracelet","Perfected Strike","Eternal Feather","DollysMirror","Dead Branch","DistilledChaos","Flex"],"campfire_rested":2,"item_purchase_floors":[11,11,28,28,41,53,53],"current_hp_per_floor":[78,78,80,68,74,35,30,19,19,34,34,14,38,34,58,37,69,75,75,72,80,78,78,72,66,66,79,79,78,80,73,80,58,75,75,66,80,80,61,76,76,80,80,76,80,69,69,70,80,19,65,80,80,27,0,0],"gold":45,"neow_bonus":"THREE_ENEMY_KILL","is_daily":false,"chose_seed":false,"campfire_upgraded":7,"win_rate":0.0,"timestamp":1612794030,"path_taken":["M","?","?","?","M","E","M","?","T","?","$","E","R","E","R","BOSS","M","?","M","M","M","R","E","?","T","M","$","E","R","E","R","BOSS","M","M","?","?","M","R","$","R","T","E","R","E","$","M","R","BOSS","R","$","E","BOSS"],"items_purchased_type":["Relic","Card","Relic","Relic","Relic","Potion","Card"],"build_version":"2020-12-22","purchased_purges":0,"victory":false,"max_hp_per_floor":[80,80,80,80,80,80,80,80,80,80,80,80,80,80,80,80,80,80,80,80,80,80,80,80,80,80,80,80,80,80,80,80,80,80,80,80,80,80,80,80,80,80,80,80,80,80,80,80,80,80,80,80,80,80,80,80],"relic_stats":{"Regal Pillow":0,"counters":[29,106],"Blue Candle":[0],"Dead Branch":[32],"Bird Faced Urn":[12],"Eternal Feather":57,"Pen Nib":[20],"Juzu Bracelet":0,"Orichalcum":[156],"obtain_stats":[{"Ice Cream":37,"Regal Pillow":44,"NeowsBlessing":0,"Blue Candle":29,"Dead Branch":41,"Vajra":9,"Eternal Feather":28,"Pen Nib":12,"Juzu Bracelet":11,"Orichalcum":31,"Burning Blood":0,"SlaversCollar":34,"Bottled Flame":24,"HornCleat":6,"DollysMirror":28,"Bird Faced Urn":46,"Molten Egg 2":26,"Mark of Pain":17,"Red Mask":25,"Bottled Lightning":54,"StrikeDummy":14},{"Ice Cream":22,"Regal Pillow":24,"NeowsBlessing":0,"Blue Candle":17,"Dead Branch":23,"Vajra":5,"Eternal Feather":16,"Pen Nib":7,"Juzu Bracelet":6,"Orichalcum":18,"Burning Blood":0,"SlaversCollar":19,"Bottled Flame":14,"HornCleat":4,"DollysMirror":16,"Bird Faced Urn":25,"Molten Egg 2":15,"Mark of Pain":9,"Red Mask":15,"Bottled Lightning":28,"StrikeDummy":8},{"Ice Cream":72,"Regal Pillow":80,"NeowsBlessing":0,"Blue Candle":54,"Dead Branch":76,"Vajra":14,"Eternal Feather":51,"Pen Nib":21,"Juzu Bracelet":17,"Orichalcum":57,"Burning Blood":0,"SlaversCollar":63,"Bottled Flame":45,"HornCleat":11,"DollysMirror":51,"Bird Faced Urn":83,"Molten Egg 2":48,"Mark of Pain":31,"Red Mask":48,"Bottled Lightning":101,"StrikeDummy":25}],"Burning Blood":155},"card_choices":[{"not_picked":["Clash","Headbutt"],"picked":"Perfected Strike","floor":1},{"not_picked":["Headbutt","Combust"],"picked":"Flex","floor":3},{"not_picked":["Heavy Blade","Shockwave"],"picked":"Twin Strike","floor":5},{"not_picked":["Sever Soul","Intimidate"],"picked":"Shrug It Off","floor":6},{"not_picked":["Dropkick","Flame Barrier"],"picked":"Twin Strike","floor":7},{"not_picked":["Evolve","Headbutt"],"picked":"Spot Weakness","floor":10},{"not_picked":["Offering","Combust"],"picked":"Disarm","floor":12},{"not_picked":["Second Wind","Clash"],"picked":"Evolve","floor":14},{"not_picked":["Immolate","Corruption"],"picked":"Reaper","floor":16},{"not_picked":["Whirlwind","Dropkick+1"],"picked":"Pommel Strike+1","floor":18},{"not_picked":["Body Slam","Clash"],"picked":"Clothesline","floor":20},{"not_picked":["Rupture+1","Warcry"],"picked":"Anger","floor":21},{"not_picked":["Clothesline","Warcry","Body Slam"],"picked":"SKIP","floor":22},{"not_picked":["Armaments+1","Headbutt"],"picked":"Sword Boomerang+1","floor":24},{"not_picked":["Flame Barrier","Blood for Blood"],"picked":"Metallicize+1","floor":25},{"not_picked":["Infernal Blade","Entrench","Body Slam+1"],"picked":"SKIP","floor":27},{"not_picked":["Armaments","Blood for Blood+1"],"picked":"Sword Boomerang+1","floor":29},{"not_picked":["Barricade","True Grit+1","Warcry"],"picked":"SKIP","floor":31},{"not_picked":["Double Tap","Immolate+1"],"picked":"Offering","floor":33},{"not_picked":["Heavy Blade+1","Cleave+1","Hemokinesis+1"],"picked":"SKIP","floor":35},{"not_picked":["Headbutt+1","Thunderclap+1","Sword Boomerang+1"],"picked":"SKIP","floor":36},{"not_picked":["Carnage+1","Bludgeon+1","Seeing Red"],"picked":"SKIP","floor":39},{"not_picked":["Clash+1","Thunderclap+1","Sentinel"],"picked":"SKIP","floor":44},{"not_picked":["Reckless Charge+1","Pummel+1"],"picked":"Wild Strike+1","floor":46},{"not_picked":["Sentinel+1","Iron Wave+1"],"picked":"Shockwave","floor":48},{"not_picked":["Body Slam+1","Cleave+1"],"picked":"Flame Barrier+1","floor":54}],"player_experience":1195728,"relics_obtained":[{"floor":6,"key":"HornCleat"},{"floor":9,"key":"Vajra"},{"floor":12,"key":"Pen Nib"},{"floor":14,"key":"StrikeDummy"},{"floor":24,"key":"Bottled Flame"},{"floor":25,"key":"Red Mask"},{"floor":26,"key":"Molten Egg 2"},{"floor":29,"key":"Blue Candle"},{"floor":31,"key":"Orichalcum"},{"floor":37,"key":"Ice Cream"},{"floor":44,"key":"Regal Pillow"},{"floor":46,"key":"Bird Faced Urn"},{"floor":54,"key":"Bottled Lightning"}],"event_choices":[{"damage_healed":0,"gold_gain":0,"cards_transformed":["Defend_R"],"player_choice":"Transformed","damage_taken":0,"max_hp_gain":0,"max_hp_loss":0,"event_name":"Transmorgrifier","floor":2,"gold_loss":0,"cards_obtained":["Pummel"]},{"damage_healed":0,"gold_gain":0,"player_choice":"Fled","damage_taken":12,"max_hp_gain":0,"max_hp_loss":0,"event_name":"Scrap Ooze","floor":4,"gold_loss":0},{"damage_healed":0,"gold_gain":75,"player_choice":"Gather Gold","damage_taken":11,"max_hp_gain":0,"max_hp_loss":0,"event_name":"World of Goop","floor":8,"gold_loss":0},{"damage_healed":0,"gold_gain":99,"player_choice":"Stole From Cult","damage_taken":0,"max_hp_gain":0,"max_hp_loss":0,"event_name":"Nest","floor":19,"gold_loss":0},{"damage_healed":0,"gold_gain":0,"player_choice":"Fought Bandits","damage_taken":0,"max_hp_gain":0,"max_hp_loss":0,"event_name":"Masked Bandits","floor":25,"gold_loss":0},{"damage_healed":0,"gold_gain":0,"player_choice":"Fight","damage_taken":0,"max_hp_gain":0,"max_hp_loss":0,"event_name":"MindBloom","floor":37,"gold_loss":0},{"cards_removed":["Defend_R"],"damage_healed":0,"gold_gain":0,"player_choice":"Removed Skill","damage_taken":0,"max_hp_gain":0,"max_hp_loss":0,"event_name":"Falling","floor":38,"gold_loss":0}],"is_beta":false,"boss_relics":[{"not_picked":["Tiny House","SacredBark"],"picked":"Mark of Pain"},{"not_picked":["Cursed Key","Black Blood"],"picked":"SlaversCollar"}],"items_purged_floors":[],"is_endless":false,"potions_floor_spawned":[3,7,10,12,16,20,24,25,27,31,33,36,37,39,44,54],"killed_by":"The Heart","ascension_level":11}}