{"host":"mychigd5o98hbqtx","time":1612795569,"event":{"mods":["2.2 Compatiblity","Act Like it!","Aspiration","BaseMod","Better Sensory Stone","Better Third Choice","BetterRewards","Block Reminder","Bossed Relics","Dota2Spire","Fox Events","Friendly Minions","GifTheSpireLib","Jedi Mod","Minty Spire (QoL Compilation)","Pale of the Ancients","Reliquary","Replay The Spire","StSLib","SuperFastMode","TheWitcher","Wandering Minibosses"],"gold_per_floor":[118,131,131,99,132,164,164,7,84,96,129,129,145,176,176,274,351,371,386,181,181,192,223,243,268,368,368,397,410,422,30,30,30,30],"floor_reached":33,"language":"RUS","playtime":1806,"items_purged":["Strike_B","Strike_B"],"score":350,"play_id":"e9328e14-21f0-4c9b-8153-8d18f083d62b","local_time":"20210208174609","is_ascension_mode":false,"campfire_choices":[{"floor":7,"key":"REST"},{"data":"Zap","floor":12,"key":"SMITH"},{"data":"Reboot","floor":15,"key":"SMITH"},{"data":"ReplayTheSpireMod:Repulse","floor":27,"key":"SMITH"},{"data":"Rainbow","floor":32,"key":"SMITH"}],"circlet_count":0,"master_deck":["Strike_B","Strike_B","Defend_B","Defend_B","Defend_B+1","Defend_B","Zap+1","Dualcast","Cold Snap+1","Cold Snap","Undo","Reboot+1","FIFO Queue","Cold Snap+1","Cold Snap","ReplayTheSpireMod:Repulse+1","ReplayTheSpireMod:Repulse","Double Energy","Rainbow+1","jedi:locknload","BasicCrystalCard","Coolheaded","Blizzard+1","jedi:studyfrost"],"relics":["Cracked Core","aspiration:Nostalgia","Burning Blood","betterThird:SlimedRelic","foxEvents:LuckyCharm","aspiration:DSix","ClockworkSouvenir","PreservedInsect","Shuriken","DataDisk","aspiration:Stellarator","Prayer Wheel","BargainBundle","Dota2Spire:ArcaneBoots","Toy Ornithopter","jedi:arcanewood","Dota2Spire:Satanic","jedi:fakemustache"],"acts_visited":["Exordium","TheCity"],"potions_floor_usage":[2,6,11,19,23,25,25,28],"damage_taken":[{"damage":0,"enemies":"2 Louse","floor":1,"turns":2},{"damage":16,"enemies":"Small Slimes","floor":2,"turns":7},{"damage":18,"enemies":"Colosseum Slavers","floor":5,"turns":4},{"damage":16,"enemies":"3 Sentries","floor":6,"turns":11},{"damage":0,"enemies":"Cultist","floor":10,"turns":3},{"damage":8,"enemies":"Gremlin Nob","floor":11,"turns":4},{"damage":7,"enemies":"Exordium Thugs","floor":13,"turns":5},{"damage":1,"enemies":"3 Sentries","floor":14,"turns":8},{"damage":10,"enemies":"Hexaghost","floor":16,"turns":12},{"damage":7,"enemies":"Spheric Guardian","floor":18,"turns":5},{"damage":6,"enemies":"2 Thieves","floor":19,"turns":5},{"damage":2,"enemies":"Chosen and Byrds","floor":22,"turns":8},{"damage":29,"enemies":"Book of Stabbing","floor":23,"turns":7},{"damage":0,"enemies":"Snake Plant","floor":24,"turns":2},{"damage":20,"enemies":"Gremlin Leader","floor":25,"turns":8},{"damage":9,"enemies":"Book of Stabbing","floor":28,"turns":5},{"damage":7,"enemies":"Shelled Parasite and Fungi","floor":29,"turns":4},{"damage":6,"enemies":"Sentry and Sphere","floor":30,"turns":10},{"damage":73,"enemies":"Automaton","floor":33,"turns":10}],"seed_played":"1875722281705062021","potions_obtained":[{"floor":1,"key":"AttackPotion"},{"floor":5,"key":"AttackPotion"},{"floor":10,"key":"Weak Potion"},{"floor":11,"key":"Ancient Potion"},{"floor":14,"key":"Strength Potion"},{"floor":19,"key":"Explosive Potion"},{"floor":22,"key":"EssenceOfSteel"},{"floor":24,"key":"Weak Potion"},{"floor":25,"key":"PotionOfCapacity"}],"is_trial":false,"path_per_floor":["M","M","?","?","?","E","R","$","T","M","E","R","M","E","R","B",null,"M","M","$","?","M","E","M","E","T","R","E","M","M","$","R","B"],"character_chosen":"DEFECT","items_purchased":["ClockworkSouvenir","BargainBundle","Cold Snap","AttackPotion","EssenceOfSteel","jedi:fakemustache","jedi:studyfrost"],"campfire_rested":1,"item_purchase_floors":[8,20,20,20,20,31,31],"current_hp_per_floor":[75,65,50,39,27,17,39,39,39,45,43,43,42,47,47,43,75,74,74,74,74,75,52,58,44,44,44,46,45,45,65,65,0,0],"gold":30,"neow_bonus":"NOSTALGIA","is_daily":false,"chose_seed":false,"campfire_upgraded":4,"win_rate":0.0,"timestamp":1612795569,"path_taken":["M","M","?","?","?","E","R","$","T","M","E","R","M","E","R","BOSS","M","M","$","?","?","E","M","E","T","R","E","M","M","?","R","BOSS"],"items_purchased_type":["Relic","Relic","Card","Potion","Potion","Relic","Card"],"build_version":"2020-12-22","purchased_purges":2,"victory":false,"max_hp_per_floor":[75,75,75,75,75,75,75,75,75,75,75,75,75,75,75,75,75,75,75,75,75,75,75,75,75,75,75,75,75,75,75,75,75,75],"card_choices":[{"not_picked":["Turbo","jedi:BurstFrost"],"picked":"Cold Snap","floor":1},{"not_picked":["ReplayTheSpireMod:GoodbyeWorld","Force Field"],"picked":"Cold Snap","floor":2},{"not_picked":["Steam","Steam Power","Compile Driver"],"picked":"SKIP","floor":6},{"not_picked":["jedi:blockon","Go for the Eyes"],"picked":"Undo","floor":10},{"not_picked":["Streamline","BasicCrystalCard"],"picked":"Reboot","floor":11},{"not_picked":["jedi:hex","Steam"],"picked":"FIFO Queue","floor":13},{"not_picked":["Recycle","jedi:BurstLightning","ReplayTheSpireMod:GoodbyeWorld"],"picked":"SKIP","floor":14},{"not_picked":["jedi:BurstDark","Biased Cognition"],"picked":"ReplayTheSpireMod:Fabricate Wheel","floor":16},{"not_picked":["Turbo","BootSequence+1"],"picked":"Cold Snap+1","floor":18},{"not_picked":["Scrape","Hologram","ReplayTheSpireMod:GoodbyeWorld"],"picked":"SKIP","floor":18},{"not_picked":["Stack","Streamline+1","ReplayTheSpireMod:Reroute Power"],"picked":"SKIP","floor":19},{"not_picked":["Steam Power","jedi:markofdeath","jedi:sharpshooter"],"picked":"SKIP","floor":19},{"not_picked":["Gash","Hologram"],"picked":"ReplayTheSpireMod:Repulse","floor":22},{"not_picked":["Rebound","BasicCrystalCard","Turbo"],"picked":"SKIP","floor":22},{"not_picked":["Streamline","jedi:readyaimfire"],"picked":"ReplayTheSpireMod:Repulse","floor":23},{"not_picked":["jedi:blockon","Hologram"],"picked":"Double Energy","floor":24},{"not_picked":["Rebound","Ball Lightning","jedi:blockon+1"],"picked":"SKIP","floor":24},{"not_picked":["Rebound","Go for the Eyes+1"],"picked":"Rainbow","floor":25},{"not_picked":["Gash","Melter","jedi:BurstLightning"],"picked":"SKIP","floor":28},{"not_picked":["Static Discharge","Undo"],"picked":"jedi:locknload","floor":29},{"not_picked":["jedi:BurstLightning","aspiration:Polymerization"],"picked":"BasicCrystalCard","floor":29},{"not_picked":["jedi:BurstFrost+1","Streamline+1"],"picked":"Coolheaded","floor":30},{"not_picked":["Turbo+1","Rebound+1"],"picked":"Blizzard+1","floor":30}],"player_experience":175684,"relics_obtained":[{"floor":5,"key":"foxEvents:LuckyCharm"},{"floor":6,"key":"aspiration:DSix"},{"floor":9,"key":"PreservedInsect"},{"floor":11,"key":"Shuriken"},{"floor":14,"key":"DataDisk"},{"floor":23,"key":"Dota2Spire:ArcaneBoots"},{"floor":25,"key":"Toy Ornithopter"},{"floor":26,"key":"jedi:arcanewood"},{"floor":28,"key":"Dota2Spire:Satanic"}],"event_choices":[{"damage_healed":65,"gold_gain":0,"player_choice":"Upgrade","damage_taken":15,"max_hp_gain":0,"max_hp_loss":75,"event_name":"betterThird:BetterShining","floor":3,"gold_loss":0,"cards_upgraded":["Cold Snap","Defend_B"]},{"damage_healed":0,"gold_gain":0,"player_choice":"Slimed","damage_taken":11,"max_hp_gain":0,"max_hp_loss":0,"event_name":"betterThird:BetterGoop","floor":4,"gold_loss":32},{"damage_healed":0,"gold_gain":0,"player_choice":"Got Potions","damage_taken":0,"max_hp_gain":0,"max_hp_loss":0,"event_name":"Lab","floor":21,"gold_loss":0}],"is_beta":false,"boss_relics":[{"not_picked":["Coffee Dripper","reliquary:KinkedSpring"],"picked":"aspiration:Stellarator"}],"items_purged_floors":[20,31],"is_endless":false,"potions_floor_spawned":[1,5,10,11,14,19,22,24,25],"killed_by":"Automaton","ascension_level":0}}