{"host":"i4vlfbz13gs2xtdj","time":1612820725,"event":{"mods":["2.2 Compatiblity","AchievementEnabler","Act Like it!","Aspiration","Astrologer","BaseMod","Beaked The Cultist","Bestiary","Better Altar","Better Match","Better Note","Better Sensory Stone","Better Skull","Better Third Choice","BetterRewards","CatGirl Mod","Challenge The Spire","ChefMod","Clockwork Mod","Colored Map","Colored Powertips","Curses Come First","Defuse TimeMaze Blight","Elementarium","Energized Spire","Fox Events","Friendly Minions","GifTheSpireLib","Halation","Hermit","Hubris","Hunter ??","Infinite Spire","Jedi Mod","JesterMod","Jorbs\u0027s Wanderer Trilogy","KinomotoSakuraMod(????)","Marked Mod","Menagerie","Minty Spire (QoL Compilation)","Pale of the Ancients","Potionbrewer","Rare Cards Sparkle","Relic Sorter","Relic Stats","Reliquary","Replay The Spire","Shop Mod","Somnambulant","Spicy Shops","Spikes Relics","Spire Arcade","StSLib","Stuff the Spire","The Blue Laboratory","The Marked","The Sage","Trackpad","Useless Jewels Mod","Wandering Minibosses"],"gold_per_floor":[116,116,116,4,4,37,37,51,51,51,64,64,82,82,82,181,181,194,112,112,129,140,140,171,171,171,171,184,287,287,287],"floor_reached":30,"language":"ENG","playtime":5179,"items_purged":["Parasite"],"score":346,"play_id":"12147518-1592-4b77-b8b8-1918f7788026","local_time":"20210208164525","is_ascension_mode":false,"campfire_choices":[{"data":"beaked:Defend_Y","floor":7,"key":"SMITH"},{"data":"beaked:Defend_Y","floor":10,"key":"SMITH"},{"data":"beaked:Flinch","floor":12,"key":"SMITH"},{"data":"infinitespire:Collect","floor":15,"key":"SMITH"},{"data":"beaked:Evade","floor":23,"key":"SMITH"},{"data":"Pot Of Greed","floor":25,"key":"SMITH"}],"circlet_count":0,"master_deck":["beaked:Strike_Y","beaked:Strike_Y","beaked:Strike_Y","beaked:Strike_Y","beaked:Strike_Y","beaked:Strike_Y","beaked:Defend_Y+1","beaked:Defend_Y+1","beaked:Defend_Y+1","beaked:Defend_Y","beaked:Ceremony","beaked:Ceremony","beaked:Ceremony","beaked:Poke","Pot Of Greed","Pot Of Greed","beaked:Pecker","beaked:Daydream","beaked:Flinch+1","beaked:CrazyRituals","infinitespire:Collect+1","beaked:MachineEssence","beaked:SurvivalInstinct","beaked:Evade+1","beaked:DigDeep+1","beaked:Tradeoff","Pot Of Greed+1","Outmaneuver+1","beaked:CursingBlood+1","beaked:Cower","beaked:Windmill+1"],"relics":["beaked:MendingPlumage","StuffTheSpire:ForceGauntlet","potionbrewer:Keyblade","hubris:MedicalManual","MerchantsRug","aspiration:DSix","Grinning Jar","halation:KoshaPiece","jedi:leech","energizedSpire:OgreHead","Replay:Bottled Snecko","aspiration:StickyExplosives_weak","Nunchaku","infinitespire:Beetle Shell"],"acts_visited":["Exordium","TheCity"],"potions_floor_usage":[6,6,16,16,24],"damage_taken":[{"damage":11,"enemies":"Jaw Worm","floor":1,"turns":4},{"damage":7,"enemies":"Lagavulin","floor":6,"turns":5},{"damage":0,"enemies":"Small Slimes","floor":8,"turns":3},{"damage":5,"enemies":"2 Louse","floor":11,"turns":3},{"damage":18,"enemies":"Lots of Slimes","floor":13,"turns":7},{"damage":10,"enemies":"Hexaghost","floor":16,"turns":8},{"damage":48,"enemies":"2 Thieves","floor":18,"turns":5},{"damage":15,"enemies":"Chosen","floor":21,"turns":4},{"damage":26,"enemies":"Snake Plant","floor":22,"turns":6},{"damage":28,"enemies":"Replay:Snechameleon","floor":24,"turns":5},{"damage":34,"enemies":"Centurion and Healer","floor":28,"turns":5},{"damage":57,"enemies":"3 Cultists","floor":30,"turns":4}],"seed_played":"1697547310328168499","potions_obtained":[{"floor":6,"key":"jedi:tentaclejuice"},{"floor":13,"key":"Toxic Potion"},{"floor":22,"key":"AttackPotion"},{"floor":24,"key":"SpeedPotion"},{"floor":28,"key":"SteroidPotion"}],"is_trial":false,"path_per_floor":["M","?","?","$","?","E","R","M","T","R","M","R","M","?","R","B",null,"M","?","T","M","M","R","E","R","T","?","M","?","M"],"character_chosen":"BEAKED_THE_CULTIST","items_purchased":["StuffTheSpire:ForceGauntlet","potionbrewer:Keyblade","hubris:MedicalManual","MerchantsRug","blueLaboratory:HorrorPotion","EssenceOfSteel"],"campfire_rested":0,"item_purchase_floors":[0,0,0,0,0,4],"current_hp_per_floor":[26,8,13,13,13,18,18,24,24,24,27,27,30,18,18,37,52,14,14,14,21,52,52,52,52,52,52,52,52,0,0],"gold":287,"neow_bonus":"","is_daily":false,"chose_seed":false,"campfire_upgraded":6,"win_rate":0.0,"timestamp":1612820725,"path_taken":["M","?","?","$","?","E","R","M","T","R","?","R","M","?","R","BOSS","M","?","?","M","?","R","E","R","T","?","M","?","?"],"items_purchased_type":["Relic","Relic","Relic","Relic","Potion","Potion"],"build_version":"2020-12-22","purchased_purges":1,"victory":false,"max_hp_per_floor":[47,47,52,52,52,52,52,52,52,52,52,52,52,52,52,52,52,52,52,52,52,52,52,52,52,52,52,52,52,52,52],"relic_stats":{"Nunchaku":[1],"counters":[60,258],"obtain_stats":[{"sagemod:Red_Beast_Statue":0,"Golden Egg":26,"Calipers":0,"jedi:bottledfury":7,"reliquary:RedCape":17,"Old Coin":6,"jedi:leech":9,"MealTicket":0,"Philosopher\u0027s Stone":17,"halation:KoshaPiece":6,"trackpad:BiPhaseBiplane":0,"aspiration:DSix":0,"MerchantsRug":45,"Pear":37,"Ring of Hypnosis":4,"aspiration:Nostalgia":5,"StuffTheSpire:ForceGauntlet":0,"Pen Nib":21,"infinitespire:Beetle Shell":29,"energizedSpire:OgreHead":17,"reliquary:WeakTea":9,"potionbrewer:ToyAutogyro":10,"reliquary:PorcupineQuills":0,"sagemod:Creepy_Carousel":10,"halation:Convergence":48,"Grinning Jar":2,"infinitespire:Cupcake":37,"Regal Pillow":23,"Lantern":54,"Mango":47,"Replay:Multitool":9,"Incense Burner":38,"jedi:archwizardhat":4,"hubris:EmptyBottle":0,"Smiling Mask":26,"aspiration:StickyExplosives_weak":20,"Nunchaku":24,"Ring of Fangs":4,"trackpad:RapidFire":5,"StuffTheSpire:HeavyRock":10,"Replay:Bottled Snecko":19,"aspiration:ChemicalBlood":4,"hubris:DisguiseKit":11,"Replay:M_StaffOfTheSnake":5,"NeowsBlessing":0,"StuffTheSpire:RunicHypercube":17,"aspiration:FetidBarrel":6,"Guide Book":45,"StuffTheSpire:Saxophone":12,"hubris:MedicalManual":0,"Orichalcum":14,"theMarked:ArtifactOfAir":0,"halation:EternalFortune":3,"Membership Card":10,"halation:TwoAmDonut":42,"potionbrewer:BottledElixir":24,"potionbrewer:Keyblade":0},{"sagemod:Red_Beast_Statue":34,"Golden Egg":19,"Calipers":34,"jedi:bottledfury":38,"reliquary:RedCape":16,"Old Coin":3,"jedi:leech":51,"MealTicket":34,"Philosopher\u0027s Stone":43,"halation:KoshaPiece":50,"trackpad:BiPhaseBiplane":34,"aspiration:DSix":48,"MerchantsRug":30,"Pear":24,"Ring of Hypnosis":36,"aspiration:Nostalgia":12,"StuffTheSpire:ForceGauntlet":48,"Pen Nib":18,"infinitespire:Beetle Shell":59,"energizedSpire:OgreHead":54,"reliquary:WeakTea":13,"potionbrewer:ToyAutogyro":4,"reliquary:PorcupineQuills":34,"sagemod:Creepy_Carousel":39,"halation:Convergence":31,"Grinning Jar":49,"infinitespire:Cupcake":24,"Regal Pillow":19,"Lantern":33,"Mango":31,"Replay:Multitool":4,"Incense Burner":25,"jedi:archwizardhat":2,"hubris:EmptyBottle":34,"Smiling Mask":47,"aspiration:StickyExplosives_weak":55,"Nunchaku":58,"Ring of Fangs":36,"trackpad:RapidFire":12,"StuffTheSpire:HeavyRock":4,"Replay:Bottled Snecko":55,"aspiration:ChemicalBlood":12,"hubris:DisguiseKit":4,"Replay:M_StaffOfTheSnake":12,"NeowsBlessing":0,"StuffTheSpire:RunicHypercube":7,"aspiration:FetidBarrel":13,"Guide Book":30,"StuffTheSpire:Saxophone":40,"hubris:MedicalManual":48,"Orichalcum":15,"theMarked:ArtifactOfAir":0,"halation:EternalFortune":2,"Membership Card":4,"halation:TwoAmDonut":29,"potionbrewer:BottledElixir":47,"potionbrewer:Keyblade":48},{"sagemod:Red_Beast_Statue":123,"Golden Egg":67,"Calipers":123,"jedi:bottledfury":143,"reliquary:RedCape":58,"Old Coin":3,"jedi:leech":211,"MealTicket":123,"Philosopher\u0027s Stone":175,"halation:KoshaPiece":208,"trackpad:BiPhaseBiplane":123,"aspiration:DSix":199,"MerchantsRug":100,"Pear":85,"Ring of Hypnosis":131,"aspiration:Nostalgia":44,"StuffTheSpire:ForceGauntlet":199,"Pen Nib":64,"infinitespire:Beetle Shell":254,"energizedSpire:OgreHead":229,"reliquary:WeakTea":48,"potionbrewer:ToyAutogyro":6,"reliquary:PorcupineQuills":123,"sagemod:Creepy_Carousel":147,"halation:Convergence":104,"Grinning Jar":203,"infinitespire:Cupcake":85,"Regal Pillow":67,"Lantern":117,"Mango":104,"Replay:Multitool":6,"Incense Burner":88,"jedi:archwizardhat":2,"hubris:EmptyBottle":123,"Smiling Mask":197,"aspiration:StickyExplosives_weak":234,"Nunchaku":249,"Ring of Fangs":131,"trackpad:RapidFire":44,"StuffTheSpire:HeavyRock":6,"Replay:Bottled Snecko":234,"aspiration:ChemicalBlood":44,"hubris:DisguiseKit":6,"Replay:M_StaffOfTheSnake":44,"NeowsBlessing":0,"StuffTheSpire:RunicHypercube":27,"aspiration:FetidBarrel":48,"Guide Book":100,"StuffTheSpire:Saxophone":153,"hubris:MedicalManual":199,"Orichalcum":51,"theMarked:ArtifactOfAir":0,"halation:EternalFortune":2,"Membership Card":6,"halation:TwoAmDonut":99,"potionbrewer:BottledElixir":197,"potionbrewer:Keyblade":199}]},"card_choices":[{"not_picked":["beaked:BraceForImpact","beaked:TuckingFeathers"],"picked":"beaked:Poke","floor":1},{"not_picked":["beaked:Sacrifice","beaked:StunningBlow"],"picked":"beaked:Pecker","floor":6},{"not_picked":["beaked:WarriorEssence","beaked:Replenish"],"picked":"beaked:Daydream","floor":8},{"not_picked":["beaked:Redirect","beaked:Pecker"],"picked":"beaked:Flinch","floor":11},{"not_picked":["beaked:Redirect","beaked:DigDeep"],"picked":"beaked:CrazyRituals","floor":13},{"not_picked":["infinitespire:SealOfDarkness+","infinitespire:NeuralNetwork"],"picked":"infinitespire:Collect","floor":14},{"not_picked":["beaked:WildInstinct","beaked:SacrificialScars"],"picked":"beaked:MachineEssence","floor":16},{"not_picked":["beaked:WarriorEssence","beaked:Redirect"],"picked":"beaked:SurvivalInstinct","floor":18},{"not_picked":["beaked:BarbedWire","beaked:Foresight"],"picked":"beaked:Evade","floor":21},{"not_picked":["beaked:Overexert+1","beaked:Mantra"],"picked":"beaked:DigDeep+1","floor":22},{"not_picked":["beaked:Evade","beaked:StunningBlow+1"],"picked":"beaked:Tradeoff","floor":24},{"not_picked":["beaked:DigDeep","beaked:Flinch"],"picked":"beaked:CursingBlood+1","floor":28},{"not_picked":["beaked:HuntressEssence","beaked:BloodForTheGods"],"picked":"beaked:Cower","floor":29},{"not_picked":["beaked:BounceBack","beaked:WindBringer"],"picked":"beaked:Windmill+1","floor":29}],"player_experience":394554,"relics_obtained":[{"floor":6,"key":"halation:KoshaPiece"},{"floor":9,"key":"jedi:leech"},{"floor":20,"key":"aspiration:StickyExplosives_weak"},{"floor":24,"key":"Nunchaku"},{"floor":29,"key":"infinitespire:Beetle Shell"}],"event_choices":[{"damage_healed":0,"gold_gain":0,"player_choice":"Relic ","damage_taken":18,"max_hp_gain":0,"max_hp_loss":0,"event_name":"betterThird:BetterScrap","floor":2,"gold_loss":0,"cards_obtained":["jedi:bloodyhammer"]},{"damage_healed":0,"gold_gain":0,"player_choice":"Donut","damage_taken":0,"max_hp_gain":5,"max_hp_loss":0,"event_name":"Big Fish","floor":3,"gold_loss":0},{"damage_healed":0,"gold_gain":0,"player_choice":"Upgraded","damage_taken":0,"max_hp_gain":0,"max_hp_loss":0,"event_name":"Upgrade Shrine","floor":5,"gold_loss":0,"cards_upgraded":["beaked:Defend_Y"]},{"damage_healed":0,"gold_gain":0,"player_choice":"Paid Gold","damage_taken":0,"relics_obtained":["Replay:Bottled Snecko"],"max_hp_gain":0,"max_hp_loss":0,"event_name":"WeMeetAgain","floor":19,"gold_loss":82},{"cards_removed":["infinitespire:Collect"],"damage_healed":0,"gold_gain":0,"player_choice":"Take \u0026 Give","damage_taken":0,"max_hp_gain":0,"max_hp_loss":0,"event_name":"betterNote:BetterNote","floor":27,"gold_loss":0,"cards_obtained":["Outmaneuver"]}],"is_beta":false,"boss_relics":[{"not_picked":["trackpad:StolenKidneys","Cursed Key"],"picked":"energizedSpire:OgreHead"}],"items_purged_floors":[0],"is_endless":false,"potions_floor_spawned":[6,13,22,24,28],"killed_by":"3 Cultists","ascension_level":0}}