{"host":"tzyzz5n7hg2ni9q2","time":1612753328,"event":{"mods":["BaseMod","Minty Spire (QoL Compilation)","Quick Restart"],"gold_per_floor":[112,30,30,30,45,45,63,76,76,104,104,122,122,144,144,244,244,259,358,358,34,10,10,44,60,60,60,79,79,111,128,128,232,232,252,252,252,264,16,48,48,61,61,61,61,61,61,95,95,95],"floor_reached":51,"language":"ENG","playtime":3477,"items_purged":[],"score":946,"play_id":"8c9c6521-5a48-44b6-b62c-d2239472926d","local_time":"20210208040208","is_ascension_mode":true,"campfire_choices":[{"floor":6.0,"key":"REST"},{"floor":11.0,"key":"REST"},{"floor":15.0,"key":"REST"},{"data":"Footwork","floor":23.0,"key":"SMITH"},{"floor":27.0,"key":"REST"},{"data":"Cloak And Dagger","floor":29.0,"key":"SMITH"},{"floor":32.0,"key":"REST"},{"floor":41,"key":"REST"},{"data":"Backflip","floor":47,"key":"SMITH"},{"data":"Envenom","floor":49,"key":"SMITH"}],"circlet_count":0,"master_deck":["Strike_G","Strike_G","Defend_G","Defend_G","Defend_G","Defend_G","Defend_G+1","Survivor","Neutralize","Dramatic Entrance","Quick Slash+1","Footwork+1","Accuracy","Cloak And Dagger+1","Backflip","Backflip+1","Blade Dance","Storm of Steel","Panache","Dodge and Roll","Blur","Leg Sweep","Finesse","Blur+1","Envenom+1"],"relics":["Ring of the Snake","Paper Crane","Snake Skull","Blood Vial","Odd Mushroom","WristBlade","Oddly Smooth Stone","Dream Catcher","Unceasing Top","Pen Nib","Empty Cage","Meat on the Bone","Orichalcum","Singing Bowl","Omamori","Incense Burner"],"acts_visited":["Exordium","TheCity","TheBeyond"],"potions_floor_usage":[50,50,50],"damage_taken":[{"damage":1.0,"enemies":"Cultist","floor":1.0,"turns":3.0},{"damage":0.0,"enemies":"Small Slimes","floor":5.0,"turns":3.0},{"damage":2.0,"enemies":"Jaw Worm","floor":7.0,"turns":4.0},{"damage":0.0,"enemies":"2 Fungi Beasts","floor":8.0,"turns":3.0},{"damage":32.0,"enemies":"Gremlin Nob","floor":10.0,"turns":6.0},{"damage":0.0,"enemies":"Exordium Wildlife","floor":12.0,"turns":4.0},{"damage":0.0,"enemies":"The Mushroom Lair","floor":14.0,"turns":4.0},{"damage":24.0,"enemies":"Slime Boss","floor":16.0,"turns":14.0},{"damage":0.0,"enemies":"Spheric Guardian","floor":18.0,"turns":3.0},{"damage":21.0,"enemies":"Gremlin Leader","floor":24.0,"turns":6.0},{"damage":9.0,"enemies":"Shell Parasite","floor":25.0,"turns":4.0},{"damage":0.0,"enemies":"3 Cultists","floor":28.0,"turns":5.0},{"damage":25.0,"enemies":"Book of Stabbing","floor":30.0,"turns":6.0},{"damage":27.0,"enemies":"Snake Plant","floor":31.0,"turns":5.0},{"damage":29.0,"enemies":"Automaton","floor":33.0,"turns":11.0},{"damage":1.0,"enemies":"Orb Walker","floor":35.0,"turns":3.0},{"damage":15.0,"enemies":"3 Darklings","floor":38.0,"turns":5.0},{"damage":24,"enemies":"Nemesis","floor":40,"turns":5},{"damage":10,"enemies":"Jaw Worm Horde","floor":42,"turns":5},{"damage":3,"enemies":"Reptomancer","floor":48,"turns":7},{"damage":3,"enemies":"Donu and Deca","floor":50,"turns":12}],"seed_played":"-7692022763170919443","potions_obtained":[{"floor":5.0,"key":"Dexterity Potion"},{"floor":8.0,"key":"PowerPotion"},{"floor":10.0,"key":"Swift Potion"},{"floor":18.0,"key":"Fruit Juice"},{"floor":31.0,"key":"PowerPotion"},{"floor":35.0,"key":"DuplicationPotion"}],"is_trial":false,"path_per_floor":["M","$","?","?","M","R","M","M","T","E","R","M","?","?","R","B",null,"M","?","?","$","$","R","E","M","T","R","M","R","E","M","R","B",null,"M","?","?","M","$","E","R","M","T","?","T","$","R","E","R","B",null],"character_chosen":"THE_SILENT","items_purchased":["Footwork","Oddly Smooth Stone","Panache","Dodge and Roll","Meat on the Bone"],"campfire_rested":6,"item_purchase_floors":[2,21,21,22,39],"current_hp_per_floor":[62,62,37,37,37,58,56,56,56,24,45,47,33,35,56,34,61,68,68,54,54,54,54,35,28,28,52,54,54,31,6,30,3,61,62,62,62,49,49,39,63,55,55,55,55,55,55,54,54,53],"gold":95,"neow_bonus":"RANDOM_COLORLESS","is_daily":false,"chose_seed":false,"campfire_upgraded":4,"win_rate":0.0,"timestamp":1612753328,"path_taken":["M","$","?","?","M","R","?","M","T","E","R","M","?","?","R","BOSS","M","?","?","?","$","R","E","M","T","R","M","R","E","M","R","BOSS","M","?","?","?","?","E","R","?","T","?","?","?","R","E","R","BOSS"],"items_purchased_type":["Card","Relic","Card","Card","Relic"],"build_version":"2020-12-22","purchased_purges":0,"victory":true,"max_hp_per_floor":[70,70,70,70,70,70,70,70,70,70,70,70,70,70,70,70,70,75,75,80,80,80,80,80,80,80,80,80,80,80,80,80,80,80,80,80,80,80,80,80,80,80,80,80,80,80,80,80,80,80],"card_choices":[{"not_picked":["Purity","Dark Shackles"],"picked":"Dramatic Entrance","floor":0.0},{"not_picked":["Outmaneuver","Terror"],"picked":"Quick Slash","floor":1.0},{"not_picked":["Slice","Acrobatics"],"picked":"Cloak And Dagger","floor":5.0},{"not_picked":["Endless Agony","Deadly Poison"],"picked":"Backflip","floor":7.0},{"not_picked":["Quick Slash","Masterful Stab"],"picked":"Backflip","floor":8.0},{"not_picked":["Dash","Caltrops"],"picked":"Blade Dance","floor":10.0},{"not_picked":["Dagger Throw","Skewer","Prepared"],"picked":"SKIP","floor":12.0},{"not_picked":["Unload","Die Die Die"],"picked":"Storm of Steel","floor":16.0},{"not_picked":["Catalyst+1","Poisoned Stab","All Out Attack"],"picked":"SKIP","floor":18.0},{"not_picked":["Slice","Bane","Infinite Blades"],"picked":"SKIP","floor":24.0},{"not_picked":["Flying Knee","Poisoned Stab"],"picked":"Blur","floor":25.0},{"not_picked":["Bane","PiercingWail","Dagger Throw"],"picked":"SKIP","floor":28.0},{"not_picked":["Wraith Form v2","Underhanded Strike","Choke"],"picked":"SKIP","floor":30.0},{"not_picked":["Acrobatics","Slice"],"picked":"Leg Sweep","floor":31.0},{"not_picked":["Prepared","Dagger Spray","Leg Sweep"],"picked":"SKIP","floor":35.0},{"not_picked":["Deep Breath","Transmutation"],"picked":"Finesse","floor":36.0},{"not_picked":["Masterful Stab+1","Quick Slash","Acrobatics"],"picked":"SKIP","floor":38.0},{"not_picked":["Cloak And Dagger","Dagger Throw+1"],"picked":"Blur+1","floor":40},{"not_picked":["Underhanded Strike+1","Dash","Outmaneuver+1"],"picked":"SKIP","floor":42},{"not_picked":["Underhanded Strike","Dodge and Roll"],"picked":"Envenom","floor":48}],"player_experience":309740,"relics_obtained":[{"floor":9.0,"key":"Snake Skull"},{"floor":10.0,"key":"Blood Vial"},{"floor":14.0,"key":"Odd Mushroom"},{"floor":24.0,"key":"Dream Catcher"},{"floor":26.0,"key":"Unceasing Top"},{"floor":30.0,"key":"Pen Nib"},{"floor":40,"key":"Orichalcum"},{"floor":43,"key":"Singing Bowl"},{"floor":45,"key":"Omamori"},{"floor":48,"key":"Incense Burner"}],"event_choices":[{"damage_healed":0.0,"max_hp_gain":0.0,"max_hp_loss":0.0,"gold_gain":0.0,"event_name":"Scrap Ooze","player_choice":"Success","floor":3.0,"gold_loss":0.0,"damage_taken":25.0,"relics_obtained":["Paper Crane"]},{"damage_healed":0.0,"max_hp_gain":0.0,"max_hp_loss":0.0,"gold_gain":0.0,"event_name":"Match and Keep!","player_choice":"1 cards matched","floor":4.0,"gold_loss":0.0,"damage_taken":0.0,"cards_obtained":["Accuracy"]},{"damage_healed":0.0,"max_hp_gain":0.0,"max_hp_loss":0.0,"gold_gain":0.0,"event_name":"Shining Light","player_choice":"Entered Light","floor":13.0,"gold_loss":0.0,"damage_taken":14.0,"cards_upgraded":["Defend_G","Quick Slash"]},{"damage_healed":0.0,"max_hp_gain":0.0,"max_hp_loss":0.0,"gold_gain":0.0,"event_name":"Mushrooms","player_choice":"Fought Mushrooms","floor":14.0,"gold_loss":0.0,"damage_taken":0.0},{"damage_healed":0.0,"max_hp_gain":0.0,"max_hp_loss":0.0,"gold_gain":99.0,"event_name":"Nest","player_choice":"Stole From Cult","floor":19.0,"gold_loss":0.0,"damage_taken":0.0},{"damage_healed":0.0,"max_hp_gain":5.0,"max_hp_loss":0.0,"gold_gain":0.0,"event_name":"Forgotten Altar","player_choice":"Shed Blood","floor":20.0,"gold_loss":0.0,"damage_taken":19.0},{"damage_healed":0.0,"max_hp_gain":0.0,"max_hp_loss":0.0,"gold_gain":0.0,"event_name":"SensoryStone","player_choice":"Memory 1","floor":36.0,"gold_loss":0.0,"damage_taken":0.0},{"damage_healed":0.0,"max_hp_gain":0.0,"max_hp_loss":0.0,"gold_gain":0.0,"event_name":"The Woman in Blue","player_choice":"Bought 0 Potions","floor":37.0,"gold_loss":0.0,"damage_taken":0.0},{"cards_removed":["Strike_G"],"damage_healed":0,"gold_gain":0,"player_choice":"Removed Attack","damage_taken":0,"max_hp_gain":0,"max_hp_loss":0,"event_name":"Falling","floor":44,"gold_loss":0}],"is_beta":false,"boss_relics":[{"not_picked":["Ring of the Serpent","Coffee Dripper"],"picked":"WristBlade"},{"not_picked":["Snecko Eye","Philosopher\u0027s Stone"],"picked":"Empty Cage"}],"items_purged_floors":[],"is_endless":false,"potions_floor_spawned":[5,8,10,18,31,35,42,48],"ascension_level":6}}