{"host":"q5l3nirlejh5mn15","time":1612763253,"event":{"mods":["100% Spire Juice","BaseMod","Bossed Relics","Downfall","Energized Spire","FoggyMod","Hermit","Koishi","Marisa£®ÏF”Í°°ƒß¿Ì…≥£©","Minty Spire (QoL Compilation)","MostiFishMod","Reimu£®≤©¿ˆ¡È√Œ£©","Relic Filter Mod","Reliquary","Remilia£®¿Ÿ√◊¿Ú—«£©","RumiaBox-¬∂√◊Ê´µƒ…Ò√ÿ∫–◊”","Spicy Shops","StSLib","TestMod","The Hierophant","The Servant 0.9.4","UnlockEverythingMod","Warlord Emblem","[IsaacMod]“‘»ˆº‚À˛","°æπ¶ƒ‹Mod°øªÏ„Á÷Æª∑–ﬁ∏¥≤π∂°","°æ“≈ŒÔø®≈∆°øREMEMod"],"gold_per_floor":[99,99,99,176,192,642,642,677,677,677,38,38,38,38],"floor_reached":12,"language":"ZHS","playtime":227,"items_purged":["downfall:Icky"],"score":128,"play_id":"2057a08a-a781-45f6-9dc9-556dfa11ae33","local_time":"20210208134733","is_ascension_mode":true,"campfire_choices":[{"data":"BloodyBrimstone","floor":1,"key":"SMITH"},{"floor":9,"key":"RECALL"}],"circlet_count":0,"master_deck":["champ:Strike","champ:Strike","champ:Strike","champ:Defend","champ:Defend","champ:Defend","champ:Defend","MostiFishMod:KnuckleDown","MostiFishMod:SephirahHod+1","downfall:Icky","downfall:Icky","champ:EnchantCrown"],"relics":["champ:ChampionCrown","DaveBox","HushsDoor","testmod-TestBox","REME_ComplimentaryCards","testmod-GiftOfSatan","SteamSale","MostiFishMod:Hod","Question Card","BFFS","DianDianMeat","reliquary:FeatherDuster","Chemical X"],"acts_visited":["Exordium"],"potions_floor_usage":[],"damage_taken":[{"damage":0,"enemies":"Cultist","floor":5,"turns":1},{"damage":0,"enemies":"3 Sentries","floor":8,"turns":1},{"damage":40,"enemies":"downfall:FleeingMerchant","floor":11,"turns":5},{"damage":0,"enemies":"Gremlin Nob","floor":12,"turns":1}],"seed_played":"-7358191823240602804","potions_obtained":[{"floor":0,"key":"SneckoOil"},{"floor":0,"key":"Fire Potion"},{"floor":0,"key":"MagicPotion:ReiMu"}],"is_trial":false,"path_per_floor":["R","?","?","?","M","?","T","E","R","?","$","E"],"character_chosen":"THE_CHAMP","items_purchased":["reliquary:FeatherDuster","champ:EnchantCrown","Chemical X"],"campfire_rested":0,"item_purchase_floors":[11,11,11],"current_hp_per_floor":[90,90,90,75,75,75,75,75,75,68,59,59,59,59],"gold":38,"neow_bonus":"THREE_SMALL_POTIONS","is_daily":false,"chose_seed":false,"campfire_upgraded":1,"win_rate":0.0,"timestamp":1612763253,"path_taken":["R","?","?","?","?","?","T","E","R","?","?","E"],"items_purchased_type":["Relic","Card","Relic"],"build_version":"2020-12-22","purchased_purges":1,"victory":false,"max_hp_per_floor":[90,90,90,90,90,90,90,87,87,87,85,85,85,85],"card_choices":[{"not_picked":[],"picked":"BloodyBrimstone","floor":0},{"not_picked":["champ:DefensiveShout","champ:EnGarde","champ:Endure"],"picked":"SKIP","floor":0},{"not_picked":["champ:RageSigil","champ:ArenaPreparation","champ:BladeFlurry"],"picked":"SKIP","floor":5},{"not_picked":["champ:SwordThrow","champ:FlashCut","champ:DefensiveStyle"],"picked":"champ:CheapShot","floor":8},{"not_picked":["champ:SetATrap","champ:BringItOn","champ:BerserkersShout","champ:FocusedDefense"],"picked":"SKIP","floor":11}],"player_experience":258700,"relics_obtained":[{"floor":7,"key":"Question Card"},{"floor":8,"key":"BFFS"}],"event_choices":[{"damage_healed":0,"gold_gain":0,"player_choice":"Forge","damage_taken":0,"max_hp_gain":0,"max_hp_loss":0,"event_name":"Accursed Blacksmith","floor":3,"gold_loss":0,"cards_upgraded":["MostiFishMod:SephirahHod"]},{"damage_healed":0,"gold_gain":0,"player_choice":"Success","damage_taken":7,"relics_obtained":["DianDianMeat"],"max_hp_gain":0,"max_hp_loss":0,"event_name":"Scrap Ooze","floor":10,"gold_loss":0}],"is_beta":false,"boss_relics":[],"items_purged_floors":[11],"is_endless":false,"potions_floor_spawned":[8],"killed_by":"Gremlin Nob","ascension_level":1}}