{"host":"0awa854l6bexpjrv","time":1612761166,"event":{"mods":["BaseMod","Block Reminder","Colored Map","Colored Powertips","Downfall","Highlight Path","Minty Spire (QoL Compilation)","Quick Restart","Rare Cards Sparkle","StSLib","SuperFastMode"],"gold_per_floor":[14,32,32,32,32,32,55,55,106,122,132,1,16,16,16,112,162,102,102,27,0,0,0,0,20,46,46,46,63,63,63,63],"floor_reached":31,"language":"ENG","playtime":950,"items_purged":["Strike_B"],"score":254,"play_id":"9592a05a-e0a2-455c-b20d-3a80fe549554","local_time":"20210207211246","is_ascension_mode":true,"campfire_choices":[{"data":"Streamline","floor":6,"key":"SMITH"},{"floor":8,"key":"REST"},{"floor":15,"key":"REST"},{"floor":23,"key":"REST"},{"data":"RitualDagger","floor":27,"key":"SMITH"}],"circlet_count":0,"master_deck":["Defend_B+1","Defend_B","Defend_B","Defend_B","Zap+1","Dualcast","Streamline+1","Echo Form","Streamline","Streamline","Biased Cognition","Conserve Battery","Ball Lightning+1","Hyperbeam+1","Conserve Battery","Stack","Machine Learning","Tempest","downfall:Bewildered","RitualDagger+1","Cold Snap+1","Conserve Battery"],"relics":["Cracked Core","Odd Mushroom","DataDisk","Singing Bowl","Tiny House","sneckomod:BabySnecko","Blue Candle","Whetstone","Nilry\u0027s Codex"],"acts_visited":["Exordium","TheCity"],"potions_floor_usage":[16,16,18,25,29,31],"damage_taken":[{"damage":10.0,"enemies":"Small Slimes","floor":1.0,"turns":3.0},{"damage":4.0,"enemies":"Jaw Worm","floor":2.0,"turns":4.0},{"damage":36,"enemies":"The Mushroom Lair","floor":7,"turns":4},{"damage":1,"enemies":"2 Louse","floor":10,"turns":2},{"damage":6,"enemies":"Blue Slaver","floor":11,"turns":3},{"damage":0,"enemies":"3 Louse","floor":13,"turns":1},{"damage":22,"enemies":"Hexaghost","floor":16,"turns":6},{"damage":20,"enemies":"2 Thieves","floor":18,"turns":3},{"damage":7,"enemies":"3 Byrds","floor":25,"turns":4},{"damage":12,"enemies":"Shelled Parasite and Fungi","floor":29,"turns":4},{"damage":14,"enemies":"Chosen and Byrds","floor":31,"turns":5}],"seed_played":"-6061083736440940146","potions_obtained":[{"floor":2.0,"key":"bronze:BurnAndBuffPotion"},{"floor":7,"key":"Block Potion"},{"floor":11,"key":"PowerPotion"},{"floor":16,"key":"hexamod:SoulburnPotion"},{"floor":17,"key":"SmokeBomb"},{"floor":29,"key":"SkillPotion"}],"is_trial":false,"path_per_floor":["M","M","$","?","?","R","?","R","T","M","M","$","M","T","R","B",null,"M","?","$","?","?","R","T","M","T","R","?","M","?","M"],"character_chosen":"DEFECT","items_purchased":["Hyperbeam","Conserve Battery"],"campfire_rested":3,"item_purchase_floors":[12,12],"current_hp_per_floor":[65,61,61,61,61,61,25,47,47,46,40,40,40,40,62,40,80,60,60,60,60,54,78,78,71,71,71,55,43,43,29,29],"gold":63,"neow_bonus":"TRANSFORM_TWO_CARDS","is_daily":false,"chose_seed":false,"campfire_upgraded":2,"win_rate":0.0,"timestamp":1612761166,"path_taken":["M","M","$","?","?","R","?","R","T","M","M","?","M","?","R","BOSS","M","?","$","?","?","R","?","?","T","R","?","M","?","M"],"items_purchased_type":["Card","Card"],"build_version":"2020-12-22","purchased_purges":1,"victory":false,"max_hp_per_floor":[75,75,75,75,75,75,75,75,75,75,75,75,75,75,75,75,80,80,80,80,80,80,80,80,80,80,80,80,80,80,80,80],"card_choices":[{"not_picked":["Coolheaded","BootSequence"],"picked":"Streamline","floor":1.0},{"not_picked":["FTL","Rebound"],"picked":"Streamline","floor":2.0},{"not_picked":["Compile Driver","Leap"],"picked":"Biased Cognition","floor":7},{"not_picked":["Hologram","Leap"],"picked":"Conserve Battery","floor":10},{"not_picked":["Steam","Gash"],"picked":"Ball Lightning","floor":11},{"not_picked":["All For One","Gash"],"picked":"Stack","floor":13},{"not_picked":["Seek","Electrodynamics"],"picked":"Machine Learning","floor":16},{"not_picked":["Heatsinks","Sweeping Beam"],"picked":"Tempest","floor":17},{"not_picked":["Sunder","Self Repair"],"picked":"Cold Snap+1","floor":25},{"not_picked":["Barrage","Coolheaded"],"picked":"Conserve Battery","floor":29}],"player_experience":745075,"relics_obtained":[{"floor":7,"key":"Odd Mushroom"},{"floor":9,"key":"DataDisk"},{"floor":14,"key":"Singing Bowl"},{"floor":24,"key":"Blue Candle"},{"floor":26,"key":"Whetstone"},{"floor":28,"key":"Nilry\u0027s Codex"}],"event_choices":[{"damage_healed":0,"gold_gain":0,"player_choice":"Ignored","damage_taken":0,"max_hp_gain":0,"max_hp_loss":0,"event_name":"Liars Game","floor":4,"gold_loss":0},{"damage_healed":0,"gold_gain":0,"player_choice":"Grow","damage_taken":0,"max_hp_gain":0,"max_hp_loss":0,"event_name":"Living Wall","floor":5,"gold_loss":0,"cards_upgraded":["Zap"]},{"damage_healed":0,"gold_gain":0,"player_choice":"Fought Mushrooms","damage_taken":0,"max_hp_gain":0,"max_hp_loss":0,"event_name":"Mushrooms","floor":7,"gold_loss":0},{"damage_healed":0,"gold_gain":0,"player_choice":"Paid Fearfully","damage_taken":0,"max_hp_gain":0,"max_hp_loss":0,"event_name":"Masked Bandits","floor":21,"gold_loss":27},{"damage_healed":0,"gold_gain":0,"player_choice":"Joined the Cult","damage_taken":6,"max_hp_gain":0,"max_hp_loss":0,"event_name":"Nest","floor":22,"gold_loss":0,"cards_obtained":["RitualDagger"]},{"damage_healed":0,"gold_gain":0,"player_choice":"Obtained Book","damage_taken":16,"max_hp_gain":0,"max_hp_loss":0,"event_name":"Cursed Tome","floor":28,"gold_loss":0},{"cards_removed":["Strike_B"],"damage_healed":0,"gold_gain":0,"player_choice":"Purged","damage_taken":0,"max_hp_gain":0,"max_hp_loss":0,"event_name":"Purifier","floor":30,"gold_loss":0}],"is_beta":false,"boss_relics":[{"not_picked":["Black Star","Ectoplasm"],"picked":"Tiny House"}],"items_purged_floors":[20],"is_endless":false,"potions_floor_spawned":[2,7,11,16,29],"killed_by":"Chosen and Byrds","ascension_level":3}}