{"host":"92108ef2q9tm8rod","time":1612797261,"event":{"mods":["BaseMod","Defuse TimeMaze Blight","Minty Spire (QoL Compilation)","StSLib","The Jungle"],"gold_per_floor":[117,192,202,15,15,15,40,69,69,69,87,87,87,87,87,192,192,207,218,168,168,168,168,168,202,202,202,202,202,232,260,260,363,363,383,403,419,356,371,405,417,427,427,427,229,239,239,89,89,89],"floor_reached":51,"language":"ENG","playtime":2354,"items_purged":["Twin Strike","Dodge and Roll","Noxious Fumes+1","Sucker Punch+1","Disarm+1"],"score":939,"play_id":"69ade6d8-a484-4532-8602-5f6733e6d3fa","local_time":"20210208151421","daily_mods":["SealedDeck","Red Cards","Heirloom","Flight"],"is_ascension_mode":false,"campfire_choices":[{"data":"Armaments","floor":6,"key":"SMITH"},{"floor":10,"key":"REST"},{"data":"Rampage","floor":12,"key":"SMITH"},{"floor":13,"key":"REST"},{"data":"Spot Weakness","floor":15,"key":"SMITH"},{"data":"True Grit","floor":23,"key":"SMITH"},{"floor":24,"key":"REST"},{"floor":27,"key":"REST"},{"data":"Disarm","floor":29,"key":"SMITH"},{"data":"Backflip","floor":32,"key":"SMITH"},{"data":"Demon Form","floor":44,"key":"SMITH"},{"floor":47,"key":"REST"},{"floor":49,"key":"REST"}],"circlet_count":0,"master_deck":["Spot Weakness+1","True Grit+1","Backflip+1","Rampage+1","Escape Plan+1","Demon Form+1"],"relics":["Ring of the Snake","Lizard Tail","Membership Card","Bronze Scales","Darkstone Periapt","Bottled Flame","Empty Cage","Mango","InkBottle","Bag of Marbles","Toy Ornithopter","Busted Crown","Molten Egg 2","Meat on the Bone","HornCleat"],"acts_visited":["Exordium","Exordium","TheBeyond"],"potions_floor_usage":[8,11,25,25,37,37,37,37,37,50,50],"damage_taken":[{"damage":0,"enemies":"Jaw Worm","floor":1,"turns":5},{"damage":0,"enemies":"2 Louse","floor":3,"turns":4},{"damage":4,"enemies":"3 Sentries","floor":7,"turns":7},{"damage":13,"enemies":"Gremlin Nob","floor":8,"turns":4},{"damage":0,"enemies":"Small Slimes","floor":11,"turns":3},{"damage":7,"enemies":"Hexaghost","floor":16,"turns":8},{"damage":19,"enemies":"Shell Parasite","floor":18,"turns":6},{"damage":16,"enemies":"theJungle:5_Spyders","floor":19,"turns":5},{"damage":75,"enemies":"theJungle:MamaSnecko","floor":25,"turns":6},{"damage":4,"enemies":"theJungle:2_Phrogs","floor":30,"turns":5},{"damage":0,"enemies":"theJungle:MamaSnecko","floor":31,"turns":5},{"damage":0,"enemies":"theJungle:FunGuy","floor":33,"turns":9},{"damage":9,"enemies":"Orb Walker","floor":35,"turns":4},{"damage":0,"enemies":"3 Darklings","floor":36,"turns":5},{"damage":0,"enemies":"Spire Growth","floor":37,"turns":5},{"damage":0,"enemies":"Jaw Worm Horde","floor":39,"turns":6},{"damage":7,"enemies":"Giant Head","floor":40,"turns":6},{"damage":1,"enemies":"Maw","floor":41,"turns":6},{"damage":28,"enemies":"Sphere and 2 Shapes","floor":42,"turns":6},{"damage":0,"enemies":"Transient","floor":46,"turns":5},{"damage":36,"enemies":"Time Eater","floor":50,"turns":7}],"seed_played":"-6997939135110881346","potions_obtained":[{"floor":7,"key":"CunningPotion"},{"floor":8,"key":"BlessingOfTheForge"},{"floor":16,"key":"SkillPotion"},{"floor":18,"key":"ColorlessPotion"},{"floor":25,"key":"DistilledChaos"},{"floor":33,"key":"Explosive Potion"},{"floor":35,"key":"EntropicBrew"},{"floor":36,"key":"EssenceOfSteel"}],"is_trial":true,"path_per_floor":["M","?","M","$","?","R","E","E","T","R","M","R","R","?","R","B",null,"M","M","$","?","?","R","R","E","T","R","?","R","E","E","R","B",null,"M","M","M","$","M","E","M","M","T","R","$","M","R","$","R","B",null],"character_chosen":"THE_SILENT","items_purchased":["Membership Card","HornCleat","Block Potion","DuplicationPotion"],"campfire_rested":6,"item_purchase_floors":[4,45,48,48],"current_hp_per_floor":[70,59,59,59,45,45,41,28,28,49,49,49,70,70,70,63,70,51,35,35,35,35,35,56,49,49,74,84,84,80,80,80,80,84,75,75,84,84,84,77,76,48,48,48,48,48,73,73,84,48],"gold":89,"neow_bonus":"","is_daily":false,"chose_seed":false,"campfire_upgraded":7,"win_rate":0.0,"timestamp":1612797261,"path_taken":["M","?","M","$","?","R","E","E","T","R","M","R","R","?","R","BOSS","M","M","$","?","?","R","R","E","T","R","?","R","E","E","R","BOSS","M","M","M","$","M","E","M","M","T","R","$","M","R","$","R","BOSS"],"items_purchased_type":["Relic","Relic","Potion","Potion"],"build_version":"2020-12-22","purchased_purges":5,"victory":true,"max_hp_per_floor":[70,70,70,70,70,70,70,70,70,70,70,70,70,70,70,70,70,70,70,70,70,70,70,70,84,84,84,84,84,84,84,84,84,84,84,84,84,84,84,84,84,84,84,84,84,84,84,84,84,84],"card_choices":[{"not_picked":["Predator","Armaments","Shrug It Off"],"picked":"SKIP","floor":1},{"not_picked":["True Grit","Underhanded Strike"],"picked":"Rampage","floor":3},{"not_picked":["Grand Finale","Blood for Blood","A Thousand Cuts"],"picked":"SKIP","floor":7},{"not_picked":["Clothesline","Wild Strike","Wraith Form v2"],"picked":"SKIP","floor":8},{"not_picked":["Slice","Sentinel","Crippling Poison"],"picked":"SKIP","floor":11},{"not_picked":["Well Laid Plans","Perfected Strike","Cloak And Dagger"],"picked":"SKIP","floor":18},{"not_picked":["Searing Blow","Leg Sweep","Headbutt"],"picked":"SKIP","floor":19},{"not_picked":["Dodge and Roll","Acrobatics"],"picked":"Escape Plan+1","floor":25},{"not_picked":["Dodge and Roll","Anger","Dagger Spray"],"picked":"SKIP","floor":30},{"not_picked":["Outmaneuver","Dagger Throw","Havoc+1"],"picked":"SKIP","floor":31},{"not_picked":["Reaper","Tools of the Trade"],"picked":"Demon Form","floor":33},{"not_picked":["PiercingWail"],"picked":"SKIP","floor":35},{"not_picked":["Catalyst"],"picked":"SKIP","floor":36},{"not_picked":["Flex+1"],"picked":"SKIP","floor":37},{"not_picked":["True Grit"],"picked":"SKIP","floor":39},{"not_picked":["Hemokinesis+1"],"picked":"SKIP","floor":40},{"not_picked":["Acrobatics+1"],"picked":"SKIP","floor":41},{"not_picked":["Escape Plan"],"picked":"SKIP","floor":42},{"not_picked":["Hemokinesis+1"],"picked":"SKIP","floor":46}],"player_experience":3401913,"relics_obtained":[{"floor":7,"key":"Bronze Scales"},{"floor":8,"key":"Darkstone Periapt"},{"floor":9,"key":"Bottled Flame"},{"floor":25,"key":"Mango"},{"floor":26,"key":"InkBottle"},{"floor":30,"key":"Bag of Marbles"},{"floor":31,"key":"Toy Ornithopter"},{"floor":40,"key":"Molten Egg 2"},{"floor":43,"key":"Meat on the Bone"}],"event_choices":[{"damage_healed":0,"gold_gain":75,"player_choice":"Gather Gold","damage_taken":11,"max_hp_gain":0,"max_hp_loss":0,"event_name":"World of Goop","floor":2,"gold_loss":0},{"damage_healed":0,"gold_gain":0,"player_choice":"Entered Light","damage_taken":14,"max_hp_gain":0,"max_hp_loss":0,"event_name":"Shining Light","floor":5,"gold_loss":0,"cards_upgraded":["Sucker Punch","Noxious Fumes"]},{"damage_healed":0,"gold_gain":0,"player_choice":"Ignored","damage_taken":0,"max_hp_gain":0,"max_hp_loss":0,"event_name":"Liars Game","floor":14,"gold_loss":0}],"is_beta":false,"boss_relics":[{"not_picked":["Runic Dome","Astrolabe"],"picked":"Empty Cage"},{"not_picked":["Snecko Eye","Fusion Hammer"],"picked":"Busted Crown"}],"items_purged_floors":[4,20,38,45,48],"is_endless":false,"potions_floor_spawned":[7,8,16,18,25,33,35,36],"ascension_level":0}}