{"host":"rolltorest","time":1612820055,"event":{"mods":["BaseMod","Minty Spire (QoL Compilation)","Relic Stats","Slay the Relics Exporter","StSLib"],"gold_per_floor":[118,118,131,11,21,21,21],"floor_reached":6,"language":"ENG","playtime":124,"items_purged":[],"score":72,"play_id":"f8349a8a-e350-43aa-b41c-e9951e50ac92","local_time":"20210208133415","is_ascension_mode":true,"campfire_choices":[],"circlet_count":0,"master_deck":["AscendersBane","Strike_P","Strike_P","Strike_P","Strike_P","Defend_P","Defend_P","Defend_P","Defend_P","Eruption","Vigilance","Secret Weapon","ThirdEye","FearNoEvil","SandsOfTime"],"relics":["PureWater","Dead Branch","Mummified Hand"],"acts_visited":["Exordium"],"potions_floor_usage":[],"damage_taken":[{"damage":0,"enemies":"Jaw Worm","floor":1,"turns":3},{"damage":0,"enemies":"Small Slimes","floor":3,"turns":2},{"damage":0,"enemies":"Cultist","floor":5,"turns":2},{"damage":22,"enemies":"Gremlin Nob","floor":6,"turns":3}],"seed_played":"-8830729252675153348","potions_obtained":[],"is_trial":false,"path_per_floor":["M","?","M","?","M","E"],"character_chosen":"WATCHER","items_purchased":[],"campfire_rested":0,"item_purchase_floors":[],"current_hp_per_floor":[43,38,38,38,38,16,16],"gold":21,"neow_bonus":"RANDOM_COLORLESS_2","is_daily":false,"chose_seed":false,"campfire_upgraded":0,"win_rate":0.0,"timestamp":1612820055,"path_taken":["M","?","M","?","M","E"],"items_purchased_type":[],"build_version":"2020-12-18","purchased_purges":0,"victory":false,"max_hp_per_floor":[68,68,68,68,68,68,68],"relic_stats":{"counters":[4,10],"Mummified Hand":[0],"Dead Branch":[8],"obtain_stats":[{"Mummified Hand":4,"Dead Branch":2,"PureWater":0},{"Mummified Hand":2,"Dead Branch":1,"PureWater":0},{"Mummified Hand":5,"Dead Branch":3,"PureWater":0}]},"card_choices":[{"not_picked":["Chrysalis","The Bomb"],"picked":"Secret Weapon","floor":0},{"not_picked":["Indignation","EmptyBody"],"picked":"ThirdEye","floor":1},{"not_picked":["Weave","FollowUp"],"picked":"FearNoEvil","floor":3},{"not_picked":["ClearTheMind","WindmillStrike"],"picked":"SandsOfTime","floor":5}],"player_experience":1916328,"relics_obtained":[],"event_choices":[{"damage_healed":0,"gold_gain":0,"player_choice":"Success","damage_taken":5,"relics_obtained":["Dead Branch"],"max_hp_gain":0,"max_hp_loss":0,"event_name":"Scrap Ooze","floor":2,"gold_loss":0},{"damage_healed":0,"gold_gain":0,"player_choice":"Paid Gold","damage_taken":0,"relics_obtained":["Mummified Hand"],"max_hp_gain":0,"max_hp_loss":0,"event_name":"WeMeetAgain","floor":4,"gold_loss":120}],"is_beta":true,"boss_relics":[],"items_purged_floors":[],"is_endless":false,"potions_floor_spawned":[],"killed_by":"Gremlin Nob","ascension_level":20}}