{"host":"bf5upntvbdompq33","time":1612750379,"event":{"mods":["BaseMod","Colored Map","Colored Powertips","Curses Come First","Minty Spire (QoL Compilation)","StSLib","The Dragon Tamer","The Hierophant","The Marked","The Mystic","The Servant 0.9.4"],"gold_per_floor":[110,110,31,51,51,51,82,102,102,126,144,159,159,159],"floor_reached":13,"language":"ENG","playtime":1796,"items_purged":[],"score":123,"play_id":"ebca5fe0-a4e8-4645-8f77-ec8395377fdc","local_time":"20210207191259","is_ascension_mode":true,"campfire_choices":[{"data":"Glass Knife","floor":6,"key":"SMITH"}],"circlet_count":0,"master_deck":["Strike_G","Strike_G","Strike_G","Strike_G","Strike_G","Defend_G","Defend_G","Defend_G","Defend_G","Defend_G","Survivor","Neutralize","Die Die Die","Quick Slash","Dash","Glass Knife+1","Well Laid Plans","Footwork+1","Acrobatics","Backflip"],"relics":["Ring of the Snake","Frozen Egg 2","Bottled Flame","Odd Mushroom"],"acts_visited":["Exordium"],"potions_floor_usage":[],"damage_taken":[{"damage":0,"enemies":"Small Slimes","floor":1,"turns":3},{"damage":0,"enemies":"Cultist","floor":4,"turns":3},{"damage":28,"enemies":"Lagavulin","floor":7,"turns":7},{"damage":0,"enemies":"2 Louse","floor":8,"turns":2},{"damage":11,"enemies":"The Mushroom Lair","floor":10,"turns":4},{"damage":0,"enemies":"Exordium Wildlife","floor":11,"turns":3},{"damage":2,"enemies":"3 Louse","floor":12,"turns":2},{"damage":42,"enemies":"Gremlin Nob","floor":13,"turns":4}],"seed_played":"1338805055221053850","potions_obtained":[{"floor":8,"key":"FearPotion"},{"floor":10,"key":"Strength Potion"},{"floor":11,"key":"GamblersBrew"}],"is_trial":false,"path_per_floor":["M","?","$","M","$","R","E","M","T","?","M","M","E"],"character_chosen":"THE_SILENT","items_purchased":["Glass Knife"],"campfire_rested":0,"item_purchase_floors":[3],"current_hp_per_floor":[63,63,63,63,63,63,35,35,35,24,24,22,0,0],"gold":159,"neow_bonus":"THREE_RARE_CARDS","is_daily":false,"chose_seed":false,"campfire_upgraded":1,"win_rate":0.0,"timestamp":1612750379,"path_taken":["M","?","$","?","$","R","E","M","T","?","M","M","E"],"items_purchased_type":["Card"],"build_version":"2020-12-22","purchased_purges":0,"victory":false,"max_hp_per_floor":[63,63,63,63,63,63,63,63,63,63,63,63,63,63],"card_choices":[{"not_picked":["Corpse Explosion","Night Terror"],"picked":"Die Die Die","floor":0},{"not_picked":["Dodge and Roll","Sucker Punch"],"picked":"Quick Slash","floor":1},{"not_picked":["Backflip","All Out Attack"],"picked":"Well Laid Plans","floor":4},{"not_picked":["Noxious Fumes+1","Prepared"],"picked":"Footwork+1","floor":7},{"not_picked":["Blade Dance","Prepared"],"picked":"Acrobatics","floor":8},{"not_picked":["Distraction","Underhanded Strike","Accuracy+1"],"picked":"SKIP","floor":11},{"not_picked":["Infinite Blades+1","Masterful Stab"],"picked":"Backflip","floor":12}],"player_experience":1519286,"relics_obtained":[{"floor":7,"key":"Frozen Egg 2"},{"floor":9,"key":"Bottled Flame"},{"floor":10,"key":"Odd Mushroom"}],"event_choices":[{"damage_healed":0,"gold_gain":0,"player_choice":"1 cards matched","damage_taken":0,"max_hp_gain":0,"max_hp_loss":0,"event_name":"Match and Keep!","floor":2,"gold_loss":0,"cards_obtained":["Dash"]},{"damage_healed":0,"gold_gain":0,"player_choice":"Fought Mushrooms","damage_taken":0,"max_hp_gain":0,"max_hp_loss":0,"event_name":"Mushrooms","floor":10,"gold_loss":0}],"is_beta":false,"boss_relics":[],"items_purged_floors":[],"is_endless":false,"potions_floor_spawned":[8,10,11,12],"killed_by":"Gremlin Nob","ascension_level":9}}