{"host":"zksvs3x2ysy9npnz","time":1612747055,"event":{"mods":["Aspiration","BaseMod","Beaked The Cultist","BetterRewards","Clockwork Mod","Colored Map","Conspire","Downfall","Halation","Highlight Path","Hubris","Infinite Spire","Jedi Mod","Magitek Elite","Minty Spire (QoL Compilation)","Permanent Neow","Quick Restart","Relic Stats","Shop Mod","StSLib","The Runesmith","The Witch"],"gold_per_floor":[115,115,133,146,165,165,197,197,221,240,13,32,32,42,42,119,119,44,55,55,55,69,69,96,111,111,23,23,36,36,64,64,138,138,151,151,151,168,168,200,200,233,259,274,284,295,295,324,324,324],"floor_reached":51,"language":"FRA","playtime":4267,"items_purged":["Clockwork:Strike","Clockwork:Strike"],"score":1321,"play_id":"09df4822-92f6-4f21-8fdf-cc12c9fe0c82","local_time":"20210208021735","is_ascension_mode":true,"campfire_choices":[{"data":"Clockwork:ReactiveNanites","floor":6.0,"key":"SMITH"},{"data":"Clockwork:Improve","floor":8.0,"key":"SMITH"},{"data":"Clockwork:ChargingShield","floor":13.0,"key":"SMITH"},{"floor":15.0,"key":"REST"},{"floor":23.0,"key":"REST"},{"data":"Madness","floor":28.0,"key":"SMITH"},{"data":"Clockwork:Improve","floor":32.0,"key":"SMITH"},{"data":"Clockwork:ZeroPointEnergy","floor":41.0,"key":"SMITH"},{"data":"Clockwork:PerfectForm","floor":47,"key":"SMITH"},{"data":"Clockwork:WarmUp","floor":49,"key":"SMITH"}],"circlet_count":0,"master_deck":["AscendersBane","Clockwork:Shield","Clockwork:Shield","Clockwork:Shield","Clockwork:Shield","Clockwork:Tinker","Clockwork:WarmUp+1","Clockwork:ReactiveNanites+1","Clockwork:CogBarrier","Clockwork:Tinker","Clockwork:SiegeStrike","Clockwork:Improve+1","Clockwork:ZeroPointEnergy+1","Clockwork:ChargingShield+1","Clockwork:ChargingBlade","Clockwork:ReactiveNanites","Madness+1","Clockwork:Improve+1","Clockwork:PerfectForm+1","jedi:forcepush"],"relics":["Clockwork:MomentumEngine","infinitespire:EmpoweringShard","infinitespire:Lucky Rock","Art of War","jedi:paperlyon","jedi:heavyjacket","hubris:Towel","aspiration:EmptySkull","jedi:gremlinknob","hubris:BottledHeart","Sundial","Black Star","Clockwork:CopperScales","infinitespire:PuzzleCube","jedi:crownofsimplicity","Strawberry","conspire:Dentures","Oddly Smooth Stone","Lantern","hubris:Spice"],"acts_visited":["Exordium","TheCity","TheBeyond"],"potions_floor_usage":[50],"damage_taken":[{"damage":0.0,"enemies":"2 Louse","floor":1.0,"turns":6.0},{"damage":7.0,"enemies":"Cultist","floor":3.0,"turns":8.0},{"damage":8.0,"enemies":"Small Slimes","floor":4.0,"turns":8.0},{"damage":6.0,"enemies":"2 Fungi Beasts","floor":5.0,"turns":7.0},{"damage":2.0,"enemies":"Lagavulin","floor":7.0,"turns":13.0},{"damage":12.0,"enemies":"Exordium Wildlife","floor":10.0,"turns":7.0},{"damage":0.0,"enemies":"conspire:2 RoseBushes","floor":12.0,"turns":7.0},{"damage":0.0,"enemies":"Large Slime","floor":14.0,"turns":10.0},{"damage":32.0,"enemies":"The Guardian","floor":16.0,"turns":12.0},{"damage":10.0,"enemies":"2 Thieves","floor":18.0,"turns":5.0},{"damage":18.0,"enemies":"3 Byrds","floor":19.0,"turns":6.0},{"damage":10.0,"enemies":"3 Cultists","floor":22.0,"turns":7.0},{"damage":0.0,"enemies":"conspire:SneckoGhost","floor":24.0,"turns":13.0},{"damage":0.0,"enemies":"Snake Plant","floor":25.0,"turns":7.0},{"damage":0.0,"enemies":"Centurion and Healer","floor":29.0,"turns":8.0},{"damage":0.0,"enemies":"conspire:Head Lice","floor":31.0,"turns":9.0},{"damage":0.0,"enemies":"conspire:MysteriousRune","floor":33.0,"turns":11.0},{"damage":0.0,"enemies":"3 Darklings","floor":35.0,"turns":7.0},{"damage":0.0,"enemies":"3 Shapes","floor":38.0,"turns":11.0},{"damage":0.0,"enemies":"Reptomancer","floor":40.0,"turns":2.0},{"damage":0,"enemies":"Giant Head","floor":42,"turns":6},{"damage":0,"enemies":"3 Darklings","floor":44,"turns":6},{"damage":0,"enemies":"4 Shapes","floor":45,"turns":9},{"damage":0,"enemies":"Jaw Worm Horde","floor":46,"turns":6},{"damage":0,"enemies":"Nemesis","floor":48,"turns":9},{"damage":0,"enemies":"hubris:GrandSnecko","floor":50,"turns":2}],"seed_played":"5953412381614694518","potions_obtained":[{"floor":1.0,"key":"Explosive Potion"},{"floor":5.0,"key":"Strength Potion"},{"floor":12.0,"key":"AttackPotion"},{"floor":14.0,"key":"conspire:TimeTravelPotion"},{"floor":22.0,"key":"Swift Potion"},{"floor":24.0,"key":"conspire:TimeTravelPotion"},{"floor":40.0,"key":"jedi:wingpotion"},{"floor":42,"key":"Block Potion"},{"floor":44,"key":"infinitespire:BlackPotion"}],"is_trial":false,"path_per_floor":["M","?","M","M","M","R","E","R","T","M","$","M","R","M","R","B",null,"M","M","AVR","?","M","R","E","M","T","$","R","M","?","E","R","B",null,"M","?","?","M","?","E","R","E","T","M","M","M","R","E","R","B",null],"character_chosen":"CLOCKWORK","items_purchased":["Art of War","Madness"],"campfire_rested":2,"item_purchase_floors":[11,27],"current_hp_per_floor":[71,71,64,56,50,50,48,48,48,36,36,36,36,36,59,27,66,56,38,38,38,28,51,51,51,51,51,51,51,1,1,1,1,1,1,1,1,1,1,1,1,1,1,1,1,1,1,1,1,1],"gold":324,"neow_bonus":"ONE_RANDOM_RARE_CARD","is_daily":false,"chose_seed":false,"campfire_upgraded":8,"win_rate":0.0,"timestamp":1612747055,"path_taken":["M","?","M","M","M","R","E","R","T","?","$","M","R","M","R","BOSS","M","M","AVR","?","M","R","E","M","T","$","R","M","?","E","R","BOSS","M","?","?","M","?","E","R","E","T","?","M","M","R","E","R","BOSS"],"items_purchased_type":["Relic","Card"],"build_version":"2020-12-22","purchased_purges":2,"victory":true,"max_hp_per_floor":[79,79,79,79,79,79,79,79,79,79,79,79,79,79,79,79,79,79,79,79,79,79,79,79,79,79,79,79,79,1,1,1,1,1,1,1,1,1,1,1,1,1,1,1,1,1,1,1,1,1],"relic_stats":{"counters":[26,202],"Sundial":[14],"Art of War":[56],"Black Star":3,"obtain_stats":[{"conspire:Dentures":42,"Lantern":48,"Clockwork:CopperScales":38,"jedi:gremlinknob":26,"Oddly Smooth Stone":43,"infinitespire:Lucky Rock":9,"jedi:crownofsimplicity":40,"hubris:Towel":21,"Clockwork:MomentumEngine":0,"jedi:heavyjacket":20,"aspiration:EmptySkull":24,"jedi:paperlyon":17,"hubris:BottledHeart":30,"Sundial":31,"hubris:Spice":48,"Strawberry":42,"infinitespire:EmpoweringShard":7,"Art of War":11,"Black Star":34,"infinitespire:PuzzleCube":40},{"conspire:Dentures":21,"Lantern":25,"Clockwork:CopperScales":19,"jedi:gremlinknob":14,"Oddly Smooth Stone":21,"infinitespire:Lucky Rock":5,"jedi:crownofsimplicity":20,"hubris:Towel":11,"Clockwork:MomentumEngine":0,"jedi:heavyjacket":11,"aspiration:EmptySkull":13,"jedi:paperlyon":9,"hubris:BottledHeart":15,"Sundial":16,"hubris:Spice":25,"Strawberry":21,"infinitespire:EmpoweringShard":5,"Art of War":6,"Black Star":17,"infinitespire:PuzzleCube":20},{"conspire:Dentures":170,"Lantern":200,"Clockwork:CopperScales":162,"jedi:gremlinknob":116,"Oddly Smooth Stone":170,"infinitespire:Lucky Rock":42,"jedi:crownofsimplicity":164,"hubris:Towel":89,"Clockwork:MomentumEngine":0,"jedi:heavyjacket":89,"aspiration:EmptySkull":109,"jedi:paperlyon":78,"hubris:BottledHeart":124,"Sundial":133,"hubris:Spice":200,"Strawberry":170,"infinitespire:EmpoweringShard":42,"Art of War":49,"Black Star":144,"infinitespire:PuzzleCube":164}]},"card_choices":[{"not_picked":["Clockwork:Scour","Clockwork:RampUp"],"picked":"Clockwork:CogBarrier","floor":1.0},{"not_picked":["Clockwork:TiltAWhirl","Clockwork:Scour","Clockwork:HoardingStrike"],"picked":"SKIP","floor":3.0},{"not_picked":["Clockwork:ReserveSystems","Clockwork:AdaptiveCannon","Clockwork:SystemScan"],"picked":"SKIP","floor":4.0},{"not_picked":["Clockwork:ReserveSystems","Clockwork:HeadStart"],"picked":"Clockwork:Improve","floor":5.0},{"not_picked":["Clockwork:Enhance","Clockwork:CogToss"],"picked":"Clockwork:ZeroPointEnergy","floor":7.0},{"not_picked":["Clockwork:Improve","Clockwork:Clone"],"picked":"Clockwork:ChargingShield","floor":10.0},{"not_picked":["Clockwork:SystemHardening","Clockwork:CogToss"],"picked":"Clockwork:ChargingBlade","floor":12.0},{"not_picked":["Clockwork:CogToss","Clockwork:HoardingStrike","Clockwork:ReserveSystems"],"picked":"SKIP","floor":14.0},{"not_picked":["Clockwork:ZeroPointEnergy","Clockwork:Inspiration"],"picked":"Clockwork:ReactiveNanites","floor":16.0},{"not_picked":["Clockwork:Pluck+1","Clockwork:ChargingShield","Clockwork:Minimalism"],"picked":"SKIP","floor":18.0},{"not_picked":["Clockwork:ReserveSystems","Clockwork:MechanicalMass","Clockwork:Roundhouse"],"picked":"SKIP","floor":19.0},{"not_picked":["Clockwork:CogToss","Clockwork:AdaptiveCannon","Clockwork:Pluck+1"],"picked":"SKIP","floor":22.0},{"not_picked":["Clockwork:ChargingBlade","Clockwork:RampUp","Clockwork:Scour"],"picked":"SKIP","floor":24.0},{"not_picked":["Clockwork:RitualDaggerMk0+1","Clockwork:OccamsRazor"],"picked":"Clockwork:Downsize","floor":25.0},{"not_picked":["Clockwork:AssemblyLine","Clockwork:FalseStart"],"picked":"Clockwork:Improve","floor":29.0},{"not_picked":["Clockwork:UnlimitedCogworks","Clockwork:StasisBreak","Clockwork:Redundancy"],"picked":"SKIP","floor":31.0},{"not_picked":["Clockwork:KaliMa","Clockwork:AeonShield"],"picked":"Clockwork:PerfectForm","floor":33.0},{"not_picked":["Clockwork:Friction","Clockwork:Redundancy"],"picked":"Clockwork:CraftCopperScales","floor":35.0},{"not_picked":["infinitespire:UltimateForm","infinitespire:Menacing"],"picked":"infinitespire:SealOfDarkness+","floor":37.0},{"not_picked":["Clockwork:Friction","Clockwork:CogToss","Clockwork:Improve"],"picked":"SKIP","floor":38.0},{"not_picked":["hubris:EnhanceAbility","Master of Strategy"],"picked":"jedi:forcepush","floor":39.0},{"not_picked":["Clockwork:Improve","Clockwork:SystemScan+1","Clockwork:Redundancy+1"],"picked":"SKIP","floor":40.0},{"not_picked":["Clockwork:SearingStrike","Clockwork:TimeOut","Clockwork:Friction"],"picked":"SKIP","floor":42},{"not_picked":["Clockwork:ChargingShield","Clockwork:Clone+1","Clockwork:AssemblyLine+1"],"picked":"SKIP","floor":44},{"not_picked":["Clockwork:SearingStrike","Clockwork:QuantumStrike","Clockwork:Minimalism+1"],"picked":"SKIP","floor":45},{"not_picked":["Clockwork:SnapKeep+1","Clockwork:CogShield","Clockwork:Improve"],"picked":"SKIP","floor":46},{"not_picked":["Clockwork:ChargingBlade","Clockwork:SpringShield+1","Clockwork:Roundhouse"],"picked":"SKIP","floor":48}],"player_experience":1861604,"relics_obtained":[{"floor":7.0,"key":"infinitespire:EmpoweringShard"},{"floor":9.0,"key":"infinitespire:Lucky Rock"},{"floor":24.0,"key":"aspiration:EmptySkull"},{"floor":26.0,"key":"jedi:gremlinknob"},{"floor":31.0,"key":"Sundial"},{"floor":40.0,"key":"infinitespire:PuzzleCube"},{"floor":40.0,"key":"jedi:crownofsimplicity"},{"floor":42,"key":"Strawberry"},{"floor":42,"key":"conspire:Dentures"},{"floor":43,"key":"Oddly Smooth Stone"},{"floor":48,"key":"Lantern"},{"floor":48,"key":"hubris:Spice"}],"event_choices":[{"damage_healed":0.0,"max_hp_gain":0.0,"max_hp_loss":0.0,"gold_gain":0.0,"event_name":"Match and Keep!","player_choice":"2 cards matched","floor":2.0,"gold_loss":0.0,"damage_taken":0.0,"cards_obtained":["Clockwork:Tinker","Clockwork:SiegeStrike"]},{"damage_healed":0.0,"max_hp_gain":0.0,"max_hp_loss":0.0,"gold_gain":0.0,"event_name":"Mysterious Sphere","player_choice":"Ignored","floor":36.0,"gold_loss":0.0,"damage_taken":0.0},{"damage_healed":0.0,"max_hp_gain":0.0,"max_hp_loss":0.0,"gold_gain":0.0,"event_name":"SensoryStone","player_choice":"Memory 1","floor":39.0,"gold_loss":0.0,"damage_taken":0.0}],"is_beta":false,"boss_relics":[{"not_picked":["Clockwork:PerpetualMotionMachine","Runic Pyramid"],"picked":"jedi:paperlyon"},{"not_picked":["hubris:GrandSneckoEye","hubris:HollowSoul"],"picked":"Black Star"}],"items_purged_floors":[11,20],"is_endless":false,"potions_floor_spawned":[1,5,12,14,22,24,25,31,40,42,44,46,48],"ascension_level":14}}