{"host":"61ejhfsushs0xmcl","time":1612772972,"event":{"mods":["ATMod(°¢èªMod)","Act Like it!","BaseMod","Colored Map","Gold Saver","HumanHunterMod(¹ÖÎïÉ±ÈËmod)","Minty Spire (QoL Compilation)","MostiFishMod","Spicy Shops","StSLib","TestMod","[IsaacMod]ÒÔÈö¼âËþ","¡¾ÒÅÎï¿¨ÅÆ¡¿REMEMod","óô»ðÖ¸ÄÏ"],"gold_per_floor":[1780,1780,1796,1077,1077,1110,1110,1125,1125,228,263,273,306,367,367,472,472,538,428,353,12,66,115,115,160,160,215,255,36,59,85,85,168,168,196,221,221,221,249,293,293,382,382,405,426,468,83,104,104,143,149,149,149,61,175,280],"floor_reached":57,"language":"ZHS","playtime":4056,"items_purged":["Strike_B","Strike_B","Strike_B","Defend_B","Defend_B","Defend_B+1","Zap"],"score":4915,"play_id":"cacdd97f-2c9d-422c-8e74-1c27ec6a73e0","local_time":"20210208162932","is_ascension_mode":true,"campfire_choices":[{"data":"Defragment","floor":7.0,"key":"SMITH"},{"floor":15.0,"key":"RECALL"},{"data":"MostiFishMod:ActiveDefenseSystem","floor":24.0,"key":"SMITH"},{"data":"Coolheaded","floor":32.0,"key":"SMITH"},{"data":"MostiFishMod:SeaWaves","floor":41.0,"key":"SMITH"},{"data":"AT_EMC2","floor":49,"key":"SMITH"},{"data":"White Noise","floor":53,"key":"SMITH"}],"circlet_count":0,"master_deck":["AscendersBane","Dualcast","AT_EMC2+1","Hologram+1","MostiFishMod:ActiveDefenseSystem+1","AT_DarkMatter","Ball Lightning","Storm+1","Defragment+1","MostiFishMod:SeaWaves+1","White Noise","Heatsinks+1","REME_FirmDetermination+1","MostiFishMod:ReadyAimFire+1","MostiFishMod:SeaWaves+1","White Noise+1","Machine Learning+1","Echo Form+1","Creative AI+1","Coolheaded+1","Echo Form+1","Glacier","White Noise","AT_StudyProgram+1","AT_StudyProgram+1","Seek+1","MostiFishMod:IntelligentEquipment+1","Reboot+1","MostiFishMod:InterfaceCompatibility+1","Amplify+1","MostiFishMod:Nova+1","ElectricPowerLearning+1","Storm+1"],"relics":["Cracked Core","AT_ATBox","REME_ComplimentaryCards","DaveBox","testmod-TestBox","HushsDoor","SatanicBible","testmod-Recursion","GuanYuAspect","SynthV:TestCard","Omamori","AT_RedNoBalance","Orrery","Prayer Wheel","TungstenRod","BookofShadows","BrkXgEgg","Frozen Egg 2","Oddly Smooth Stone","REME_ArchaeologicalTools","Nuclear Battery","SteamSale","FossilizedHelix","AT_ForceNature","Ice Cream","The Courier","TheBattery","REME_LimitBreaker","Philosopher\u0027s Stone","GuppysTail","Blood Vial","BelialBook","PunchingBag","DianDianMeat","Runic Capacitor","Chemical X","AT_ChloranthyRing","Anchor"],"acts_visited":["Exordium","TheCity","TheBeyond","TheEnding"],"potions_floor_usage":[45,48,56,56,56,56,56,56],"damage_taken":[{"damage":2.0,"enemies":"2 Louse","floor":1.0,"turns":2.0},{"damage":2.0,"enemies":"Small Slimes","floor":3.0,"turns":4.0},{"damage":13.0,"enemies":"3 Sentries","floor":6.0,"turns":7.0},{"damage":0.0,"enemies":"Cultist","floor":8.0,"turns":2.0},{"damage":10.0,"enemies":"Lagavulin","floor":11.0,"turns":6.0},{"damage":0.0,"enemies":"Exordium Wildlife","floor":12.0,"turns":1.0},{"damage":0.0,"enemies":"3 Sentries","floor":13.0,"turns":3.0},{"damage":0.0,"enemies":"Exordium Thugs","floor":14.0,"turns":1.0},{"damage":0.0,"enemies":"Slime Boss","floor":16.0,"turns":2.0},{"damage":3.0,"enemies":"Spheric Guardian","floor":18.0,"turns":3.0},{"damage":0.0,"enemies":"REME_1_Revenger","floor":23.0,"turns":2.0},{"damage":2.0,"enemies":"Book of Stabbing","floor":25.0,"turns":3.0},{"damage":0.0,"enemies":"Slavers","floor":27.0,"turns":4.0},{"damage":0.0,"enemies":"Shell Parasite","floor":28.0,"turns":2.0},{"damage":0.0,"enemies":"Shelled Parasite and Fungi","floor":30.0,"turns":2.0},{"damage":0.0,"enemies":"Snake Plant","floor":31.0,"turns":2.0},{"damage":0.0,"enemies":"Automaton","floor":33.0,"turns":4.0},{"damage":0.0,"enemies":"3 Darklings","floor":35.0,"turns":2.0},{"damage":0.0,"enemies":"3 Shapes","floor":36.0,"turns":2.0},{"damage":0.0,"enemies":"Sphere and 2 Shapes","floor":39.0,"turns":2.0},{"damage":0.0,"enemies":"Giant Head","floor":40.0,"turns":2.0},{"damage":0.0,"enemies":"Nemesis","floor":42.0,"turns":5.0},{"damage":0.0,"enemies":"4 Shapes","floor":44.0,"turns":3.0},{"damage":0,"enemies":"Spire Growth","floor":45,"turns":2},{"damage":0,"enemies":"Reptomancer","floor":46,"turns":2},{"damage":0,"enemies":"3 Darklings","floor":48,"turns":1},{"damage":0,"enemies":"Time Eater","floor":50,"turns":3},{"damage":0,"enemies":"Donu and Deca","floor":51,"turns":3},{"damage":0,"enemies":"Shield and Spear","floor":55,"turns":5},{"damage":0,"enemies":"The Heart","floor":56,"turns":12}],"seed_played":"-9171701052526961356","potions_obtained":[{"floor":6.0,"key":"Fire Potion"},{"floor":12.0,"key":"Explosive Potion"},{"floor":13.0,"key":"EntropicBrew"},{"floor":14.0,"key":"GamblersBrew"},{"floor":16.0,"key":"REME_GoldPotion"},{"floor":18.0,"key":"Weak Potion"},{"floor":30.0,"key":"FocusPotion"},{"floor":35.0,"key":"Strength Potion"},{"floor":46,"key":"REME_GoldPotion"},{"floor":48,"key":"testmod-TestPotion"}],"is_trial":false,"path_per_floor":["M","?","M","$","?","E","R","M","T","$","E","M","E","M","R","B",null,"M","?","?","$","T","E","R","E","T","E","M","$","M","M","R","B",null,"M","M","?","?","M","E","R","E","T","M","M","E","$","M","R","B","B",null,"R","$","E","B",null],"character_chosen":"DEFECT","items_purchased":["Omamori","AT_SilverBalance","Orrery","Prayer Wheel","BrkXgEgg","Frozen Egg 2","Heatsinks+1","REME_FirmDetermination+1","testmod-SpacePotion","testmod-SpacePotion","Creative AI+1","SteamSale","Echo Form+1","TheBattery","REME_LimitBreaker","GuppysTail","MostiFishMod:IntelligentEquipment+1","Runic Capacitor","Chemical X","AT_ChloranthyRing","ElectricPowerLearning+1","Storm+1"],"campfire_rested":0,"item_purchase_floors":[4,4,4,4,10,10,10,10,10,10,17,21,21,29,29,34,34,47,47,47,47,47],"current_hp_per_floor":[36,25,35,35,24,32,32,27,27,27,27,21,35,27,27,36,27,24,24,24,24,24,27,27,27,27,27,27,27,27,27,27,27,6,6,6,5,5,5,5,5,5,5,5,5,6,9,11,11,11,11,11,11,11,11,11],"gold":280,"neow_bonus":"HUNDRED_GOLD","is_daily":false,"chose_seed":false,"campfire_upgraded":6,"win_rate":0.0,"timestamp":1612772972,"path_taken":["M","?","M","$","?","E","R","M","T","?","E","M","E","M","R","BOSS","M","?","?","$","?","E","R","E","T","E","?","?","M","M","R","BOSS","M","M","?","?","?","E","R","E","T","M","M","E","$","M","R","BOSS","BOSS","R","$","E","BOSS"],"items_purchased_type":["Relic","Relic","Relic","Relic","Relic","Relic","Card","Card","Potion","Potion","Card","Relic","Card","Relic","Relic","Relic","Card","Relic","Relic","Relic","Card","Card"],"build_version":"2020-12-22","purchased_purges":7,"victory":true,"max_hp_per_floor":[36,36,36,36,36,36,36,36,36,36,36,36,36,36,36,36,27,27,27,27,27,27,27,27,27,27,27,27,27,27,27,27,27,6,6,6,5,5,5,5,5,5,5,5,5,6,11,11,11,11,11,11,11,11,11,11],"card_choices":[{"not_picked":["Cancel","Cold Snap"],"picked":"Hologram","floor":1.0},{"not_picked":["Cold Snap","Gash","Steam","Chill"],"picked":"AT_DarkMatter","floor":3.0},{"not_picked":["REME_SelfUpgrade","Hello World","Steam Power","Chill"],"picked":"Ball Lightning","floor":4.0},{"not_picked":["REME_Whirling","Stack","Rebound","Distribution"],"picked":"Storm","floor":4.0},{"not_picked":["Stack","Gash","AT_HeatAcrobatics","Barrage"],"picked":"Defragment","floor":4.0},{"not_picked":["Barrage","Melter","AT_ThunderBolt","Leap"],"picked":"MostiFishMod:SeaWaves","floor":6.0},{"not_picked":["Conserve Battery","Ball Lightning","Skim","Auto Shields"],"picked":"White Noise","floor":8.0},{"not_picked":["Steam","Rebound","Leap","Streamline","Conserve Battery"],"picked":"SKIP","floor":8.0},{"not_picked":["Leap","Cold Snap","Glacier","Coolheaded"],"picked":"MostiFishMod:ReadyAimFire+1","floor":11.0},{"not_picked":["Barrage","Turbo","Go for the Eyes","Hologram","Rebound"],"picked":"SKIP","floor":12.0},{"not_picked":["Compile Driver","Darkness","MostiFishMod:PushDownKick","Aggregate","Gash"],"picked":"SKIP","floor":12.0},{"not_picked":["Stack","Cold Snap","Force Field","Compile Driver"],"picked":"MostiFishMod:SeaWaves+1","floor":13.0},{"not_picked":["Reinforced Body","AT_HeatAcrobatics","Chaos","AT_EMC2"],"picked":"White Noise","floor":14.0},{"not_picked":["Go for the Eyes","REME_Compress","MostiFishMod:IceShield","Streamline"],"picked":"Machine Learning+1","floor":14.0},{"not_picked":["Machine Learning+1","MostiFishMod:Exploitation+1","MostiFishMod:Hijack+1","MostiFishMod:InterfaceCompatibility+1"],"picked":"Echo Form+1","floor":16.0},{"not_picked":["Go for the Eyes","Sweeping Beam","Streamline","Gash"],"picked":"Coolheaded","floor":18.0},{"not_picked":["Redo","Leap","Cold Snap+1","Beam Cell","Reprogram"],"picked":"SKIP","floor":18.0},{"not_picked":["Genetic Algorithm","Fusion+1","Distribution","Recycle"],"picked":"Glacier","floor":23.0},{"not_picked":["MostiFishMod:PushDownKick","Gash","Streamline","Reinforced Body+1"],"picked":"White Noise","floor":25.0},{"not_picked":["Rebound","AT_HeatAcrobatics","Reinforced Body","MostiFishMod:PushDownKick+1"],"picked":"AT_StudyProgram+1","floor":27.0},{"not_picked":["Barrage","Coolheaded","Genetic Algorithm","Steam Power","MostiFishMod:DeathFromBelow+1"],"picked":"SKIP","floor":28.0},{"not_picked":["Streamline","Go for the Eyes","Rebound","MostiFishMod:ReprogramOld+1","Cold Snap"],"picked":"SKIP","floor":28.0},{"not_picked":["AT_ThreeBodyProblem+1","Redo","Ball Lightning","AT_HeatAcrobatics"],"picked":"AT_StudyProgram+1","floor":30.0},{"not_picked":["Barrage","Tempest","Hello World+1","Stack","MostiFishMod:Impulse"],"picked":"SKIP","floor":30.0},{"not_picked":["Consume","Cancel","Undo","Sweeping Beam","Cold Snap"],"picked":"SKIP","floor":31.0},{"not_picked":["AT_HeatAcrobatics","Reprogram","Meteor Strike+1","Redo","MostiFishMod:Impulse+1"],"picked":"SKIP","floor":31.0},{"not_picked":["REME_ForAll+1","AT_WaterDrop+1","Multi-Cast+1","MostiFishMod:Distribution+1","Biased Cognition+1","Buffer+1"],"picked":"Seek+1","floor":33.0},{"not_picked":["FTL","Genetic Algorithm","Sweeping Beam","Coolheaded","Stack"],"picked":"SKIP","floor":35.0},{"not_picked":["AT_WarpDrive","Conserve Battery","Distribution","MostiFishMod:Impulse+1","MostiFishMod:ReprogramOld"],"picked":"SKIP","floor":35.0},{"not_picked":["Rebound+1","Undo+1","Compile Driver","Streamline+1"],"picked":"Reboot+1","floor":36.0},{"not_picked":["Gash","Beam Cell","Stack","Conserve Battery+1","Sweeping Beam"],"picked":"SKIP","floor":36.0},{"not_picked":["AT_HeatAcrobatics","Redo","Reinforced Body","Gash","MostiFishMod:StarOceanB+1"],"picked":"SKIP","floor":39.0},{"not_picked":["Leap","FTL","Fan","Rebound","Melter"],"picked":"SKIP","floor":39.0},{"not_picked":["Coolheaded","Rip and Tear","Consume+1","Beam Cell"],"picked":"MostiFishMod:InterfaceCompatibility+1","floor":40.0},{"not_picked":["Scrape","Aggregate","Rebound","Cold Snap","MostiFishMod:ReprogramOld","MostiFishMod:Impulse+1","Turbo"],"picked":"SKIP","floor":42.0},{"not_picked":["MostiFishMod:LinkProtocol","MostiFishMod:PushDownKick","Conserve Battery+1","AT_HeatAcrobatics"],"picked":"Amplify+1","floor":44.0},{"not_picked":["REME_Compress","Redo","Rebound","AT_ThreeBodyProblem+1","REME_SelfUpgrade+1"],"picked":"SKIP","floor":44.0},{"not_picked":["MostiFishMod:FluxCapactior+1","AT_ThunderBolt+1","Doom and Gloom","AT_StudyProgram+1","Sweeping Beam","MostiFishMod:PushDownKick","Ball Lightning"],"picked":"SKIP","floor":45},{"not_picked":["AT_HeatAcrobatics","Cold Snap+1","Hologram","MostiFishMod:Impulse","Leap","Gash","AT_RobotInSpace"],"picked":"SKIP","floor":45},{"not_picked":["Loop+1","Compile Driver+1","Cancel","Barrage"],"picked":"MostiFishMod:Nova+1","floor":46},{"not_picked":["Go for the Eyes+1","Hologram","MostiFishMod:FluxCapactior","AT_HeatAcrobatics","White Noise"],"picked":"SKIP","floor":48},{"not_picked":["AT_WarpDrive","Steam Power","Sweeping Beam","Redo","AT_HeatAcrobatics"],"picked":"SKIP","floor":48},{"not_picked":["AT_RobotInSpace","Scrape","Hello World+1","Steam","Streamline"],"picked":"SKIP","floor":55}],"player_experience":856663,"relics_obtained":[{"floor":1.0,"key":"SynthV:TestCard"},{"floor":9.0,"key":"BookofShadows"},{"floor":11.0,"key":"Oddly Smooth Stone"},{"floor":13.0,"key":"REME_ArchaeologicalTools"},{"floor":23.0,"key":"FossilizedHelix"},{"floor":25.0,"key":"AT_ForceNature"},{"floor":26.0,"key":"Ice Cream"},{"floor":27.0,"key":"The Courier"},{"floor":40.0,"key":"Blood Vial"},{"floor":42.0,"key":"BelialBook"},{"floor":43.0,"key":"PunchingBag"},{"floor":46,"key":"DianDianMeat"},{"floor":55,"key":"Anchor"}],"event_choices":[{"damage_healed":0.0,"max_hp_gain":0.0,"max_hp_loss":0.0,"gold_gain":0.0,"event_name":"Shining Light","player_choice":"Entered Light","floor":2.0,"gold_loss":0.0,"damage_taken":11.0,"cards_upgraded":["Defend_B","Hologram"]},{"damage_healed":0.0,"max_hp_gain":0.0,"max_hp_loss":0.0,"gold_gain":0.0,"event_name":"Scrap Ooze","player_choice":"Success","floor":5.0,"gold_loss":0.0,"damage_taken":11.0,"relics_obtained":["TungstenRod"]},{"cards_removed":["Strike_B"],"damage_healed":0.0,"max_hp_gain":0.0,"max_hp_loss":0.0,"gold_gain":0.0,"event_name":"Designer","player_choice":"Upgrade and Remove","floor":19.0,"gold_loss":110.0,"damage_taken":0.0,"cards_upgraded":["Storm"]},{"cards_removed":["Defend_B"],"damage_healed":0.0,"max_hp_gain":0.0,"max_hp_loss":0.0,"gold_gain":0.0,"event_name":"Beggar","player_choice":"Gave Gold","floor":20.0,"gold_loss":75.0,"damage_taken":0.0},{"damage_healed":0.0,"max_hp_gain":0.0,"max_hp_loss":0.0,"gold_gain":0.0,"event_name":"Winding Halls","player_choice":"Max HP","floor":37.0,"gold_loss":0.0,"damage_taken":0.0},{"damage_healed":0.0,"max_hp_gain":0.0,"max_hp_loss":0.0,"gold_gain":0.0,"event_name":"Tomb of Lord Red Mask","player_choice":"Ignored","floor":38.0,"gold_loss":0.0,"damage_taken":0.0}],"is_beta":false,"boss_relics":[{"not_picked":["testmod-StringDisintegrator","testmod-BloodSacrificeSpiritualization"],"picked":"Nuclear Battery"},{"not_picked":[]},{"not_picked":["EE1DDrone","NightmareShop"],"picked":"Philosopher\u0027s Stone"},{"not_picked":[]}],"items_purged_floors":[4,10,17,21,29,34,54],"is_endless":false,"potions_floor_spawned":[6,12,13,14,16,18,30,35,44,46,48],"ascension_level":20}}