{"host":"ewns8ifhbubwkcum","time":1612826448,"event":{"mods":["BaseMod","Block Reminder","Colored Map","Colored Powertips","Downfall","Highlight Path","Minty Spire (QoL Compilation)","Permanent Neow","Quick Restart","Random Character Button","StSLib"],"gold_per_floor":[99,114,129,129,159,189,189,219,219,219,39,89,89,124,179,179,179,179],"floor_reached":16,"language":"ENG","playtime":1152,"items_purged":[],"score":143,"play_id":"270ec8d8-463a-48ea-b6e5-8dc5e68ccec1","local_time":"20210208172048","daily_mods":["Heirloom","downfall:Jewelcrafting","Elite Swarm"],"is_ascension_mode":false,"campfire_choices":[],"circlet_count":0,"master_deck":["Guardian:Strike_Guardian","Guardian:Strike_Guardian","Guardian:Strike_Guardian","Guardian:Strike_Guardian","Guardian:Defend_Guardian","Guardian:Defend_Guardian","Guardian:Defend_Guardian","Guardian:Defend_Guardian","Guardian:CurlUp","Guardian:TwinSlam","Guardian:ExploitGems","Guardian:ExploitGems","Guardian:VentSteam","Guardian:GemFinder","Guardian:Suspension","HandOfGreed","Guardian:AncientConstruct","Guardian:Gem_Synthetic","Guardian:Gem_Blue","Guardian:Planning","Guardian:TemporalShield"],"relics":["Guardian:ModeShifter","Guardian:PickAxe","Mango","Pear","Centennial Puzzle","CaptainsWheel","Art of War","PreservedInsect","Bronze Scales"],"acts_visited":["Exordium"],"potions_floor_usage":[3,12],"damage_taken":[{"damage":0,"enemies":"Small Slimes","floor":2,"turns":5},{"damage":0,"enemies":"2 Louse","floor":3,"turns":1},{"damage":39,"enemies":"3 Sentries","floor":6,"turns":17},{"damage":21,"enemies":"Gremlin Nob","floor":8,"turns":6},{"damage":0,"enemies":"downfall:FleeingMerchant","floor":11,"turns":4},{"damage":8,"enemies":"Lagavulin","floor":12,"turns":5},{"damage":6,"enemies":"Jaw Worm","floor":14,"turns":2},{"damage":21,"enemies":"Gremlin Gang","floor":15,"turns":5},{"damage":0,"enemies":"WA_ARCHETYPE_RETAIN","floor":16,"turns":2}],"seed_played":"-2425098010432476902","potions_obtained":[{"floor":2,"key":"Explosive Potion"},{"floor":8,"key":"Strength Potion"},{"floor":14,"key":"SteroidPotion"},{"floor":15,"key":"PowerPotion"}],"is_trial":false,"path_per_floor":["R","M","M","?","?","E","T","E","R","?","$","E","R","M","M","B"],"character_chosen":"GUARDIAN","items_purchased":["HandOfGreed"],"campfire_rested":0,"item_purchase_floors":[11],"current_hp_per_floor":[94,94,94,92,92,53,53,32,32,66,66,58,58,52,31,31,31,31],"gold":179,"neow_bonus":"","is_daily":true,"chose_seed":false,"campfire_upgraded":0,"win_rate":0.0,"timestamp":1612826448,"path_taken":["R","M","M","?","?","E","T","E","R","?","$","E","R","M","M","BOSS"],"items_purchased_type":["Card"],"build_version":"2020-12-22","purchased_purges":0,"victory":false,"max_hp_per_floor":[94,94,94,104,104,104,104,104,104,104,104,104,104,104,104,104,104,104],"card_choices":[{"not_picked":["Guardian:Gem_Yellow","Guardian:ShieldCharger"],"picked":"Guardian:VentSteam","floor":2},{"not_picked":["Guardian:CrystalBeam","Guardian:PiercingHide"],"picked":"Guardian:Gem_Blue","floor":3},{"not_picked":["Guardian:Gem_Synthetic","Guardian:Gem_Orange"],"picked":"Guardian:GemFinder","floor":6},{"not_picked":["Guardian:Gem_Red","Guardian:Gem_Lightblue"],"picked":"Guardian:Gem_Green","floor":8},{"not_picked":["Guardian:HyperBeam_Guardian","Guardian:GatlingBeam","Guardian:GemFinder"],"picked":"SKIP","floor":8},{"not_picked":["Guardian:RevengeProtocol","Guardian:Gem_Blue"],"picked":"Guardian:Suspension","floor":11},{"not_picked":["Guardian:Gem_Red","Guardian:Gem_Green"],"picked":"Guardian:Gem_Cyan","floor":11},{"not_picked":["Guardian:FastForward","Guardian:FierceBash"],"picked":"Guardian:AncientConstruct","floor":12},{"not_picked":["Guardian:Gem_Cyan","Guardian:Gem_Lightblue"],"picked":"Guardian:Gem_Green","floor":12},{"not_picked":["Guardian:SentryBeam","Guardian:BodySlam"],"picked":"Guardian:Planning","floor":14},{"not_picked":["Guardian:Suspension","Guardian:PolyBeam"],"picked":"Guardian:TemporalShield","floor":15}],"player_experience":1160612,"relics_obtained":[{"floor":6,"key":"CaptainsWheel"},{"floor":7,"key":"Art of War"},{"floor":8,"key":"PreservedInsect"},{"floor":12,"key":"Bronze Scales"}],"event_choices":[{"damage_healed":0,"gold_gain":0,"player_choice":"Success","damage_taken":12,"relics_obtained":["Pear"],"max_hp_gain":0,"max_hp_loss":0,"event_name":"Scrap Ooze","floor":4,"gold_loss":0},{"damage_healed":34,"gold_gain":0,"player_choice":"Banana","damage_taken":0,"max_hp_gain":0,"max_hp_loss":0,"event_name":"Big Fish","floor":10,"gold_loss":0}],"is_beta":false,"boss_relics":[],"items_purged_floors":[],"is_endless":false,"potions_floor_spawned":[2,8,14,15],"killed_by":"WA_ARCHETYPE_RETAIN","ascension_level":0}}