{"host":"y9jgkjnf95sujozk","time":1612801849,"event":{"mods":["2.2 Compatiblity","AchievementEnabler","Act Like it!","BaseMod","BetterRewards","Block Reminder","Colored Map","Colored Powertips","Friendly Minions","Gensokyo","GifTheSpireLib","Hallownest","Hermit","Highlight Path","HololiveMod","Hubris","Infinite Spire","Jorbs\u0027s Wanderer Trilogy","Koishi","Marisa（霧雨　魔理沙）","Minty Spire (QoL Compilation)","Quick Restart","Random Character Button","Rare Cards Sparkle","Reimu（博??梦）","Remilia（蕾米莉?）","Replay The Spire","Shop Mod","StSLib","SuperFastMode","The Bug Knight","The Cursed","The Disciple","The Hierophant","The Jungle","The Runesmith","The Senshi","The Servant 0.9.4"],"gold_per_floor":[114,128,92,110,128,157,157,173,173,185,197,306,318,342,366,391,66,79,79,79],"floor_reached":19,"language":"ENG","playtime":871,"items_purged":[],"score":323,"play_id":"0aa097fb-2f6d-434e-89bd-c5781df9108a","local_time":"20210208173049","is_ascension_mode":false,"campfire_choices":[{"floor":7,"key":"REST"}],"circlet_count":0,"master_deck":["theSenshi:SailorKick","theSenshi:SailorKick","theSenshi:SailorKick","theSenshi:SailorKick","theSenshi:RoseThrow","theSenshi:MoonPrismPowerMakeUp","theSenshi:MercurysCunning","theSenshi:MoonTiaraMagic","theSenshi:SailorChibiMoonAssists","theSenshi:SailorV","theSenshi:TuxedoMaskAssists","theSenshi:SailorV","theSenshi:OdangoHead","theSenshi:MoonHealingEscalation","theSenshi:PlutosSolemnity","Hallownest:skillSlugHide","Hallownest:skillSlugHide","Hallownest:skillSlugHide","Hallownest:skillSlugHide","Hallownest:skillSlugHide","theSenshi:ChibiMoonsLove","theSenshi:SailorVenusAssists","theSenshi:SailorVenusAssists","theSenshi:SailorMercuryAssists+1","theSenshi:SailorPlanetAttack","theSenshi:SailorNeptuneAssists","theSenshi:UranusStrength","theSenshi:SailorChibiMoonAssists"],"relics":["theSenshi:TransformationBroochRelic","Mango","Smiling Mask","MawBank","hubris:RunicObelisk","theSenshi:ChokerRelic"],"acts_visited":["Exordium","Hallownest:Greenpath"],"potions_floor_usage":[6,6,12,19,19],"damage_taken":[{"damage":1,"enemies":"Hallownest:monsterHuskGuard","floor":1,"turns":4},{"damage":2,"enemies":"Hallownest:monsterHuskWarrior","floor":2,"turns":2},{"damage":4,"enemies":"Hallownest:2_Baldur","floor":4,"turns":3},{"damage":14,"enemies":"Hallownest:MossCreep_and_Mosskin","floor":5,"turns":5},{"damage":0,"enemies":"Hallownest:eliteMossKnight","floor":6,"turns":12},{"damage":8,"enemies":"Hallownest:Wandering_and_Horned","floor":8,"turns":6},{"damage":82,"enemies":"Hallownest:BossFalseKnight","floor":12,"turns":15},{"damage":26,"enemies":"theJungle:MUSHROOMGANG","floor":14,"turns":6},{"damage":15,"enemies":"theJungle:GiantWrat","floor":15,"turns":9},{"damage":30,"enemies":"theJungle:Lyon","floor":16,"turns":5},{"damage":48,"enemies":"theJungle:Snecko_Cultist_And_Trap","floor":18,"turns":8},{"damage":29,"enemies":"theJungle:MamaSnecko","floor":19,"turns":4}],"seed_played":"8670893834651098080","potions_obtained":[{"floor":4,"key":"Explosive Potion"},{"floor":5,"key":"LifebloodPotion"},{"floor":8,"key":"Fire Potion"},{"floor":14,"key":"MagicPotion:ReiMu"},{"floor":18,"key":"Weak Potion"}],"is_trial":false,"path_per_floor":["M","M","$","M","M","E","R","M","T","?","?","B",null,"M","M","M","$","M","E"],"character_chosen":"THE_SENSHI","items_purchased":["theSenshi:MercurysCunning","theSenshi:MoonTiaraMagic","theSenshi:TuxedoMaskAssists","theSenshi:SailorPlanetAttack","theSenshi:SailorNeptuneAssists","theSenshi:UranusStrength","theSenshi:ChokerRelic"],"campfire_rested":1,"item_purchase_floors":[0,0,3,17,17,17,17],"current_hp_per_floor":[88,86,86,82,68,68,89,86,86,86,86,14,89,78,83,64,64,26,0,0],"gold":79,"neow_bonus":"","is_daily":false,"chose_seed":false,"campfire_upgraded":0,"win_rate":0.0,"timestamp":1612801849,"path_taken":["M","M","$","?","M","E","R","M","T","?","?","BOSS","M","M","M","$","M","E"],"items_purchased_type":["Card","Card","Card","Card","Card","Card","Relic"],"build_version":"2020-12-22","purchased_purges":0,"victory":false,"max_hp_per_floor":[89,89,89,89,89,89,89,89,89,89,89,89,89,89,89,89,89,89,89,89],"card_choices":[{"not_picked":["theSenshi:LateForSchool","theSenshi:SupersonicWaves"],"picked":"theSenshi:SailorChibiMoonAssists","floor":1},{"not_picked":["theSenshi:DramaticEntrance","theSenshi:MoonTiaraMagic"],"picked":"theSenshi:SailorV","floor":2},{"not_picked":["theSenshi:SailorVenusAssists","theSenshi:LateForSchool"],"picked":"theSenshi:SailorV","floor":4},{"not_picked":["theSenshi:MoonPower","theSenshi:GlimpseOfThePast"],"picked":"theSenshi:OdangoHead","floor":5},{"not_picked":["theSenshi:MoonCrisisMakeUp","theSenshi:OdangoHead"],"picked":"theSenshi:MoonHealingEscalation","floor":6},{"not_picked":["theSenshi:MoonKick","theSenshi:Sidestep"],"picked":"theSenshi:PlutosSolemnity","floor":8},{"not_picked":["theSenshi:WarriorOfTheMoon","theSenshi:SailorPlutoAssists"],"picked":"theSenshi:ChibiMoonsLove","floor":12},{"not_picked":["theSenshi:SailorMercuryAssists","theSenshi:NeptunesGrace"],"picked":"theSenshi:SailorVenusAssists","floor":14},{"not_picked":["theSenshi:EncouragingSpeech","theSenshi:DramaticEntrance+1"],"picked":"theSenshi:SailorVenusAssists","floor":15},{"not_picked":["theSenshi:MoonPower","theSenshi:InTheNickOfTime"],"picked":"theSenshi:SailorMercuryAssists+1","floor":16},{"not_picked":["theSenshi:CrisisMakeUp","theSenshi:SchoolBag+1"],"picked":"theSenshi:SailorChibiMoonAssists","floor":18}],"player_experience":130743,"relics_obtained":[{"floor":6,"key":"Smiling Mask"},{"floor":9,"key":"MawBank"}],"event_choices":[],"is_beta":false,"boss_relics":[{"not_picked":["Replay:Bronze Core","ReplayTheSpireMod:DimensionalGlitch"],"picked":"hubris:RunicObelisk"}],"items_purged_floors":[],"is_endless":false,"potions_floor_spawned":[4,5,8,14,18],"killed_by":"theJungle:MamaSnecko","ascension_level":0}}