{"host":"tq99ucv8ezzqzioe","time":1612821365,"event":{"mods":["BaseMod","Colored Map","Downfall","Highlight Path","Minty Spire (QoL Compilation)","StSLib"],"gold_per_floor":[114,134,134,148,148,148,173,30,83,83,103,6,49,62,62,193,193,218,30,0,20,20,20,20,20],"floor_reached":24,"language":"ENG","playtime":13618,"items_purged":[],"score":302,"play_id":"ddaeeffa-44e3-47ae-b8d7-b69ff00874de","local_time":"20210208165605","is_ascension_mode":true,"campfire_choices":[{"floor":6,"key":"REST"},{"floor":15,"key":"REST"}],"circlet_count":0,"master_deck":["Strike_B+1","Strike_B","Strike_B","Defend_B","Defend_B","Defend_B","Defend_B","Zap+1","Dualcast","Conserve Battery","Creative AI","Loop","Chill","Fusion","Cold Snap","Multi-Cast","Glacier","Thunder Strike","White Noise","Glacier","Judgement"],"relics":["Cracked Core","Golden Idol","Runic Capacitor","Oddly Smooth Stone","Inserter","PrismaticShard"],"acts_visited":["Exordium","TheCity"],"potions_floor_usage":[4,14,16,23,23,24],"damage_taken":[{"damage":0,"enemies":"2 Louse","floor":1,"turns":4},{"damage":6,"enemies":"Jaw Worm","floor":2,"turns":4},{"damage":6,"enemies":"Cultist","floor":4,"turns":4},{"damage":6,"enemies":"2 Fungi Beasts","floor":7,"turns":4},{"damage":14,"enemies":"Large Slime","floor":11,"turns":7},{"damage":4,"enemies":"Lagavulin","floor":13,"turns":7},{"damage":1,"enemies":"Gremlin Gang","floor":14,"turns":4},{"damage":18,"enemies":"The Guardian","floor":16,"turns":16},{"damage":8,"enemies":"Shell Parasite","floor":18,"turns":11},{"damage":22,"enemies":"2 Thieves","floor":20,"turns":5},{"damage":23,"enemies":"Centurion and Healer","floor":21,"turns":12},{"damage":0,"enemies":"Book of Stabbing","floor":23,"turns":2},{"damage":9,"enemies":"Sentry and Sphere","floor":24,"turns":2}],"seed_played":"-9011976056702970542","potions_obtained":[{"floor":2,"key":"Weak Potion"},{"floor":14,"key":"bronze:BurnAndBuffPotion"},{"floor":16,"key":"Weak Potion"},{"floor":22,"key":"SmokeBomb"},{"floor":22,"key":"Explosive Potion"}],"is_trial":false,"path_per_floor":["M","M","?","M","?","R","M","$","T","?","M","$","E","M","R","B",null,"M","$","M","M","?","E","M"],"character_chosen":"DEFECT","items_purchased":["Runic Capacitor","Cold Snap","Explosive Potion","Glacier","PrismaticShard"],"campfire_rested":2,"item_purchase_floors":[8,12,12,19,19],"current_hp_per_floor":[68,62,44,38,38,60,54,54,54,39,25,25,21,20,42,24,62,54,54,32,9,9,9,0,0],"gold":20,"neow_bonus":"TRANSFORM_CARD","is_daily":false,"chose_seed":false,"campfire_upgraded":0,"win_rate":0.0,"timestamp":1612821365,"path_taken":["M","M","?","M","?","R","?","$","T","?","M","$","E","M","R","BOSS","M","$","M","M","?","E","?"],"items_purchased_type":["Relic","Card","Potion","Card","Relic"],"build_version":"2020-12-22","purchased_purges":0,"victory":false,"max_hp_per_floor":[75,75,75,75,75,75,75,75,75,75,75,75,75,75,75,75,75,75,75,75,75,75,75,75,75],"card_choices":[{"not_picked":["Beam Cell","Hologram"],"picked":"Conserve Battery","floor":1},{"not_picked":["Rip and Tear","Coolheaded"],"picked":"Creative AI","floor":2},{"not_picked":["Cold Snap","Beam Cell"],"picked":"Loop","floor":4},{"not_picked":["Fusion","Rebound"],"picked":"Chill","floor":7},{"not_picked":["Rip and Tear","Stack"],"picked":"Fusion","floor":11},{"not_picked":["Steam Power","Hologram"],"picked":"Multi-Cast","floor":13},{"not_picked":["Auto Shields","Self Repair"],"picked":"Glacier","floor":14},{"not_picked":["Meteor Strike","All For One"],"picked":"Thunder Strike","floor":16},{"not_picked":["Conserve Battery+1","Stack"],"picked":"White Noise","floor":18},{"not_picked":["Slimebound:SlimeTap+1","bronze:BronzeArmor","Clash"],"picked":"SKIP","floor":20},{"not_picked":["sneckomod:UnknownVulnerable","hexamod:Firestarter"],"picked":"Judgement","floor":21}],"player_experience":904377,"relics_obtained":[{"floor":13,"key":"Oddly Smooth Stone"}],"event_choices":[{"damage_healed":0,"gold_gain":0,"player_choice":"Take Damage","damage_taken":18,"relics_obtained":["Golden Idol"],"max_hp_gain":0,"max_hp_loss":0,"event_name":"Golden Idol","floor":3,"gold_loss":0},{"cards_removed":["Aggregate"],"damage_healed":0,"gold_gain":0,"player_choice":"Card Removal","damage_taken":0,"max_hp_gain":0,"max_hp_loss":0,"event_name":"Wheel of Change","floor":5,"gold_loss":0},{"damage_healed":0,"gold_gain":0,"player_choice":"Entered Light","damage_taken":15,"max_hp_gain":0,"max_hp_loss":0,"event_name":"Shining Light","floor":10,"gold_loss":0,"cards_upgraded":["Strike_B","Zap"]},{"damage_healed":0,"gold_gain":0,"player_choice":"Got Potions","damage_taken":0,"max_hp_gain":0,"max_hp_loss":0,"event_name":"Lab","floor":22,"gold_loss":0}],"is_beta":false,"boss_relics":[{"not_picked":["Nuclear Battery","Black Star"],"picked":"Inserter"}],"items_purged_floors":[],"is_endless":false,"potions_floor_spawned":[2,14,16,23],"killed_by":"Sentry and Sphere","ascension_level":8}}