{"host":"onjcd8pn3ar4eq0z","time":1612774790,"event":{"mods":["2.2 Compatiblity","AchievementEnabler","Act Like it!","Aspiration","BaseMod","Bestiary","Better Note","Better Third Choice","BetterRewards","CapriCore","ChefMod","Colored Map","Colored Powertips","Conspire","Curses Come First","Downfall","Friendly Minions","Gensokyo","GifTheSpireLib","Gremlin Mod","Hallownest","Hermit","Highlight Path","Hubris","Infinite Spire","Jorbs\u0027s Wanderer Trilogy","Koishi","Lobotomy","LobotomyExtend","Marisa????????","Mimic Mod","Minty Spire (QoL Compilation)","Pale of the Ancients","Potionbrewer","Practice Mode","Relic Sorter","Reliquary","Remilia??????","Replay The Spire","Shop Mod","Spicy Shops","StSLib","Synergy Search","The Administrix","The Animator","The Blue Laboratory","The Bug Knight","The Cursed","The Disciple","The Hierophant","The Immortal","The Mystic","The Necromancer","The Runesmith","The Sage","The Servant 0.9.4","TheBandit","Waifu the Spire","Wandering Minibosses","Yohane!","Yuyuko","noobMod"],"gold_per_floor":[112,126,126,126,126,153,166,200,280,313,327,357,383,55,55,129,129,149,168,168,188,217,217,244,159,159,192,210,210,38,69,69,141,141,162,189,235,235,268,314,314,360,411,456,205,248,248,284,284,284,284],"floor_reached":52,"language":"ENG","playtime":5140,"items_purged":[],"score":2162,"play_id":"16f167d6-be24-4983-9119-d04516c40067","local_time":"20210208025950","daily_mods":["Draft","DeadlyEvents","Elite Swarm","Lethality","downfall:Enraging","downfall:ExchangeController"],"is_ascension_mode":true,"campfire_choices":[{"data":"MokouMod:BurningDraft","floor":15,"key":"SMITH"},{"data":"MokouMod:InfernalWave","floor":23,"key":"SMITH"},{"data":"Machine Learning","floor":29,"key":"SMITH"},{"data":"MokouMod:InfernalWave","floor":32,"key":"SMITH"},{"data":"MokouMod:FujiyamaVolcano","floor":41,"key":"SMITH"},{"data":"ReplayTheSpireMod:Omega Cannon","floor":49,"key":"SMITH"}],"circlet_count":0,"master_deck":["MokouMod:BlazingComet","MokouMod:Firecracker","MokouMod:InfernalWave+1","MokouMod:InfernalWave+1","MokouMod:FujiyamaVolcano+1","MokouMod:Burn","MokouMod:Overheat","MokouMod:SearingShot","MokouMod:AdaptivePyromancy","MokouMod:FlickeringFlame+1","MokouMod:Sear","MokouMod:BurningDraft+1","MokouMod:RadiantBlade","MokouMod:Scorch+1","MokouMod:Geothermal","MokouMod:SearingBlow","MokouMod:AdaptivePyromancy","MokouMod:Geothermal","MokouMod:ExplosiveFlame","MokouMod:AdaptivePyromancy","Streamline","MokouMod:RadiantBlade","Gash","Biased Cognition","Creative AI","Machine Learning+1","MokouMod:Singe+1","Creative AI","Creative AI","Rebound+1","Gash+1","Sweeping Beam","MokouMod:SpontaneousHumanCombustion","ReplayRNGCard","ReplayTheSpireMod:Omega Cannon+1","Turbo+1","MokouMod:FujiyamaVolcano","Mind Blast","MokouMod:ExplosiveFlame","MokouMod:SearingShot"],"relics":["MokouMod:PhoenixFeather","reliquary:OuijaBoard","downfall:NeowBlessing_Player","Ring of Chaos","ice","LetterFromLob","infinitespire:Bottled Soul","potionbrewer:WarMedal","ReplayTheSpireMod:Ninjato","MerchantsRug","HandDrill","aspiration:DefectSkillbook","Happy Flower","aspiration:Stabinomicon","Shuriken","Garlic","Whetstone","reliquary:BrokenClock","infinitespire:EvilPickle","Snecko Heart","CatCart","infinitespire:Lucky Rock","Omamori","Pear","reliquary:TatteredRug","Ornamental Fan"],"acts_visited":["Exordium","TheCity","TheBeyond"],"potions_floor_usage":[],"damage_taken":[{"damage":30,"enemies":"conspire:RoseBush","floor":1,"turns":4},{"damage":0,"enemies":"2 Louse","floor":2,"turns":1},{"damage":71,"enemies":"HollowMod:MossKnight","floor":6,"turns":11},{"damage":17,"enemies":"Jaw Worm","floor":7,"turns":2},{"damage":11,"enemies":"Gremlin Nob","floor":8,"turns":3},{"damage":19,"enemies":"HollowMod:MossKnight","floor":10,"turns":2},{"damage":35,"enemies":"Gremlin Gang","floor":11,"turns":3},{"damage":0,"enemies":"Gremlin Nob","floor":12,"turns":2},{"damage":0,"enemies":"HollowMod:MossKnight","floor":13,"turns":3},{"damage":114,"enemies":"Hexaghost","floor":16,"turns":4},{"damage":28,"enemies":"2 Thieves","floor":18,"turns":2},{"damage":96,"enemies":"3 Byrds","floor":19,"turns":4},{"damage":49,"enemies":"conspire:HollyBat","floor":21,"turns":7},{"damage":7,"enemies":"Gremlin Leader","floor":22,"turns":2},{"damage":20,"enemies":"Book of Stabbing","floor":24,"turns":2},{"damage":38,"enemies":"conspire:Head Lice","floor":27,"turns":4},{"damage":0,"enemies":"Sentry and Sphere","floor":28,"turns":2},{"damage":0,"enemies":"Book of Stabbing","floor":31,"turns":2},{"damage":12,"enemies":"Pondfish","floor":33,"turns":3},{"damage":21,"enemies":"3 Shapes","floor":35,"turns":1},{"damage":0,"enemies":"3 Darklings","floor":36,"turns":2},{"damage":60,"enemies":"Orin","floor":37,"turns":4},{"damage":14,"enemies":"Sphere and 2 Shapes","floor":39,"turns":2},{"damage":0,"enemies":"Giant Head","floor":40,"turns":2},{"damage":14,"enemies":"R_Hoarder","floor":42,"turns":3},{"damage":51,"enemies":"Transient","floor":44,"turns":3},{"damage":0,"enemies":"Nemesis","floor":46,"turns":2},{"damage":0,"enemies":"Maw","floor":48,"turns":1},{"damage":0,"enemies":"Replay:Hell Engine","floor":50,"turns":2},{"damage":0,"enemies":"Donu and Deca","floor":51,"turns":2}],"seed_played":"5839791266121763239","potions_obtained":[{"floor":7,"key":"blueLaboratory:StoneskinPotion"},{"floor":8,"key":"Reflective Coating"},{"floor":12,"key":"blueLaboratory:EmptyBottle"},{"floor":13,"key":"blueLaboratory:SavagePotion"},{"floor":16,"key":"Explosive Potion"},{"floor":18,"key":"Strength Potion"},{"floor":19,"key":"Energy Potion"},{"floor":22,"key":"Reflective Coating"},{"floor":31,"key":"LiquidMemories"},{"floor":35,"key":"AttackPotion"},{"floor":37,"key":"Adrenaline Potion"},{"floor":40,"key":"potionbrewer:ToxicPotion"},{"floor":44,"key":"hexamod:SoulburnPotion"},{"floor":46,"key":"AttackPotion"}],"is_trial":true,"path_per_floor":["M","M","?","?","?","E","M","E","T","E","M","E","E","$","R","B",null,"M","M","?","M","E","R","E","?","T","E","M","R","$","E","R","B",null,"M","M","?","?","M","E","R","E","T","M","$","E","T","M","R","B","B",null],"character_chosen":"MKU","items_purchased":["MerchantsRug","HandDrill","reliquary:BrokenClock","MokouMod:FujiyamaVolcano","Pear","Mind Blast"],"campfire_rested":0,"item_purchase_floors":[14,14,30,45,45,45],"current_hp_per_floor":[138,138,158,158,158,87,70,59,59,40,175,175,175,175,175,61,252,224,128,128,79,72,72,52,52,52,312,312,312,312,312,312,300,414,393,393,333,333,319,319,319,305,305,254,264,264,264,264,264,264,264],"gold":284,"neow_bonus":"","is_daily":false,"chose_seed":false,"campfire_upgraded":6,"win_rate":0.0,"timestamp":1612774790,"path_taken":["M","M","?","?","?","E","M","E","T","E","M","E","?","$","R","BOSS","M","?","?","M","?","R","E","?","T","E","M","R","?","E","R","BOSS","M","M","?","?","M","E","R","E","T","M","$","E","?","M","R","BOSS","BOSS"],"items_purchased_type":["Relic","Relic","Relic","Card","Relic","Card"],"build_version":"2020-12-22","purchased_purges":0,"victory":true,"max_hp_per_floor":[175,175,175,175,175,175,175,175,175,175,175,175,175,175,175,182,282,284,302,302,305,306,306,308,308,308,312,312,312,312,312,312,318,418,421,421,427,427,429,429,429,431,431,433,443,443,443,443,443,443,443],"card_choices":[{"not_picked":["MokouMod:Afterburner","MokouMod:Singe"],"picked":"MokouMod:BlazingComet","floor":0},{"not_picked":["MokouMod:IgnitionBlast","MokouMod:Trailblazer"],"picked":"MokouMod:Firecracker","floor":0},{"not_picked":["MokouMod:AdaptivePyromancy","MokouMod:IgnitionBarrier"],"picked":"MokouMod:InfernalWave","floor":0},{"not_picked":["MokouMod:UncontrollableSolarReaction","MokouMod:BurningDraft"],"picked":"MokouMod:RoaringFlare","floor":0},{"not_picked":["MokouMod:Singe","MokouMod:UncontrollableSolarReaction"],"picked":"MokouMod:InfernalWave","floor":0},{"not_picked":["MokouMod:BlazingComet","MokouMod:ScorchedEarth"],"picked":"MokouMod:FujiyamaVolcano","floor":0},{"not_picked":["MokouMod:ScorchingColumn","MokouMod:UncontrollableSolarReaction"],"picked":"MokouMod:Burn","floor":0},{"not_picked":["MokouMod:BlazingComet","MokouMod:EternalBurstReactor"],"picked":"MokouMod:Overheat","floor":0},{"not_picked":["MokouMod:Fireball","MokouMod:FlareStarter"],"picked":"MokouMod:FlamingFireTalons","floor":0},{"not_picked":["MokouMod:Combust","MokouMod:Afterburner"],"picked":"MokouMod:SearingShot","floor":0},{"not_picked":["MokouMod:FlareStarter","MokouMod:ResoluteFlare"],"picked":"MokouMod:CrimsonArmoury","floor":0},{"not_picked":["MokouMod:CrimsonFlare","MokouMod:IndiscriminateIgnition"],"picked":"MokouMod:AdaptivePyromancy","floor":0},{"not_picked":["MokouMod:Fireball","MokouMod:UncontrollableSolarReaction"],"picked":"MokouMod:FujiyamaVolcano","floor":0},{"not_picked":["MokouMod:Sear","MokouMod:ShiftIgnition"],"picked":"MokouMod:FlickeringFlame","floor":0},{"not_picked":["MokouMod:ImperishableFlame","MokouMod:HeartofFire"],"picked":"MokouMod:BlazingComet","floor":0},{"not_picked":["MokouMod:Stoke","MokouMod:EternalBurstReactor"],"picked":"MokouMod:Sear","floor":1},{"not_picked":["MokouMod:ImperishableFlame","MokouMod:HeatTransfer"],"picked":"MokouMod:BurningDraft","floor":2},{"not_picked":["MokouMod:PhoenixForm","MokouMod:Extinguish"],"picked":"MokouMod:RadiantBlade","floor":6},{"not_picked":["MokouMod:Cataclysm","MokouMod:HeatFactory"],"picked":"MokouMod:Scorch","floor":7},{"not_picked":["MokouMod:Rebirth","MokouMod:RadiantBlade"],"picked":"MokouMod:Geothermal","floor":8},{"not_picked":["MokouMod:Rekindle","MokouMod:ExplosiveFlame"],"picked":"MokouMod:SearingBlow","floor":10},{"not_picked":["MokouMod:Overheat","MokouMod:UncontrollableSolarReaction"],"picked":"MokouMod:AdaptivePyromancy","floor":11},{"not_picked":["MokouMod:PhoenixForm","MokouMod:ExplosiveFlame","MokouMod:Rebirth"],"picked":"SKIP","floor":12},{"not_picked":["MokouMod:RadiantBlade","MokouMod:SacredFire"],"picked":"MokouMod:Geothermal","floor":13},{"not_picked":["MokouMod:ResonatingAura","MokouMod:Extinguish"],"picked":"MokouMod:ExplosiveFlame","floor":16},{"not_picked":["Double Energy","Turbo","aspiration:Polymerization"],"picked":"MokouMod:AdaptivePyromancy","floor":18},{"not_picked":["MokouMod:RoaringFlare","MokouMod:EternalBurstReactor","MokouMod:Meltdown"],"picked":"Streamline","floor":19},{"not_picked":["Rebound+1","Panic Button","MokouMod:BlazingComet"],"picked":"Gash","floor":21},{"not_picked":["MokouMod:EnchantingBambooForest","Fission","Mirror Shield"],"picked":"Biased Cognition","floor":22},{"not_picked":["Core Surge","Electrodynamics","Mirror Shield"],"picked":"Creative AI","floor":24},{"not_picked":["MokouMod:ResonatingAura","Reboot","Rainbow"],"picked":"Machine Learning","floor":27},{"not_picked":["Genetic Algorithm","MokouMod:DanceofFlames","BasicCrystalCard"],"picked":"MokouMod:Singe+1","floor":28},{"not_picked":["Amplify","Mirror Shield","ReplayTheSpireMod:Omega Cannon"],"picked":"Creative AI","floor":31},{"not_picked":["MokouMod:Rekindle","Multi-Cast","Fission"],"picked":"Creative AI","floor":33},{"not_picked":["ReplayTheSpireMod:GoodbyeWorld","Consume","Conserve Battery"],"picked":"Rebound+1","floor":35},{"not_picked":["MokouMod:Firecracker","Stack","Barrage"],"picked":"Gash+1","floor":36},{"not_picked":["MokouMod:WarmUp+1","MokouMod:IgneousBlow","MokouMod:AdaptivePyromancy+1"],"picked":"Sweeping Beam","floor":37},{"not_picked":["MokouMod:Scorch","MokouMod:GuidingSmoke","MokouMod:EternalBurstReactor"],"picked":"MokouMod:SpontaneousHumanCombustion","floor":39},{"not_picked":["MokouMod:SearingBlow","Buffer","Thunder Strike"],"picked":"ReplayRNGCard","floor":40},{"not_picked":["hubris:SpecializedCircuitry","Hyperbeam","MokouMod:EnchantingBambooForest"],"picked":"ReplayTheSpireMod:Omega Cannon","floor":42},{"not_picked":["MokouMod:IgnitionBlast+1","MokouMod:Sear","MokouMod:UncontrollableSolarReaction"],"picked":"Turbo+1","floor":44},{"not_picked":["MokouMod:ResonatingAura","MokouMod:Ventilation","MokouMod:SearingBlow"],"picked":"MokouMod:ExplosiveFlame","floor":46},{"not_picked":["Hologram+1","MokouMod:TemporalFireSeal","MokouMod:HeartofFire+1"],"picked":"MokouMod:SearingShot","floor":48}],"player_experience":479298,"relics_obtained":[{"floor":1,"key":"LetterFromLob"},{"floor":6,"key":"infinitespire:Bottled Soul"},{"floor":8,"key":"potionbrewer:WarMedal"},{"floor":9,"key":"sagemod:Red_Beast_Statue"},{"floor":10,"key":"reliquary:OuijaBoard"},{"floor":12,"key":"sagemod:Blowpipe"},{"floor":13,"key":"ReplayTheSpireMod:Ninjato"},{"floor":22,"key":"Happy Flower"},{"floor":24,"key":"aspiration:Stabinomicon"},{"floor":26,"key":"Garlic"},{"floor":27,"key":"Whetstone"},{"floor":31,"key":"Toy Ornithopter"},{"floor":37,"key":"CatCart"},{"floor":40,"key":"infinitespire:Lucky Rock"},{"floor":42,"key":"Omamori"},{"floor":43,"key":"Potion Belt"},{"floor":46,"key":"reliquary:TatteredRug"},{"floor":47,"key":"Ornamental Fan"}],"event_choices":[{"damage_healed":0,"gold_gain":0,"player_choice":"Copied","damage_taken":0,"max_hp_gain":0,"max_hp_loss":0,"event_name":"Duplicator","floor":20,"gold_loss":0,"cards_obtained":["MokouMod:RadiantBlade"]},{"damage_healed":0,"gold_gain":0,"player_choice":"Obtained Relic","damage_taken":0,"relics_obtained":["Shuriken"],"max_hp_gain":0,"max_hp_loss":0,"event_name":"Addict","floor":25,"gold_loss":85},{"damage_healed":0,"gold_gain":0,"player_choice":"Fight","damage_taken":0,"max_hp_gain":0,"max_hp_loss":0,"event_name":"OrinTheCat","floor":37,"gold_loss":0}],"is_beta":false,"boss_relics":[{"not_picked":["hubris:CrackedHourglass","aspiration:PoetsPen_weak"],"picked":"aspiration:DefectSkillbook"},{"not_picked":["reliquary:KinkedSpring","Coffee Dripper"],"picked":"Snecko Heart"}],"items_purged_floors":[],"is_endless":false,"potions_floor_spawned":[7,8,12,13,16,18,19,22,31,35,37,40,44,46],"ascension_level":20}}