{"host":"1bzbl1adcbkdzqlf","time":1612819366,"event":{"mods":["BaseMod","Minty Spire (QoL Compilation)","Slay the Relics Exporter"],"gold_per_floor":[162,174,192,202,221,254,134,134,134,161,179,206,206,241,241,336,336,347,364,8,8,24,24,24],"floor_reached":23,"language":"ENG","playtime":2448,"items_purged":["Strike_B","Strike_B"],"score":310,"play_id":"00bef8ff-2741-473d-a1e5-d22e3e0c109f","local_time":"20210208152246","is_ascension_mode":true,"campfire_choices":[{"data":"Sunder","floor":8,"key":"SMITH"},{"floor":13,"key":"REST"},{"floor":15,"key":"REST"}],"circlet_count":0,"master_deck":["Strike_B","Strike_B","Defend_B+1","Defend_B","Defend_B+1","Defend_B","Zap+1","Dualcast","Gash","Beam Cell","Sunder+1","Glacier","Leap","Heatsinks","Compile Driver","Cold Snap","Electrodynamics","Hologram","Buffer","Go for the Eyes","Static Discharge","Tempest","Biased Cognition","Turbo","Ball Lightning","Shame","Rip and Tear+1"],"relics":["Tiny House","Potion Belt","War Paint","Dream Catcher","StrikeDummy","Strawberry","Cursed Key","Shuriken","Kunai"],"acts_visited":["Exordium","TheCity"],"potions_floor_usage":[5,6,10,14,14,16,23],"damage_taken":[{"damage":1,"enemies":"Cultist","floor":1,"turns":3},{"damage":0,"enemies":"Small Slimes","floor":2,"turns":3},{"damage":0,"enemies":"2 Louse","floor":3,"turns":2},{"damage":3,"enemies":"2 Fungi Beasts","floor":4,"turns":4},{"damage":5,"enemies":"Lots of Slimes","floor":5,"turns":5},{"damage":13,"enemies":"3 Sentries","floor":6,"turns":9},{"damage":16,"enemies":"Gremlin Nob","floor":10,"turns":4},{"damage":12,"enemies":"Exordium Wildlife","floor":11,"turns":4},{"damage":13,"enemies":"3 Sentries","floor":12,"turns":6},{"damage":0,"enemies":"Gremlin Nob","floor":14,"turns":4},{"damage":42,"enemies":"Hexaghost","floor":16,"turns":9},{"damage":22,"enemies":"2 Thieves","floor":18,"turns":3},{"damage":8,"enemies":"3 Byrds","floor":19,"turns":3},{"damage":10,"enemies":"Centurion and Healer","floor":22,"turns":5},{"damage":44,"enemies":"Gremlin Leader","floor":23,"turns":5}],"seed_played":"6951614564347106924","potions_obtained":[{"floor":0,"key":"Strength Potion"},{"floor":2,"key":"FearPotion"},{"floor":3,"key":"Dexterity Potion"},{"floor":5,"key":"PotionOfCapacity"},{"floor":6,"key":"PowerPotion"},{"floor":12,"key":"ColorlessPotion"},{"floor":16,"key":"SmokeBomb"},{"floor":22,"key":"Strength Potion"}],"is_trial":false,"path_per_floor":["M","M","M","M","M","E","$","R","T","E","M","E","R","E","R","B",null,"M","M","$","?","M","E"],"character_chosen":"DEFECT","items_purchased":["Cold Snap","Shuriken"],"campfire_rested":2,"item_purchase_floors":[7,20],"current_hp_per_floor":[79,79,79,76,71,58,58,58,58,42,30,17,41,48,74,32,73,51,43,43,43,33,0,0],"gold":24,"neow_bonus":"BOSS_RELIC","is_daily":false,"chose_seed":false,"campfire_upgraded":1,"win_rate":0.0,"timestamp":1612819366,"path_taken":["M","?","M","M","M","E","$","R","T","E","M","E","R","E","R","BOSS","M","M","$","?","M","E"],"items_purchased_type":["Card","Relic"],"build_version":"2020-12-22","purchased_purges":2,"victory":false,"max_hp_per_floor":[80,80,80,80,80,80,80,80,80,80,80,80,80,87,87,87,87,87,87,87,87,87,87,87],"card_choices":[{"not_picked":["Steam","Skim"],"picked":"Gash","floor":0},{"not_picked":["Static Discharge","Loop"],"picked":"Beam Cell","floor":1},{"not_picked":["Beam Cell","Redo"],"picked":"Sunder","floor":2},{"not_picked":["Beam Cell","Sunder"],"picked":"Glacier","floor":3},{"not_picked":["Hello World","Loop"],"picked":"Leap","floor":4},{"not_picked":["Compile Driver","Redo"],"picked":"Heatsinks","floor":5},{"not_picked":["Biased Cognition","Turbo"],"picked":"Compile Driver","floor":6},{"not_picked":["Capacitor","Steam"],"picked":"Electrodynamics","floor":10},{"not_picked":["Auto Shields","Rebound"],"picked":"Hologram","floor":11},{"not_picked":["Chaos","Recycle"],"picked":"Buffer","floor":12},{"not_picked":["Reinforced Body","Stack"],"picked":"Go for the Eyes","floor":13},{"not_picked":["Skim","Compile Driver"],"picked":"Static Discharge","floor":14},{"not_picked":["Streamline","Rebound"],"picked":"Tempest","floor":15},{"not_picked":["Reboot","Meteor Strike"],"picked":"Biased Cognition","floor":16},{"not_picked":["Redo","Sweeping Beam"],"picked":"Turbo","floor":18},{"not_picked":["Gash","Darkness"],"picked":"Ball Lightning","floor":19},{"not_picked":["Compile Driver+1","Heatsinks+1"],"picked":"Rip and Tear+1","floor":22}],"player_experience":364452,"relics_obtained":[{"floor":6,"key":"Potion Belt"},{"floor":9,"key":"War Paint"},{"floor":10,"key":"Dream Catcher"},{"floor":12,"key":"StrikeDummy"},{"floor":14,"key":"Strawberry"}],"event_choices":[{"damage_healed":0,"gold_gain":0,"player_choice":"Stole Relic","damage_taken":0,"relics_obtained":["Kunai"],"max_hp_gain":0,"max_hp_loss":0,"event_name":"Addict","floor":21,"gold_loss":0,"cards_obtained":["Shame"]}],"is_beta":false,"boss_relics":[{"not_picked":["Snecko Eye","Philosopher\u0027s Stone"],"picked":"Cursed Key"}],"items_purged_floors":[7,20],"is_endless":false,"potions_floor_spawned":[2,3,5,6,12,16,22],"killed_by":"Gremlin Leader","ascension_level":5}}