{"host":"6bsan6hkua32tfq7","time":1612764968,"event":{"mods":["BaseMod","Better Third Choice","Colored Map","Highlight Path","Minty Spire (QoL Compilation)","StSLib"],"gold_per_floor":[115,132,150,162,175,175,202,52,52,52,70,98,98,98,98,174,174,216,25,38,55,92,92,123,123,123,137,166,166,179,215,215,314,314,328,328,8,53,72,72,72,72],"floor_reached":41,"language":"ENG","playtime":1266,"items_purged":["Strike_P","Defend_P"],"score":944,"play_id":"9fbf695b-e0aa-433b-ae2f-bd9c78e5a9fa","local_time":"20210208071608","is_ascension_mode":true,"campfire_choices":[{"data":"Consecrate","floor":6.0,"key":"SMITH"},{"data":"Perseverance","floor":13.0,"key":"SMITH"},{"data":"Alpha","floor":15.0,"key":"SMITH"},{"floor":23,"key":"REST"},{"floor":25,"key":"REST"},{"floor":29,"key":"REST"},{"floor":32,"key":"REST"},{"data":"Wish","floor":40,"key":"SMITH"}],"circlet_count":0,"master_deck":["AscendersBane","Strike_P","Strike_P","Strike_P","Defend_P","Defend_P","Defend_P","Eruption+1","Vigilance","Consecrate+1","WheelKick","TalkToTheHand+1","FlurryOfBlows","BowlingBash","Perseverance+1","Alpha+1","Wish","TalkToTheHand+1","PathToVictory+1","Perseverance","Wish+1","PathToVictory+1"],"relics":["PureWater","PreservedInsect","Question Card","Meat on the Bone","Busted Crown","HornCleat","Oddly Smooth Stone","Coffee Dripper","TungstenRod"],"acts_visited":["Exordium","TheCity","TheBeyond"],"potions_floor_usage":[21,22,41],"damage_taken":[{"damage":1.0,"enemies":"Cultist","floor":1.0,"turns":4.0},{"damage":0.0,"enemies":"Jaw Worm","floor":2.0,"turns":2.0},{"damage":0.0,"enemies":"Small Slimes","floor":3.0,"turns":2.0},{"damage":0.0,"enemies":"Blue Slaver","floor":4.0,"turns":1.0},{"damage":7.0,"enemies":"Lots of Slimes","floor":5.0,"turns":2.0},{"damage":8.0,"enemies":"Lagavulin","floor":7.0,"turns":5.0},{"damage":2.0,"enemies":"2 Fungi Beasts","floor":11.0,"turns":3.0},{"damage":0.0,"enemies":"3 Sentries","floor":12.0,"turns":3.0},{"damage":34.0,"enemies":"Hexaghost","floor":16.0,"turns":8.0},{"damage":25.0,"enemies":"3 Byrds","floor":18.0,"turns":8.0},{"damage":9.0,"enemies":"2 Thieves","floor":20.0,"turns":4.0},{"damage":43,"enemies":"Cultist and Chosen","floor":21,"turns":5},{"damage":0,"enemies":"Centurion and Healer","floor":22,"turns":5},{"damage":39,"enemies":"Gremlin Leader","floor":24,"turns":7},{"damage":22,"enemies":"Shelled Parasite and Fungi","floor":27,"turns":6},{"damage":18,"enemies":"Book of Stabbing","floor":28,"turns":5},{"damage":21,"enemies":"Sentry and Sphere","floor":30,"turns":6},{"damage":0,"enemies":"Snecko","floor":31,"turns":5},{"damage":31,"enemies":"Automaton","floor":33,"turns":9},{"damage":45,"enemies":"3 Darklings","floor":35,"turns":5},{"damage":0,"enemies":"Orb Walker","floor":38,"turns":3},{"damage":17,"enemies":"Writhing Mass","floor":39,"turns":11},{"damage":49,"enemies":"Reptomancer","floor":41,"turns":3}],"seed_played":"5829082915475962202","potions_obtained":[{"floor":1.0,"key":"Strength Potion"},{"floor":4.0,"key":"Explosive Potion"},{"floor":5.0,"key":"BlessingOfTheForge"},{"floor":12.0,"key":"BlessingOfTheForge"},{"floor":18.0,"key":"PowerPotion"},{"floor":21,"key":"EssenceOfSteel"},{"floor":28,"key":"FearPotion"},{"floor":31,"key":"SmokeBomb"},{"floor":39,"key":"AttackPotion"}],"is_trial":false,"path_per_floor":["M","M","M","M","M","R","E","$","T","?","M","E","R","$","R","B",null,"M","$","M","M","M","R","E","R","T","M","E","R","M","M","R","B",null,"M","?","$","M","M","R","E"],"character_chosen":"WATCHER","items_purchased":["Perseverance","Dark Shackles","TungstenRod"],"campfire_rested":4,"item_purchase_floors":[8,19,37],"current_hp_per_floor":[60,60,60,60,53,53,45,45,45,45,43,43,43,43,43,21,56,43,43,46,15,27,47,20,40,40,30,24,44,35,35,55,36,60,27,27,27,39,34,34,0,0],"gold":72,"neow_bonus":"UPGRADE_CARD","is_daily":false,"chose_seed":false,"campfire_upgraded":4,"win_rate":0.0,"timestamp":1612764968,"path_taken":["M","M","?","M","?","R","E","$","T","?","M","E","R","$","R","BOSS","M","$","M","M","?","R","E","R","T","M","E","R","M","M","R","BOSS","M","?","$","M","M","R","E"],"items_purchased_type":["Card","Card","Relic"],"build_version":"2020-12-22","purchased_purges":2,"victory":false,"max_hp_per_floor":[68,68,68,68,68,68,68,68,68,68,68,68,68,68,68,68,68,68,68,68,68,68,68,68,68,68,68,68,68,68,68,68,68,68,68,68,68,68,68,68,68,68],"card_choices":[{"not_picked":["Halt","BowlingBash"],"picked":"Consecrate","floor":1.0},{"not_picked":["FollowUp","SashWhip"],"picked":"WheelKick","floor":2.0},{"not_picked":["Adaptation","JustLucky"],"picked":"TalkToTheHand","floor":3.0},{"not_picked":["Halt","Swivel","JustLucky"],"picked":"SKIP","floor":4.0},{"not_picked":["JustLucky","Vengeance"],"picked":"FlurryOfBlows","floor":5.0},{"not_picked":["Evaluate","Meditate"],"picked":"BowlingBash","floor":7.0},{"not_picked":["CrushJoints","SashWhip","FollowUp","Evaluate"],"picked":"SKIP","floor":11.0},{"not_picked":["Prostrate","ClearTheMind","FearNoEvil"],"picked":"Alpha","floor":12.0},{"not_picked":["MasterReality","Brilliance","SpiritShield"],"picked":"Wish","floor":16.0},{"not_picked":["WreathOfFlame","Collect"],"picked":"SKIP","floor":18.0},{"not_picked":["JustLucky+1"],"picked":"TalkToTheHand+1","floor":20.0},{"not_picked":["CutThroughFate","Fasting2"],"picked":"SKIP","floor":21},{"not_picked":["CrushJoints","Pray"],"picked":"SKIP","floor":22},{"not_picked":["Worship"],"picked":"PathToVictory+1","floor":24},{"not_picked":["Prostrate"],"picked":"Perseverance","floor":27},{"not_picked":["Crescendo","Tantrum"],"picked":"SKIP","floor":28},{"not_picked":["WreathOfFlame+1","FollowUp"],"picked":"SKIP","floor":30},{"not_picked":["Collect","FlurryOfBlows"],"picked":"SKIP","floor":31},{"not_picked":["Blasphemy"],"picked":"Wish","floor":33},{"not_picked":["InnerPeace","BowlingBash"],"picked":"SKIP","floor":35},{"not_picked":["FearNoEvil","FlyingSleeves"],"picked":"SKIP","floor":38},{"not_picked":["Protect+1"],"picked":"PathToVictory+1","floor":39}],"player_experience":5412023,"relics_obtained":[{"floor":7.0,"key":"PreservedInsect"},{"floor":9.0,"key":"Question Card"},{"floor":12.0,"key":"Meat on the Bone"},{"floor":24,"key":"HornCleat"},{"floor":28,"key":"Oddly Smooth Stone"}],"event_choices":[{"damage_healed":0.0,"max_hp_gain":0.0,"max_hp_loss":0.0,"gold_gain":0.0,"event_name":"Accursed Blacksmith","player_choice":"Forge","floor":10.0,"gold_loss":0.0,"damage_taken":0.0,"cards_upgraded":["TalkToTheHand"]},{"cards_removed":["Dark Shackles"],"damage_healed":0,"gold_gain":0,"player_choice":"Removed Skill","damage_taken":0,"max_hp_gain":0,"max_hp_loss":0,"event_name":"Falling","floor":36,"gold_loss":0}],"is_beta":false,"boss_relics":[{"not_picked":["Astrolabe","SlaversCollar"],"picked":"Busted Crown"},{"not_picked":["Runic Pyramid","Runic Dome"],"picked":"Coffee Dripper"}],"items_purged_floors":[8,19],"is_endless":false,"potions_floor_spawned":[1,4,5,11,12,18,21,28,31,39],"killed_by":"Reptomancer","ascension_level":20}}