{"host":"0kwl2uefibxd2nsv","time":1612795219,"event":{"mods":["Act Like it!","Aspiration","BaseMod","Better Note","BetterRewards","DeckTracker","Googly Eyes","Minty Spire (QoL Compilation)","Reliquary","StS++","StSLib"],"gold_per_floor":[118,293,218,233,233,233,246,279,279,24,24,34,62,82,82,184,184,200,200,218,218,231,231,245,273,299,299,77,0,0,16,16,113,113,127,142,156,4,54,86,86,96,123,123,123,123,123,156,156,156],"floor_reached":51,"language":"ENG","playtime":1449,"items_purged":["Doubt","Strike_B+1"],"score":1100,"play_id":"6a24eb44-c756-4cea-a3dc-112c44302969","local_time":"20210208154019","is_ascension_mode":true,"campfire_choices":[{"data":"Zap","floor":6,"key":"SMITH"},{"floor":15,"key":"REST"},{"data":"Dualcast","floor":23,"key":"SMITH"},{"floor":27,"key":"REST"},{"data":"Steam","floor":32,"key":"SMITH"},{"floor":41,"key":"REST"},{"floor":46,"key":"REST"},{"data":"StSpp:Saturation","floor":49,"key":"SMITH"}],"circlet_count":0,"master_deck":["AscendersBane","Strike_B+1","Strike_B+1","Defend_B+1","Defend_B+1","Defend_B+1","Zap+1","Dualcast+1","Gash","Defragment+1","Gash","Sweeping Beam","Ball Lightning","Conserve Battery","Steam","All For One","Cold Snap+1","Gash+1","Steam+1","Gash","Cold Snap","Gash","StSpp:Saturation+1","Gash","Go for the Eyes+1","Conserve Battery","Undo+1","Steam"],"relics":["Cracked Core","Torii","Thread and Needle","reliquary:Firecrackers","ClockworkSouvenir","War Paint","SlaversCollar","Lizard Tail","Art of War","Vajra","MutagenicStrength","SacredBark","StSpp:GiftCard","StSpp:BackupBattery","Omamori","PreservedInsect"],"acts_visited":["Exordium","TheCity","TheBeyond"],"potions_floor_usage":[8,16,16,22,31,36,48,50,50],"damage_taken":[{"damage":1,"enemies":"2 Louse","floor":1,"turns":3},{"damage":9,"enemies":"Small Slimes","floor":4,"turns":3},{"damage":1,"enemies":"Cultist","floor":7,"turns":3},{"damage":31,"enemies":"Gremlin Nob","floor":8,"turns":5},{"damage":0,"enemies":"3 Louse","floor":12,"turns":3},{"damage":8,"enemies":"Lagavulin","floor":13,"turns":6},{"damage":0,"enemies":"Red Slaver","floor":14,"turns":3},{"damage":32,"enemies":"The Guardian","floor":16,"turns":8},{"damage":1,"enemies":"Shell Parasite","floor":18,"turns":5},{"damage":0,"enemies":"Spheric Guardian","floor":20,"turns":3},{"damage":1,"enemies":"Centurion and Healer","floor":22,"turns":6},{"damage":0,"enemies":"Sentry and Sphere","floor":24,"turns":4},{"damage":28,"enemies":"Slavers","floor":25,"turns":4},{"damage":1,"enemies":"Cultist and Chosen","floor":31,"turns":4},{"damage":27,"enemies":"Automaton","floor":33,"turns":7},{"damage":1,"enemies":"Orb Walker","floor":35,"turns":2},{"damage":21,"enemies":"3 Darklings","floor":36,"turns":4},{"damage":2,"enemies":"4 Shapes","floor":37,"turns":8},{"damage":0,"enemies":"Mind Bloom Boss Battle","floor":39,"turns":7},{"damage":10,"enemies":"Giant Head","floor":40,"turns":6},{"damage":7,"enemies":"Maw","floor":42,"turns":5},{"damage":14,"enemies":"Reptomancer","floor":48,"turns":7},{"damage":12,"enemies":"Time Eater","floor":50,"turns":12}],"seed_played":"4999816692415764951","potions_obtained":[{"floor":4,"key":"FearPotion"},{"floor":7,"key":"EssenceOfSteel"},{"floor":8,"key":"SteroidPotion"},{"floor":20,"key":"Block Potion"},{"floor":25,"key":"Energy Potion"},{"floor":31,"key":"Dexterity Potion"},{"floor":33,"key":"PowerPotion"},{"floor":35,"key":"Explosive Potion"},{"floor":37,"key":"Dexterity Potion"},{"floor":40,"key":"FocusPotion"}],"is_trial":false,"path_per_floor":["M","?","$","M","?","R","M","E","T","$","?","M","E","M","R","B",null,"M","?","M","?","M","R","M","E","T","R","$","?","?","M","R","B",null,"M","M","M","$","?","E","R","M","T","?","$","R","$","E","R","B",null],"character_chosen":"DEFECT","items_purchased":["Ball Lightning","Conserve Battery","ClockworkSouvenir","Gash","Vajra","Cold Snap","FocusPotion","PowerPotion"],"campfire_rested":4,"item_purchase_floors":[10,10,10,28,28,28,38,45],"current_hp_per_floor":[67,67,67,58,58,58,57,26,26,26,26,26,18,18,38,6,53,52,52,52,52,51,51,51,23,23,43,43,43,43,42,42,15,55,54,33,31,31,31,21,41,34,34,34,34,54,54,40,40,28],"gold":156,"neow_bonus":"ONE_RARE_RELIC","is_daily":false,"chose_seed":false,"campfire_upgraded":4,"win_rate":0.0,"timestamp":1612795219,"path_taken":["M","?","$","M","?","R","M","E","T","$","?","M","E","?","R","BOSS","M","?","M","?","M","R","?","E","T","R","$","?","?","M","R","BOSS","M","M","M","$","?","E","R","M","T","?","?","R","$","E","R","BOSS"],"items_purchased_type":["Card","Card","Relic","Card","Relic","Card","Potion","Potion"],"build_version":"2020-12-22","purchased_purges":2,"victory":true,"max_hp_per_floor":[68,68,68,68,68,68,68,68,68,68,68,68,68,68,68,68,68,68,68,68,68,68,68,68,68,68,68,68,68,68,68,68,68,68,68,68,68,68,68,68,68,68,68,68,68,68,68,68,68,68],"card_choices":[{"not_picked":["Conserve Battery","Go for the Eyes"],"picked":"Gash","floor":1},{"not_picked":["StSpp:Channeliser","Coolheaded"],"picked":"Defragment","floor":4},{"not_picked":["Conserve Battery","Double Energy"],"picked":"Gash","floor":7},{"not_picked":["Beam Cell","Stack"],"picked":"Sweeping Beam","floor":8},{"not_picked":["Static Discharge","Auto Shields","Undo"],"picked":"SKIP","floor":12},{"not_picked":["Hyperbeam","Streamline"],"picked":"Steam","floor":13},{"not_picked":["Compile Driver","Streamline","Skim"],"picked":"SKIP","floor":14},{"not_picked":["Meteor Strike","Creative AI"],"picked":"All For One","floor":16},{"not_picked":["Barrage","Sunder","Storm"],"picked":"SKIP","floor":18},{"not_picked":["Loop+1","StSpp:Channeliser+1"],"picked":"Cold Snap+1","floor":20},{"not_picked":["Coolheaded","Barrage","Hello World"],"picked":"SKIP","floor":22},{"not_picked":["Leap+1","Self Repair+1"],"picked":"Gash+1","floor":24},{"not_picked":["Amplify","Coolheaded"],"picked":"Steam","floor":25},{"not_picked":["Leap","Rip and Tear"],"picked":"Gash","floor":31},{"not_picked":["Meteor Strike","Core Surge"],"picked":"StSpp:Saturation","floor":33},{"not_picked":["Static Discharge+1","Leap"],"picked":"Gash","floor":35},{"not_picked":["Consume+1","Darkness","Streamline+1"],"picked":"SKIP","floor":36},{"not_picked":["Sweeping Beam","Streamline+1"],"picked":"Go for the Eyes+1","floor":37},{"not_picked":["Rip and Tear+1","StSpp:Saturation"],"picked":"Conserve Battery","floor":40},{"not_picked":["Recycle+1","Rip and Tear"],"picked":"Undo+1","floor":42},{"not_picked":["Consume","Beam Cell"],"picked":"Steam","floor":48}],"player_experience":2012977,"relics_obtained":[{"floor":8,"key":"Thread and Needle"},{"floor":9,"key":"reliquary:Firecrackers"},{"floor":13,"key":"War Paint"},{"floor":25,"key":"Lizard Tail"},{"floor":26,"key":"Art of War"},{"floor":39,"key":"StSpp:GiftCard"},{"floor":40,"key":"StSpp:BackupBattery"},{"floor":43,"key":"Omamori"},{"floor":48,"key":"PreservedInsect"}],"event_choices":[{"damage_healed":0,"gold_gain":175,"player_choice":"AGREE","damage_taken":0,"max_hp_gain":0,"max_hp_loss":0,"event_name":"Liars Game","floor":2,"gold_loss":0,"cards_obtained":["Doubt"]},{"damage_healed":0,"gold_gain":0,"player_choice":"Grow","damage_taken":0,"max_hp_gain":0,"max_hp_loss":0,"event_name":"Living Wall","floor":5,"gold_loss":0,"cards_upgraded":["Defragment"]},{"cards_removed":["Strike_B"],"damage_healed":0,"gold_gain":0,"player_choice":"Purged","damage_taken":0,"max_hp_gain":0,"max_hp_loss":0,"event_name":"Purifier","floor":11,"gold_loss":0},{"damage_healed":0,"gold_gain":0,"player_choice":"Ignored","damage_taken":0,"max_hp_gain":0,"max_hp_loss":0,"event_name":"betterNote:BetterNote","floor":19,"gold_loss":0,"cards_obtained":["Bullet Time"]},{"damage_healed":0,"gold_gain":0,"player_choice":"Simplicity","damage_taken":0,"max_hp_gain":0,"max_hp_loss":0,"event_name":"Back to Basics","floor":21,"gold_loss":0,"cards_upgraded":["Strike_B","Strike_B","Strike_B","Defend_B","Defend_B"]},{"damage_healed":0,"gold_gain":0,"player_choice":"Paid Fearfully","damage_taken":0,"max_hp_gain":0,"max_hp_loss":0,"event_name":"Masked Bandits","floor":29,"gold_loss":77},{"damage_healed":0,"gold_gain":0,"player_choice":"Inject Mutagens","damage_taken":0,"relics_obtained":["MutagenicStrength"],"max_hp_gain":0,"max_hp_loss":0,"event_name":"Drug Dealer","floor":30,"gold_loss":0},{"damage_healed":0,"gold_gain":0,"player_choice":"Fight","damage_taken":0,"max_hp_gain":0,"max_hp_loss":0,"event_name":"MindBloom","floor":39,"gold_loss":0},{"cards_removed":["Defend_B"],"damage_healed":0,"gold_gain":0,"player_choice":"Removed Skill","damage_taken":0,"max_hp_gain":0,"max_hp_loss":0,"event_name":"Falling","floor":44,"gold_loss":0}],"is_beta":false,"boss_relics":[{"not_picked":["aspiration:FutureDiary","Empty Cage"],"picked":"SlaversCollar"},{"not_picked":["aspiration:SilentSkillbook","StSpp:FireArrow"],"picked":"SacredBark"}],"items_purged_floors":[3,38],"is_endless":false,"potions_floor_spawned":[4,7,8,20,25,31,33,35,37,40],"ascension_level":10}}