{"host":"d73an99q9oevilk5","time":1612825685,"event":{"mods":["2.2 Compatiblity","AchievementEnabler","Act Like it!","Aspiration","BaseMod","Beaked The Cultist","Better Third Choice","BetterRewards","Colored Map","Colored Powertips","Conspire","Downfall","GifTheSpireLib","GungeonMod","Halation","Hubris","Infinite Spire","Marisa????????","Mimic Mod","Minty Spire (QoL Compilation)","Quick Restart","Relic Sorter","Reliquary","Replay The Spire","Shop Mod","Spikes Relics","StSLib","Stuff the Spire","The Cursed","The Necromancer","The Saiyan","Waifu the Spire","[IsaacMod]????","egg","slay the spire mod where everything is the same but ironclad has a cowboy hat"],"gold_per_floor":[119,119,119,130,130,156,171,120,120,139,139,150,150,166,166,264,264,276,207,207,221,243,243,261,276,276,281,205,224,224,240,240,350,350,369,320,320,320,344,350,350],"floor_reached":40,"language":"ENG","playtime":1453,"items_purged":["StuffTheSpire:SnapShoot+1"],"score":565,"play_id":"23e28821-5d10-4a99-b0b9-2d5d4382374b","local_time":"20210208160805","is_ascension_mode":false,"campfire_choices":[{"data":"White Noise","floor":11,"key":"SMITH"},{"floor":13,"key":"REST"},{"data":"Go for the Eyes","floor":15,"key":"SMITH"},{"data":"BasicCrystalCard","floor":23,"key":"SMITH"},{"floor":30,"key":"REST"},{"floor":32,"key":"REST"}],"circlet_count":0,"master_deck":["Strike_B","Strike_B","Strike_B","Defend_B","Defend_B","Defend_B","Defend_B","Zap","Dualcast","White Noise+1","Redo","Leap","Go for the Eyes+1","Cold Snap","DoctorFetus+1","Crystallizer","BasicCrystalCard+1","Conserve Battery","Self Repair","Leap+1","BootSequence+1","Buffer","CurseOfTheBell"],"relics":["Cracked Core","D6","DoctorsRemote","HushsDoor","DemoMod:SerJunkan","Turnip","Ice Cream","DemoMod:Junk","Singing Bowl","Astrolabe","halation:IllGainedPizza","infinitespire:Cupcake","Gremlin Horn","Calling Bell","Art of War","Darkstone Periapt","DemoMod:Antibody","halation:EternalFortune"],"acts_visited":["Exordium","TheCity","TheBeyond"],"potions_floor_usage":[16,25,31,31,33,40,40],"damage_taken":[{"damage":0,"enemies":"Jaw Worm","floor":1,"turns":4},{"damage":0,"enemies":"Cultist","floor":4,"turns":3},{"damage":47,"enemies":"3 Sentries","floor":6,"turns":10},{"damage":0,"enemies":"conspire:RoseBush","floor":7,"turns":2},{"damage":3,"enemies":"Exordium Wildlife","floor":10,"turns":5},{"damage":6,"enemies":"3 Louse","floor":12,"turns":3},{"damage":6,"enemies":"conspire:2 RoseBushes","floor":14,"turns":3},{"damage":27,"enemies":"Hexaghost","floor":16,"turns":16},{"damage":11,"enemies":"Shell Parasite","floor":18,"turns":5},{"damage":0,"enemies":"Chosen","floor":21,"turns":4},{"damage":13,"enemies":"Centurion and Healer","floor":22,"turns":6},{"damage":25,"enemies":"Cultist and Chosen","floor":24,"turns":6},{"damage":6,"enemies":"Chosen and Byrds","floor":25,"turns":4},{"damage":19,"enemies":"Colosseum Slavers","floor":27,"turns":4},{"damage":6,"enemies":"Snecko","floor":29,"turns":4},{"damage":11,"enemies":"3 Cultists","floor":31,"turns":3},{"damage":27,"enemies":"Collector","floor":33,"turns":10},{"damage":0,"enemies":"Orb Walker","floor":35,"turns":5},{"damage":45,"enemies":"3 Darklings","floor":39,"turns":6},{"damage":74,"enemies":"Reptomancer","floor":40,"turns":2}],"seed_played":"7030150532104497905","potions_obtained":[{"floor":4,"key":"PotionOfCapacity"},{"floor":6,"key":"Elixir"},{"floor":12,"key":"SteroidPotion"},{"floor":14,"key":"DemoMod:LeadSkinPotion"},{"floor":16,"key":"LiquidBronze"},{"floor":29,"key":"AttackPotion"},{"floor":33,"key":"Elixir"},{"floor":39,"key":"SkillPotion"}],"is_trial":false,"path_per_floor":["M","?","?","M","?","E","M","$","T","M","R","M","R","M","R","B",null,"M","$","AVR","M","M","R","M","M","T","?","$","M","R","M","R","B",null,"M","$","?","?","M","E"],"character_chosen":"DEFECT","items_purchased":["DemoMod:SerJunkan","Ice Cream","D6","White Noise","Cold Snap","Crystallizer","Self Repair","Weak Potion"],"campfire_rested":3,"item_purchase_floors":[0,0,0,0,8,19,28,36],"current_hp_per_floor":[75,75,80,80,80,33,33,33,33,32,32,28,53,49,49,22,81,72,72,72,72,61,61,36,32,32,13,13,14,40,29,55,35,87,89,89,89,92,63,0,0],"gold":350,"neow_bonus":"","is_daily":false,"chose_seed":false,"campfire_upgraded":3,"win_rate":0.0,"timestamp":1612825685,"path_taken":["M","?","?","?","?","E","M","$","T","M","R","?","R","M","R","BOSS","M","?","AVR","M","?","R","M","M","T","?","?","M","R","M","R","BOSS","M","$","?","?","?","E"],"items_purchased_type":["Relic","Relic","Relic","Card","Card","Card","Card","Potion"],"build_version":"2020-12-22","purchased_purges":1,"victory":false,"max_hp_per_floor":[75,75,80,80,80,80,80,80,80,82,82,84,84,86,86,86,81,83,83,83,83,85,85,85,87,87,87,87,87,87,87,87,87,87,89,89,89,92,94,94,94],"card_choices":[{"not_picked":["Bomb","StuffTheSpire:LoadUp"],"picked":"Redo","floor":1},{"not_picked":["Hologram","StuffTheSpire:EventHorizon","StuffTheSpire:Plugnplay"],"picked":"SKIP","floor":4},{"not_picked":["Redo","Steam"],"picked":"Leap","floor":6},{"not_picked":["Steam","Redo"],"picked":"Go for the Eyes","floor":7},{"not_picked":["Compile Driver","Sunder","FIFO Queue"],"picked":"Singing Bowl","floor":10},{"not_picked":["FTL","Compile Driver","Stack"],"picked":"Singing Bowl","floor":12},{"not_picked":["StuffTheSpire:NuclearReactor","Hologram","Ball Lightning"],"picked":"Singing Bowl","floor":14},{"not_picked":["Thunder Strike","Amplify"],"picked":"Fission","floor":16},{"not_picked":["Panic Button+1","StuffTheSpire:Plugnplay","StuffTheSpire:Coldhearted"],"picked":"Singing Bowl","floor":18},{"not_picked":["Rip and Tear+1","Coolheaded+1"],"picked":"BasicCrystalCard","floor":21},{"not_picked":["Go for the Eyes","Ball Lightning+1","Rebound+1"],"picked":"Singing Bowl","floor":22},{"not_picked":["Leap","Hello World"],"picked":"Conserve Battery","floor":24},{"not_picked":["Turbo","Crystallizer+1","Ball Lightning"],"picked":"Singing Bowl","floor":25},{"not_picked":["Compile Driver","Distribution"],"picked":"Leap+1","floor":29},{"not_picked":["Streamline","Barrage"],"picked":"BootSequence+1","floor":31},{"not_picked":["Hyperbeam","Biased Cognition"],"picked":"Buffer","floor":33},{"not_picked":["StuffTheSpire:CleanHardDrive","Heatsinks","conspire:Rain"],"picked":"Singing Bowl","floor":35},{"not_picked":["Force Field+1","ReplaySolidLightProjector+1","Recycle+1"],"picked":"Singing Bowl","floor":39}],"player_experience":1864987,"relics_obtained":[{"floor":6,"key":"DemoMod:Junk"},{"floor":9,"key":"Singing Bowl"},{"floor":26,"key":"Gremlin Horn"},{"floor":34,"key":"Art of War"},{"floor":34,"key":"Darkstone Periapt"},{"floor":34,"key":"DemoMod:Antibody"}],"event_choices":[{"damage_healed":0,"gold_gain":0,"player_choice":"Donut","damage_taken":0,"max_hp_gain":5,"max_hp_loss":0,"event_name":"Big Fish","floor":3,"gold_loss":0},{"damage_healed":0,"gold_gain":0,"player_choice":"Leave","damage_taken":0,"max_hp_gain":0,"max_hp_loss":0,"event_name":"conspire:Investor","floor":5,"gold_loss":0},{"damage_healed":0,"gold_gain":0,"player_choice":"Fight","damage_taken":0,"max_hp_gain":0,"max_hp_loss":0,"event_name":"Colosseum","floor":27,"gold_loss":0},{"damage_healed":0,"gold_gain":0,"player_choice":"Fled From Nobs","damage_taken":0,"max_hp_gain":0,"max_hp_loss":0,"event_name":"Colosseum","floor":27,"gold_loss":0},{"damage_healed":0,"gold_gain":0,"player_choice":"Ignored","damage_taken":0,"max_hp_gain":0,"max_hp_loss":0,"event_name":"Tomb of Lord Red Mask","floor":37,"gold_loss":0}],"is_beta":false,"boss_relics":[{"not_picked":["halation:SmartPhone","SlaversCollar"],"picked":"Astrolabe"},{"not_picked":[]},{"not_picked":["aspiration:RunicSpoon","beaked:SacredDeck"],"picked":"Calling Bell"},{"not_picked":[]}],"items_purged_floors":[17],"is_endless":false,"potions_floor_spawned":[4,6,12,14,16,18,27,29,33,39],"killed_by":"Reptomancer","ascension_level":0}}