{"host":"d2y4rmbezebiv8aj","time":1612772535,"event":{"mods":["AchievementEnabler","BaseMod","Bestiary","BetterRewards","Colored Map","Colored Powertips","Custom Start","Highlight Path","Minty Spire (QoL Compilation)","Quick Restart","Rare Cards Sparkle","Relic Sorter","Relic Stats","Shop Mod","Slay-I","StSLib","SuperFastMode"],"gold_per_floor":[118,130,141,141,205,230,230,230,309,344,344,344,377,398,398,518,518,538,35,53,53,63,63,97,97,97,107,138,150,100,120,120,216,216,228,228,228,245,295,322,322,11,11,30,30,44,78,101,101,101],"floor_reached":51,"language":"DEU","playtime":1548,"items_purged":["Injury"],"score":1130,"play_id":"a27865fe-3d52-4d53-bfa1-bbda32c1c02a","local_time":"20210208092215","is_ascension_mode":false,"campfire_choices":[{"data":"Footwork","floor":7.0,"key":"SMITH"},{"data":"Noxious Fumes","floor":11.0,"key":"SMITH"},{"floor":15.0,"key":"REST"},{"data":"Accuracy","floor":23,"key":"SMITH"},{"data":"Backstab","floor":25,"key":"SMITH"},{"data":"Blade Dance","floor":32,"key":"SMITH"},{"floor":45,"key":"REST"},{"data":"Infinite Blades","floor":49,"key":"SMITH"}],"circlet_count":0,"master_deck":["Strike_G","Strike_G","Strike_G","Strike_G","Strike_G","Defend_G+1","Defend_G","Defend_G+1","Defend_G","Defend_G","Survivor","Footwork+1","Accuracy+1","Apotheosis+1","Noxious Fumes+1","Infinite Blades+1","Noxious Fumes+1","Magnetism+1","Caltrops+1","Magnetism+1","Slice","Backstab+1","Footwork+1","Poisoned Stab","Envenom+1","Blade Dance+1","Cloak And Dagger","Footwork+1","Magnetism+1","PiercingWail+1","Parasite","Noxious Fumes+1","Envenom+1","Decay","Normality","Accuracy+1","Decay"],"relics":["Ring of the Snake","ClockworkSouvenir","Thread and Needle","Mummified Hand","Sling","Frozen Egg 2","Tiny Chest","Strawberry","Bloody Idol","Kunai","Gremlin Horn","WingedGreaves","Cursed Key","Ninja Scroll","Smiling Mask","Paper Crane","Tough Bandages","Philosopher\u0027s Stone","Mango","Torii","Pantograph","Dead Branch","TungstenRod","War Paint","Potion Belt"],"acts_visited":["Exordium","TheCity","TheBeyond"],"potions_floor_usage":[33,50,50,50],"damage_taken":[{"damage":3.0,"enemies":"Small Slimes","floor":1.0,"turns":5.0},{"damage":0.0,"enemies":"2 Louse","floor":2.0,"turns":3.0},{"damage":0.0,"enemies":"Jaw Worm","floor":3.0,"turns":3.0},{"damage":1.0,"enemies":"3 Sentries","floor":6.0,"turns":4.0},{"damage":0.0,"enemies":"Gremlin Nob","floor":10.0,"turns":4.0},{"damage":7.0,"enemies":"3 Louse","floor":13.0,"turns":3.0},{"damage":0.0,"enemies":"Looter","floor":14.0,"turns":4.0},{"damage":14.0,"enemies":"The Guardian","floor":16.0,"turns":8.0},{"damage":4.0,"enemies":"Shell Parasite","floor":18.0,"turns":4.0},{"damage":0.0,"enemies":"Chosen","floor":20.0,"turns":3.0},{"damage":6,"enemies":"Sentry and Sphere","floor":22,"turns":4},{"damage":17,"enemies":"Book of Stabbing","floor":24,"turns":4},{"damage":0,"enemies":"Chosen and Byrds","floor":27,"turns":4},{"damage":3,"enemies":"Slavers","floor":28,"turns":4},{"damage":1,"enemies":"Centurion and Healer","floor":29,"turns":6},{"damage":0,"enemies":"3 Cultists","floor":31,"turns":4},{"damage":7,"enemies":"Automaton","floor":33,"turns":8},{"damage":3,"enemies":"3 Shapes","floor":35,"turns":5},{"damage":13,"enemies":"3 Darklings","floor":38,"turns":5},{"damage":28,"enemies":"2 Orb Walkers","floor":39,"turns":5},{"damage":19,"enemies":"Reptomancer","floor":40,"turns":6},{"damage":0,"enemies":"Spire Growth","floor":44,"turns":3},{"damage":4,"enemies":"4 Shapes","floor":46,"turns":2},{"damage":0,"enemies":"Giant Head","floor":47,"turns":5},{"damage":12,"enemies":"Time Eater","floor":50,"turns":9}],"seed_played":"-7579526939492923621","potions_obtained":[{"floor":1.0,"key":"Block Potion"},{"floor":3.0,"key":"CultistPotion"},{"floor":14.0,"key":"Explosive Potion"},{"floor":16.0,"key":"FearPotion"},{"floor":18.0,"key":"Strength Potion"},{"floor":35,"key":"Dexterity Potion"}],"is_trial":false,"path_per_floor":["M","M","M","?","?","E","R","?","T","E","R","T","M","M","R","B",null,"M","$","M","?","M","R","E","R","T","M","E","M","$","M","R","B",null,"M","$","?","M","?","E","T","$","T","M","R","M","E","T","R","B",null],"character_chosen":"THE_SILENT","items_purchased":["Footwork","ClockworkSouvenir","Thread and Needle","Accuracy","Apotheosis","Mummified Hand","Noxious Fumes","Sling","Infinite Blades","Frozen Egg 2","Noxious Fumes+1","Magnetism+1","Tiny Chest","Caltrops+1","Magnetism+1","Footwork+1","Ninja Scroll","Magnetism+1","Dead Branch"],"campfire_rested":2,"item_purchase_floors":[0,0,0,0,0,0,0,0,0,0,0,0,0,0,0,19,19,19,42],"current_hp_per_floor":[25,25,25,25,25,31,31,31,31,31,31,31,24,24,47,33,77,73,73,73,73,72,72,60,60,60,65,67,71,71,76,76,74,77,77,77,77,69,60,46,46,46,46,51,78,79,84,89,89,79],"gold":101,"neow_bonus":"","is_daily":false,"chose_seed":false,"campfire_upgraded":6,"win_rate":0.0,"timestamp":1612772535,"path_taken":["M","M","M","?","?","E","R","?","T","E","R","?","M","M","R","BOSS","M","$","M","?","M","R","E","R","T","M","E","M","$","M","R","BOSS","M","$","?","M","?","E","?","$","T","M","R","M","E","?","R","BOSS"],"items_purchased_type":["Card","Relic","Relic","Card","Card","Relic","Card","Relic","Card","Relic","Card","Card","Relic","Card","Card","Card","Relic","Card","Relic"],"build_version":"2020-12-22","purchased_purges":1,"victory":true,"max_hp_per_floor":[70,70,70,70,70,77,77,77,77,77,77,77,77,77,77,77,77,77,77,77,77,77,77,77,77,77,77,77,77,77,77,77,77,77,77,77,77,77,91,91,91,91,91,91,91,91,91,91,91,91],"relic_stats":{"Gremlin Horn":[24,24],"Torii":9,"counters":[276,1145],"Dead Branch":[62],"War Paint":["Defend_G","Defend_G"],"Cursed Key":4,"Smiling Mask":13,"Tough Bandages":[36],"Mummified Hand":[361],"Bloody Idol":73,"Pantograph":2,"Tiny Chest":2,"Kunai":[79],"obtain_stats":[{"Ginger":36,"Whetstone":13,"Bottled Tornado":13,"Sling":0,"Boot":42,"Blood Vial":31,"Sundial":24,"MealTicket":0,"Fusion Hammer":34,"HandDrill":39,"Kunai":21,"Pear":29,"Blue Candle":41,"Eternal Feather":0,"Tingsha":0,"Pen Nib":27,"Paper Crane":26,"SlaversCollar":34,"Bird Faced Urn":0,"Unceasing Top":36,"Regal Pillow":4,"Lantern":10,"Singing Bowl":37,"Torii":40,"GremlinMask":22,"Bag of Preparation":29,"Ancient Tea Set":25,"Cursed Key":34,"Smiling Mask":24,"Matryoshka":10,"WristBlade":34,"Ninja Scroll":23,"Toolbox":46,"WingedGreaves":12,"InkBottle":26,"Ring of the Snake":0,"Potion Belt":27,"Lee\u0027s Waffle":37,"NeowsBlessing":0,"Golden Idol":8,"Thread and Needle":0,"The Courier":10,"PreservedInsect":22,"Omamori":30,"Frozen Egg 2":26,"MawBank":10,"Bloody Idol":21,"Turnip":40,"Art of War":26,"Toy Ornithopter":6,"Calipers":0,"Gremlin Horn":25,"Vajra":22,"Sozu":34,"Centennial Puzzle":11,"Lizard Tail":0,"HornCleat":19,"DollysMirror":37,"Strawberry":29,"Philosopher\u0027s Stone":17,"Toxic Egg 2":12,"Girya":0,"Happy Flower":0,"Dead Branch":42,"Oddly Smooth Stone":7,"War Paint":5,"Question Card":40,"WarpedTongs":2,"Bottled Flame":43,"Shuriken":0,"Bronze Scales":43,"Molten Egg 2":26,"Black Star":34,"Meat on the Bone":28,"Pocketwatch":46,"Darkstone Periapt":6,"Mango":39,"Snake Skull":11,"Juzu Bracelet":24,"Incense Burner":7,"ClockworkSouvenir":29,"Nunchaku":23,"Dream Catcher":23,"Tough Bandages":42,"Mummified Hand":9,"Pantograph":44,"Tiny Chest":7,"Red Mask":30,"Orichalcum":43,"Medical Kit":19,"White Beast Statue":40,"Mercury Hourglass":9,"Peace Pipe":27,"Anchor":12,"Bag of Marbles":9,"Membership Card":0,"FossilizedHelix":45,"TungstenRod":23},{"Ginger":42,"Whetstone":130,"Bottled Tornado":27,"Sling":19,"Boot":170,"Blood Vial":63,"Sundial":212,"MealTicket":48,"Fusion Hammer":191,"HandDrill":43,"Kunai":13,"Pear":61,"Blue Candle":196,"Eternal Feather":19,"Tingsha":200,"Pen Nib":60,"Paper Crane":263,"SlaversCollar":113,"Bird Faced Urn":48,"Unceasing Top":142,"Regal Pillow":72,"Lantern":101,"Singing Bowl":65,"Torii":272,"GremlinMask":236,"Bag of Preparation":164,"Ancient Tea Set":83,"Cursed Key":140,"Smiling Mask":237,"Matryoshka":204,"WristBlade":87,"Ninja Scroll":33,"Toolbox":144,"WingedGreaves":256,"InkBottle":15,"Ring of the Snake":0,"Potion Belt":162,"Lee\u0027s Waffle":115,"NeowsBlessing":0,"Golden Idol":255,"Thread and Needle":251,"The Courier":53,"PreservedInsect":59,"Omamori":38,"Frozen Egg 2":83,"MawBank":128,"Bloody Idol":261,"Turnip":66,"Art of War":34,"Toy Ornithopter":3,"Calipers":200,"Gremlin Horn":83,"Vajra":106,"Sozu":64,"Centennial Puzzle":26,"Lizard Tail":200,"HornCleat":30,"DollysMirror":65,"Strawberry":189,"Philosopher\u0027s Stone":10,"Toxic Egg 2":54,"Girya":122,"Happy Flower":69,"Dead Branch":272,"Oddly Smooth Stone":25,"War Paint":2,"Question Card":116,"WarpedTongs":98,"Bottled Flame":44,"Shuriken":69,"Bronze Scales":117,"Molten Egg 2":59,"Black Star":40,"Meat on the Bone":85,"Pocketwatch":94,"Darkstone Periapt":25,"Mango":271,"Snake Skull":7,"Juzu Bracelet":135,"Incense Burner":204,"ClockworkSouvenir":189,"Nunchaku":107,"Dream Catcher":107,"Tough Bandages":170,"Mummified Hand":5,"Pantograph":197,"Tiny Chest":100,"Red Mask":62,"Orichalcum":92,"Medical Kit":132,"White Beast Statue":144,"Mercury Hourglass":75,"Peace Pipe":214,"Anchor":153,"Bag of Marbles":25,"Membership Card":147,"FossilizedHelix":93,"TungstenRod":160},{"Ginger":171,"Whetstone":536,"Bottled Tornado":106,"Sling":78,"Boot":696,"Blood Vial":270,"Sundial":885,"MealTicket":202,"Fusion Hammer":790,"HandDrill":176,"Kunai":47,"Pear":263,"Blue Candle":811,"Eternal Feather":78,"Tingsha":836,"Pen Nib":258,"Paper Crane":1079,"SlaversCollar":468,"Bird Faced Urn":202,"Unceasing Top":583,"Regal Pillow":312,"Lantern":420,"Singing Bowl":282,"Torii":1126,"GremlinMask":973,"Bag of Preparation":674,"Ancient Tea Set":354,"Cursed Key":578,"Smiling Mask":977,"Matryoshka":852,"WristBlade":369,"Ninja Scroll":136,"Toolbox":590,"WingedGreaves":1049,"InkBottle":56,"Ring of the Snake":0,"Potion Belt":664,"Lee\u0027s Waffle":478,"NeowsBlessing":0,"Golden Idol":1045,"Thread and Needle":1030,"The Courier":223,"PreservedInsect":257,"Omamori":154,"Frozen Egg 2":354,"MawBank":530,"Bloody Idol":1071,"Turnip":287,"Art of War":138,"Toy Ornithopter":3,"Calipers":836,"Gremlin Horn":354,"Vajra":441,"Sozu":279,"Centennial Puzzle":102,"Lizard Tail":836,"HornCleat":126,"DollysMirror":282,"Strawberry":778,"Philosopher\u0027s Stone":35,"Toxic Egg 2":228,"Girya":508,"Happy Flower":302,"Dead Branch":1126,"Oddly Smooth Stone":101,"War Paint":2,"Question Card":479,"WarpedTongs":408,"Bottled Flame":182,"Shuriken":302,"Bronze Scales":482,"Molten Egg 2":257,"Black Star":164,"Meat on the Bone":361,"Pocketwatch":390,"Darkstone Periapt":101,"Mango":1120,"Snake Skull":21,"Juzu Bracelet":558,"Incense Burner":852,"ClockworkSouvenir":778,"Nunchaku":443,"Dream Catcher":443,"Tough Bandages":696,"Mummified Hand":11,"Pantograph":816,"Tiny Chest":416,"Red Mask":264,"Orichalcum":384,"Medical Kit":547,"White Beast Statue":590,"Mercury Hourglass":323,"Peace Pipe":891,"Anchor":621,"Bag of Marbles":101,"Membership Card":605,"FossilizedHelix":387,"TungstenRod":650}],"TungstenRod":7,"Ring of the Snake":[543]},"card_choices":[{"not_picked":["Deadly Poison","Skewer"],"picked":"Slice","floor":1.0},{"not_picked":["Flechettes","Setup"],"picked":"Backstab","floor":2.0},{"not_picked":["Quick Slash","Bane"],"picked":"Footwork+1","floor":3.0},{"not_picked":["Escape Plan","Setup"],"picked":"Poisoned Stab","floor":6.0},{"not_picked":["Masterful Stab","Sucker Punch"],"picked":"Envenom+1","floor":10.0},{"not_picked":["Quick Slash","Dagger Throw"],"picked":"Blade Dance","floor":13.0},{"not_picked":["Eviscerate","Predator"],"picked":"Cloak And Dagger","floor":14.0},{"not_picked":["Dagger Spray","Well Laid Plans+1","Quick Slash+1"],"picked":"SKIP","floor":18.0},{"not_picked":["Underhanded Strike","Deadly Poison","Dagger Throw"],"picked":"SKIP","floor":20.0},{"not_picked":["Deflect","Infinite Blades+1"],"picked":"PiercingWail+1","floor":22},{"not_picked":["Heel Hook","All Out Attack","Leg Sweep"],"picked":"SKIP","floor":24},{"not_picked":["Riddle With Holes","Prepared"],"picked":"Noxious Fumes+1","floor":27},{"not_picked":["Escape Plan","Backflip","Quick Slash+1"],"picked":"SKIP","floor":28},{"not_picked":["Expertise","Crippling Poison","Eviscerate"],"picked":"SKIP","floor":29},{"not_picked":["Finisher","Deflect"],"picked":"Envenom+1","floor":31},{"not_picked":["Terror+1","Cloak And Dagger+1","Heel Hook"],"picked":"SKIP","floor":35},{"not_picked":["Flying Knee+1","Bane","All Out Attack"],"picked":"SKIP","floor":38},{"not_picked":["Slice","Dagger Throw+1","Leg Sweep+1"],"picked":"SKIP","floor":40},{"not_picked":["Underhanded Strike","Crippling Poison","Burst"],"picked":"SKIP","floor":44},{"not_picked":["Dash","Reflex"],"picked":"Accuracy+1","floor":46},{"not_picked":["Acrobatics","Sucker Punch","Poisoned Stab"],"picked":"SKIP","floor":47}],"player_experience":429347,"relics_obtained":[{"floor":6.0,"key":"Strawberry"},{"floor":9.0,"key":"Kunai"},{"floor":10.0,"key":"Gremlin Horn"},{"floor":12.0,"key":"WingedGreaves"},{"floor":24,"key":"Smiling Mask"},{"floor":26,"key":"Paper Crane"},{"floor":28,"key":"Tough Bandages"},{"floor":39,"key":"Mango"},{"floor":40,"key":"Torii"},{"floor":41,"key":"Pantograph"},{"floor":43,"key":"TungstenRod"},{"floor":47,"key":"War Paint"},{"floor":48,"key":"Potion Belt"}],"event_choices":[{"damage_healed":0.0,"max_hp_gain":0.0,"max_hp_loss":0.0,"gold_gain":0.0,"event_name":"Living Wall","player_choice":"Grow","floor":4.0,"gold_loss":0.0,"damage_taken":0.0,"cards_upgraded":["Apotheosis"]},{"damage_healed":0.0,"max_hp_gain":0.0,"max_hp_loss":0.0,"gold_gain":64.0,"event_name":"Golden Wing","player_choice":"Gained Gold","floor":5.0,"gold_loss":0.0,"damage_taken":0.0},{"damage_healed":0.0,"max_hp_gain":0.0,"max_hp_loss":0.0,"gold_gain":0.0,"event_name":"Golden Idol","player_choice":"Take Wound","floor":8.0,"gold_loss":0.0,"damage_taken":0.0,"relics_obtained":["Golden Idol"],"cards_obtained":["Injury"]},{"damage_healed":0.0,"max_hp_gain":0.0,"max_hp_loss":0.0,"gold_gain":0.0,"event_name":"Forgotten Altar","player_choice":"Gave Idol","floor":21.0,"relics_lost":["Golden Idol"],"gold_loss":0.0,"damage_taken":0.0,"relics_obtained":["Bloody Idol"]},{"cards_removed":["Neutralize"],"damage_healed":0,"gold_gain":0,"player_choice":"Removed Attack","damage_taken":0,"max_hp_gain":0,"max_hp_loss":0,"event_name":"Falling","floor":37,"gold_loss":0},{"damage_healed":0,"gold_gain":0,"player_choice":"Fight","damage_taken":0,"max_hp_gain":0,"max_hp_loss":0,"event_name":"Mysterious Sphere","floor":39,"gold_loss":0}],"is_beta":false,"boss_relics":[{"not_picked":["Ring of the Serpent","Empty Cage"],"picked":"Cursed Key"},{"not_picked":["Busted Crown","SlaversCollar"],"picked":"Philosopher\u0027s Stone"}],"items_purged_floors":[30],"is_endless":false,"potions_floor_spawned":[1,3,14,16,18,24,27,29,31,35,46,47],"ascension_level":0}}