{"host":"zjnmjbs15rdpqnz9","time":1612760402,"event":{"mods":["BaseMod","Downfall","Minty Spire (QoL Compilation)","StSLib"],"gold_per_floor":[99,116,116,129,129,129,129,39,39,55,68,78,92,123,141,245,245,245,257,257,457,476,476,554,569,600,619,636,636,649,666,677,777,777,777,777,777,61,115,126,126,126,156,156,171,191,203,221,235,235],"floor_reached":51,"language":"ENG","playtime":4784,"items_purged":["Normality","Slimebound:Replication"],"score":732,"play_id":"5fa6d703-5be2-49bf-8ff0-6f50d3c56e15","local_time":"20210207220002","is_ascension_mode":false,"campfire_choices":[{"data":"Slimebound:Split","floor":1.0,"key":"SMITH"},{"data":"Slimebound:Gluttony","floor":6.0,"key":"SMITH"},{"data":"Slimebound:Tackle","floor":9.0,"key":"SMITH"},{"data":"Slimebound:SamplingLick","floor":18.0,"key":"SMITH"},{"data":"Slimebound:MegaLick","floor":23.0,"key":"SMITH"},{"data":"Slimebound:FormOfPuddle","floor":29.0,"key":"SMITH"},{"data":"Slimebound:SlimeBarrage","floor":35.0,"key":"SMITH"},{"floor":42,"key":"REST"},{"data":"Slimebound:RainOfGoop","floor":44,"key":"SMITH"}],"circlet_count":0,"master_deck":["Slimebound:Tackle+1","Slimebound:Split+1","Slimebound:CorrosiveSpit+1","Slimebound:ComboTackle+1","Slimebound:Gluttony+1","Slimebound:LeechingTouch","Slimebound:SlimeSpikes","Slimebound:FormOfPuddle+1","Slimebound:Repurpose","Slimebound:MegaLick+1","Slimebound:SamplingLick+1","Slimebound:Teamwork","CurseOfTheBell","Slimebound:SplitMire+1","downfall:Haunted","Slimebound:Replication+1","Slimebound:SpikyOuterGoop","Slimebound:RollThrough+1","Slimebound:AcidTongue","Slimebound:HauntingLick+1","Slimebound:GoopSpray+1","Slimebound:LeechEnergy+1","Slimebound:Schlurp","Slimebound:LeechLife","Slimebound:DisruptingSlam","Slimebound:Overexert","Slimebound:SlimeBarrage+1","Slimebound:SlimeBrawl","Slimebound:Darklings","Slimebound:Nibble+1","expansioncontent:DashGenerateEvil","Slimebound:AcidTongue","Finesse","Slimebound:SpikyOuterGoop+1","Slimebound:RainOfGoop+1","Slimebound:PressTheAttack+1","Slimebound:ViciousTackle"],"relics":["Slimebound:AbsorbEndCombat","Darkstone Periapt","Mercury Hourglass","Calling Bell","Smiling Mask","White Beast Statue","Bird Faced Urn","Blue Candle","Centennial Puzzle","Pandora\u0027s Box","Toy Ornithopter","Nunchaku","Gambling Chip","Ginger","Pen Nib"],"acts_visited":["Exordium","TheCity","TheBeyond"],"potions_floor_usage":[43,43,50,50],"damage_taken":[{"damage":3.0,"enemies":"Small Slimes","floor":2.0,"turns":4.0},{"damage":4.0,"enemies":"Cultist","floor":4.0,"turns":4.0},{"damage":17.0,"enemies":"downfall:FleeingMerchant","floor":8.0,"turns":4.0},{"damage":4.0,"enemies":"Jaw Worm","floor":10.0,"turns":3.0},{"damage":14.0,"enemies":"Exordium Wildlife","floor":11.0,"turns":5.0},{"damage":9.0,"enemies":"Exordium Thugs","floor":12.0,"turns":4.0},{"damage":2.0,"enemies":"Blue Slaver","floor":13.0,"turns":4.0},{"damage":18.0,"enemies":"Lagavulin","floor":14.0,"turns":6.0},{"damage":12.0,"enemies":"Exordium Wildlife","floor":15.0,"turns":4.0},{"damage":16.0,"enemies":"SI_SHIV_ARCHETYPE","floor":16.0,"turns":6.0},{"damage":0.0,"enemies":"3 Byrds","floor":19.0,"turns":2.0},{"damage":10.0,"enemies":"Snecko","floor":22.0,"turns":8.0},{"damage":23.0,"enemies":"3 Cultists","floor":25.0,"turns":5.0},{"damage":33.0,"enemies":"Book of Stabbing","floor":26.0,"turns":6.0},{"damage":35.0,"enemies":"Snake Plant","floor":27.0,"turns":7.0},{"damage":9.0,"enemies":"Snecko","floor":28.0,"turns":7.0},{"damage":15.0,"enemies":"Chosen and Byrds","floor":30.0,"turns":4.0},{"damage":25.0,"enemies":"Snake Plant","floor":31.0,"turns":4.0},{"damage":47.0,"enemies":"Snecko","floor":32.0,"turns":7.0},{"damage":67.0,"enemies":"DF_ARCHETYPE_CLAW","floor":33.0,"turns":9.0},{"damage":3,"enemies":"downfall:FleeingMerchant","floor":38,"turns":4},{"damage":48,"enemies":"2 Orb Walkers","floor":39,"turns":5},{"damage":30,"enemies":"3 Darklings","floor":40,"turns":5},{"damage":56,"enemies":"Giant Head","floor":43,"turns":9},{"damage":21,"enemies":"Orb Walker","floor":45,"turns":3},{"damage":75,"enemies":"Spire Growth","floor":46,"turns":7},{"damage":21,"enemies":"3 Darklings","floor":47,"turns":6},{"damage":33,"enemies":"Jaw Worm Horde","floor":48,"turns":5},{"damage":15,"enemies":"Transient","floor":49,"turns":5},{"damage":21,"enemies":"WA_ARCHETYPE_DIVINITY","floor":50,"turns":10}],"seed_played":"9155463495549759212","potions_obtained":[{"floor":2.0,"key":"ColorlessPotion"},{"floor":10.0,"key":"Explosive Potion"},{"floor":14.0,"key":"Explosive Potion"},{"floor":15.0,"key":"Guardian:BlockOnCardUsePotion"},{"floor":19.0,"key":"Slimebound:SlimedPotion"},{"floor":22.0,"key":"Dexterity Potion"},{"floor":26.0,"key":"Slimebound:SlimedPotion"},{"floor":33.0,"key":"LiquidBronze"},{"floor":43,"key":"LiquidBronze"},{"floor":45,"key":"champ:CounterPotion"},{"floor":46,"key":"LiquidMemories"},{"floor":47,"key":"champ:CounterPotion"}],"is_trial":false,"path_per_floor":["R","M","?","M","?","R","T","$","R","M","M","M","M","E","M","B",null,"R","M","?","?","M","R","T","M","E","M","M","R","M","M","M","B",null,"R","?","?","$","?","M","T","R","E","R","M","M","M","M","M","B",null],"character_chosen":"SLIMEBOUND","items_purchased":["expansioncontent:DashGenerateEvil","Slimebound:AcidTongue","Toy Ornithopter","Nunchaku","Finesse"],"campfire_rested":1,"item_purchase_floors":[38,38,38,38,38],"current_hp_per_floor":[71,71,71,71,71,71,71,62,62,62,56,53,57,55,47,53,77,77,77,63,69,77,77,77,62,55,40,79,79,88,77,50,9,88,88,88,88,88,50,40,40,66,77,77,66,71,75,76,75,71],"gold":235,"neow_bonus":"TEN_PERCENT_HP_BONUS","is_daily":false,"chose_seed":false,"campfire_upgraded":8,"win_rate":0.0,"timestamp":1612760402,"path_taken":["R","M","?","?","?","R","T","$","R","M","M","M","?","E","M","BOSS","R","M","?","?","M","R","T","M","E","M","M","R","M","M","M","BOSS","R","?","?","$","?","M","T","R","E","R","M","M","?","M","M","BOSS"],"items_purchased_type":["Card","Card","Relic","Relic","Card"],"build_version":"2020-12-22","purchased_purges":2,"victory":true,"max_hp_per_floor":[71,71,71,71,71,71,71,71,71,71,71,71,71,71,71,71,77,77,77,82,88,88,88,88,88,88,88,88,88,88,88,88,88,88,88,88,88,88,88,88,88,88,88,88,88,88,88,88,88,88],"card_choices":[{"not_picked":["Slimebound:Chomp","Slimebound:Grow"],"picked":"Slimebound:ComboTackle","floor":2.0},{"not_picked":["Slimebound:LeechingTouch","Slimebound:SplitBruiser"],"picked":"Slimebound:Gluttony","floor":4.0},{"not_picked":["Slimebound:SplitBruiser","Slimebound:ComboTackle"],"picked":"Slimebound:LeechingTouch","floor":8.0},{"not_picked":["Slimebound:Gluttony","Slimebound:ProtectTheBoss"],"picked":"Slimebound:SlimeSpikes","floor":10.0},{"not_picked":["Slimebound:DisruptingSlam","Slimebound:SlimeSpikes"],"picked":"Slimebound:FormOfPuddle","floor":11.0},{"not_picked":["Slimebound:Schlurp","Slimebound:LivingWall"],"picked":"Slimebound:Repurpose","floor":12.0},{"not_picked":["Slimebound:RollThrough","Slimebound:LevelUp"],"picked":"Slimebound:LeechLife","floor":13.0},{"not_picked":["Slimebound:ForwardTackle","Slimebound:DisruptingSlam"],"picked":"Slimebound:MegaLick","floor":14.0},{"not_picked":["Slimebound:ProtectTheBoss","Slimebound:Chomp"],"picked":"Slimebound:SamplingLick","floor":15.0},{"not_picked":["Slimebound:MinionMaster","Slimebound:FirmFortitude"],"picked":"Slimebound:Teamwork","floor":16.0},{"not_picked":["Slimebound:SplitAcid+1","Slimebound:Dissolve"],"picked":"Slimebound:SplitMire+1","floor":19.0},{"not_picked":["Slimebound:LeechingTouch","Slimebound:Prepare"],"picked":"Slimebound:Replication+1","floor":22.0},{"not_picked":["Slimebound:HauntingLick","Slimebound:PressTheAttack"],"picked":"Slimebound:SpikyOuterGoop","floor":25.0},{"not_picked":["Slimebound:LivingWall","Slimebound:PressTheAttack"],"picked":"Slimebound:RollThrough+1","floor":26.0},{"not_picked":["Slimebound:Schlurp+1","Slimebound:SplitLeeching+1"],"picked":"Slimebound:AcidTongue","floor":27.0},{"not_picked":["Slimebound:Prepare+1","Slimebound:RejuvenatingLick"],"picked":"Slimebound:HauntingLick+1","floor":28.0},{"not_picked":["Slimebound:SpikyOuterGoop","Slimebound:SplitBruiser"],"picked":"Slimebound:GoopSpray+1","floor":30.0},{"not_picked":["Slimebound:HauntingLick+1","Slimebound:ItLooksTasty"],"picked":"Slimebound:LeechEnergy+1","floor":31.0},{"not_picked":["Slimebound:Teamwork","Slimebound:LeechEnergy"],"picked":"Slimebound:Schlurp","floor":32.0},{"not_picked":["Slimebound:DuplicatedForm","Slimebound:FirmFortitude"],"picked":"Slimebound:LeechLife","floor":33.0},{"not_picked":["Slimebound:HauntingLick+1","Slimebound:GrowthPunch+1"],"picked":"Slimebound:Nibble+1","floor":38},{"not_picked":["Slimebound:AcidTongue","Slimebound:FinishingTackle"],"picked":"Slimebound:SpikyOuterGoop+1","floor":40},{"not_picked":["Slimebound:Prepare+1","Slimebound:FinishingTackle+1"],"picked":"Slimebound:RainOfGoop","floor":43},{"not_picked":["Slimebound:WasteNot","Slimebound:TongueLash","Slimebound:FlameTackle+1"],"picked":"SKIP","floor":45},{"not_picked":["Slimebound:Dissolve","Slimebound:Replication+1","Slimebound:Nibble+1"],"picked":"SKIP","floor":46},{"not_picked":["Slimebound:Replication+1","Slimebound:SplitLeeching","Slimebound:Schlurp"],"picked":"SKIP","floor":47},{"not_picked":["Slimebound:FinishingTackle","Slimebound:GoopTackle"],"picked":"Slimebound:PressTheAttack+1","floor":48},{"not_picked":["Slimebound:ItLooksTasty+1","Slimebound:GoopSpray+1"],"picked":"Slimebound:ViciousTackle","floor":49}],"player_experience":873619,"relics_obtained":[{"floor":7.0,"key":"Darkstone Periapt"},{"floor":14.0,"key":"Mercury Hourglass"},{"floor":17.0,"key":"Smiling Mask"},{"floor":17.0,"key":"White Beast Statue"},{"floor":17.0,"key":"Bird Faced Urn"},{"floor":24.0,"key":"Blue Candle"},{"floor":26.0,"key":"Centennial Puzzle"},{"floor":39,"key":"Gambling Chip"},{"floor":41,"key":"Ginger"},{"floor":43,"key":"Pen Nib"}],"event_choices":[{"damage_healed":0,"gold_gain":0,"player_choice":"Fight","damage_taken":0,"max_hp_gain":0,"max_hp_loss":0,"event_name":"Mysterious Sphere","floor":39,"gold_loss":0}],"is_beta":false,"boss_relics":[{"not_picked":["Fusion Hammer","Cursed Key"],"picked":"Calling Bell"},{"not_picked":["Runic Pyramid","Busted Crown"],"picked":"Pandora\u0027s Box"}],"items_purged_floors":[8,38],"is_endless":false,"potions_floor_spawned":[2,10,14,15,19,22,25,26,27,28,30,31,32,33,38,39,40,43,45,46,47,48,49],"ascension_level":0}}