{"host":"d2y4rmbezebiv8aj","time":1612765325,"event":{"mods":["AchievementEnabler","BaseMod","Bestiary","BetterRewards","Colored Map","Colored Powertips","Custom Start","Highlight Path","Minty Spire (QoL Compilation)","Quick Restart","Rare Cards Sparkle","Relic Sorter","Relic Stats","Shop Mod","Slay-I","StSLib","SuperFastMode"],"gold_per_floor":[114,114,32,32,43,78,78,108,108,140,155,31,43,63,63,138,138,158,176,176,189,114,148,148,159,233,267,283,312,69,79,79,156,156,171,5,5,5,15,15,31,59,59,59,74,84,46,46,46,46],"floor_reached":51,"language":"DEU","playtime":1665,"items_purged":["Normality"],"score":1803,"play_id":"41cab725-4f34-40c4-a1ec-1a76d03e2151","local_time":"20210208072205","is_ascension_mode":true,"campfire_choices":[{"floor":7.0,"key":"REST"},{"data":"Footwork","floor":15.0,"key":"SMITH"},{"floor":24.0,"key":"REST"},{"floor":32.0,"key":"REST"},{"data":"1","floor":40.0,"key":"LIFT"},{"data":"2","floor":44.0,"key":"LIFT"},{"data":"3","floor":49,"key":"LIFT"}],"circlet_count":0,"master_deck":["AscendersBane","Strike_G","Strike_G","Strike_G","Strike_G","Defend_G","Defend_G","Defend_G","Defend_G","Survivor+1","Neutralize","Adrenaline","Blade Dance","Sadistic Nature","Bandage Up+1","Slice","Dramatic Entrance","Accuracy","Infinite Blades","Accuracy","Masterful Stab","Backstab","Accuracy","Backstab","Flying Knee","Finisher","Quick Slash","Footwork+1","Sucker Punch","Blade Dance","Die Die Die","Cloak And Dagger","PiercingWail","PiercingWail+1","Backflip","Terror","Backflip+1","A Thousand Cuts","Writhe","Dash"],"relics":["Ring of the Snake","Membership Card","Blood Vial","Bronze Scales","Bottled Tornado","DollysMirror","Pear","War Paint","Meat on the Bone","Lantern","Anchor","Black Star","Toy Ornithopter","TungstenRod","Centennial Puzzle","White Beast Statue","Potion Belt","Orichalcum","Bag of Preparation","MawBank","Medical Kit","Girya","Cursed Key","HandDrill","MealTicket","Tough Bandages","Boot","Juzu Bracelet"],"acts_visited":["Exordium","TheCity","TheBeyond"],"potions_floor_usage":[45,50,50],"damage_taken":[{"damage":4.0,"enemies":"Small Slimes","floor":1.0,"turns":2.0},{"damage":0.0,"enemies":"Cultist","floor":5.0,"turns":2.0},{"damage":7.0,"enemies":"Lagavulin","floor":6.0,"turns":5.0},{"damage":10.0,"enemies":"Gremlin Nob","floor":8.0,"turns":3.0},{"damage":15.0,"enemies":"3 Sentries","floor":10.0,"turns":3.0},{"damage":0.0,"enemies":"Jaw Worm","floor":11.0,"turns":1.0},{"damage":0.0,"enemies":"Red Slaver","floor":13.0,"turns":2.0},{"damage":0.0,"enemies":"Lots of Slimes","floor":14.0,"turns":2.0},{"damage":21.0,"enemies":"Slime Boss","floor":16.0,"turns":10.0},{"damage":4.0,"enemies":"2 Thieves","floor":18.0,"turns":3.0},{"damage":0.0,"enemies":"Chosen","floor":19.0,"turns":3.0},{"damage":41.0,"enemies":"Shelled Parasite and Fungi","floor":21.0,"turns":4.0},{"damage":13.0,"enemies":"Slavers","floor":23.0,"turns":5.0},{"damage":48.0,"enemies":"Snecko","floor":25.0,"turns":7.0},{"damage":15.0,"enemies":"Gremlin Leader","floor":27.0,"turns":7.0},{"damage":5.0,"enemies":"3 Cultists","floor":28.0,"turns":6.0},{"damage":11.0,"enemies":"Book of Stabbing","floor":29.0,"turns":4.0},{"damage":0.0,"enemies":"Cultist and Chosen","floor":31.0,"turns":2.0},{"damage":68.0,"enemies":"Champ","floor":33.0,"turns":7.0},{"damage":11.0,"enemies":"3 Darklings","floor":35.0,"turns":4.0},{"damage":5.0,"enemies":"Orb Walker","floor":39.0,"turns":3.0},{"damage":0.0,"enemies":"Jaw Worm Horde","floor":41.0,"turns":1.0},{"damage":17.0,"enemies":"Nemesis","floor":42.0,"turns":5.0},{"damage":33,"enemies":"Maw","floor":45,"turns":6},{"damage":16,"enemies":"4 Shapes","floor":46,"turns":5},{"damage":60,"enemies":"Donu and Deca","floor":50,"turns":8}],"seed_played":"-2451961977350907667","potions_obtained":[{"floor":2.0,"key":"SmokeBomb"},{"floor":2.0,"key":"DistilledChaos"},{"floor":5.0,"key":"GhostInAJar"},{"floor":16.0,"key":"Energy Potion"},{"floor":21.0,"key":"FairyPotion"},{"floor":27.0,"key":"Ancient Potion"},{"floor":28.0,"key":"Block Potion"},{"floor":29.0,"key":"LiquidBronze"},{"floor":31.0,"key":"FearPotion"},{"floor":33.0,"key":"LiquidMemories"},{"floor":35.0,"key":"Energy Potion"},{"floor":39.0,"key":"BlessingOfTheForge"},{"floor":45,"key":"Fire Potion"}],"is_trial":false,"path_per_floor":["M","?","$","?","M","E","R","E","T","E","M","$","M","M","R","B",null,"M","M","?","M","?","E","R","M","T","E","M","E","$","M","R","B",null,"M","$","?","?","M","R","M","E","T","R","M","M","$","?","R","B",null],"character_chosen":"THE_SILENT","items_purchased":["Membership Card","Adrenaline","Blood Vial","Blade Dance","Bronze Scales","Sadistic Nature","Bandage Up","Slice","Dramatic Entrance","Accuracy","Bottled Tornado","Infinite Blades","DollysMirror","Masterful Stab","Accuracy","Backstab","Footwork","Anchor","Medical Kit","Girya","HandDrill","MealTicket"],"campfire_rested":3,"item_purchase_floors":[0,0,0,0,0,0,0,0,0,0,0,0,0,0,3,3,12,12,30,30,36,36],"current_hp_per_floor":[29,29,29,29,35,44,66,58,58,51,53,53,55,57,57,44,68,72,74,74,47,47,48,70,42,42,40,43,45,45,47,69,23,63,54,54,69,69,71,71,73,64,64,64,44,48,63,63,63,33],"gold":46,"neow_bonus":"","is_daily":false,"chose_seed":false,"campfire_upgraded":1,"win_rate":0.0,"timestamp":1612765325,"path_taken":["M","?","?","?","?","E","R","E","T","E","M","?","M","M","R","BOSS","M","M","?","M","?","E","R","M","T","E","M","E","$","M","R","BOSS","M","$","?","?","M","R","M","E","T","R","M","M","?","?","R","BOSS"],"items_purchased_type":["Relic","Card","Relic","Card","Relic","Card","Card","Card","Card","Card","Relic","Card","Relic","Card","Card","Card","Card","Relic","Relic","Relic","Relic","Relic"],"build_version":"2020-12-22","purchased_purges":1,"victory":true,"max_hp_per_floor":[66,66,66,66,66,76,76,76,76,76,76,76,76,76,76,76,76,76,76,76,76,76,76,76,76,76,76,76,76,76,76,76,76,76,76,76,76,76,76,76,76,76,76,76,76,76,76,76,76,76],"relic_stats":{"counters":[173,715],"Bag of Preparation":[18],"Juzu Bracelet":2,"War Paint":["Bandage Up","Survivor"],"Orichalcum":[36],"MawBank":120,"Medical Kit":[3],"Cursed Key":2,"Boot":[4],"Blood Vial":52,"Centennial Puzzle":[33],"Tough Bandages":[6],"Bronze Scales":[246],"MealTicket":118,"Black Star":4,"HandDrill":[14],"obtain_stats":[{"Gremlin Horn":25,"Vajra":22,"Ginger":36,"Whetstone":13,"Bottled Tornado":13,"Sling":0,"Boot":42,"Blood Vial":31,"Sozu":34,"Centennial Puzzle":11,"HornCleat":19,"DollysMirror":37,"Philosopher\u0027s Stone":17,"MealTicket":0,"HandDrill":39,"Kunai":21,"Toxic Egg 2":12,"Girya":0,"Pear":29,"Happy Flower":0,"Oddly Smooth Stone":7,"Eternal Feather":0,"Pen Nib":27,"War Paint":5,"Question Card":40,"WarpedTongs":2,"SlaversCollar":34,"Bottled Flame":43,"Shuriken":0,"Bird Faced Urn":0,"Bronze Scales":43,"Molten Egg 2":26,"Black Star":34,"Unceasing Top":36,"Meat on the Bone":28,"Pocketwatch":46,"Darkstone Periapt":6,"Regal Pillow":4,"Lantern":10,"Singing Bowl":37,"Snake Skull":11,"Juzu Bracelet":24,"Bag of Preparation":29,"Ancient Tea Set":25,"Cursed Key":34,"Nunchaku":23,"Dream Catcher":23,"Tough Bandages":42,"WristBlade":34,"Mummified Hand":9,"Ninja Scroll":23,"Toolbox":46,"Tiny Chest":7,"Red Mask":30,"InkBottle":26,"Ring of the Snake":0,"Potion Belt":27,"Lee\u0027s Waffle":37,"NeowsBlessing":0,"The Courier":10,"PreservedInsect":22,"Omamori":30,"Frozen Egg 2":26,"Orichalcum":43,"MawBank":10,"Medical Kit":19,"White Beast Statue":40,"Mercury Hourglass":9,"Anchor":12,"Turnip":40,"Bag of Marbles":9,"Art of War":26,"Membership Card":0,"Toy Ornithopter":6,"FossilizedHelix":45,"TungstenRod":23},{"Gremlin Horn":83,"Vajra":106,"Ginger":42,"Whetstone":130,"Bottled Tornado":27,"Sling":19,"Boot":170,"Blood Vial":63,"Sozu":64,"Centennial Puzzle":26,"HornCleat":30,"DollysMirror":65,"Philosopher\u0027s Stone":10,"MealTicket":48,"HandDrill":43,"Kunai":13,"Toxic Egg 2":54,"Girya":122,"Pear":61,"Happy Flower":69,"Oddly Smooth Stone":25,"Eternal Feather":19,"Pen Nib":60,"War Paint":2,"Question Card":116,"WarpedTongs":98,"SlaversCollar":113,"Bottled Flame":44,"Shuriken":69,"Bird Faced Urn":48,"Bronze Scales":117,"Molten Egg 2":59,"Black Star":40,"Unceasing Top":142,"Meat on the Bone":85,"Pocketwatch":94,"Darkstone Periapt":25,"Regal Pillow":72,"Lantern":101,"Singing Bowl":65,"Snake Skull":7,"Juzu Bracelet":135,"Bag of Preparation":164,"Ancient Tea Set":83,"Cursed Key":140,"Nunchaku":107,"Dream Catcher":107,"Tough Bandages":170,"WristBlade":87,"Mummified Hand":5,"Ninja Scroll":33,"Toolbox":144,"Tiny Chest":100,"Red Mask":62,"InkBottle":15,"Ring of the Snake":0,"Potion Belt":162,"Lee\u0027s Waffle":115,"NeowsBlessing":0,"The Courier":53,"PreservedInsect":59,"Omamori":38,"Frozen Egg 2":83,"Orichalcum":92,"MawBank":128,"Medical Kit":132,"White Beast Statue":144,"Mercury Hourglass":75,"Anchor":153,"Turnip":66,"Bag of Marbles":25,"Art of War":34,"Membership Card":147,"Toy Ornithopter":3,"FossilizedHelix":93,"TungstenRod":160},{"Gremlin Horn":354,"Vajra":441,"Ginger":171,"Whetstone":536,"Bottled Tornado":106,"Sling":78,"Boot":696,"Blood Vial":270,"Sozu":279,"Centennial Puzzle":102,"HornCleat":126,"DollysMirror":282,"Philosopher\u0027s Stone":35,"MealTicket":202,"HandDrill":176,"Kunai":47,"Toxic Egg 2":228,"Girya":508,"Pear":263,"Happy Flower":302,"Oddly Smooth Stone":101,"Eternal Feather":78,"Pen Nib":258,"War Paint":2,"Question Card":479,"WarpedTongs":408,"SlaversCollar":468,"Bottled Flame":182,"Shuriken":302,"Bird Faced Urn":202,"Bronze Scales":482,"Molten Egg 2":257,"Black Star":164,"Unceasing Top":583,"Meat on the Bone":361,"Pocketwatch":390,"Darkstone Periapt":101,"Regal Pillow":312,"Lantern":420,"Singing Bowl":282,"Snake Skull":21,"Juzu Bracelet":558,"Bag of Preparation":674,"Ancient Tea Set":354,"Cursed Key":578,"Nunchaku":443,"Dream Catcher":443,"Tough Bandages":696,"WristBlade":369,"Mummified Hand":11,"Ninja Scroll":136,"Toolbox":590,"Tiny Chest":416,"Red Mask":264,"InkBottle":56,"Ring of the Snake":0,"Potion Belt":664,"Lee\u0027s Waffle":478,"NeowsBlessing":0,"The Courier":223,"PreservedInsect":257,"Omamori":154,"Frozen Egg 2":354,"Orichalcum":384,"MawBank":530,"Medical Kit":547,"White Beast Statue":590,"Mercury Hourglass":323,"Anchor":621,"Turnip":287,"Bag of Marbles":101,"Art of War":138,"Membership Card":605,"Toy Ornithopter":3,"FossilizedHelix":387,"TungstenRod":650}],"Toy Ornithopter":30,"TungstenRod":32,"Ring of the Snake":[345],"Meat on the Bone":72},"card_choices":[{"not_picked":["Deflect","Deadly Poison"],"picked":"Backstab","floor":1.0},{"not_picked":["Bane","Endless Agony"],"picked":"Flying Knee","floor":5.0},{"not_picked":["Calculated Gamble","Choke"],"picked":"Finisher","floor":6.0},{"not_picked":["Endless Agony","Concentrate","Choke"],"picked":"SKIP","floor":8.0},{"not_picked":["Prepared","Poisoned Stab","Predator"],"picked":"SKIP","floor":10.0},{"not_picked":["Outmaneuver","Poisoned Stab"],"picked":"Quick Slash","floor":11.0},{"not_picked":["Prepared","Quick Slash"],"picked":"Sucker Punch","floor":13.0},{"not_picked":["Blur","Deadly Poison"],"picked":"Blade Dance","floor":14.0},{"not_picked":["Night Terror","Glass Knife"],"picked":"Die Die Die","floor":16.0},{"not_picked":["Calculated Gamble+1","Leg Sweep+1"],"picked":"Cloak And Dagger","floor":18.0},{"not_picked":["Cloak And Dagger","Tactician"],"picked":"PiercingWail","floor":19.0},{"not_picked":["Predator","Finisher"],"picked":"PiercingWail+1","floor":21.0},{"not_picked":["Outmaneuver","Calculated Gamble","Cloak And Dagger"],"picked":"SKIP","floor":23.0},{"not_picked":["Flying Knee","Slice"],"picked":"Backflip","floor":25.0},{"not_picked":["Poisoned Stab","Deadly Poison"],"picked":"Terror","floor":27.0},{"not_picked":["Quick Slash+1","Riddle With Holes"],"picked":"Backflip+1","floor":28.0},{"not_picked":["Finisher","Sucker Punch","Skewer"],"picked":"SKIP","floor":29.0},{"not_picked":["Eviscerate","Calculated Gamble","Sucker Punch"],"picked":"SKIP","floor":31.0},{"not_picked":["Adrenaline","Burst"],"picked":"A Thousand Cuts","floor":33.0},{"not_picked":["Poisoned Stab+1","Dagger Spray+1","Expertise+1"],"picked":"SKIP","floor":35.0},{"not_picked":["Reflex","Acrobatics","Flying Knee"],"picked":"SKIP","floor":39.0},{"not_picked":["Deflect","Dagger Spray+1","Prepared"],"picked":"SKIP","floor":41.0},{"not_picked":["Finisher","Dodge and Roll","Dagger Throw"],"picked":"SKIP","floor":42.0},{"not_picked":["Heel Hook","Finisher","Slice"],"picked":"SKIP","floor":45},{"not_picked":["Dagger Throw+1","Deadly Poison+1"],"picked":"Dash","floor":46}],"player_experience":422859,"relics_obtained":[{"floor":6.0,"key":"Pear"},{"floor":8.0,"key":"War Paint"},{"floor":9.0,"key":"Meat on the Bone"},{"floor":10.0,"key":"Lantern"},{"floor":23.0,"key":"TungstenRod"},{"floor":23.0,"key":"Centennial Puzzle"},{"floor":26.0,"key":"White Beast Statue"},{"floor":27.0,"key":"Potion Belt"},{"floor":27.0,"key":"Orichalcum"},{"floor":29.0,"key":"Bag of Preparation"},{"floor":29.0,"key":"MawBank"},{"floor":42.0,"key":"Tough Bandages"},{"floor":42.0,"key":"Boot"},{"floor":43.0,"key":"Juzu Bracelet"}],"event_choices":[{"damage_healed":0.0,"max_hp_gain":0.0,"max_hp_loss":0.0,"gold_gain":0.0,"event_name":"Lab","player_choice":"Got Potions","floor":2.0,"gold_loss":0.0,"damage_taken":0.0},{"cards_removed":["Strike_G"],"damage_healed":0.0,"max_hp_gain":0.0,"max_hp_loss":0.0,"gold_gain":0.0,"event_name":"Purifier","player_choice":"Purged","floor":4.0,"gold_loss":0.0,"damage_taken":0.0},{"damage_healed":0.0,"max_hp_gain":0.0,"max_hp_loss":0.0,"gold_gain":0.0,"event_name":"The Mausoleum","player_choice":"Opened","floor":20.0,"gold_loss":0.0,"damage_taken":0.0,"relics_obtained":["Toy Ornithopter"],"cards_obtained":["Writhe"]},{"cards_removed":["Writhe"],"damage_healed":0.0,"max_hp_gain":0.0,"max_hp_loss":0.0,"gold_gain":0.0,"event_name":"Beggar","player_choice":"Gave Gold","floor":22.0,"gold_loss":75.0,"damage_taken":0.0},{"damage_healed":15.0,"max_hp_gain":0.0,"max_hp_loss":0.0,"gold_gain":0.0,"event_name":"Winding Halls","player_choice":"Writhe","floor":37.0,"gold_loss":0.0,"damage_taken":0.0,"cards_obtained":["Writhe"]},{"cards_removed":["Defend_G"],"damage_healed":0.0,"max_hp_gain":0.0,"max_hp_loss":0.0,"gold_gain":0.0,"event_name":"Falling","player_choice":"Removed Skill","floor":38.0,"gold_loss":0.0,"damage_taken":0.0},{"damage_healed":0,"gold_gain":0,"player_choice":"Ignored","damage_taken":0,"max_hp_gain":0,"max_hp_loss":0,"event_name":"Mysterious Sphere","floor":48,"gold_loss":0}],"is_beta":false,"boss_relics":[{"not_picked":["Ring of the Serpent","Sozu"],"picked":"Black Star"},{"not_picked":["HoveringKite","SlaversCollar"],"picked":"Cursed Key"}],"items_purged_floors":[47],"is_endless":false,"potions_floor_spawned":[5,10,13,16,21,23,27,28,29,31,33,35,39,41,42,45,46],"ascension_level":17}}