{"host":"783ct25efomluch8","time":1612828138,"event":{"mods":["BaseMod","Colored Powertips","Downfall","Hermit","Minty Spire (QoL Compilation)","Replay The Spire","StSLib"],"gold_per_floor":[99,109,124,139,149,149,149,163,163,174,190,207,236,236,254,355,355,355,370,355,355,370,380,380,390,390,421,432,432,432,417,436,436,436,436],"floor_reached":33,"language":"ENG","playtime":2777,"items_purged":[],"score":275,"play_id":"2a3a0802-abbf-4062-854f-7b17c09dcf2f","local_time":"20210208174858","is_ascension_mode":false,"campfire_choices":[{"data":"Slimebound:Split","floor":1,"key":"SMITH"},{"data":"Slimebound:LivingWall","floor":6,"key":"SMITH"},{"data":"Slimebound:FirmFortitude","floor":9,"key":"SMITH"},{"data":"Slimebound:DouseInSlime","floor":18,"key":"SMITH"},{"data":"Slimebound:DuplicatedForm","floor":26,"key":"SMITH"},{"data":"Slimebound:SplitLeeching","floor":30,"key":"SMITH"}],"circlet_count":0,"master_deck":["Slimebound:Strike_Slimebound","Slimebound:Strike_Slimebound","Slimebound:Strike_Slimebound","Slimebound:Tackle","Slimebound:Defend_Slimebound","Slimebound:Defend_Slimebound","Slimebound:Defend_Slimebound","Slimebound:Defend_Slimebound","Slimebound:Split+1","Slimebound:CorrosiveSpit","Slimebound:SlimeTap","Slimebound:SplitLeeching+1","Slimebound:LivingWall+1","Slimebound:GoopTackle","Slimebound:FirmFortitude+1","Slimebound:RainOfGoop","Slimebound:SplitLeeching","Slimebound:Prepare","Slimebound:ForwardTackle","Slimebound:WasteNot","Slimebound:DouseInSlime+1","Slimebound:DuplicatedForm+1","Slimebound:Prepare+1","Slimebound:SpikyOuterGoop","ReplayTheSpireMod:Restless Dread","Slimebound:LeechingTouch","Slimebound:MinionMaster","Slimebound:SpikyOuterGoop","Decay","Slimebound:Schlurp+1","Slimebound:LeadByExample"],"relics":["Slimebound:AbsorbEndCombat","Garlic","Torii","Sundial","Cursed Key","Nilry\u0027s Codex","Letter Opener","Replay:Multitool","Thread and Needle"],"acts_visited":["Exordium","TheCity"],"potions_floor_usage":[],"damage_taken":[{"damage":0,"enemies":"Cultist","floor":2,"turns":4},{"damage":5,"enemies":"Small Slimes","floor":3,"turns":4},{"damage":4,"enemies":"Jaw Worm","floor":4,"turns":3},{"damage":7,"enemies":"Exordium Thugs","floor":5,"turns":4},{"damage":0,"enemies":"Exordium Wildlife","floor":8,"turns":3},{"damage":3,"enemies":"Large Slime","floor":10,"turns":4},{"damage":5,"enemies":"Blue Slaver","floor":11,"turns":5},{"damage":0,"enemies":"3 Louse","floor":12,"turns":4},{"damage":4,"enemies":"3 Sentries","floor":13,"turns":4},{"damage":0,"enemies":"Exordium Thugs","floor":15,"turns":4},{"damage":25,"enemies":"DF_ARCHETYPE_STREAMLINE","floor":16,"turns":9},{"damage":8,"enemies":"3 Byrds","floor":19,"turns":6},{"damage":1,"enemies":"downfall:FleeingMerchant","floor":20,"turns":4},{"damage":5,"enemies":"Snake Plant","floor":22,"turns":3},{"damage":5,"enemies":"Shelled Parasite and Fungi","floor":23,"turns":4},{"damage":22,"enemies":"3 Cultists","floor":25,"turns":4},{"damage":30,"enemies":"Gremlin Leader","floor":27,"turns":5},{"damage":0,"enemies":"Centurion and Healer","floor":28,"turns":5},{"damage":15,"enemies":"downfall:FleeingMerchant","floor":31,"turns":4},{"damage":0,"enemies":"Chosen and Byrds","floor":32,"turns":5},{"damage":70,"enemies":"SI_MIRROR_ARCHETYPE","floor":33,"turns":10}],"seed_played":"4253188100438868998","potions_obtained":[{"floor":2,"key":"SkillPotion"},{"floor":3,"key":"GamblersBrew"},{"floor":4,"key":"DuplicationPotion"},{"floor":13,"key":"Cursed Concoction"},{"floor":16,"key":"Regen Potion"}],"is_trial":false,"path_per_floor":["R","M","M","M","M","R","T","M","R","M","M","M","E","T","M","B",null,"R","M","$","?","M","M","T","M","R","E","M","T","R","$","M","B"],"character_chosen":"SLIMEBOUND","items_purchased":[],"campfire_rested":0,"item_purchase_floors":[],"current_hp_per_floor":[65,65,62,62,61,61,61,63,63,64,62,65,61,61,65,46,65,65,59,60,44,45,46,46,43,43,32,40,40,40,46,50,0,0,0],"gold":436,"neow_bonus":"","is_daily":false,"chose_seed":false,"campfire_upgraded":6,"win_rate":0.0,"timestamp":1612828138,"path_taken":["R","M","M","M","M","R","T","M","R","M","M","M","E","?","M","BOSS","R","M","$","?","M","M","T","M","R","E","M","?","R","$","M","BOSS"],"items_purchased_type":[],"build_version":"2020-12-22","purchased_purges":0,"victory":false,"max_hp_per_floor":[65,65,65,65,65,65,65,65,65,65,65,65,65,65,65,65,65,65,65,65,65,65,65,65,65,65,65,65,65,65,65,65,65,65,65],"card_choices":[{"not_picked":["Slimebound:BestDefense","Slimebound:Replication"],"picked":"Slimebound:SlimeTap","floor":2},{"not_picked":["Slimebound:LeechEnergy","Slimebound:ProtectTheBoss"],"picked":"Slimebound:SplitLeeching","floor":3},{"not_picked":["Slimebound:HauntingLick","Slimebound:LeechingTouch"],"picked":"Slimebound:LivingWall","floor":4},{"not_picked":["Slimebound:Equalize","Slimebound:Chomp"],"picked":"Slimebound:GoopTackle","floor":5},{"not_picked":["Slimebound:GoopTackle","Slimebound:FinishingTackle"],"picked":"Slimebound:FirmFortitude","floor":8},{"not_picked":["Slimebound:ItLooksTasty","Slimebound:SplitAcid"],"picked":"Slimebound:RainOfGoop","floor":10},{"not_picked":["Slimebound:SlimeSpikes","Slimebound:ItLooksTasty"],"picked":"Slimebound:SplitLeeching","floor":11},{"not_picked":["Slimebound:HauntingLick","Slimebound:Dissolve"],"picked":"Slimebound:Prepare","floor":12},{"not_picked":["Slimebound:FinishingTackle","Slimebound:ItLooksTasty"],"picked":"Slimebound:ForwardTackle","floor":13},{"not_picked":["Slimebound:SlimeBrawl","Slimebound:LeechEnergy"],"picked":"Slimebound:WasteNot","floor":15},{"not_picked":["Slimebound:SlimeSlap","Slimebound:FirmFortitude"],"picked":"Slimebound:DouseInSlime","floor":16},{"not_picked":["Slimebound:HauntingLick","Slimebound:Prepare","Slimebound:ItLooksTasty"],"picked":"SKIP","floor":19},{"not_picked":["Slimebound:RainOfGoop","Slimebound:PressTheAttack"],"picked":"Slimebound:DuplicatedForm","floor":20},{"not_picked":["Slimebound:Equalize","Slimebound:GoopTackle+1"],"picked":"Slimebound:Prepare+1","floor":22},{"not_picked":["Slimebound:SplitAcid+1","Slimebound:SplitMire"],"picked":"Slimebound:SpikyOuterGoop","floor":23},{"not_picked":["Slimebound:SplitLeeching","Slimebound:SplitAcid+1"],"picked":"Slimebound:LeechingTouch","floor":25},{"not_picked":["Slimebound:FormOfPuddle","Slimebound:DisruptingSlam"],"picked":"Slimebound:MinionMaster","floor":27},{"not_picked":["Slimebound:SplitBruiser","Slimebound:SlimeSpikes+1"],"picked":"Slimebound:SpikyOuterGoop","floor":28},{"not_picked":["Slimebound:ForwardTackle+1","Slimebound:Nibble"],"picked":"Slimebound:Schlurp+1","floor":31},{"not_picked":["Slimebound:ProtectTheBoss+1","Slimebound:PressTheAttack"],"picked":"Slimebound:LeadByExample","floor":32}],"player_experience":10220,"relics_obtained":[{"floor":7,"key":"Garlic"},{"floor":13,"key":"Torii"},{"floor":14,"key":"Sundial"},{"floor":21,"key":"Nilry\u0027s Codex"},{"floor":24,"key":"Letter Opener"},{"floor":27,"key":"Replay:Multitool"},{"floor":29,"key":"Thread and Needle"}],"event_choices":[],"is_beta":false,"boss_relics":[{"not_picked":["Ring of Chaos","Replay:Drink Me"],"picked":"Cursed Key"}],"items_purged_floors":[],"is_endless":false,"potions_floor_spawned":[2,3,4,11,13,16,19,23,27,28],"killed_by":"SI_MIRROR_ARCHETYPE","ascension_level":0}}