{"host":"m1r1dnnd0bbi4qb9","time":1612747104,"event":{"mods":["BaseMod","Minty Spire (QoL Compilation)","SuperFastMode"],"gold_per_floor":[12,12,12,32,32,32,57,78,104,104,150,188,201,201,201,329,329,344,151,176,26,26,66,66,85,85,106,106,106,106,139,139,262,325,338,338,154,168,138,179,179,223,248,272,293,306,27,42,42,42],"floor_reached":51,"language":"ENG","playtime":2758,"items_purged":["Strike_P","Pain","Parasite"],"score":1085,"play_id":"a85e483c-49eb-4580-b423-fa0e87bd9707","local_time":"20210207231824","is_ascension_mode":true,"campfire_choices":[{"data":"FlurryOfBlows","floor":6.0,"key":"SMITH"},{"data":"Eruption","floor":10.0,"key":"SMITH"},{"data":"PathToVictory","floor":15.0,"key":"SMITH"},{"floor":24.0,"key":"REST"},{"floor":28.0,"key":"REST"},{"floor":30.0,"key":"REST"},{"data":"MentalFortress","floor":32.0,"key":"SMITH"},{"floor":41.0,"key":"REST"},{"floor":49.0,"key":"REST"}],"circlet_count":0,"master_deck":["Defend_P+1","Defend_P+1","Defend_P+1","Eruption+1","Vigilance","FlurryOfBlows+1","FearNoEvil+1","Swivel","PathToVictory+1","FollowUp","CutThroughFate","LessonLearned","CurseOfTheBell","EmptyBody","MentalFortress+1","CutThroughFate","ForeignInfluence+1","Weave+1","Nirvana","Weave+1","EmptyFist+1","PathToVictory","Weave","FollowUp+1","JustLucky","Vault","ThirdEye+1","SignatureMove+1","WreathOfFlame","FlurryOfBlows","JustLucky+1","EmptyBody+1","PathToVictory+1","LikeWater+1","Wireheading","PathToVictory+1","Nirvana"],"relics":["PureWater","Mango","Golden Idol","War Paint","Lantern","Anchor","Calling Bell","Boot","Kunai","Calipers","Nunchaku","Darkstone Periapt","Matryoshka","Tiny House","WarpedTongs","Oddly Smooth Stone","Regal Pillow","Vajra","Whetstone","ClockworkSouvenir"],"acts_visited":["Exordium","TheCity","TheBeyond"],"potions_floor_usage":[50],"damage_taken":[{"damage":0.0,"enemies":"Cultist","floor":1.0,"turns":4.0},{"damage":0.0,"enemies":"2 Louse","floor":4.0,"turns":2.0},{"damage":0.0,"enemies":"Small Slimes","floor":7.0,"turns":2.0},{"damage":0.0,"enemies":"Exordium Wildlife","floor":8.0,"turns":3.0},{"damage":20.0,"enemies":"Lagavulin","floor":12.0,"turns":7.0},{"damage":9.0,"enemies":"Large Slime","floor":13.0,"turns":3.0},{"damage":21.0,"enemies":"The Guardian","floor":16.0,"turns":13.0},{"damage":22.0,"enemies":"Chosen","floor":18.0,"turns":6.0},{"damage":13.0,"enemies":"Shell Parasite","floor":20.0,"turns":8.0},{"damage":30.0,"enemies":"Slavers","floor":23.0,"turns":7.0},{"damage":23.0,"enemies":"Snecko","floor":25.0,"turns":5.0},{"damage":4.0,"enemies":"Cultist and Chosen","floor":27.0,"turns":7.0},{"damage":3.0,"enemies":"Gremlin Leader","floor":31.0,"turns":4.0},{"damage":38.0,"enemies":"Champ","floor":33.0,"turns":12.0},{"damage":20.0,"enemies":"3 Shapes","floor":35.0,"turns":6.0},{"damage":0.0,"enemies":"Orb Walker","floor":38.0,"turns":2.0},{"damage":29.0,"enemies":"Nemesis","floor":40.0,"turns":7.0},{"damage":7.0,"enemies":"Giant Head","floor":42.0,"turns":11.0},{"damage":5.0,"enemies":"Transient","floor":44.0,"turns":5.0},{"damage":20.0,"enemies":"Writhing Mass","floor":45.0,"turns":7.0},{"damage":0.0,"enemies":"Spire Growth","floor":46.0,"turns":4.0},{"damage":3.0,"enemies":"Jaw Worm Horde","floor":48.0,"turns":5.0},{"damage":76,"enemies":"Donu and Deca","floor":50,"turns":11}],"seed_played":"1229715395506125541","potions_obtained":[{"floor":4.0,"key":"PowerPotion"},{"floor":8.0,"key":"GamblersBrew"},{"floor":13.0,"key":"GamblersBrew"},{"floor":18.0,"key":"GamblersBrew"},{"floor":23.0,"key":"Regen Potion"},{"floor":34.0,"key":"Fruit Juice"},{"floor":39.0,"key":"Weak Potion"},{"floor":39.0,"key":"EssenceOfSteel"},{"floor":40.0,"key":"DuplicationPotion"},{"floor":42.0,"key":"Dexterity Potion"},{"floor":44.0,"key":"BottledMiracle"},{"floor":46.0,"key":"FearPotion"}],"is_trial":false,"path_per_floor":["M","?","?","M","?","R","M","M","T","R","T","E","M","?","R","B",null,"M","$","M","$","?","E","R","M","T","M","R","?","R","E","R","B",null,"M","?","$","M","?","E","R","E","T","M","M","M","$","M","R","B",null],"character_chosen":"WATCHER","items_purchased":["MentalFortress","CutThroughFate","Weave","Nirvana","WreathOfFlame","FlurryOfBlows","ClockworkSouvenir"],"campfire_rested":5,"item_purchase_floors":[19,19,21,21,37,37,47],"current_hp_per_floor":[86,80,73,73,73,73,73,73,73,73,73,53,44,70,70,49,80,58,58,45,45,45,15,39,16,16,12,36,36,60,69,69,31,85,65,71,71,71,71,47,75,68,68,63,49,49,49,46,90,14],"gold":42,"neow_bonus":"ONE_RARE_RELIC","is_daily":false,"chose_seed":false,"campfire_upgraded":4,"win_rate":0.0,"timestamp":1612747104,"path_taken":["M","?","?","M","?","R","?","M","T","R","?","E","M","?","R","BOSS","M","$","M","$","?","E","R","M","T","M","R","?","R","E","R","BOSS","M","?","$","?","?","E","R","E","T","?","M","M","$","M","R","BOSS"],"items_purchased_type":["Card","Card","Card","Card","Card","Card","Relic"],"build_version":"2020-12-22","purchased_purges":3,"victory":true,"max_hp_per_floor":[86,80,80,80,80,80,80,80,80,80,80,80,80,80,80,80,80,80,80,80,80,80,80,80,80,80,80,80,80,80,80,80,80,85,85,91,91,91,91,96,96,96,96,96,102,102,99,99,99,99],"card_choices":[{"not_picked":["Tantrum","MentalFortress"],"picked":"FlurryOfBlows","floor":1.0},{"not_picked":["Indignation","Wallop"],"picked":"FearNoEvil","floor":4.0},{"not_picked":["FollowUp","JustLucky"],"picked":"Swivel","floor":7.0},{"not_picked":["FlyingSleeves","Brilliance"],"picked":"PathToVictory","floor":8.0},{"not_picked":["LikeWater","JustLucky"],"picked":"FollowUp","floor":12.0},{"not_picked":["FlurryOfBlows","BowlingBash"],"picked":"CutThroughFate","floor":13.0},{"not_picked":["Omniscience","ConjureBlade"],"picked":"LessonLearned","floor":16.0},{"not_picked":["CrushJoints","InnerPeace"],"picked":"EmptyBody","floor":18.0},{"not_picked":["SandsOfTime","WaveOfTheHand"],"picked":"ForeignInfluence+1","floor":20.0},{"not_picked":["Halt","Nirvana"],"picked":"Weave+1","floor":23.0},{"not_picked":["EmptyBody","EmptyMind"],"picked":"EmptyFist","floor":25.0},{"not_picked":["ReachHeaven","Adaptation"],"picked":"PathToVictory","floor":27.0},{"not_picked":["Scrawl","Meditate"],"picked":"JustLucky","floor":31.0},{"not_picked":["DeusExMachina","Blasphemy"],"picked":"Vault","floor":33.0},{"not_picked":["Nirvana","EmptyBody"],"picked":"ThirdEye+1","floor":34.0},{"not_picked":["FlyingSleeves+1","TalkToTheHand"],"picked":"SignatureMove+1","floor":35.0},{"not_picked":["Sanctity+1","SashWhip+1"],"picked":"JustLucky","floor":38.0},{"not_picked":["Wallop+1","FlyingSleeves"],"picked":"EmptyBody+1","floor":40.0},{"not_picked":["JustLucky","ReachHeaven+1"],"picked":"PathToVictory+1","floor":42.0},{"not_picked":["Conclude","Omniscience"],"picked":"LikeWater+1","floor":44.0},{"not_picked":["Crescendo+1","CutThroughFate+1"],"picked":"Wireheading","floor":45.0},{"not_picked":["BowlingBash+1","Evaluate+1"],"picked":"PathToVictory+1","floor":46.0},{"not_picked":["WheelKick","CarveReality+1"],"picked":"Nirvana","floor":48.0}],"player_experience":605183,"relics_obtained":[{"floor":9.0,"key":"War Paint"},{"floor":11.0,"key":"Lantern"},{"floor":12.0,"key":"Anchor"},{"floor":17.0,"key":"Boot"},{"floor":17.0,"key":"Kunai"},{"floor":17.0,"key":"Calipers"},{"floor":23.0,"key":"Nunchaku"},{"floor":26.0,"key":"Darkstone Periapt"},{"floor":31.0,"key":"Matryoshka"},{"floor":40.0,"key":"Oddly Smooth Stone"},{"floor":42.0,"key":"Regal Pillow"},{"floor":43.0,"key":"Vajra"},{"floor":43.0,"key":"Whetstone"}],"event_choices":[{"damage_healed":0.0,"max_hp_gain":0.0,"max_hp_loss":6.0,"gold_gain":0.0,"event_name":"Golden Idol","player_choice":"Lose Max HP","floor":2.0,"gold_loss":0.0,"damage_taken":0.0,"relics_obtained":["Golden Idol"]},{"cards_removed":["Strike_P"],"damage_healed":0.0,"max_hp_gain":0.0,"max_hp_loss":0.0,"gold_gain":0.0,"event_name":"Golden Wing","player_choice":"Card Removal","floor":3.0,"gold_loss":0.0,"damage_taken":7.0},{"cards_removed":["Strike_P"],"damage_healed":0.0,"max_hp_gain":0.0,"max_hp_loss":0.0,"gold_gain":0.0,"event_name":"Purifier","player_choice":"Purged","floor":5.0,"gold_loss":0.0,"damage_taken":0.0},{"damage_healed":26.0,"max_hp_gain":0.0,"max_hp_loss":0.0,"gold_gain":0.0,"event_name":"Big Fish","player_choice":"Banana","floor":14.0,"gold_loss":0.0,"damage_taken":0.0},{"damage_healed":0.0,"max_hp_gain":0.0,"max_hp_loss":0.0,"gold_gain":0.0,"event_name":"Ghosts","player_choice":"Ignored","floor":22.0,"gold_loss":0.0,"damage_taken":0.0},{"damage_healed":0.0,"max_hp_gain":0.0,"max_hp_loss":0.0,"gold_gain":0.0,"cards_transformed":["Strike_P","Defend_P"],"event_name":"Drug Dealer","player_choice":"Became Test Subject","floor":29.0,"gold_loss":0.0,"damage_taken":0.0,"cards_obtained":["Weave","FollowUp"]},{"damage_healed":0.0,"max_hp_gain":0.0,"max_hp_loss":0.0,"gold_gain":0.0,"event_name":"Accursed Blacksmith","player_choice":"Rummage","floor":36.0,"gold_loss":0.0,"damage_taken":0.0,"relics_obtained":["WarpedTongs"],"cards_obtained":["Pain"]},{"damage_healed":0.0,"max_hp_gain":0.0,"max_hp_loss":0.0,"gold_gain":0.0,"event_name":"The Woman in Blue","player_choice":"Bought 2 Potions","floor":39.0,"gold_loss":0.0,"damage_taken":0.0}],"is_beta":false,"boss_relics":[{"not_picked":["SlaversCollar","Philosopher\u0027s Stone"],"picked":"Calling Bell"},{"not_picked":["Velvet Choker","Astrolabe"],"picked":"Tiny House"}],"items_purged_floors":[19,37,47],"is_endless":false,"potions_floor_spawned":[4,8,13,18,23,40,42,44,46],"ascension_level":2}}