{"host":"j5j96s76v36ug78u","time":1612812888,"event":{"mods":["Bartender","BaseMod","Better Third Choice","Highlight Path","Minty Spire (QoL Compilation)","Potion Indicator Mod","Potionbrewer","Reliquary","StSLib"],"gold_per_floor":[119,135,310,310,310,310,328,328,381,86,86,104,128,147,147,147,147],"floor_reached":16,"language":"ENG","playtime":698,"items_purged":["Doubt"],"score":92,"play_id":"65f54891-38b7-4704-a873-90739ff206be","local_time":"20210208163448","is_ascension_mode":false,"campfire_choices":[{"data":"Training_Dummy","floor":6,"key":"SMITH"},{"data":"Power_Up_Punch","floor":8,"key":"SMITH"},{"data":"Dart","floor":15,"key":"SMITH"}],"circlet_count":0,"master_deck":["Strike_Bartender","Strike_Bartender","Strike_Bartender","Strike_Bartender","Defend_Bartender","Defend_Bartender","Defend_Bartender","Defend_Bartender","Somersault","Sucker_Punch","Training_Dummy+1","Power_Up_Punch+1","Scoop","Dart+1"],"relics":["Sneakers","Golden Idol","Centennial Puzzle","Lantern","Tiny Chest"],"acts_visited":["Exordium"],"potions_floor_usage":[],"damage_taken":[{"damage":6,"enemies":"Cultist","floor":1,"turns":3},{"damage":8,"enemies":"Small Slimes","floor":2,"turns":2},{"damage":3,"enemies":"2 Louse","floor":7,"turns":4},{"damage":2,"enemies":"Blue Slaver","floor":12,"turns":2},{"damage":4,"enemies":"Gremlin Gang","floor":13,"turns":2},{"damage":6,"enemies":"2 Fungi Beasts","floor":14,"turns":2},{"damage":22,"enemies":"The Guardian","floor":16,"turns":4}],"seed_played":"5205972207808873993","potions_obtained":[{"floor":2,"key":"potionbrewer:DiscountPotion"},{"floor":7,"key":"DuplicationPotion"}],"is_trial":false,"path_per_floor":["M","M","?","?","T","R","M","R","T","$","?","M","M","M","R","B"],"character_chosen":"BARTENDER","items_purchased":["Alacrity","Tiny Chest"],"campfire_rested":0,"item_purchase_floors":[10,10],"current_hp_per_floor":[71,63,63,63,63,63,60,60,60,60,71,69,65,59,59,37,37],"gold":147,"neow_bonus":"TEN_PERCENT_HP_BONUS","is_daily":false,"chose_seed":false,"campfire_upgraded":3,"win_rate":0.0,"timestamp":1612812888,"path_taken":["M","?","?","?","?","R","?","R","T","$","?","M","M","M","R","BOSS"],"items_purchased_type":["Card","Relic"],"build_version":"2020-12-22","purchased_purges":1,"victory":false,"max_hp_per_floor":[77,77,77,71,71,71,71,71,71,71,71,71,71,71,71,71,71],"card_choices":[{"not_picked":["Dragonkick","Torment"],"picked":"Sucker_Punch","floor":1},{"not_picked":["Dragonkick","Ball_Of_Ice"],"picked":"Training_Dummy","floor":2},{"not_picked":["ThreeSidedStar","Step_Of_The_Wind"],"picked":"Power_Up_Punch","floor":7},{"not_picked":["Dancing_Jab","RockBreaker"],"picked":"Scoop","floor":12},{"not_picked":["Foot_Thrust","Blizzard_Spikes","Cross"],"picked":"SKIP","floor":13},{"not_picked":["Free_Pour","Stick_and_Move"],"picked":"Dart","floor":14}],"player_experience":163677,"relics_obtained":[{"floor":5,"key":"Centennial Puzzle"},{"floor":9,"key":"Lantern"}],"event_choices":[{"damage_healed":0,"gold_gain":175,"player_choice":"AGREE","damage_taken":135,"max_hp_gain":0,"max_hp_loss":0,"event_name":"betterThird:BetterSerpent","floor":3,"gold_loss":0},{"damage_healed":0,"gold_gain":0,"player_choice":"Lose Max HP","damage_taken":0,"relics_obtained":["Golden Idol"],"max_hp_gain":0,"max_hp_loss":6,"event_name":"Golden Idol","floor":4,"gold_loss":0},{"cards_removed":["Alacrity"],"damage_healed":11,"gold_gain":0,"player_choice":"Offered Uncommon","damage_taken":0,"max_hp_gain":0,"max_hp_loss":0,"event_name":"Bonfire Elementals","floor":11,"gold_loss":0}],"is_beta":false,"boss_relics":[],"items_purged_floors":[10],"is_endless":false,"potions_floor_spawned":[2,7],"killed_by":"The Guardian","ascension_level":0}}