{"host":"og21o26alpnbwmz8","time":1612796761,"event":{"mods":["Act Like it!","Aspiration","BaseMod","Conspire","Downfall","Gensokyo","Halation","Hubris","Jedi Mod","Mimic Mod","Minty Spire (QoL Compilation)","Pale of the Ancients","Reliquary","Replay The Spire","Shop Mod","Spikes Relics","StSLib","The Alterego","The Blackbeard","The Blue Laboratory","The Bug Knight","The Death Knight","The Runesmith","Waifu the Spire"],"gold_per_floor":[112,16,16,43,58,58,392,392,392,392,392,404,434,449,449,449,449],"floor_reached":16,"language":"ENG","playtime":746,"items_purged":[],"score":143,"play_id":"f8ee597a-687c-4121-918f-5d8565cd0387","local_time":"20210208100601","is_ascension_mode":false,"campfire_choices":[{"data":"HollowMod:CycloneSlash","floor":6,"key":"SMITH"},{"data":"HollowMod:FocusHealStart","floor":8,"key":"SMITH"},{"data":"Flying Knee","floor":15,"key":"SMITH"}],"circlet_count":0,"master_deck":["HollowMod:NailStrikeStart","HollowMod:QuickDashStart","HollowMod:QuickDashStart","HollowMod:QuickDashStart","HollowMod:QuickDashStart","HollowMod:FocusHealStart+1","HollowMod:PogoStrike+1","HollowMod:CycloneSlash+1","HollowMod:CornifersMapStart","HollowMod:SlysStrikes","Flying Knee+1","Dagger Spray","Quick Slash"],"relics":["HollowMod:VesselMask","Gensokyo:Mercy","reliquary:SharkskinSheath","ReplayTheSpireMod:Shallot","HollowMod:LifeEnderRelic","CherryCoatedStake","hubris:AstralHammer"],"acts_visited":["Exordium"],"potions_floor_usage":[],"damage_taken":[{"damage":7,"enemies":"Gensokyo:Gryphon","floor":1,"turns":4},{"damage":18,"enemies":"Gensokyo:Mamizou","floor":4,"turns":10},{"damage":0,"enemies":"Gensokyo:3_Fairies","floor":5,"turns":3},{"damage":24,"enemies":"Gensokyo:Mamizou","floor":7,"turns":10},{"damage":0,"enemies":"Gensokyo:Python","floor":12,"turns":3},{"damage":0,"enemies":"Gensokyo:Cirno","floor":13,"turns":4},{"damage":0,"enemies":"Gensokyo:3_Kodama","floor":14,"turns":2},{"damage":13,"enemies":"Gensokyo:Kokoro","floor":16,"turns":5}],"seed_played":"-3781998642131939590","potions_obtained":[{"floor":5,"key":"blueLaboratory:StoneskinPotion"},{"floor":12,"key":"BlessingOfTheForge"},{"floor":14,"key":"Strength Potion"}],"is_trial":false,"path_per_floor":["M","COS","?","?","M","R","E","R","T","?","?","M","E","M","R","B"],"character_chosen":"THE_BUGKNIGHT","items_purchased":[],"campfire_rested":0,"item_purchase_floors":[],"current_hp_per_floor":[74,74,74,61,67,67,49,49,49,49,49,59,75,75,75,72,72],"gold":449,"neow_bonus":"UPGRADE_CARD","is_daily":false,"chose_seed":false,"campfire_upgraded":3,"win_rate":0.0,"timestamp":1612796761,"path_taken":["M","COS","?","?","M","R","E","R","T","?","?","?","E","M","R","BOSS"],"items_purchased_type":[],"build_version":"2020-12-22","purchased_purges":0,"victory":false,"max_hp_per_floor":[75,75,75,75,75,75,75,75,75,75,75,75,75,75,75,75,75],"card_choices":[{"not_picked":["HollowMod:VengefulVoid","HollowMod:InfectedCysts"],"picked":"HollowMod:InfectedAttack","floor":1},{"not_picked":["HollowMod:CornifersMapStart","HollowMod:GoodIntentions"],"picked":"HollowMod:CycloneSlash","floor":4},{"not_picked":["HollowMod:VengefulVoid","HollowMod:SoulEater","HollowMod:BrokenVessel"],"picked":"SKIP","floor":5},{"not_picked":["HollowMod:MawleksShell","HollowMod:CrystalDash"],"picked":"HollowMod:CornifersMapStart","floor":7},{"not_picked":["HollowMod:MonarchWings","HollowMod:QuirrelsAssistance"],"picked":"HollowMod:SlysStrikes","floor":10},{"not_picked":["HollowMod:HowlingWraiths","HollowMod:NewGlowingWomb","HollowMod:VengefulSpirit"],"picked":"SKIP","floor":12},{"not_picked":["HollowMod:VengefulVoid","HollowMod:SiblingsSouls","HollowMod:NewGlowingWomb"],"picked":"SKIP","floor":13},{"not_picked":["HollowMod:LifebloodCocoon","HollowMod:ChannelNail","HollowMod:BlackTendrils"],"picked":"SKIP","floor":14}],"player_experience":287519,"relics_obtained":[{"floor":4,"key":"reliquary:SharkskinSheath"},{"floor":7,"key":"ReplayTheSpireMod:Shallot"},{"floor":9,"key":"HollowMod:LifeEnderRelic"},{"floor":13,"key":"hubris:AstralHammer"}],"event_choices":[],"is_beta":false,"boss_relics":[],"items_purged_floors":[],"is_endless":false,"potions_floor_spawned":[5,12,14],"killed_by":"Gensokyo:Kokoro","ascension_level":0}}