{"host":"lehbxtjrpalkmwwj","time":1612798316,"event":{"mods":["Aspiration","BaseMod","Colored Map","Colored Powertips","Conspire","GungeonMod","KomeijiMod","Lobotomy","Minty Spire (QoL Compilation)","Quick Restart","Replay The Spire","Shop Mod","StSLib","The Cursed","The Poker Player","[IsaacMod]ÒÔÈö¼âËþ"],"gold_per_floor":[119,133,153,53,113,172,224,277,349,418,465,496,496,559,559,718,718,799,585,635,635,666,666,723,535,535,613,636,636],"floor_reached":28,"language":"ZHS","playtime":939,"items_purged":[],"score":422,"play_id":"0a31ec3c-f34c-4752-9184-d50efa7f3bbb","local_time":"20210208233156","is_ascension_mode":true,"campfire_choices":[{"floor":15,"key":"RECALL"},{"data":"Demon Form","floor":23,"key":"SMITH"}],"circlet_count":0,"master_deck":["Strike_R","Strike_R","Strike_R","Strike_R","Strike_R","Defend_R","Defend_R","Defend_R","Defend_R","Bash","SuicideKing","DemoMod:Defend_Huntress","Strike_G","Demon Form+1","Flex","Heavy Blade","Replay:Many Hands","conspire:SpireCoStock","conspire:SpireCoStock","Cleave","Thunderclap","Pommel Strike","ReplayTheSpireMod:Muscle Training","Immolate","ReplayTheSpireMod:Stacked","Anger","conspire:ExplosiveBarrier","Impervious","Replay:Undeath\u0027s Touch","Combust","Combust+1","PerfectMaid+1","ReplayTheSpireMod:LeadingStrike+1","Demonic Infusion","ReplayTheSpireMod:Brewmster","Heavy Blade"],"relics":["Burning Blood","HushsDoor","DeadEye","Replay:Bandana","Snack Pack","InkBottle","Bag of Preparation","Orichalcum","Blood Vial","Runic Cube","BelialBook","HowToJump","Shuriken","Tiny Chest"],"acts_visited":["Exordium","TheCity"],"potions_floor_usage":[6,11,11,27,27,27,27,27,27,27,28,28,28],"damage_taken":[{"damage":5,"enemies":"2 Louse","floor":1,"turns":3},{"damage":0,"enemies":"Small Slimes","floor":2,"turns":3},{"damage":0,"enemies":"Cultist","floor":3,"turns":3},{"damage":18,"enemies":"Blue Slaver","floor":5,"turns":4},{"damage":33,"enemies":"3 Sentries","floor":6,"turns":8},{"damage":0,"enemies":"Large Slime","floor":7,"turns":5},{"damage":0,"enemies":"Gremlin Nob","floor":8,"turns":4},{"damage":15,"enemies":"Lagavulin","floor":10,"turns":6},{"damage":1,"enemies":"conspire:MimicChest","floor":11,"turns":3},{"damage":0,"enemies":"2 Fungi Beasts","floor":12,"turns":2},{"damage":0,"enemies":"3 Sentries","floor":14,"turns":2},{"damage":57,"enemies":"Fading Forest","floor":16,"turns":11},{"damage":6,"enemies":"2 Thieves","floor":18,"turns":3},{"damage":8,"enemies":"3 Byrds","floor":20,"turns":4},{"damage":0,"enemies":"Centurion and Healer","floor":22,"turns":1},{"damage":21,"enemies":"Book of Stabbing","floor":24,"turns":3},{"damage":58,"enemies":"Gremlin Leader","floor":27,"turns":8},{"damage":46,"enemies":"Shelled Parasite and Fungi","floor":28,"turns":4}],"seed_played":"3736750077212593302","potions_obtained":[{"floor":3,"key":"Venom Potion"},{"floor":5,"key":"SpeedPotion"},{"floor":7,"key":"DistilledChaos"},{"floor":8,"key":"Ancient Potion"},{"floor":10,"key":"Languid Potion"},{"floor":11,"key":"BloodPotion"},{"floor":20,"key":"Fire Potion"},{"floor":27,"key":"Swift Potion"}],"is_trial":false,"path_per_floor":["M","M","M","?","M","E","M","E","T","E","?","M","T","E","R_BF","B",null,"M","$","M","?","M","R","E","$","T","E","M"],"character_chosen":"IRONCLAD","items_purchased":["BelialBook","Combust","ReplayTheSpireMod:Brewmster"],"campfire_rested":0,"item_purchase_floors":[19,19,25],"current_hp_per_floor":[80,80,80,80,68,41,47,53,53,46,53,61,61,67,67,24,80,80,80,79,79,80,80,67,67,67,23,0,0],"gold":636,"neow_bonus":"THREE_RARE_CARDS","is_daily":false,"chose_seed":false,"campfire_upgraded":1,"win_rate":0.0,"timestamp":1612798316,"path_taken":["M","M","M","?","M","E","M","E","T","E","?","M","?","E","R_BF","BOSS","M","$","M","?","M","R","E","$","T","E","M"],"items_purchased_type":["Relic","Card","Card"],"build_version":"2020-12-22","purchased_purges":0,"victory":false,"max_hp_per_floor":[80,80,80,80,80,80,80,80,80,80,80,80,80,80,80,80,80,80,80,80,80,80,80,80,80,80,80,80,80],"card_choices":[{"not_picked":[],"picked":"SuicideKing","floor":0},{"not_picked":["Juggernaut","conspire:Purge"],"picked":"Demon Form","floor":0},{"not_picked":["Intimidate","Body Slam"],"picked":"Flex","floor":1},{"not_picked":["Clothesline","Dark Embrace"],"picked":"Heavy Blade","floor":2},{"not_picked":["Dual Wield","Armaments"],"picked":"Replay:Many Hands","floor":3},{"not_picked":["Armaments","Twin Strike"],"picked":"Cleave","floor":5},{"not_picked":["Hemogenesis","Shrug It Off"],"picked":"Thunderclap","floor":6},{"not_picked":["Burning Pact","Evolve"],"picked":"Pommel Strike","floor":7},{"not_picked":["Flex","Hemokinesis"],"picked":"ReplayTheSpireMod:Muscle Training","floor":8},{"not_picked":["Body Slam","Dual Wield"],"picked":"Immolate","floor":10},{"not_picked":["Fire Breathing","Clothesline"],"picked":"ReplayTheSpireMod:Stacked","floor":11},{"not_picked":["Seeing Red","Shrug It Off"],"picked":"Anger","floor":12},{"not_picked":["Havoc","Battle Trance"],"picked":"conspire:ExplosiveBarrier","floor":14},{"not_picked":["Eclipse","conspire:Purge"],"picked":"Impervious","floor":16},{"not_picked":["True Grit","Wild Strike"],"picked":"Replay:Undeath\u0027s Touch","floor":18},{"not_picked":["Clothesline+1","Twin Strike"],"picked":"Combust+1","floor":20},{"not_picked":["ReplayTheSpireMod:Strike From Hell","Havoc+1"],"picked":"ReplayTheSpireMod:LeadingStrike+1","floor":22},{"not_picked":["True Grit","Wild Strike"],"picked":"Demonic Infusion","floor":24},{"not_picked":["Anger","Shrug It Off"],"picked":"Heavy Blade","floor":27}],"player_experience":143703,"relics_obtained":[{"floor":6,"key":"Replay:Bandana"},{"floor":8,"key":"Snack Pack"},{"floor":9,"key":"InkBottle"},{"floor":10,"key":"Bag of Preparation"},{"floor":11,"key":"Orichalcum"},{"floor":14,"key":"Blood Vial"},{"floor":24,"key":"HowToJump"},{"floor":26,"key":"Shuriken"},{"floor":27,"key":"Tiny Chest"}],"event_choices":[{"damage_healed":0,"gold_gain":0,"player_choice":"Invest 2","damage_taken":0,"max_hp_gain":0,"max_hp_loss":0,"event_name":"conspire:Investor","floor":4,"gold_loss":0}],"is_beta":false,"boss_relics":[{"not_picked":["Velvet Choker","conspire:SeveredTorchhead"],"picked":"Runic Cube"},{"not_picked":[]}],"items_purged_floors":[],"is_endless":false,"potions_floor_spawned":[3,5,7,8,10,11,20,27],"killed_by":"Shelled Parasite and Fungi","ascension_level":2}}