{"host":"18wi9kpcl4eah7pe","time":1612824668,"event":{"mods":["BaseMod","Colored Powertips","Downfall","Minty Spire (QoL Compilation)","StSLib"],"gold_per_floor":[99,112,112,112,128,145,145,158,187,87,87,87,97,131,141,244,294,194,205,222,242,242,260,314,214,234,271,271,292,292,320,341,341,341,341],"floor_reached":33,"language":"ENG","playtime":1399,"items_purged":[],"score":379,"play_id":"f739ed46-22d5-4f95-a57e-29fa494b397a","local_time":"20210208165108","is_ascension_mode":true,"campfire_choices":[{"floor":1,"key":"RECALL"},{"data":"bronze:ClassDefault","floor":10,"key":"SMITH"},{"data":"bronze:Verify","floor":18,"key":"SMITH"},{"floor":25,"key":"REST"},{"floor":30,"key":"REST"}],"circlet_count":0,"master_deck":["bronze:Strike","bronze:Strike+1","bronze:Strike","bronze:Defend+1","bronze:Defend","bronze:Defend","bronze:Defend","bronze:Replicate+1","bronze:Goto+1","bronze:GetLatest+1","bronze:Goto+1","bronze:Backtrace+1","bronze:ItsAFeature","bronze:ClassDefault+1","bronze:Deprecate","downfall:Malfunctioning","bronze:CleanCode","bronze:Verify+1","bronze:DelayedSlice+1","bronze:ThunderWave","bronze:Philosophize","bronze:DigitalCarnage","bronze:WhirlingStrike","bronze:OilSpill","bronze:BuggyMess+1","bronze:Constructor","bronze:Terminator","bronze:ChildClass","bronze:Allocate+1","bronze:Branch"],"relics":["bronze:BronzeCore","Guardian:PocketSentry","Bottled Tornado","downfall:HeartBlessingRed","Mercury Hourglass","Tiny House","downfall:HeartBlessingGreen","downfall:HeartBlessingBlue","CeramicFish","Nilry\u0027s Codex"],"acts_visited":["Exordium","TheCity"],"potions_floor_usage":[14,15,21,21,21,27,27,32,33],"damage_taken":[{"damage":0,"enemies":"Small Slimes","floor":2,"turns":3},{"damage":0,"enemies":"Cultist","floor":5,"turns":2},{"damage":0,"enemies":"2 Louse","floor":6,"turns":1},{"damage":1,"enemies":"Blue Slaver","floor":8,"turns":2},{"damage":10,"enemies":"3 Sentries","floor":9,"turns":3},{"damage":4,"enemies":"Large Slime","floor":13,"turns":5},{"damage":6,"enemies":"Lagavulin","floor":14,"turns":5},{"damage":0,"enemies":"Gremlin Gang","floor":15,"turns":3},{"damage":33,"enemies":"IC_STATUS_ARCHETYPE","floor":16,"turns":6},{"damage":9,"enemies":"Chosen","floor":19,"turns":4},{"damage":0,"enemies":"Spheric Guardian","floor":20,"turns":1},{"damage":18,"enemies":"Snecko","floor":21,"turns":4},{"damage":30,"enemies":"Shelled Parasite and Fungi","floor":23,"turns":4},{"damage":0,"enemies":"3 Cultists","floor":26,"turns":3},{"damage":27,"enemies":"Gremlin Leader","floor":27,"turns":5},{"damage":28,"enemies":"Chosen and Byrds","floor":29,"turns":4},{"damage":8,"enemies":"Snecko","floor":31,"turns":4},{"damage":0,"enemies":"Snake Plant","floor":32,"turns":1},{"damage":29,"enemies":"WA_ARCHETYPE_CALM","floor":33,"turns":8}],"seed_played":"-7947121813219546726","potions_obtained":[{"floor":2,"key":"Energy Potion"},{"floor":9,"key":"ColorlessPotion"},{"floor":15,"key":"bronze:FreeFunctionsPotion"},{"floor":16,"key":"AttackPotion"},{"floor":17,"key":"Weak Potion"},{"floor":20,"key":"Swift Potion"},{"floor":23,"key":"Energy Potion"},{"floor":26,"key":"SkillPotion"},{"floor":27,"key":"sneckomod:MuddlingPotion"},{"floor":31,"key":"Swift Potion"}],"is_trial":false,"path_per_floor":["R","M","?","?","M","M","T","M","E","R","?","?","M","E","M","B",null,"R","M","M","M","?","M","T","R","M","E","?","M","R","M","M","B"],"character_chosen":"THE_AUTOMATON","items_purchased":[],"campfire_rested":2,"item_purchase_floors":[],"current_hp_per_floor":[77,77,77,77,77,77,77,76,66,66,66,66,62,56,56,23,69,69,60,60,42,69,39,39,76,76,49,33,5,32,24,24,0,0,0],"gold":341,"neow_bonus":"TEN_PERCENT_HP_BONUS","is_daily":false,"chose_seed":false,"campfire_upgraded":2,"win_rate":0.0,"timestamp":1612824668,"path_taken":["R","M","?","?","M","?","T","M","E","R","?","?","?","E","M","BOSS","R","M","M","M","?","M","T","R","M","E","?","M","R","M","M","BOSS"],"items_purchased_type":[],"build_version":"2020-12-22","purchased_purges":0,"victory":false,"max_hp_per_floor":[77,77,77,77,77,77,77,77,77,77,77,77,77,77,77,77,82,82,82,82,82,82,82,82,92,92,92,92,92,92,92,92,92,92,92],"card_choices":[{"not_picked":["bronze:Optimize","bronze:Separator"],"picked":"bronze:GetLatest","floor":2},{"not_picked":["bronze:Invalidate","bronze:Turbo"],"picked":"bronze:Backtrace","floor":5},{"not_picked":["bronze:CutThrough","bronze:DelayedGuard"],"picked":"bronze:ItsAFeature","floor":6},{"not_picked":["bronze:Overload","bronze:ItsAFeature"],"picked":"bronze:ClassDefault","floor":8},{"not_picked":["bronze:DarkDash","bronze:Turbo"],"picked":"bronze:Deprecate","floor":9},{"not_picked":["bronze:Frontload","bronze:Flail"],"picked":"bronze:CleanCode","floor":13},{"not_picked":["bronze:RecursiveStrike","bronze:HyperBeam"],"picked":"bronze:Verify","floor":14},{"not_picked":["bronze:WildBeam","bronze:DelayedGuard"],"picked":"bronze:DelayedSlice","floor":15},{"not_picked":["bronze:SpaghettiCode","bronze:Break"],"picked":"bronze:ThunderWave","floor":16},{"not_picked":["bronze:DelayedSlice","bronze:DelayedGuard"],"picked":"bronze:Philosophize","floor":17},{"not_picked":["bronze:WhirlingStrike","bronze:BuggyMess+1"],"picked":"bronze:DigitalCarnage","floor":19},{"not_picked":["bronze:Deprecate","bronze:DelayedSlice+1"],"picked":"bronze:WhirlingStrike","floor":20},{"not_picked":["bronze:Frontload","bronze:Deprecate+1"],"picked":"bronze:OilSpill","floor":21},{"not_picked":["bronze:FineTuning","bronze:ForceShield+1"],"picked":"bronze:BuggyMess+1","floor":23},{"not_picked":["bronze:BurnOut","bronze:BronzeOrb"],"picked":"bronze:Constructor","floor":26},{"not_picked":["bronze:BuggyMess","bronze:CutThrough"],"picked":"bronze:Terminator","floor":27},{"not_picked":["bronze:ForLoop","bronze:DigitalCarnage+1"],"picked":"bronze:ChildClass","floor":29},{"not_picked":["bronze:Terminator+1","bronze:CutThrough"],"picked":"bronze:Allocate+1","floor":31},{"not_picked":["bronze:Invalidate","bronze:Overload"],"picked":"bronze:Branch","floor":32}],"player_experience":1002118,"relics_obtained":[{"floor":7,"key":"Guardian:PocketSentry"},{"floor":9,"key":"Bottled Tornado"},{"floor":14,"key":"Mercury Hourglass"},{"floor":27,"key":"CeramicFish"},{"floor":28,"key":"Nilry\u0027s Codex"}],"event_choices":[{"damage_healed":27,"gold_gain":0,"player_choice":"Heal","damage_taken":0,"max_hp_gain":0,"max_hp_loss":0,"event_name":"The Library","floor":22,"gold_loss":0}],"is_beta":false,"boss_relics":[{"not_picked":["Empty Cage","Runic Dome"],"picked":"Tiny House"}],"items_purged_floors":[],"is_endless":false,"potions_floor_spawned":[2,9,15,16,20,23,26,27,31],"killed_by":"WA_ARCHETYPE_CALM","ascension_level":5}}