{"host":"Black","time":1612746363,"event":{"mods":["Act Like it!","Always Whale","AlwaysNeverKeys","Aspiration","BaseMod","Beta Mode","BetterRewards","Colored Map","Colored Powertips","Custom Start","DeckTracker","Downfall","FetchMod","Highlight Path","Hubris","Minty Spire (QoL Compilation)","MoreRelics","Quick Restart","Random Character Button","Shop Mod","StSLib","SuperFastMode","Unceasing Turn Reminder","everything is the same but u backflip on backflip"],"gold_per_floor":[30,30,57,57,57,98,98,98,148,148,148],"floor_reached":10,"language":"ENG","playtime":411,"items_purged":[],"score":64,"play_id":"dd456d06-3cb4-4f57-9441-44054e6940e9","local_time":"20210208020603","daily_mods":["Diverse","Colorless Cards"],"is_ascension_mode":false,"campfire_choices":[{"data":"sneckomod:WideSting","floor":8,"key":"SMITH"}],"circlet_count":0,"master_deck":["Strike_R","Strike_G","Strike_B","Defend_R","Defend_G","Defend_B","hubris:Defend_Merchant","hubris:MerchantsHand","hubris:MerchantsHand","sneckomod:Nope","sneckomod:WideSting+1","hexamod:Hexaguard"],"relics":["Smiling Mask","hubris:NiceRug","Juzu Bracelet","SsserpentHead","PreservedInsect"],"acts_visited":["Exordium"],"potions_floor_usage":[6],"damage_taken":[{"damage":13,"enemies":"2 Louse","floor":1,"turns":5},{"damage":1,"enemies":"Cultist","floor":3,"turns":4},{"damage":29,"enemies":"3 Sentries","floor":6,"turns":11},{"damage":23,"enemies":"Lagavulin","floor":10,"turns":6}],"seed_played":"1412656362403129987","potions_obtained":[{"floor":6,"key":"Fruit Juice"}],"is_trial":true,"path_per_floor":["M","?","M","?","$","E","?","R","T","E"],"character_chosen":"IRONCLAD","items_purchased":[],"campfire_rested":0,"item_purchase_floors":[],"current_hp_per_floor":[62,55,54,47,47,23,23,23,23,0,0],"gold":148,"neow_bonus":"","is_daily":false,"chose_seed":false,"campfire_upgraded":1,"win_rate":0.0,"timestamp":1612746363,"path_taken":["M","?","?","?","$","E","?","R","T","E"],"items_purchased_type":[],"build_version":"2020-12-22","purchased_purges":0,"victory":false,"max_hp_per_floor":[75,75,75,75,75,80,80,80,80,80,80],"card_choices":[{"not_picked":["Guardian:Incinerate","Indignation"],"picked":"sneckomod:Nope","floor":1},{"not_picked":["Wild Strike","hexamod:GhostLash"],"picked":"sneckomod:WideSting","floor":3},{"not_picked":["Guardian:ShieldSpikes","champ:DefensiveShout"],"picked":"hexamod:Hexaguard","floor":6}],"player_experience":494711,"relics_obtained":[{"floor":6,"key":"Juzu Bracelet"},{"floor":9,"key":"PreservedInsect"}],"event_choices":[{"damage_healed":0,"gold_gain":0,"player_choice":"Damaged","damage_taken":7,"max_hp_gain":0,"max_hp_loss":0,"event_name":"Wheel of Change","floor":2,"gold_loss":0},{"cards_removed":["hubris:Strike_Merchant"],"damage_healed":0,"gold_gain":0,"player_choice":"Card Removal","damage_taken":7,"max_hp_gain":0,"max_hp_loss":0,"event_name":"Golden Wing","floor":4,"gold_loss":0},{"damage_healed":0,"gold_gain":0,"player_choice":"Trade","damage_taken":0,"relics_obtained":["SsserpentHead"],"max_hp_gain":0,"max_hp_loss":0,"event_name":"FaceTrader","floor":7,"gold_loss":0}],"is_beta":true,"boss_relics":[],"items_purged_floors":[],"is_endless":false,"potions_floor_spawned":[6],"killed_by":"Lagavulin","ascension_level":0}}