{"host":"u6v0z43xi4vbzvq3","time":1612768514,"event":{"mods":["BaseMod","Beaked The Cultist","BetterRewards","Colored Map","Downfall","Googly Eyes","Hermit","Highlight Path","Hubris","Infinite Spire","Minty Spire (QoL Compilation)","Quick Restart","Rare Cards Sparkle","Replay The Spire","Shop Mod","StSLib","SuperFastMode"],"gold_per_floor":[99,117,117,117,132,132,156,169,248,165,165,175,160,171,183,288,288,288,303,303,303,163,180,207,207,232,243,243,271,271,289,305,305,305,305],"floor_reached":33,"language":"ENG","playtime":1645,"items_purged":[],"score":327,"play_id":"20478e9f-58a4-4f08-ac7c-7763fc91ff75","local_time":"20210208181514","is_ascension_mode":false,"campfire_choices":[{"data":"hexamod:Sear","floor":1,"key":"SMITH"},{"data":"hexamod:FastForward","floor":11,"key":"SMITH"},{"data":"hexamod:BurningTouch","floor":18,"key":"SMITH"},{"data":"hexamod:ExtraCrispy","floor":25,"key":"SMITH"},{"floor":28,"key":"REST"}],"circlet_count":0,"master_deck":["hexamod:Strike","hexamod:Strike","hexamod:Strike","hexamod:Strike","hexamod:Defend","hexamod:Defend","hexamod:Defend","hexamod:Defend","hexamod:Sear+1","hexamod:Float","hexamod:ExtraCrispy+1","hexamod:SkipABeat","hexamod:FastForward+1","hexamod:Rewind","hexamod:RainOfEmbers","hexamod:SkipABeat","hexamod:ThirdSeal","hexamod:ThermalTransfer","hexamod:BurningTouch+1","hexamod:WildfireWeapon","hexamod:VolcanoVisage","hexamod:Firestarter+1","hexamod:SpectersWail","hexamod:Firestarter","hexamod:PhantomFireball","hexamod:ExtraCrispy+1","hexamod:ExtraCrispy","hexamod:PhantomFireball","hexamod:SpectralAdrenaline","hexamod:ExtraCrispy+1","hexamod:Hexaguard","hexamod:SoulSteal","hexamod:FourthSeal","downfall:Bewildered","hexamod:TimeWarp","hexamod:EmpoweredFlame","hexamod:FirstSeal"],"relics":["hexamod:SpiritBrand","Chameleon Ring","Regal Pillow","Replay:Mystery Machine","hubris:DeckOfHolding","ChewingGum","Replay:Baseball","HornCleat","Pet Ghost","sneckomod:BabySnecko"],"acts_visited":["Exordium","TheCity"],"potions_floor_usage":[12,12,14,16,26,32,33],"damage_taken":[{"damage":0,"enemies":"Small Slimes","floor":2,"turns":3},{"damage":1,"enemies":"2 Louse","floor":5,"turns":3},{"damage":0,"enemies":"Cultist","floor":8,"turns":3},{"damage":0,"enemies":"downfall:FleeingMerchant","floor":10,"turns":4},{"damage":20,"enemies":"Exordium Thugs","floor":12,"turns":3},{"damage":0,"enemies":"downfall:FleeingMerchant","floor":13,"turns":4},{"damage":2,"enemies":"Exordium Wildlife","floor":14,"turns":3},{"damage":20,"enemies":"Large Slime","floor":15,"turns":7},{"damage":22,"enemies":"WA_ARCHETYPE_RETAIN","floor":16,"turns":6},{"damage":24,"enemies":"3 Byrds","floor":19,"turns":5},{"damage":3,"enemies":"downfall:FleeingMerchant","floor":22,"turns":4},{"damage":1,"enemies":"Snecko","floor":23,"turns":3},{"damage":41,"enemies":"Slavers","floor":26,"turns":5},{"damage":2,"enemies":"Centurion and Healer","floor":27,"turns":5},{"damage":10,"enemies":"Book of Stabbing","floor":29,"turns":4},{"damage":11,"enemies":"Shelled Parasite and Fungi","floor":31,"turns":4},{"damage":18,"enemies":"Sentry and Sphere","floor":32,"turns":7},{"damage":0,"enemies":"DF_ARCHETYPE_CLAW","floor":33,"turns":1}],"seed_played":"-1380422832452261420","potions_obtained":[{"floor":5,"key":"champ:CounterPotion"},{"floor":8,"key":"Strength Potion"},{"floor":12,"key":"Energy Potion"},{"floor":15,"key":"Strength Potion"},{"floor":19,"key":"Ancient Potion"},{"floor":20,"key":"CultistPotion"},{"floor":29,"key":"SpeedPotion"},{"floor":32,"key":"SkillPotion"}],"is_trial":false,"path_per_floor":["R","M","?","?","M","?","T","M","T","$","R","M","$","M","M","B",null,"R","M","?","?","$","M","T","R","E","M","R","E","?","M","M","B"],"character_chosen":"THE_SPIRIT","items_purchased":["hexamod:RainOfEmbers","hexamod:ExtraCrispy","hexamod:PhantomFireball"],"campfire_rested":1,"item_purchase_floors":[10,22,22],"current_hp_per_floor":[77,77,77,70,69,69,69,69,69,69,69,49,49,47,27,5,77,77,53,53,53,50,49,49,49,8,6,44,34,34,23,5,5,5,5],"gold":305,"neow_bonus":"TEN_PERCENT_HP_BONUS","is_daily":false,"chose_seed":false,"campfire_upgraded":4,"win_rate":0.0,"timestamp":1612768514,"path_taken":["R","M","?","?","M","?","T","?","?","?","R","M","$","M","M","BOSS","R","M","?","?","?","?","T","R","E","M","R","E","?","M","M","BOSS"],"items_purchased_type":["Card","Card","Card"],"build_version":"2020-12-22","purchased_purges":0,"victory":false,"max_hp_per_floor":[77,77,77,77,77,77,77,77,77,77,77,77,77,77,77,77,77,77,77,77,77,77,77,77,77,77,77,77,77,77,77,77,77,77,77],"card_choices":[{"not_picked":["hexamod:RetreatToShadows","hexamod:Hexaguard"],"picked":"hexamod:ExtraCrispy","floor":2},{"not_picked":["hexamod:PhantomFireball","hexamod:Hexaguard"],"picked":"hexamod:SkipABeat","floor":5},{"not_picked":["hexamod:Haunt","hexamod:NightmareStrike"],"picked":"hexamod:FastForward","floor":8},{"not_picked":["hexamod:BacktrackSmack","hexamod:HeatMetal"],"picked":"hexamod:Rewind","floor":10},{"not_picked":["hexamod:BacktrackSmack","hexamod:InspiringFlames"],"picked":"hexamod:SkipABeat","floor":12},{"not_picked":["hexamod:GhostShield","hexamod:SecondSeal"],"picked":"hexamod:ThirdSeal","floor":13},{"not_picked":["hexamod:GhostLash","hexamod:InspiringFlames"],"picked":"hexamod:ThermalTransfer","floor":14},{"not_picked":["hexamod:GhostShield","hexamod:SpectralAdrenaline"],"picked":"hexamod:BurningTouch","floor":15},{"not_picked":["hexamod:SearingWound","hexamod:GhostShield","hexamod:ShieldOfDarkness"],"picked":"SKIP","floor":15},{"not_picked":["hexamod:SearingWound","hexamod:TurnItUp"],"picked":"hexamod:WildfireWeapon","floor":16},{"not_picked":["hexamod:HexaLevel","hexamod:FifthSeal"],"picked":"hexamod:VolcanoVisage","floor":16},{"not_picked":["hexamod:GhostShield","hexamod:HauntingEcho"],"picked":"hexamod:Firestarter+1","floor":19},{"not_picked":["hexamod:GhostOfSpirePast+1","hexamod:SwordOfDarkness"],"picked":"hexamod:SpectersWail","floor":19},{"not_picked":["hexamod:GhostOfSpirePast","hexamod:ThermalTransfer+1"],"picked":"hexamod:Firestarter","floor":22},{"not_picked":["hexamod:InspiringFlames","hexamod:UnleashSpirits"],"picked":"hexamod:PhantomFireball","floor":22},{"not_picked":["hexamod:ThermalTransfer+1","hexamod:RadiantFlame"],"picked":"hexamod:SpectralAdrenaline","floor":23},{"not_picked":["hexamod:DynamicBlow","hexamod:FastForward+1","hexamod:HauntingEcho+1"],"picked":"SKIP","floor":23},{"not_picked":["hexamod:RainOfEmbers","hexamod:ChargedBarrage"],"picked":"hexamod:ExtraCrispy+1","floor":26},{"not_picked":["hexamod:GhostOfSpirePresent","hexamod:GhostShield"],"picked":"hexamod:Hexaguard","floor":26},{"not_picked":["hexamod:NightmareStrike","hexamod:GhostShield"],"picked":"hexamod:SoulSteal","floor":27},{"not_picked":["hexamod:StepThrough","hexamod:Hexaguard"],"picked":"hexamod:FourthSeal","floor":29},{"not_picked":["hexamod:RecurringNightmare","hexamod:EmpoweredFlame+1"],"picked":"hexamod:TimeWarp","floor":31},{"not_picked":["hexamod:GhostOfSpirePast","hexamod:NecessarySacrifice","hexamod:Firestarter"],"picked":"SKIP","floor":31},{"not_picked":["hexamod:HeatMetal","hexamod:FastForward"],"picked":"hexamod:EmpoweredFlame","floor":32},{"not_picked":["hexamod:InspiringFlames","hexamod:Incineration"],"picked":"hexamod:FirstSeal","floor":32}],"player_experience":130040,"relics_obtained":[{"floor":7,"key":"Replay:Mystery Machine"},{"floor":9,"key":"hubris:DeckOfHolding"},{"floor":24,"key":"Replay:Baseball"},{"floor":26,"key":"HornCleat"},{"floor":29,"key":"Pet Ghost"}],"event_choices":[{"damage_healed":0,"gold_gain":0,"player_choice":"Success","damage_taken":7,"relics_obtained":["Regal Pillow"],"max_hp_gain":0,"max_hp_loss":0,"event_name":"Scrap Ooze","floor":4,"gold_loss":0},{"damage_healed":0,"gold_gain":0,"player_choice":"Forge","damage_taken":0,"max_hp_gain":0,"max_hp_loss":0,"event_name":"Accursed Blacksmith","floor":6,"gold_loss":0,"cards_upgraded":["hexamod:ExtraCrispy"]}],"is_beta":false,"boss_relics":[{"not_picked":["Replay:Drink Me","Honey Jar"],"picked":"ChewingGum"}],"items_purged_floors":[],"is_endless":false,"potions_floor_spawned":[5,8,12,15,19,29,32],"killed_by":"DF_ARCHETYPE_CLAW","ascension_level":0}}