{"host":"g1qzxxy7a24sg3a3","time":1612758106,"event":{"mods":["ATMod(阿瑾Mod)","Act Like it!","Arknights","BaseMod","Custom Start","Gensokyo","GungeonMod","Hallownest","Lobotomy","LobotomyExtend","Minty Spire (QoL Compilation)","MostiFishMod","Pale of the Ancients","Replay The Spire","SOS（斯巴达之子）","Shop Mod","Spicy Shops","StSLib","TestMod","The Administrix","The Bug Knight","Waifu the Spire","WarShipGirlsR/战舰少女R mod","【遗物卡牌】REMEMod","残留之物"],"gold_per_floor":[120,137,137,757,686,686,714,714,714,714,714,732,657,657,657,754,804,804,704,704,718,718,718,734,734,734,734,748,759,784,784,784],"floor_reached":31,"language":"ZHS","playtime":1667,"items_purged":["SpecialBullet","Chesed"],"score":256,"play_id":"5dbfb27e-f748-4072-bc97-92109f9a8941","local_time":"20210208122146","is_ascension_mode":false,"campfire_choices":[{"data":"AT_IrregularMenstruation","floor":6,"key":"SMITH"},{"floor":8,"key":"RECALL"},{"data":"Lamp+3","floor":10,"key":"SMITH"},{"floor":15,"key":"REST"}],"circlet_count":1,"master_deck":["SpecialBullet","SpecialBullet","SpecialBullet","SpecialBullet","SpecialBullet","ExtractionCode","WelfareCode","ControlCode","AT_FamilyPortrait","AT_IrregularMenstruation+1","CrumblingArmor","Hypocrisy","Lamp+13","FeatherOfHonor","CENSORED","ParadiseLost+1","Horn+1"],"relics":["CogitoBucket","AT_ATBox","DaveBox","testmod-TestBox","REME_ComplimentaryCards","Nloth\u0027s Gift","testmod-Fanaticism","LetterFromLob","DemoMod:MemoryAlloy","testmod-EqualTreatment","Tiny House","MutagenicStrength","Circlet","Red Mask"],"acts_visited":["Exordium","TheCity"],"potions_floor_usage":[],"damage_taken":[{"damage":22,"enemies":"Jaw Worm","floor":1,"turns":2},{"damage":5,"enemies":"Cultist","floor":2,"turns":2},{"damage":14,"enemies":"2 Louse","floor":4,"turns":2},{"damage":0,"enemies":"Lagavulin","floor":7,"turns":2},{"damage":36,"enemies":"Large Slime","floor":12,"turns":2},{"damage":10,"enemies":"Slime Boss","floor":16,"turns":3},{"damage":64,"enemies":"2 Thieves","floor":21,"turns":3},{"damage":29,"enemies":"Chosen","floor":24,"turns":2},{"damage":10,"enemies":"Shelled Parasite and Fungi","floor":28,"turns":3},{"damage":0,"enemies":"3 Cultists","floor":29,"turns":2},{"damage":39,"enemies":"Masked Bandits","floor":30,"turns":3},{"damage":157,"enemies":"Centurion and Healer","floor":31,"turns":3}],"seed_played":"-3103092074277797106","potions_obtained":[{"floor":2,"key":"testmod-SpacePotion"},{"floor":21,"key":"DemoMod:LeadSkinPotion"},{"floor":29,"key":"Explosive Potion"}],"is_trial":false,"path_per_floor":["M","M","?","M","$","R","E","R","T","R","?","M","$","?","R","B",null,"M","$","?","M","?","R","M","?","T","R","M","M","?","M"],"character_chosen":"Angela","items_purchased":["FeatherOfHonor"],"campfire_rested":1,"item_purchase_floors":[5],"current_hp_per_floor":[66,63,63,50,50,50,50,50,50,50,50,53,53,53,70,70,75,75,75,75,75,75,75,75,75,75,75,71,71,70,0,0],"gold":784,"neow_bonus":"REMOVE_CARD","is_daily":false,"chose_seed":false,"campfire_upgraded":2,"win_rate":0.0,"timestamp":1612758106,"path_taken":["M","M","?","M","?","R","E","R","T","R","?","M","$","?","R","BOSS","M","$","?","M","?","R","M","?","T","R","M","?","?","M"],"items_purchased_type":["Card"],"build_version":"2020-12-22","purchased_purges":2,"victory":false,"max_hp_per_floor":[70,70,70,70,70,70,70,70,70,70,70,70,70,70,70,70,75,75,75,75,75,75,75,75,75,75,75,75,75,75,75,75],"card_choices":[{"not_picked":["QueenBee","GalaxyChild"],"picked":"CrumblingArmor","floor":1},{"not_picked":["TheSmile"],"picked":"Hypocrisy","floor":1},{"not_picked":["FrostShard"],"picked":"Lamp","floor":1},{"not_picked":["RapturousDream","Reverberation"],"picked":"SKIP","floor":2},{"not_picked":["Gaze","Heaven"],"picked":"SKIP","floor":2},{"not_picked":["RedEyes","Noise"],"picked":"SKIP","floor":4},{"not_picked":["Diffraction","GrinderMk4"],"picked":"SKIP","floor":4},{"not_picked":["RedEyes","Noise"],"picked":"SKIP","floor":4},{"not_picked":["Diffraction","GrinderMk4"],"picked":"SKIP","floor":4},{"not_picked":["Soda","Pleasure"],"picked":"SKIP","floor":7},{"not_picked":["TheSmile","RapturousDream"],"picked":"SKIP","floor":7},{"not_picked":["MeatLantern","SnowQueen"],"picked":"CENSORED","floor":12},{"not_picked":["Mimicry","Soda"],"picked":"SKIP","floor":12},{"not_picked":["Tough","CENSORED_ego"],"picked":"SKIP","floor":12},{"not_picked":["SoundOfStar"],"picked":"ParadiseLost","floor":16},{"not_picked":["Moonlight","Soda"],"picked":"SKIP","floor":21},{"not_picked":["SwordSharpenedByTears","CUTE"],"picked":"SKIP","floor":21},{"not_picked":["WristCuter","Beak","BearPaw"],"picked":"SKIP","floor":24},{"not_picked":["RapturousDream+1","GrinderMk4+1","Laetitia_ego+1"],"picked":"SKIP","floor":24},{"not_picked":["MHz","DespairKnight","Yin"],"picked":"Singing Bowl","floor":28},{"not_picked":["Beak+1","ScreamingWedge","Pinks"],"picked":"SKIP","floor":28},{"not_picked":["Hornet+1","CrimsonScar","Penitence"],"picked":"SKIP","floor":28},{"not_picked":["ShedSkin","Justitia","Gaze"],"picked":"SKIP","floor":29},{"not_picked":["Amita","SomewhereSpear","SolemnVow+1"],"picked":"SKIP","floor":29},{"not_picked":["SoundOfStar+1","Hornet+1"],"picked":"Horn+1","floor":30}],"player_experience":80355,"relics_obtained":[{"floor":4,"key":"LetterFromLob"},{"floor":7,"key":"DemoMod:MemoryAlloy"},{"floor":9,"key":"testmod-EqualTreatment"},{"floor":30,"key":"Red Mask"}],"event_choices":[{"cards_removed":["SpecialBullet"],"damage_healed":0,"gold_gain":0,"player_choice":"Purged","damage_taken":0,"max_hp_gain":0,"max_hp_loss":0,"event_name":"Purifier","floor":3,"gold_loss":0},{"damage_healed":0,"gold_gain":0,"player_choice":"Ignored","damage_taken":0,"max_hp_gain":0,"max_hp_loss":0,"event_name":"给自己的盒子","floor":14,"gold_loss":0},{"damage_healed":0,"gold_gain":0,"player_choice":"Inject Mutagens","damage_taken":0,"relics_obtained":["MutagenicStrength"],"max_hp_gain":0,"max_hp_loss":0,"event_name":"Drug Dealer","floor":20,"gold_loss":0},{"damage_healed":0,"gold_gain":0,"player_choice":"Ignored","damage_taken":0,"max_hp_gain":0,"max_hp_loss":0,"event_name":"Ghosts","floor":22,"gold_loss":0},{"damage_healed":0,"gold_gain":0,"player_choice":"Traded Relic","damage_taken":0,"relics_obtained":["Circlet"],"max_hp_gain":0,"max_hp_loss":0,"event_name":"N\u0027loth","floor":25,"relics_lost":["Tiny House"],"gold_loss":0},{"damage_healed":0,"gold_gain":0,"player_choice":"Fought Bandits","damage_taken":0,"max_hp_gain":0,"max_hp_loss":0,"event_name":"Masked Bandits","floor":30,"gold_loss":0}],"is_beta":false,"boss_relics":[{"not_picked":["ChewingGum","testmod-Prudence"],"picked":"Tiny House"}],"items_purged_floors":[13,19],"is_endless":false,"potions_floor_spawned":[2,7,21,24,29],"killed_by":"Centurion and Healer","ascension_level":0}}