{"host":"4eao2pkwlmv012cz","time":1612774860,"event":{"mods":["BaseMod","Colored Powertips","Minty Spire (QoL Compilation)","Permanent Neow","Quick Restart","Random Character Button","StSLib"],"gold_per_floor":[20,20,39,56,56,56,75,107,107,107,126,137,137,149,149,223,223,234,245,261,261,261],"floor_reached":21,"language":"ENG","playtime":577,"items_purged":[],"score":370,"play_id":"65297b18-f6b5-485e-ae8d-072e9b77a739","local_time":"20210208040100","is_ascension_mode":true,"campfire_choices":[{"data":"Defragment","floor":6,"key":"SMITH"},{"data":"Loop","floor":10,"key":"SMITH"},{"data":"Storm","floor":13,"key":"SMITH"},{"data":"Rainbow","floor":15,"key":"SMITH"}],"circlet_count":0,"master_deck":["AscendersBane","Strike_B","Strike_B","Strike_B","Defend_B","Defend_B","Defend_B","Zap+1","Dualcast","Loop+1","Undo","Compile Driver","Chaos+1","Defragment+1","Sunder","Doom and Gloom","White Noise","Storm+1","Rainbow+1","Rainbow","Force Field","Barrage","Multi-Cast"],"relics":["Cracked Core","Centennial Puzzle","Cables","Sozu"],"acts_visited":["Exordium","TheCity"],"potions_floor_usage":[7,12,16],"damage_taken":[{"damage":5,"enemies":"Small Slimes","floor":1,"turns":3},{"damage":6,"enemies":"2 Louse","floor":3,"turns":2},{"damage":0,"enemies":"Cultist","floor":4,"turns":3},{"damage":0,"enemies":"Exordium Thugs","floor":7,"turns":3},{"damage":11,"enemies":"Gremlin Nob","floor":8,"turns":3},{"damage":1,"enemies":"Looter","floor":11,"turns":3},{"damage":0,"enemies":"Exordium Wildlife","floor":12,"turns":2},{"damage":8,"enemies":"Blue Slaver","floor":14,"turns":2},{"damage":29,"enemies":"The Guardian","floor":16,"turns":7},{"damage":0,"enemies":"Chosen","floor":18,"turns":3},{"damage":11,"enemies":"Shell Parasite","floor":19,"turns":4},{"damage":9,"enemies":"Centurion and Healer","floor":20,"turns":3},{"damage":37,"enemies":"Masked Bandits","floor":21,"turns":2}],"seed_played":"-5409376720895208107","potions_obtained":[{"floor":1,"key":"DistilledChaos"},{"floor":4,"key":"PotionOfCapacity"},{"floor":8,"key":"BlessingOfTheForge"}],"is_trial":false,"path_per_floor":["M","?","M","M","?","R","M","E","T","R","M","M","R","M","R","B",null,"M","M","M","?"],"character_chosen":"DEFECT","items_purchased":[],"campfire_rested":0,"item_purchase_floors":[],"current_hp_per_floor":[59,59,53,53,53,53,53,42,42,42,41,41,41,33,33,4,54,54,43,34,0,0],"gold":261,"neow_bonus":"TRANSFORM_TWO_CARDS","is_daily":false,"chose_seed":false,"campfire_upgraded":4,"win_rate":0.0,"timestamp":1612774860,"path_taken":["M","?","M","M","?","R","M","E","T","R","M","M","R","M","R","BOSS","M","?","M","?"],"items_purchased_type":[],"build_version":"2020-12-22","purchased_purges":0,"victory":false,"max_hp_per_floor":[71,71,71,71,71,71,71,71,71,71,71,71,71,71,71,71,71,71,71,71,71,71],"card_choices":[{"not_picked":["Aggregate","Hologram"],"picked":"Compile Driver","floor":1},{"not_picked":["Skim","Barrage"],"picked":"Chaos","floor":3},{"not_picked":["Conserve Battery","Coolheaded"],"picked":"Defragment","floor":4},{"not_picked":["Streamline","Self Repair"],"picked":"Sunder","floor":7},{"not_picked":["Sweeping Beam","Genetic Algorithm"],"picked":"Doom and Gloom","floor":8},{"not_picked":["Scrape","Rebound"],"picked":"White Noise","floor":11},{"not_picked":["Turbo","Barrage"],"picked":"Storm","floor":12},{"not_picked":["Rebound","Steam"],"picked":"Rainbow","floor":14},{"not_picked":["Reboot","Buffer"],"picked":"Rainbow","floor":16},{"not_picked":["Conserve Battery","Go for the Eyes"],"picked":"Force Field","floor":18},{"not_picked":["Redo","Steam"],"picked":"Barrage","floor":19},{"not_picked":["Recycle","Streamline"],"picked":"Multi-Cast","floor":20}],"player_experience":2907635,"relics_obtained":[{"floor":8,"key":"Centennial Puzzle"},{"floor":9,"key":"Cables"}],"event_choices":[{"damage_healed":0,"gold_gain":0,"player_choice":"Grow","damage_taken":0,"max_hp_gain":0,"max_hp_loss":0,"event_name":"Living Wall","floor":2,"gold_loss":0,"cards_upgraded":["Zap"]},{"damage_healed":0,"gold_gain":0,"player_choice":"Upgraded","damage_taken":0,"max_hp_gain":0,"max_hp_loss":0,"event_name":"Upgrade Shrine","floor":5,"gold_loss":0,"cards_upgraded":["Chaos"]},{"damage_healed":0,"gold_gain":0,"player_choice":"Fought Bandits","damage_taken":0,"max_hp_gain":0,"max_hp_loss":0,"event_name":"Masked Bandits","floor":21,"gold_loss":0}],"is_beta":false,"boss_relics":[{"not_picked":["Empty Cage","SlaversCollar"],"picked":"Sozu"}],"items_purged_floors":[],"is_endless":false,"potions_floor_spawned":[1,4,8,11,18],"killed_by":"Masked Bandits","ascension_level":20}}