{"host":"Black","time":1612749093,"event":{"mods":["Act Like it!","Always Whale","AlwaysNeverKeys","Aspiration","BaseMod","Beta Mode","BetterRewards","Colored Map","Colored Powertips","Custom Start","DeckTracker","Downfall","FetchMod","Highlight Path","Hubris","Minty Spire (QoL Compilation)","MoreRelics","Quick Restart","Random Character Button","Shop Mod","StSLib","SuperFastMode","Unceasing Turn Reminder","everything is the same but u backflip on backflip"],"gold_per_floor":[113,159,170,120,45,45,59,87,87,87,103,3,17,44,44,143,143,155,2,12,12,12,12,47,65,65,91,102,122,142,174,174,269,269,282,282,302,302,67,100,100,100,100,73,126,126,146,159,159,159],"floor_reached":51,"language":"ENG","playtime":2692,"items_purged":["Strike_R","Defend_R"],"score":970,"play_id":"cffdd174-a296-48cb-901f-673164a09491","local_time":"20210208025133","is_ascension_mode":false,"campfire_choices":[{"data":"Feed","floor":6,"key":"SMITH"},{"data":"Blur","floor":10,"key":"SMITH"},{"data":"Shockwave","floor":15,"key":"SMITH"},{"data":"Twin Strike","floor":23,"key":"SMITH"},{"data":"Inflame","floor":32,"key":"SMITH"},{"data":"Disarm","floor":42,"key":"SMITH"},{"data":"Jack Of All Trades","floor":46,"key":"SMITH"},{"data":"Inflame","floor":49,"key":"SMITH"}],"circlet_count":0,"master_deck":["Jack Of All Trades+1","Blur+1","Feed+1","Skim","Genetic Algorithm","Genetic Algorithm","Genetic Algorithm","Disarm+1","Twin Strike+1","Shockwave+1","Shrug It Off","Offering","Spot Weakness+1","Metallicize","Battle Trance","Twin Strike","RitualDagger+1","Inflame+1","Immolate+1","Pommel Strike+1","Inflame+1","Disarm+1","Sword Boomerang","hubris:ReadiedAction+1","Metallicize"],"relics":["Burning Blood","Bag of Preparation","hubris:64BitClover","Sling","Strawberry","Slimebound:PreparedRelic","hexamod:Sixitude","Mummified Hand","hubris:RunicObelisk","PreservedInsect","Strange Spoon","Tiny Chest","Darkstone Periapt","hubris:ChampionShield","Matryoshka","hubris:TerracottaHorce","hubris:IronBody","Red Skull","sneckomod:BlankCard","hubris:CuriousFeather","aspiration:ChemicalBlood","hubris:SphereOfDissonance","Art of War","Dead Branch"],"acts_visited":["Exordium","TheCity","TheBeyond"],"potions_floor_usage":[24,24,33,50,50],"damage_taken":[{"damage":11,"enemies":"Cultist","floor":1,"turns":5},{"damage":0,"enemies":"Small Slimes","floor":3,"turns":7},{"damage":2,"enemies":"2 Louse","floor":7,"turns":8},{"damage":25,"enemies":"Lagavulin","floor":8,"turns":8},{"damage":0,"enemies":"Lots of Slimes","floor":11,"turns":5},{"damage":3,"enemies":"3 Louse","floor":13,"turns":5},{"damage":0,"enemies":"3 Sentries","floor":14,"turns":9},{"damage":0,"enemies":"The Guardian","floor":16,"turns":16},{"damage":6,"enemies":"2 Thieves","floor":18,"turns":4},{"damage":12,"enemies":"3 Byrds","floor":20,"turns":4},{"damage":6,"enemies":"Slavers","floor":24,"turns":2},{"damage":6,"enemies":"Sentry and Sphere","floor":25,"turns":4},{"damage":6,"enemies":"Gremlin Leader","floor":27,"turns":2},{"damage":6,"enemies":"Centurion and Healer","floor":28,"turns":6},{"damage":12,"enemies":"Snake Plant","floor":29,"turns":5},{"damage":10,"enemies":"Snecko","floor":30,"turns":5},{"damage":6,"enemies":"Slavers","floor":31,"turns":3},{"damage":23,"enemies":"Collector","floor":33,"turns":5},{"damage":0,"enemies":"3 Shapes","floor":35,"turns":3},{"damage":6,"enemies":"Orb Walker","floor":37,"turns":2},{"damage":6,"enemies":"Reptomancer","floor":40,"turns":4},{"damage":6,"enemies":"2 Orb Walkers","floor":45,"turns":3},{"damage":12,"enemies":"Maw","floor":47,"turns":4},{"damage":6,"enemies":"Writhing Mass","floor":48,"turns":2},{"damage":19,"enemies":"Time Eater","floor":50,"turns":7}],"seed_played":"2979826617983744501","potions_obtained":[{"floor":8,"key":"Dexterity Potion"},{"floor":11,"key":"Strength Potion"},{"floor":14,"key":"AttackPotion"},{"floor":18,"key":"Guardian:BlockOnCardUsePotion"},{"floor":28,"key":"Fire Potion"},{"floor":29,"key":"PowerPotion"},{"floor":37,"key":"hexamod:SoulburnPotion"},{"floor":47,"key":"CultistPotion"}],"is_trial":true,"path_per_floor":["M","T","M","?","$","R","M","E","T","R","M","$","M","E","R","B",null,"M","$","M","?","$","R","E","M","T","E","M","M","M","E","R","B",null,"M","?","M","?","$","E","T","R","T","$","?","R","M","M","R","B",null],"character_chosen":"IRONCLAD","items_purchased":["Strange Spoon","Red Skull","Inflame","Sword Boomerang"],"campfire_rested":0,"item_purchase_floors":[19,39,39,44],"current_hp_per_floor":[75,82,90,90,90,90,94,75,75,75,85,85,92,102,102,106,106,106,106,104,104,104,104,108,112,112,116,120,118,114,118,118,105,130,136,136,140,135,135,139,139,139,139,139,143,143,137,137,137,128],"gold":159,"neow_bonus":"","is_daily":false,"chose_seed":false,"campfire_upgraded":8,"win_rate":0.0,"timestamp":1612749093,"path_taken":["M","?","M","?","$","R","M","E","T","R","M","$","M","E","R","BOSS","M","$","M","?","$","R","E","M","T","E","?","M","M","E","R","BOSS","M","?","M","?","$","E","?","R","T","$","?","R","M","M","R","BOSS"],"items_purchased_type":["Relic","Relic","Card","Card"],"build_version":"2020-12-22","purchased_purges":2,"victory":true,"max_hp_per_floor":[80,87,90,90,90,90,94,94,94,94,98,98,102,106,106,106,106,106,106,110,110,110,110,114,118,118,122,126,130,130,134,134,138,138,138,138,142,135,135,139,139,139,139,139,143,143,143,143,143,147],"card_choices":[{"not_picked":["Thunderclap","Rampage"],"picked":"Disarm","floor":1},{"not_picked":["Perfected Strike","Clothesline","True Grit"],"picked":"SKIP","floor":3},{"not_picked":["Perfected Strike","Burning Pact"],"picked":"Twin Strike","floor":7},{"not_picked":["Armaments","Perfected Strike","hubris:ReadiedAction"],"picked":"SKIP","floor":8},{"not_picked":["Power Through","Cleave"],"picked":"Shockwave","floor":11},{"not_picked":["Carnage","Heavy Blade"],"picked":"Shrug It Off","floor":13},{"not_picked":["Anger","Perfected Strike","Pummel"],"picked":"SKIP","floor":14},{"not_picked":["Fiend Fire","Berserk"],"picked":"Offering","floor":16},{"not_picked":["Shockwave","Blood for Blood"],"picked":"Spot Weakness+1","floor":18},{"not_picked":["True Grit+1","Evolve+1","Dark Embrace"],"picked":"SKIP","floor":20},{"not_picked":["True Grit","Rupture"],"picked":"Metallicize","floor":24},{"not_picked":["Thunderclap","Evolve","Sever Soul"],"picked":"SKIP","floor":25},{"not_picked":["Warcry","Rage+1"],"picked":"Battle Trance","floor":27},{"not_picked":["Wild Strike","Warcry"],"picked":"Twin Strike","floor":28},{"not_picked":["Armaments","Heavy Blade","Anger"],"picked":"SKIP","floor":29},{"not_picked":["Sentinel+1","Anger+1","Warcry"],"picked":"SKIP","floor":30},{"not_picked":["Thunderclap","Evolve+1"],"picked":"Inflame","floor":31},{"not_picked":["Fiend Fire","Brutality"],"picked":"Immolate","floor":33},{"not_picked":["Thunderclap+1","Sword Boomerang"],"picked":"Pommel Strike+1","floor":35},{"not_picked":["Bloodletting+1","Clothesline+1","True Grit+1"],"picked":"SKIP","floor":37},{"not_picked":["hubris:SharpeningStone+1","Carnage+1"],"picked":"Disarm+1","floor":40},{"not_picked":["Flex","Iron Wave+1"],"picked":"hubris:ReadiedAction+1","floor":47},{"not_picked":["Fire Breathing","hubris:CleavingFinish+1"],"picked":"Metallicize","floor":48}],"player_experience":495122,"relics_obtained":[{"floor":8,"key":"Slimebound:PreparedRelic"},{"floor":9,"key":"hexamod:Sixitude"},{"floor":14,"key":"Mummified Hand"},{"floor":18,"key":"PreservedInsect"},{"floor":24,"key":"Tiny Chest"},{"floor":26,"key":"Darkstone Periapt"},{"floor":27,"key":"hubris:ChampionShield"},{"floor":31,"key":"Matryoshka"},{"floor":35,"key":"hubris:IronBody"},{"floor":40,"key":"sneckomod:BlankCard"},{"floor":41,"key":"hubris:CuriousFeather"},{"floor":41,"key":"aspiration:ChemicalBlood"},{"floor":43,"key":"hubris:SphereOfDissonance"},{"floor":43,"key":"Art of War"},{"floor":45,"key":"Dead Branch"}],"event_choices":[{"cards_removed":["Defend_R"],"damage_healed":0,"gold_gain":0,"player_choice":"Card Removal","damage_taken":0,"max_hp_gain":0,"max_hp_loss":0,"event_name":"The Cleric","floor":4,"gold_loss":50},{"cards_removed":["Strike_R"],"damage_healed":0,"gold_gain":0,"player_choice":"Purged","damage_taken":0,"max_hp_gain":0,"max_hp_loss":0,"event_name":"Purifier","floor":21,"gold_loss":0},{"damage_healed":0,"gold_gain":0,"player_choice":"Max HP","damage_taken":0,"max_hp_gain":0,"max_hp_loss":7,"event_name":"Winding Halls","floor":38,"gold_loss":0},{"damage_healed":0,"gold_gain":0,"player_choice":"Fight","damage_taken":0,"max_hp_gain":0,"max_hp_loss":0,"event_name":"Mysterious Sphere","floor":45,"gold_loss":0}],"is_beta":true,"boss_relics":[{"not_picked":["Velvet Choker","Pandora\u0027s Box"],"picked":"hubris:RunicObelisk"},{"not_picked":["hubris:VirtuousBlindfold","hubris:HollowSoul"],"picked":"hubris:TerracottaHorce"}],"items_purged_floors":[5,12],"is_endless":false,"potions_floor_spawned":[8,11,14,18,28,29,31,37,47,48],"ascension_level":0}}