{"host":"xhy9gc4eyomy2i9o","time":1612794093,"event":{"mods":["AchievementEnabler","Act Like it!","BaseMod","Better Vampires","Minty Spire (QoL Compilation)","Permanent Neow","Quick Restart","Replay The Spire","Shop Mod","StSLib","Waifu the Spire"],"gold_per_floor":[109,127,144,158,12,46,46,46,70,85,36,50,50,84,84,181,181,196,39,55,71,89,89,89],"floor_reached":23,"language":"ZHS","playtime":1336,"items_purged":["Dualcast"],"score":328,"play_id":"be61fcb2-03f8-4bc3-83fe-4a1f76992642","local_time":"20210208222133","is_ascension_mode":true,"campfire_choices":[{"floor":7.0,"key":"REST"},{"floor":13.0,"key":"REST"}],"circlet_count":0,"master_deck":["AscendersBane","Strike_B+1","Strike_B","Strike_B+1","Strike_B","Defend_B","Defend_B","Defend_B","Defend_B","Sweeping Beam","Skim","Steam","Hologram+1","Chaos","Steam","Coolheaded","Reprogram","Hyperbeam","Buffer","Steam","Finesse","White Noise","Gash"],"relics":["Fusion Hammer","Omamori","Replay:Wax Seal","Simple Rune","Blood Vial","Calling Bell","Potion Belt","Eternal Feather","TungstenRod"],"acts_visited":["Exordium","TheCity"],"potions_floor_usage":[],"damage_taken":[{"damage":1.0,"enemies":"Cultist","floor":1.0,"turns":4.0},{"damage":2.0,"enemies":"Small Slimes","floor":2.0,"turns":3.0},{"damage":1.0,"enemies":"2 Louse","floor":3.0,"turns":4.0},{"damage":7.0,"enemies":"Lots of Slimes","floor":4.0,"turns":5.0},{"damage":34.0,"enemies":"Lagavulin","floor":6.0,"turns":9.0},{"damage":4.0,"enemies":"2 Fungi Beasts","floor":10.0,"turns":4.0},{"damage":2.0,"enemies":"Exordium Thugs","floor":12.0,"turns":5.0},{"damage":25.0,"enemies":"3 Sentries","floor":14.0,"turns":10.0},{"damage":8.0,"enemies":"Fading Forest","floor":16.0,"turns":11.0},{"damage":23.0,"enemies":"Spheric Guardian","floor":18.0,"turns":5.0},{"damage":10.0,"enemies":"Shell Parasite","floor":20.0,"turns":9.0},{"damage":16.0,"enemies":"Centurion and Healer","floor":21.0,"turns":9.0},{"damage":26.0,"enemies":"Shelled Parasite and Fungi","floor":22.0,"turns":7.0},{"damage":0,"enemies":"Slavers","floor":23,"turns":1}],"seed_played":"-5579487257604876187","potions_obtained":[{"floor":2.0,"key":"SpeedPotion"},{"floor":6.0,"key":"PowerPotion"},{"floor":10.0,"key":"Adrenaline Potion"},{"floor":12.0,"key":"Block Potion"},{"floor":18.0,"key":"Regen Potion"},{"floor":21.0,"key":"Venom Potion"}],"is_trial":false,"path_per_floor":["M","M","M","M","$","E","R","?","T","M","$","M","R","E","R","B",null,"M","$","M","M","M","E"],"character_chosen":"DEFECT","items_purchased":["Omamori","Coolheaded","Finesse"],"campfire_rested":2,"item_purchase_floors":[5,11,19],"current_hp_per_floor":[67,65,64,57,57,23,45,45,45,41,41,39,61,36,36,38,66,45,45,52,38,14,16,16],"gold":89,"neow_bonus":"BOSS_RELIC","is_daily":false,"chose_seed":false,"campfire_upgraded":0,"win_rate":0.0,"timestamp":1612794093,"path_taken":["M","M","?","M","$","E","R","?","T","M","$","M","R","E","R","BOSS","M","$","M","M","M","E"],"items_purchased_type":["Relic","Card","Card"],"build_version":"2020-12-22","purchased_purges":1,"victory":false,"max_hp_per_floor":[75,75,75,75,75,75,75,75,75,75,75,75,75,75,75,75,75,75,75,75,75,75,75,75],"card_choices":[{"not_picked":["Turbo","Cold Snap"],"picked":"Sweeping Beam","floor":1.0},{"not_picked":["Streamline","Barrage"],"picked":"Skim","floor":2.0},{"not_picked":["Streamline","Barrage"],"picked":"Steam","floor":3.0},{"not_picked":["Recycle","Go for the Eyes"],"picked":"Hologram","floor":4.0},{"not_picked":["ReplayRNGCard","Panic Button"],"picked":"Chaos","floor":6.0},{"not_picked":["Genetic Algorithm","Streamline"],"picked":"Steam","floor":10.0},{"not_picked":["Compile Driver","Sunder"],"picked":"Reprogram","floor":12.0},{"not_picked":["Undo","ReplaySort","Fusion"],"picked":"SKIP","floor":14.0},{"not_picked":["Fission","Meteor Strike"],"picked":"Buffer","floor":16.0},{"not_picked":["Rebound","Heatsinks"],"picked":"Steam","floor":18.0},{"not_picked":["Go for the Eyes","Coolheaded"],"picked":"White Noise","floor":20.0},{"not_picked":["Cold Snap","Genetic Algorithm"],"picked":"Gash","floor":21.0},{"not_picked":["Chaos","ReplayTheSpireMod:Repulse","Reinforced Body"],"picked":"SKIP","floor":22.0}],"player_experience":535749,"relics_obtained":[{"floor":6.0,"key":"Replay:Wax Seal"},{"floor":9.0,"key":"Simple Rune"},{"floor":14.0,"key":"Blood Vial"},{"floor":17.0,"key":"Potion Belt"},{"floor":17.0,"key":"Eternal Feather"},{"floor":17.0,"key":"TungstenRod"}],"event_choices":[{"damage_healed":0.0,"max_hp_gain":0.0,"max_hp_loss":0.0,"gold_gain":0.0,"event_name":"Upgrade Shrine","player_choice":"Upgraded","floor":8.0,"gold_loss":0.0,"damage_taken":0.0,"cards_upgraded":["Hologram"]}],"is_beta":false,"boss_relics":[{"not_picked":["Runic Pyramid","Velvet Choker"],"picked":"Calling Bell"}],"items_purged_floors":[19],"is_endless":false,"potions_floor_spawned":[2,6,10,12,18,21],"killed_by":"Slavers","ascension_level":12}}