{"host":"1focbxb2e8qu7ccd","time":1612824110,"event":{"mods":["AchievementEnabler","BaseMod","Bestiary","Highlight Path","Minty Spire (QoL Compilation)","Relic Stats"],"gold_per_floor":[13,32,32,32,47,82,82,7,7,17,17,17,50,64,64,141,141,155,178,191,202,202,202,202],"floor_reached":23,"language":"ENG","playtime":1191,"items_purged":[],"score":402,"play_id":"180694d4-99bc-4a0a-a2b1-5c3422423b84","local_time":"20210208174150","is_ascension_mode":true,"campfire_choices":[{"data":"Rage","floor":7.0,"key":"SMITH"},{"data":"Rampage","floor":11.0,"key":"SMITH"},{"data":"Bash","floor":15.0,"key":"SMITH"}],"circlet_count":0,"master_deck":["AscendersBane","Strike_R","Strike_R","Defend_R","Defend_R","Defend_R","Bash+1","Brutality","Twin Strike","Rage+1","Pommel Strike","Rampage+1","Hemokinesis","Battle Trance","Corruption","Impervious","Body Slam","Shrug It Off+1","Bloodletting","Ghostly","Ghostly","Ghostly"],"relics":["Burning Blood","Paper Frog","Centennial Puzzle","Blood Vial","SacredBark","Smiling Mask"],"acts_visited":["Exordium","TheCity"],"potions_floor_usage":[16,16,21],"damage_taken":[{"damage":10.0,"enemies":"Jaw Worm","floor":1.0,"turns":4.0},{"damage":2.0,"enemies":"Cultist","floor":2.0,"turns":3.0},{"damage":3.0,"enemies":"Small Slimes","floor":5.0,"turns":4.0},{"damage":21.0,"enemies":"3 Sentries","floor":6.0,"turns":7.0},{"damage":12.0,"enemies":"3 Louse","floor":10.0,"turns":4.0},{"damage":28.0,"enemies":"Gremlin Nob","floor":13.0,"turns":4.0},{"damage":4.0,"enemies":"Red Slaver","floor":14.0,"turns":2.0},{"damage":29,"enemies":"The Guardian","floor":16,"turns":8},{"damage":5,"enemies":"Spheric Guardian","floor":18,"turns":4},{"damage":5,"enemies":"Chosen","floor":20,"turns":5},{"damage":49,"enemies":"Centurion and Healer","floor":21,"turns":8},{"damage":39,"enemies":"Book of Stabbing","floor":23,"turns":5}],"seed_played":"5157593797032410436","potions_obtained":[{"floor":5.0,"key":"Block Potion"},{"floor":10.0,"key":"ColorlessPotion"},{"floor":12.0,"key":"PowerPotion"},{"floor":16,"key":"BloodPotion"},{"floor":21,"key":"Dexterity Potion"}],"is_trial":false,"path_per_floor":["M","M","?","?","M","E","R","?","T","M","R","?","E","M","R","B",null,"M","T","M","M","?","E"],"character_chosen":"IRONCLAD","items_purchased":[],"campfire_rested":0,"item_purchase_floors":[],"current_hp_per_floor":[64,68,68,68,71,56,56,56,56,50,50,50,28,32,32,11,59,62,62,65,54,37,0,0],"gold":202,"neow_bonus":"TRANSFORM_TWO_CARDS","is_daily":false,"chose_seed":false,"campfire_upgraded":3,"win_rate":0.0,"timestamp":1612824110,"path_taken":["M","M","?","?","?","E","R","?","T","M","R","?","E","M","R","BOSS","M","?","M","?","?","E"],"items_purchased_type":[],"build_version":"2020-12-22","purchased_purges":0,"victory":false,"max_hp_per_floor":[75,75,75,75,75,75,75,75,75,75,75,75,75,75,75,75,75,75,75,75,75,37,37,37],"relic_stats":{"Blood Vial":10,"Centennial Puzzle":[24],"counters":[12,58],"Smiling Mask":0,"obtain_stats":[{"Blood Vial":13,"Centennial Puzzle":9,"SacredBark":17,"Smiling Mask":19,"Burning Blood":0,"Paper Frog":6},{"Blood Vial":6,"Centennial Puzzle":4,"SacredBark":8,"Smiling Mask":9,"Burning Blood":0,"Paper Frog":4},{"Blood Vial":26,"Centennial Puzzle":18,"SacredBark":36,"Smiling Mask":40,"Burning Blood":0,"Paper Frog":18}],"Burning Blood":66},"card_choices":[{"not_picked":["Heavy Blade","Dropkick"],"picked":"Rage","floor":1.0},{"not_picked":["Power Through","Infernal Blade"],"picked":"Pommel Strike","floor":2.0},{"not_picked":["Uppercut","Clothesline"],"picked":"Hemokinesis","floor":5.0},{"not_picked":["Pommel Strike","Warcry","Second Wind"],"picked":"SKIP","floor":6.0},{"not_picked":["Iron Wave","Rage"],"picked":"Battle Trance","floor":10.0},{"not_picked":["Havoc","Power Through","Battle Trance"],"picked":"SKIP","floor":13.0},{"not_picked":["True Grit","Combust"],"picked":"Corruption","floor":14.0},{"not_picked":["Juggernaut","Demon Form"],"picked":"Impervious","floor":16},{"not_picked":["Dropkick","Pummel"],"picked":"Body Slam","floor":18},{"not_picked":["Searing Blow","Anger"],"picked":"Shrug It Off+1","floor":20},{"not_picked":["True Grit","Pummel"],"picked":"Bloodletting","floor":21}],"player_experience":900659,"relics_obtained":[{"floor":6.0,"key":"Paper Frog"},{"floor":9.0,"key":"Centennial Puzzle"},{"floor":13.0,"key":"Blood Vial"},{"floor":19,"key":"Smiling Mask"}],"event_choices":[{"damage_healed":0.0,"max_hp_gain":0.0,"max_hp_loss":0.0,"gold_gain":0.0,"cards_transformed":["Strike_R"],"event_name":"Living Wall","player_choice":"Change","floor":3.0,"gold_loss":0.0,"damage_taken":0.0,"cards_obtained":["Rampage"]},{"damage_healed":0.0,"max_hp_gain":0.0,"max_hp_loss":0.0,"gold_gain":0.0,"event_name":"WeMeetAgain","player_choice":"Ignored","floor":4.0,"gold_loss":0.0,"damage_taken":0.0},{"cards_removed":["Strike_R"],"damage_healed":0.0,"max_hp_gain":0.0,"max_hp_loss":0.0,"gold_gain":0.0,"event_name":"The Cleric","player_choice":"Card Removal","floor":8.0,"gold_loss":75.0,"damage_taken":0.0},{"damage_healed":0.0,"max_hp_gain":0.0,"max_hp_loss":0.0,"gold_gain":0.0,"event_name":"Lab","player_choice":"Got Potions","floor":12.0,"gold_loss":0.0,"damage_taken":0.0},{"damage_healed":0,"gold_gain":0,"player_choice":"Became a Ghost","damage_taken":0,"max_hp_gain":0,"max_hp_loss":38,"event_name":"Ghosts","floor":22,"gold_loss":0,"cards_obtained":["Ghostly","Ghostly","Ghostly"]}],"is_beta":false,"boss_relics":[{"not_picked":["Fusion Hammer","Sozu"],"picked":"SacredBark"}],"items_purged_floors":[],"is_endless":false,"potions_floor_spawned":[5,10,13,16,21],"killed_by":"Book of Stabbing","ascension_level":20}}