{"host":"mo324zvkdr1xwprd","time":1612799717,"event":{"mods":["BaseMod","Better Note","BetterRewards","Hermit","Highlight Path","Hubris","Minty Spire (QoL Compilation)","Quick Restart","Rare Cards Sparkle","Shop Mod","StSLib","The Cursed","The Hierophant"],"gold_per_floor":[114,124,138,138,152,181,181,199,199,228,240,253,267,279,279,379,379,393,38,50,65,84,110,110,110,110],"floor_reached":25,"language":"ENG","playtime":1800,"items_purged":[],"score":450,"play_id":"9c4a2584-c5bd-4446-afa8-097c4b0f4c52","local_time":"20210208155517","is_ascension_mode":true,"campfire_choices":[{"floor":7.0,"key":"REST"},{"floor":15.0,"key":"RECALL"},{"floor":24.0,"key":"REST"}],"circlet_count":0,"master_deck":["Strike_R","Strike_R","Strike_R","Strike_R","Strike_R","Defend_R","Defend_R","Defend_R","Defend_R","Bash","Mind Blast","Mind Blast","Inflame","Apotheosis+1","Thunderclap","Intimidate","Iron Wave","Pommel Strike","Sword Boomerang","Perfected Strike","Impervious","Clothesline","Flame Barrier","Whirlwind","Fire Breathing+1","Feed","Inflame+1","Cleave","Infernal Blade","Twin Strike","Pommel Strike","Reaper","Shrug It Off+1"],"relics":["Black Blood","Gambling Chip","Frozen Egg 2","hubris:PeanutButter","hubris:Potato","Unceasing Top","Dream Catcher"],"acts_visited":["Exordium","TheCity"],"potions_floor_usage":[],"damage_taken":[{"damage":8.0,"enemies":"Cultist","floor":1.0,"turns":4.0},{"damage":5.0,"enemies":"2 Louse","floor":2.0,"turns":3.0},{"damage":5.0,"enemies":"Small Slimes","floor":3.0,"turns":3.0},{"damage":0.0,"enemies":"2 Fungi Beasts","floor":5.0,"turns":4.0},{"damage":8.0,"enemies":"3 Sentries","floor":6.0,"turns":7.0},{"damage":5.0,"enemies":"Exordium Thugs","floor":8.0,"turns":4.0},{"damage":5.0,"enemies":"Gremlin Nob","floor":10.0,"turns":3.0},{"damage":4.0,"enemies":"Large Slime","floor":11.0,"turns":6.0},{"damage":6.0,"enemies":"Lots of Slimes","floor":12.0,"turns":4.0},{"damage":1.0,"enemies":"Looter","floor":13.0,"turns":3.0},{"damage":0.0,"enemies":"3 Louse","floor":14.0,"turns":3.0},{"damage":0.0,"enemies":"Hexaghost","floor":16.0,"turns":9.0},{"damage":3.0,"enemies":"Spheric Guardian","floor":18.0,"turns":4.0},{"damage":23.0,"enemies":"Shell Parasite","floor":20.0,"turns":6.0},{"damage":25.0,"enemies":"Snake Plant","floor":21.0,"turns":4.0},{"damage":0.0,"enemies":"Snecko","floor":22.0,"turns":5.0},{"damage":67.0,"enemies":"Slavers","floor":23.0,"turns":7.0},{"damage":104,"enemies":"Gremlin Leader","floor":25,"turns":7}],"seed_played":"-1762273210255911084","potions_obtained":[{"floor":2.0,"key":"Swift Potion"},{"floor":11.0,"key":"Fruit Juice"},{"floor":13.0,"key":"EssenceOfSteel"},{"floor":14.0,"key":"SteroidPotion"},{"floor":18.0,"key":"DuplicationPotion"},{"floor":20.0,"key":"Strength Potion"}],"is_trial":false,"path_per_floor":["M","M","M","?","M","E","R","M","T","E","M","M","M","M","R","B",null,"M","$","M","M","M","E","R","E"],"character_chosen":"IRONCLAD","items_purchased":["Mind Blast","Inflame","Apotheosis","Frozen Egg 2","Unceasing Top","Cleave"],"campfire_rested":2,"item_purchase_floors":[0,0,0,0,19,19],"current_hp_per_floor":[37,38,39,39,45,43,65,66,66,67,74,74,79,80,80,80,80,84,84,73,60,72,20,46,0,0],"gold":110,"neow_bonus":"","is_daily":false,"chose_seed":false,"campfire_upgraded":0,"win_rate":0.0,"timestamp":1612799717,"path_taken":["M","M","M","?","M","E","R","M","T","E","M","M","M","M","R","BOSS","M","$","M","M","M","E","R","E"],"items_purchased_type":["Card","Card","Card","Relic","Relic","Card"],"build_version":"2020-12-22","purchased_purges":0,"victory":false,"max_hp_per_floor":[75,75,75,75,75,75,75,75,75,75,80,80,80,80,80,80,80,84,84,84,84,84,87,87,87,87],"card_choices":[{"not_picked":["Disarm","Clothesline"],"picked":"Thunderclap","floor":1.0},{"not_picked":["Warcry","Wild Strike"],"picked":"Intimidate","floor":2.0},{"not_picked":["Headbutt","Body Slam"],"picked":"Iron Wave","floor":3.0},{"not_picked":["Clothesline","Shrug It Off"],"picked":"Pommel Strike","floor":5.0},{"not_picked":["Feel No Pain+1","True Grit"],"picked":"Sword Boomerang","floor":6.0},{"not_picked":["Pommel Strike","Entrench"],"picked":"Perfected Strike","floor":8.0},{"not_picked":["Carnage","Power Through"],"picked":"Impervious","floor":10.0},{"not_picked":["Body Slam","Wild Strike"],"picked":"Clothesline","floor":11.0},{"not_picked":["Havoc","Heavy Blade"],"picked":"Flame Barrier","floor":12.0},{"not_picked":["Havoc","True Grit"],"picked":"Whirlwind","floor":13.0},{"not_picked":["Clothesline","hubris:StunningStrike"],"picked":"Fire Breathing+1","floor":14.0},{"not_picked":["Double Tap","Limit Break"],"picked":"Feed","floor":16.0},{"not_picked":["Armaments","Pommel Strike"],"picked":"Inflame+1","floor":18.0},{"not_picked":["Battle Trance+1","hubris:ReadiedAction"],"picked":"Infernal Blade","floor":20.0},{"not_picked":["Clash","Metallicize+1"],"picked":"Twin Strike","floor":21.0},{"not_picked":["Feel No Pain+1","Rage"],"picked":"Pommel Strike","floor":22.0},{"not_picked":["Clash","Havoc+1"],"picked":"Reaper","floor":23.0},{"not_picked":["Shockwave+1","Metallicize+1"],"picked":"Shrug It Off+1","floor":24.0}],"player_experience":542220,"relics_obtained":[{"floor":6.0,"key":"hubris:PeanutButter"},{"floor":10.0,"key":"hubris:Potato"},{"floor":23.0,"key":"Dream Catcher"}],"event_choices":[{"damage_healed":0.0,"max_hp_gain":0.0,"max_hp_loss":0.0,"gold_gain":0.0,"event_name":"Upgrade Shrine","player_choice":"Upgraded","floor":4.0,"gold_loss":0.0,"damage_taken":0.0,"cards_upgraded":["Apotheosis"]}],"is_beta":false,"boss_relics":[{"not_picked":["hubris:BlackHole","Empty Cage"],"picked":"Black Blood"}],"items_purged_floors":[],"is_endless":false,"potions_floor_spawned":[2,11,13,14,18,20],"killed_by":"Gremlin Leader","ascension_level":3}}