{"host":"Qube","time":1612743164,"event":{"mods":["AchievementEnabler","BaseMod","Colored Map","Colored Powertips","Highlight Path","Minty Spire (QoL Compilation)","Permanent Neow","Quick Restart","Random Character Button","StSLib"],"gold_per_floor":[111,123,140,415,187,187,219,219,246,280,295,305,305,355,355,426,426,441,459,476,486,31,66,78,78,78],"floor_reached":25,"language":"ENG","playtime":1156,"items_purged":["Regret"],"score":520,"play_id":"d09d722a-4fff-49fa-ab25-4e5c1a1b3038","local_time":"20210207161244","is_ascension_mode":true,"campfire_choices":[{"data":"Perfected Strike","floor":6.0,"key":"SMITH"},{"data":"Bash","floor":8.0,"key":"SMITH"},{"data":"Clothesline","floor":13.0,"key":"SMITH"},{"data":"Strike_R","floor":15,"key":"SMITH"}],"circlet_count":0,"master_deck":["AscendersBane","Strike_R","Strike_R","Strike_R","Strike_R+1","Strike_R+1","Defend_R","Defend_R","Defend_R","Defend_R","Bash+1","Clothesline+1","Perfected Strike+1","Feed+1","Entrench","Feel No Pain","Reaper","Blood for Blood","Shrug It Off","Second Wind","Apotheosis+1","Battle Trance+1","Flame Barrier+1"],"relics":["Snecko Eye","Centennial Puzzle","Whetstone","Orichalcum","Mark of Pain","Toxic Egg 2","The Courier"],"acts_visited":["Exordium","TheCity"],"potions_floor_usage":[16,16,20,20,25],"damage_taken":[{"damage":7.0,"enemies":"Jaw Worm","floor":1.0,"turns":2.0},{"damage":0.0,"enemies":"Cultist","floor":2.0,"turns":3.0},{"damage":9.0,"enemies":"Small Slimes","floor":3.0,"turns":3.0},{"damage":0.0,"enemies":"Lagavulin","floor":7.0,"turns":4.0},{"damage":3.0,"enemies":"Gremlin Nob","floor":10.0,"turns":3.0},{"damage":0.0,"enemies":"Looter","floor":11.0,"turns":1.0},{"damage":0.0,"enemies":"2 Fungi Beasts","floor":12.0,"turns":2.0},{"damage":12,"enemies":"Slime Boss","floor":16,"turns":8},{"damage":6,"enemies":"Spheric Guardian","floor":18,"turns":3},{"damage":16,"enemies":"Shell Parasite","floor":19,"turns":3},{"damage":8,"enemies":"Centurion and Healer","floor":20,"turns":6},{"damage":12,"enemies":"Shelled Parasite and Fungi","floor":21,"turns":4},{"damage":23,"enemies":"Book of Stabbing","floor":23,"turns":7},{"damage":24,"enemies":"Cultist and Chosen","floor":24,"turns":8},{"damage":2,"enemies":"Slavers","floor":25,"turns":1}],"seed_played":"-3699407420323095236","potions_obtained":[{"floor":1.0,"key":"Fire Potion"},{"floor":7.0,"key":"LiquidMemories"},{"floor":12.0,"key":"SkillPotion"},{"floor":18,"key":"DuplicationPotion"},{"floor":19,"key":"SkillPotion"},{"floor":23,"key":"Dexterity Potion"}],"is_trial":false,"path_per_floor":["M","M","M","?","$","R","E","R","T","E","M","M","R","?","R","B",null,"M","M","M","M","$","E","M","E"],"character_chosen":"IRONCLAD","items_purchased":["Feed","Toxic Egg 2","Apotheosis+1"],"campfire_rested":0,"item_purchase_floors":[5,22,22],"current_hp_per_floor":[61,61,52,52,52,52,55,55,55,52,52,56,56,48,48,36,71,65,59,61,53,53,37,17,15,15],"gold":78,"neow_bonus":"BOSS_RELIC","is_daily":false,"chose_seed":false,"campfire_upgraded":4,"win_rate":0.0,"timestamp":1612743164,"path_taken":["M","M","M","?","$","R","E","R","T","E","M","?","R","?","R","BOSS","M","M","M","M","$","E","M","E"],"items_purchased_type":["Card","Relic","Card"],"build_version":"2020-12-18","purchased_purges":1,"victory":false,"max_hp_per_floor":[75,75,75,75,75,75,78,78,78,78,78,82,82,82,82,82,82,82,86,86,86,86,86,86,86,86],"card_choices":[{"not_picked":["Thunderclap","Warcry"],"picked":"Clothesline","floor":1.0},{"not_picked":["Intimidate","Inflame","Dual Wield"],"picked":"SKIP","floor":2.0},{"not_picked":["Body Slam","Havoc"],"picked":"Perfected Strike","floor":3.0},{"not_picked":["Dropkick","Entrench","True Grit"],"picked":"SKIP","floor":7.0},{"not_picked":["Dropkick","True Grit"],"picked":"Entrench","floor":7.0},{"not_picked":["Entrench","Armaments","Headbutt"],"picked":"SKIP","floor":10.0},{"not_picked":["Body Slam","Power Through","Reckless Charge"],"picked":"SKIP","floor":11.0},{"not_picked":["Twin Strike","Wild Strike"],"picked":"Feel No Pain","floor":12.0},{"not_picked":["Brutality","Limit Break"],"picked":"Reaper","floor":16},{"not_picked":["Entrench","Hemokinesis"],"picked":"Blood for Blood","floor":18},{"not_picked":["Seeing Red+1","Havoc"],"picked":"Shrug It Off","floor":19},{"not_picked":["Second Wind","Sentinel","Flex"],"picked":"SKIP","floor":20},{"not_picked":["Sentinel","Flex"],"picked":"Second Wind","floor":20},{"not_picked":["Armaments","True Grit","Body Slam"],"picked":"SKIP","floor":21},{"not_picked":["Twin Strike+1","Flex+1"],"picked":"Battle Trance+1","floor":23},{"not_picked":["Sword Boomerang+1","Perfected Strike"],"picked":"Flame Barrier+1","floor":24}],"player_experience":1110976,"relics_obtained":[{"floor":7.0,"key":"Centennial Puzzle"},{"floor":9.0,"key":"Whetstone"},{"floor":10.0,"key":"Orichalcum"},{"floor":23,"key":"The Courier"}],"event_choices":[{"damage_healed":0.0,"max_hp_gain":0.0,"max_hp_loss":0.0,"gold_gain":275.0,"event_name":"Golden Shrine","player_choice":"Desecrate","floor":4.0,"gold_loss":0.0,"damage_taken":0.0,"cards_obtained":["Regret"]},{"damage_healed":0,"gold_gain":50,"player_choice":"Touch","damage_taken":8,"max_hp_gain":0,"max_hp_loss":0,"event_name":"FaceTrader","floor":14,"gold_loss":0}],"is_beta":true,"boss_relics":[{"not_picked":["SlaversCollar","Runic Pyramid"],"picked":"Mark of Pain"}],"items_purged_floors":[5],"is_endless":false,"potions_floor_spawned":[1,7,10,12,18,19,23],"killed_by":"Slavers","ascension_level":20}}