{"host":"2lvuisjyit3p3u01","time":1612808596,"event":{"mods":["Act Like it!","BaseMod","Bestiary","Better Synergies","CapriCore","Colored Map","Colored Powertips","Duelist Mod","GifTheSpireLib","Minty Spire (QoL Compilation)","Quick Restart","Replay The Spire","StSLib"],"gold_per_floor":[140,158,206,218,230,230,262,141,164,198,43,43,72,83,83,181,181,194,394,48,61,80,80,93,93,93,109,109,135,145,155,155,256,256,270,280,280,280,280,312,312,322,375,375,430,430,430,446,446,457,457,457],"floor_reached":53,"language":"ENG","playtime":3426,"items_purged":["theDuelist:CastleWalls","theDuelist:Sparks"],"score":1100,"play_id":"ae2e26c8-81f2-4fcf-b1ef-f802c5aca817","local_time":"20210208202316","is_ascension_mode":true,"campfire_choices":[{"data":"theDuelist:UltraEvolutionPill","floor":12.0,"key":"SMITH"},{"floor":23.0,"key":"REST"},{"data":"theDuelist:Sparks","floor":32.0,"key":"PURGE"},{"floor":41,"key":"REST"},{"floor":44,"key":"REST"},{"floor":51,"key":"REST"}],"circlet_count":0,"master_deck":["AscendersBane","theDuelist:BabyDragon+1","theDuelist:CaveDragon+1","theDuelist:CaveDragon+1","theDuelist:LesserDragon+1","theDuelist:LesserDragon+1","theDuelist:YamataDragon+1","theDuelist:TwinBarrelDragon+1","theDuelist:ForbiddenLance+1","theDuelist:MetalDragon+1","theDuelist:CaveDragon+1","theDuelist:CoralDragon+1","theDuelist:DragonCaptureJar+1","theDuelist:SeismicShockwave","theDuelist:Mountain","theDuelist:GravityLash","theDuelist:SliferSky","theDuelist:DragonCaptureJar+1","theDuelist:Duoterion+1","theDuelist:GravekeeperCurse","theDuelist:DragonMastery+1"],"relics":["theDuelist:MillenniumPuzzle","theDuelist:CardPoolRelic","theDuelist:CardPoolBasicRelic","theDuelist:BoosterPackPoolRelic","theDuelist:CardPoolAddRelic","theDuelist:CardPoolMinusRelic","theDuelist:CardPoolSaveRelic","theDuelist:CardPoolOptionsRelic","Gremlin Horn","Bronze Scales","Toy Ornithopter","King of Hearts","Whetstone","ReplayTheSpireMod:Spearhead","Fusion Hammer","Garlic","Nilry\u0027s Codex","Kunai","theDuelist:MetronomeRelicD","theDuelist:BoosterBetterBoostersRelic","theDuelist:MillenniumNecklace","Self Forming Clay","Blood Vial","Pondfish Scales","Ginger","Du-Vu Doll"],"acts_visited":["Exordium","TheCity","TheBeyond"],"potions_floor_usage":[33,33,40,45,45,52,52],"damage_taken":[{"damage":0.0,"enemies":"Cultist","floor":1.0,"turns":2.0},{"damage":5.0,"enemies":"2 Louse","floor":2.0,"turns":2.0},{"damage":0.0,"enemies":"Jaw Worm","floor":4.0,"turns":3.0},{"damage":4.0,"enemies":"Red Slaver","floor":5.0,"turns":3.0},{"damage":5.0,"enemies":"Replay:BlueRogue","floor":7.0,"turns":3.0},{"damage":13.0,"enemies":"3 Sentries","floor":10.0,"turns":6.0},{"damage":0.0,"enemies":"Gremlin Nob","floor":13.0,"turns":3.0},{"damage":0.0,"enemies":"3 Louse","floor":14.0,"turns":2.0},{"damage":0.0,"enemies":"Slime Boss","floor":16.0,"turns":2.0},{"damage":14.0,"enemies":"Shell Parasite","floor":18.0,"turns":4.0},{"damage":0.0,"enemies":"Spheric Guardian","floor":21.0,"turns":3.0},{"damage":0.0,"enemies":"Chosen and Byrds","floor":22.0,"turns":4.0},{"damage":0.0,"enemies":"Snake Plant","floor":24.0,"turns":2.0},{"damage":8.0,"enemies":"Shelled Parasite and Fungi","floor":27.0,"turns":2.0},{"damage":4.0,"enemies":"theDuelist:KaibaA2","floor":29.0,"turns":4.0},{"damage":0.0,"enemies":"Sentry and Sphere","floor":30.0,"turns":3.0},{"damage":0.0,"enemies":"Snake Plant","floor":31.0,"turns":2.0},{"damage":28,"enemies":"Collector","floor":33,"turns":6},{"damage":0,"enemies":"Orb Walker","floor":35,"turns":3},{"damage":6,"enemies":"3 Shapes","floor":36,"turns":4},{"damage":10,"enemies":"Giant Head","floor":40,"turns":7},{"damage":16,"enemies":"Spire Growth","floor":42,"turns":4},{"damage":0,"enemies":"Spire Growth","floor":45,"turns":6},{"damage":21,"enemies":"Transient","floor":48,"turns":5},{"damage":13,"enemies":"Jaw Worm Horde","floor":50,"turns":4},{"damage":62,"enemies":"Replay:Hell Engine","floor":52,"turns":12}],"seed_played":"8544261814091898870","potions_obtained":[{"floor":3.0,"key":"theDuelist:GiftPotion"},{"floor":7.0,"key":"theDuelist:WhiteBottle"},{"floor":10.0,"key":"theDuelist:SealedPack"},{"floor":14.0,"key":"SkillPotion"},{"floor":21.0,"key":"Explosive Potion"},{"floor":24.0,"key":"Languid Potion"},{"floor":27.0,"key":"theDuelist:SealedPackE"},{"floor":29.0,"key":"theDuelist:IcePotion"},{"floor":35,"key":"theDuelist:BottledKuriboh"},{"floor":40,"key":"Energy Potion"},{"floor":42,"key":"LifebloodPotion"},{"floor":45,"key":"PowerPotion"},{"floor":48,"key":"theDuelist:DragonOrbPlusBottle"}],"is_trial":false,"path_per_floor":["M","M","?","M","M","?","E","$","T","E","$","R","E","M","R_BF","B",null,"M","?","$","M","M","R","M","?","T","M","?","E","M","M","R_BF","B",null,"M","M","?","?","?","E","R","M","T","R","?","PTL","PTL","M","?","M","R","B",null],"character_chosen":"THE_DUELIST","items_purchased":["theDuelist:CoralDragon","Whetstone","Garlic"],"campfire_rested":4,"item_purchase_floors":[8,11,20],"current_hp_per_floor":[72,67,67,67,63,63,58,58,58,69,69,69,69,69,80,80,80,66,66,66,66,66,80,80,64,64,56,56,52,52,52,52,38,70,70,64,64,58,58,53,77,61,61,80,80,80,80,59,59,48,72,18],"gold":457,"neow_bonus":"REMOVE_CARD","is_daily":false,"chose_seed":false,"campfire_upgraded":1,"win_rate":0.0,"timestamp":1612808596,"path_taken":["M","?","?","?","M","?","E","?","T","E","$","R","E","M","R_BF","BOSS","M","?","$","?","M","R","?","?","T","M","?","E","M","?","R_BF","BOSS","M","M","?","?","?","E","R","M","T","R","?","PTL","PTL","?","?","?","R","BOSS"],"items_purchased_type":["Card","Relic","Relic"],"build_version":"2020-12-22","purchased_purges":2,"victory":true,"max_hp_per_floor":[80,80,80,80,80,80,80,80,80,80,80,80,80,80,80,80,80,80,80,80,80,80,80,80,80,80,80,80,80,80,80,80,80,80,80,80,80,80,80,80,80,80,80,80,80,80,80,80,80,80,80,80],"card_choices":[{"not_picked":["theDuelist:BlackStego","theDuelist:SafeZone","theDuelist:CloudianGhost","theDuelist:HorusServant"],"picked":"theDuelist:TwinBarrelDragon","floor":1.0},{"not_picked":["theDuelist:BattleguardKing","theDuelist:BigFire","theDuelist:Hinotama","theDuelist:RainbowOverdragon"],"picked":"theDuelist:ForbiddenLance","floor":2.0},{"not_picked":["theDuelist:Earthquake","theDuelist:SilverDragon","theDuelist:TwinBarrelDragon","theDuelist:CurseDragon"],"picked":"theDuelist:UltraEvolutionPill","floor":3.0},{"not_picked":["theDuelist:Earthquake","theDuelist:OneDayPeace","theDuelist:SilverWing","theDuelist:DragonTreasure","theDuelist:UltraEvolutionPill"],"picked":"SKIP","floor":4.0},{"not_picked":["theDuelist:MirageDragon","theDuelist:BusterBlader","theDuelist:ThunderDragon","theDuelist:BlackPtera"],"picked":"theDuelist:MetalDragon","floor":5.0},{"not_picked":["theDuelist:Kabazauls","theDuelist:CyberDragonNachster","theDuelist:MoltenDestruction","theDuelist:BlackBrutdrago"],"picked":"theDuelist:CaveDragon","floor":7.0},{"not_picked":["theDuelist:MadFlameKaiju+1","theDuelist:InfernityDoomDragon+1","theDuelist:FiendSkull+1"],"picked":"SKIP","floor":10.0},{"not_picked":["theDuelist:TyrantWing","theDuelist:SafeZone","theDuelist:FireDarts","theDuelist:DefenseDraw"],"picked":"theDuelist:DragonCaptureJar","floor":13.0},{"not_picked":["theDuelist:BattleguardKing","theDuelist:ReinforcementsArmy","theDuelist:BigEye","theDuelist:ShardGreed","theDuelist:Reload"],"picked":"SKIP","floor":14.0},{"not_picked":["theDuelist:SurvivalFittest","theDuelist:Scapegoat","theDuelist:FiveHeaded","theDuelist:DefensiveTactics"],"picked":"theDuelist:SeismicShockwave","floor":16.0},{"not_picked":["theDuelist:StampingDestruction","theDuelist:SpiralSpearStrike","theDuelist:OneDayPeace","theDuelist:Dracocension+1","theDuelist:FangCritias"],"picked":"SKIP","floor":18.0},{"not_picked":["theDuelist:CyberDragon+1","theDuelist:DragonCaptureJar","theDuelist:TotemDragon","theDuelist:DragonRavine"],"picked":"theDuelist:Mountain","floor":21.0},{"not_picked":["theDuelist:BattleguardKing","theDuelist:BigFire","theDuelist:RainbowOverdragon","theDuelist:ForbiddenLance","theDuelist:Raigeki"],"picked":"SKIP","floor":22.0},{"not_picked":["theDuelist:TailSwipe","theDuelist:SpiralSpearStrike","theDuelist:ClawHermos","theDuelist:BerserkerSoul"],"picked":"theDuelist:GravityLash","floor":24.0},{"not_picked":["theDuelist:WingedDragonRa","theDuelist:SurvivalFittest","theDuelist:DefensiveTactics","theDuelist:ArmageddonDragonEmp"],"picked":"theDuelist:SliferSky","floor":27.0},{"not_picked":["theDuelist:Kabazauls","theDuelist:Beatraptor","theDuelist:MoltenDestruction","theDuelist:BusterBlader"],"picked":"theDuelist:Duoterion+1","floor":29.0},{"not_picked":["theDuelist:YamataDragon","theDuelist:CyberDragonNachster","theDuelist:LesserDragon","theDuelist:ViceDragon","theDuelist:CyberneticOverflow"],"picked":"SKIP","floor":30.0},{"not_picked":["theDuelist:StampingDestruction","theDuelist:SpiralSpearStrike","theDuelist:VeilDarkness","theDuelist:CyberRevsystem","theDuelist:DragonRavine"],"picked":"SKIP","floor":31.0},{"not_picked":["theDuelist:StarlightRoad+1","theDuelist:DefenseDraw+1","theDuelist:BurstBreath+1","theDuelist:SeismicShockwave","theDuelist:DefensiveTactics"],"picked":"SKIP","floor":35},{"not_picked":["theDuelist:RedEyes","theDuelist:BackupSoldier","theDuelist:Hydrogeddon+1","theDuelist:WhiteHornDragon+1","theDuelist:BlackTyranno+1"],"picked":"SKIP","floor":36},{"not_picked":["theDuelist:TailSwipe","theDuelist:SliferSky+1","theDuelist:OceanDragonLord","theDuelist:ChimeratechOverdragon","theDuelist:BerserkScales+1"],"picked":"SKIP","floor":40},{"not_picked":["theDuelist:Pyrorex+1","theDuelist:MadSwordBeast+1","theDuelist:BlackVeloci","theDuelist:Beatraptor+1","theDuelist:Babycerasaurus"],"picked":"SKIP","floor":42},{"not_picked":["theDuelist:SliferSky","theDuelist:Scapegoat","theDuelist:BlueDuston+1","theDuelist:BSkullDragon"],"picked":"theDuelist:DragonMastery+1","floor":45},{"not_picked":["theDuelist:WhiteHornDragon","theDuelist:QueenDragunDjinn+1","theDuelist:CyberValley+1","theDuelist:ArmedDragon3+1","theDuelist:VoidOgreDragon"],"picked":"SKIP","floor":48},{"not_picked":["theDuelist:Hinotama","theDuelist:LightningDarts","theDuelist:RainbowOverdragon+1","theDuelist:ForbiddenLance+1","theDuelist:Raigeki+1"],"picked":"SKIP","floor":50}],"player_experience":324225,"relics_obtained":[{"floor":3.0,"key":"Gremlin Horn"},{"floor":7.0,"key":"Bronze Scales"},{"floor":9.0,"key":"Toy Ornithopter"},{"floor":10.0,"key":"King of Hearts"},{"floor":13.0,"key":"ReplayTheSpireMod:Spearhead"},{"floor":25.0,"key":"Nilry\u0027s Codex"},{"floor":26.0,"key":"Kunai"},{"floor":29.0,"key":"theDuelist:MetronomeRelicD"},{"floor":40,"key":"Self Forming Clay"},{"floor":43,"key":"Blood Vial"},{"floor":45,"key":"Pondfish Scales"},{"floor":45,"key":"Ginger"},{"floor":45,"key":"Du-Vu Doll"}],"event_choices":[{"damage_healed":0.0,"max_hp_gain":0.0,"max_hp_loss":0.0,"gold_gain":0.0,"event_name":"The Woman in Blue","player_choice":"Bought 0 Potions","floor":6.0,"gold_loss":0.0,"damage_taken":0.0},{"damage_healed":0.0,"max_hp_gain":0.0,"max_hp_loss":0.0,"gold_gain":250.0,"event_name":"The Joust","player_choice":"Bet on Owner","floor":19.0,"gold_loss":50.0,"damage_taken":0.0},{"damage_healed":0.0,"max_hp_gain":0.0,"max_hp_loss":0.0,"gold_gain":0.0,"event_name":"Cursed Tome","player_choice":"Obtained Book","floor":25.0,"gold_loss":0.0,"damage_taken":16.0},{"damage_healed":0.0,"max_hp_gain":0.0,"max_hp_loss":0.0,"gold_gain":0.0,"event_name":"Duplicator","player_choice":"Copied","floor":28.0,"gold_loss":0.0,"damage_taken":0.0,"cards_obtained":["theDuelist:DragonCaptureJar"]},{"damage_healed":0,"gold_gain":0,"player_choice":"Leave","duelist":true,"damage_taken":0,"max_hp_gain":0,"max_hp_loss":0,"event_name":"Relic Duplicator","floor":37,"gold_loss":0},{"damage_healed":0,"gold_gain":0,"player_choice":"Dig - random Duelist relic","duelist":true,"damage_taken":0,"max_hp_gain":0,"max_hp_loss":0,"event_name":"Aknamkanon\u0027s Tomb","floor":38,"gold_loss":0},{"damage_healed":0,"gold_gain":0,"player_choice":"Took item - Received: Millennium Necklace","duelist":true,"damage_taken":0,"max_hp_gain":0,"max_hp_loss":0,"event_name":"Millennium Items","floor":39,"gold_loss":0},{"damage_healed":0,"gold_gain":0,"player_choice":"Fight","duelist":true,"damage_taken":0,"max_hp_gain":0,"max_hp_loss":0,"event_name":"Battle City","floor":45,"gold_loss":0},{"damage_healed":0,"gold_gain":0,"player_choice":"Ignored","damage_taken":0,"max_hp_gain":0,"max_hp_loss":0,"event_name":"SecretPortal","floor":49,"gold_loss":0}],"is_beta":false,"boss_relics":[{"not_picked":["Honey Jar","Runic Cube"],"picked":"Fusion Hammer"},{"not_picked":["ChewingGum","Replay:Wanted Poster","Runic Dome"]}],"items_purged_floors":[8,20],"is_endless":false,"potions_floor_spawned":[7,10,14,21,24,27,29,35,42,50],"ascension_level":11}}