{"host":"jou5gy8et5i77wvo","time":1612749005,"event":{"mods":["AchievementEnabler","BaseMod","Colored Map","Colored Powertips","Downfall","Highlight Path","Minty Spire (QoL Compilation)","Quick Restart","StSLib"],"gold_per_floor":[109,125,125,141,157,84,84,103,185,216,181,199,199,218,218,320,320,335,351,351,367,367,379,391,403,438,450,472,0,15,27,27,132,132,145,158,172,39,39,39,39],"floor_reached":40,"language":"ENG","playtime":2420,"items_purged":["Writhe","Strike_R"],"score":392,"play_id":"17d36499-227a-4205-a3fa-69dda83a8129","local_time":"20210207175005","is_ascension_mode":false,"campfire_choices":[{"data":"Whirlwind","floor":7.0,"key":"SMITH"},{"data":"Carnage","floor":13.0,"key":"SMITH"},{"data":"Bloodletting","floor":15.0,"key":"SMITH"},{"floor":23.0,"key":"REST"},{"floor":32.0,"key":"REST"}],"circlet_count":0,"master_deck":["Strike_R","Strike_R","Strike_R","Strike_R","Defend_R","Defend_R","Defend_R","Defend_R","Bash","Anger","Shrug It Off","Body Slam","Whirlwind+1","Bloodletting+1","Carnage+1","Flame Barrier","Power Through","Brutality","Shockwave+1","Ghostly Armor+1","Blood for Blood+1","Blood for Blood+1","Flex","Fiend Fire","Warcry","Ghostly Armor","Entrench"],"relics":["Burning Blood","Mummified Hand","Ice Cream","Runic Cube","MawBank","PreservedInsect","HornCleat","Strange Spoon","Black Star"],"acts_visited":["Exordium","TheCity","TheBeyond"],"potions_floor_usage":[40],"damage_taken":[{"damage":1.0,"enemies":"Jaw Worm","floor":1.0,"turns":5.0},{"damage":4.0,"enemies":"Cultist","floor":2.0,"turns":4.0},{"damage":0.0,"enemies":"2 Louse","floor":4.0,"turns":3.0},{"damage":4.0,"enemies":"Blue Slaver","floor":5.0,"turns":4.0},{"damage":0.0,"enemies":"Large Slime","floor":8.0,"turns":4.0},{"damage":31.0,"enemies":"3 Sentries","floor":10.0,"turns":5.0},{"damage":6.0,"enemies":"2 Fungi Beasts","floor":12.0,"turns":2.0},{"damage":0.0,"enemies":"3 Louse","floor":14.0,"turns":2.0},{"damage":46.0,"enemies":"Hexaghost","floor":16.0,"turns":8.0},{"damage":3.0,"enemies":"Shell Parasite","floor":18.0,"turns":2.0},{"damage":9.0,"enemies":"Spheric Guardian","floor":19.0,"turns":3.0},{"damage":24.0,"enemies":"Snecko","floor":21.0,"turns":6.0},{"damage":25.0,"enemies":"Centurion and Healer","floor":28.0,"turns":4.0},{"damage":12.0,"enemies":"Cultist and Chosen","floor":30.0,"turns":4.0},{"damage":3.0,"enemies":"Snecko","floor":31.0,"turns":5.0},{"damage":48.0,"enemies":"Collector","floor":33.0,"turns":8.0},{"damage":21.0,"enemies":"3 Shapes","floor":35.0,"turns":4.0},{"damage":7.0,"enemies":"3 Darklings","floor":36.0,"turns":5.0},{"damage":69.0,"enemies":"Maw","floor":37.0,"turns":8.0},{"damage":33,"enemies":"Giant Head","floor":40,"turns":5}],"seed_played":"-3452807778991177550","potions_obtained":[{"floor":2.0,"key":"DuplicationPotion"},{"floor":5.0,"key":"SteroidPotion"},{"floor":12.0,"key":"Explosive Potion"},{"floor":18.0,"key":"sneckomod:MuddlingPotion"}],"is_trial":false,"path_per_floor":["M","M","?","M","M","$","R","M","T","E","?","M","R","M","R","B",null,"M","M","?","M","?","R","?","?","T","?","M","$","M","M","R","B",null,"M","M","M","$","?","E"],"character_chosen":"IRONCLAD","items_purchased":["Whirlwind","HornCleat","Strange Spoon","Entrench"],"campfire_rested":2,"item_purchase_floors":[6,29,29,38],"current_hp_per_floor":[88,88,88,88,88,88,88,88,88,63,85,85,85,88,88,48,88,88,85,85,67,67,88,88,71,71,71,52,52,46,49,76,34,93,78,77,14,14,14,0,0],"gold":39,"neow_bonus":"TEN_PERCENT_HP_BONUS","is_daily":false,"chose_seed":false,"campfire_upgraded":3,"win_rate":0.0,"timestamp":1612749005,"path_taken":["M","M","?","M","?","?","R","M","T","E","?","M","R","M","R","BOSS","M","M","?","M","?","R","?","?","T","?","M","$","M","M","R","BOSS","M","?","M","$","?","E"],"items_purchased_type":["Card","Relic","Relic","Card"],"build_version":"2020-12-22","purchased_purges":2,"victory":false,"max_hp_per_floor":[88,88,88,88,88,88,88,88,88,88,88,88,88,88,88,88,88,88,88,88,88,88,88,88,93,93,93,93,93,93,93,93,93,93,93,93,93,93,93,93,93],"card_choices":[{"not_picked":["Twin Strike","Headbutt"],"picked":"Clothesline","floor":1.0},{"not_picked":["Dark Embrace","Armaments"],"picked":"Anger","floor":2.0},{"not_picked":["Pommel Strike","Disarm"],"picked":"Shrug It Off","floor":4.0},{"not_picked":["True Grit","Clash"],"picked":"Body Slam","floor":5.0},{"not_picked":["Anger","Juggernaut"],"picked":"Bloodletting","floor":8.0},{"not_picked":["Shrug It Off","Pommel Strike"],"picked":"Carnage","floor":10.0},{"not_picked":["True Grit","Entrench"],"picked":"Flame Barrier","floor":12.0},{"not_picked":["Combust","Clash"],"picked":"Power Through","floor":14.0},{"not_picked":["Fiend Fire","Demon Form"],"picked":"Brutality","floor":16.0},{"not_picked":["Twin Strike","Armaments"],"picked":"Shockwave+1","floor":18.0},{"not_picked":["True Grit","Rage","Armaments"],"picked":"SKIP","floor":19.0},{"not_picked":["Clash","Warcry+1"],"picked":"Blood for Blood+1","floor":21.0},{"not_picked":["Body Slam","Dark Embrace+1","Pommel Strike"],"picked":"SKIP","floor":28.0},{"not_picked":["Iron Wave","Feed"],"picked":"Blood for Blood+1","floor":30.0},{"not_picked":["Flame Barrier","Searing Blow"],"picked":"Flex","floor":31.0},{"not_picked":["Feed","Reaper"],"picked":"Fiend Fire","floor":33.0},{"not_picked":["Uppercut+1","Thunderclap"],"picked":"Warcry","floor":35.0},{"not_picked":["Infernal Blade","Cleave","Headbutt"],"picked":"SKIP","floor":36.0},{"not_picked":["Armaments","Pommel Strike+1"],"picked":"Ghostly Armor","floor":37.0}],"player_experience":38151,"relics_obtained":[{"floor":9.0,"key":"Mummified Hand"},{"floor":10.0,"key":"Ice Cream"},{"floor":26.0,"key":"PreservedInsect"}],"event_choices":[{"cards_removed":["Clothesline"],"damage_healed":5.0,"max_hp_gain":0.0,"max_hp_loss":0.0,"gold_gain":0.0,"event_name":"Bonfire Elementals","player_choice":"Offered Common","floor":3.0,"gold_loss":0.0,"damage_taken":0.0},{"cards_removed":["Clothesline"],"damage_healed":5.0,"max_hp_gain":0.0,"max_hp_loss":0.0,"gold_gain":0.0,"event_name":"Bonfire Elementals","player_choice":"Offered Special","floor":3.0,"gold_loss":0.0,"damage_taken":0.0},{"damage_healed":22.0,"max_hp_gain":0.0,"max_hp_loss":0.0,"gold_gain":0.0,"event_name":"The Cleric","player_choice":"Healed","floor":11.0,"gold_loss":35.0,"damage_taken":0.0},{"damage_healed":0.0,"max_hp_gain":0.0,"max_hp_loss":0.0,"gold_gain":0.0,"event_name":"The Library","player_choice":"Read","floor":20.0,"gold_loss":0.0,"damage_taken":0.0,"cards_obtained":["Ghostly Armor"]},{"damage_healed":0.0,"max_hp_gain":0.0,"max_hp_loss":0.0,"gold_gain":0.0,"event_name":"The Mausoleum","player_choice":"Opened","floor":22.0,"gold_loss":0.0,"damage_taken":0.0,"relics_obtained":["MawBank"],"cards_obtained":["Writhe"]},{"damage_healed":0.0,"max_hp_gain":5.0,"max_hp_loss":0.0,"gold_gain":0.0,"event_name":"Forgotten Altar","player_choice":"Shed Blood","floor":25.0,"gold_loss":0.0,"damage_taken":22.0},{"damage_healed":0.0,"max_hp_gain":0.0,"max_hp_loss":0.0,"gold_gain":0.0,"event_name":"Accursed Blacksmith","player_choice":"Forge","floor":27.0,"gold_loss":0.0,"damage_taken":0.0,"cards_upgraded":["Ghostly Armor"]},{"damage_healed":0.0,"max_hp_gain":0.0,"max_hp_loss":0.0,"gold_gain":0.0,"event_name":"Mysterious Sphere","player_choice":"Ignored","floor":39.0,"gold_loss":0.0,"damage_taken":0.0}],"is_beta":false,"boss_relics":[{"not_picked":["SlaversCollar","Astrolabe"],"picked":"Runic Cube"},{"not_picked":["Fusion Hammer","Tiny House"],"picked":"Black Star"}],"items_purged_floors":[29,38],"is_endless":false,"potions_floor_spawned":[2,5,12,16,18,30,33],"killed_by":"Giant Head","ascension_level":0}}