{"host":"sav7uxregyirlf69","time":1612763887,"event":{"mods":["AchievementEnabler","BaseMod","Colored Map","DeckTracker","Keyboard Shortcuts","Minty Spire (QoL Compilation)","READ ME - Guardian Mod","StSLib","SuperFastMode"],"gold_per_floor":[125,150,181,203,215,227,19,19,19],"floor_reached":8,"language":"KOR","playtime":154,"items_purged":[],"score":96,"play_id":"2dbc2b06-f5a3-43f4-8d7b-2fbc737de7c9","local_time":"20210208145807","is_ascension_mode":true,"campfire_choices":[{"data":"Finisher","floor":6,"key":"SMITH"}],"circlet_count":0,"master_deck":["AscendersBane","Strike_G","Strike_G","Strike_G","Strike_G","Defend_G","Defend_G","Defend_G","Defend_G","Defend_G","Survivor","Neutralize","Finisher+1","Backflip","Dagger Throw","Escape Plan"],"relics":["Ring of the Snake","MawBank","Potion Belt"],"acts_visited":[],"potions_floor_usage":[4,8],"damage_taken":[{"damage":6,"enemies":"Cultist","floor":1,"turns":5},{"damage":5,"enemies":"2 Louse","floor":2,"turns":3},{"damage":15,"enemies":"Jaw Worm","floor":3,"turns":6},{"damage":4,"enemies":"Looter","floor":4,"turns":4},{"damage":22,"enemies":"Lagavulin","floor":8,"turns":6}],"seed_played":"2046704177621742159","potions_obtained":[{"floor":1,"key":"LiquidBronze"},{"floor":3,"key":"Explosive Potion"}],"is_trial":false,"path_per_floor":["M","M","M","M","?","R","$","E"],"character_chosen":"THE_SILENT","items_purchased":["Potion Belt","PowerPotion"],"campfire_rested":0,"item_purchase_floors":[7,7],"current_hp_per_floor":[53,48,33,29,29,29,29,7,7],"gold":19,"neow_bonus":"RANDOM_COMMON_RELIC","is_daily":false,"chose_seed":true,"campfire_upgraded":1,"win_rate":0.0,"timestamp":1612763887,"path_taken":["M","M","?","M","?","R","?","E"],"items_purchased_type":["Relic","Potion"],"build_version":"2020-12-22","purchased_purges":0,"victory":false,"max_hp_per_floor":[66,66,66,66,66,66,66,66,66],"card_choices":[{"not_picked":["Underhanded Strike","Slice"],"picked":"Finisher","floor":1},{"not_picked":["Quick Slash","Caltrops"],"picked":"Backflip","floor":2},{"not_picked":["Outmaneuver","All Out Attack","Setup"],"picked":"SKIP","floor":3},{"not_picked":["Underhanded Strike","Dagger Spray"],"picked":"Dagger Throw","floor":4}],"player_experience":1519514,"relics_obtained":[],"event_choices":[{"damage_healed":0,"gold_gain":0,"cards_transformed":["Strike_G"],"player_choice":"Change","damage_taken":0,"max_hp_gain":0,"max_hp_loss":0,"event_name":"Living Wall","floor":5,"gold_loss":0,"cards_obtained":["Escape Plan"]}],"is_beta":false,"boss_relics":[],"items_purged_floors":[],"is_endless":false,"potions_floor_spawned":[1,3],"killed_by":"Lagavulin","ascension_level":20}}