{"host":"fxrgx7wt2cpkbhka","time":1612750059,"event":{"mods":["AchievementEnabler","BaseMod","Colored Powertips","Dark Map","Minty Spire (QoL Compilation)","Permanent Neow","Quick Restart","Slay-I","StSLib","Waifu the Spire"],"gold_per_floor":[209,384,81,96,171,197,213,225,225,225,250,265,265,323,323,323,323],"floor_reached":16,"language":"ENG","playtime":725,"items_purged":[],"score":150,"play_id":"25444083-1815-487b-8ca9-4d3b140fc978","local_time":"20210207180739","is_ascension_mode":true,"campfire_choices":[{"floor":10,"key":"REST"},{"floor":13,"key":"REST"},{"floor":15,"key":"REST"}],"circlet_count":0,"master_deck":["AscendersBane","Strike_G","Strike_G","Strike_G","Strike_G","Strike_G","Defend_G","Defend_G","Defend_G","Defend_G","Defend_G","Survivor","Neutralize","Doubt","Venomology+1","Footwork","Deadly Poison+1","Catalyst+1"],"relics":["Ring of the Snake","Du-Vu Doll","Toxic Egg 2","HornCleat","Odd Mushroom","Singing Bowl"],"acts_visited":["Exordium"],"potions_floor_usage":[1,7,8,12,14,14,14,16],"damage_taken":[{"damage":1,"enemies":"2 Louse","floor":1,"turns":4},{"damage":0,"enemies":"Small Slimes","floor":4,"turns":3},{"damage":38,"enemies":"Gremlin Nob","floor":6,"turns":6},{"damage":0,"enemies":"Jaw Worm","floor":7,"turns":3},{"damage":4,"enemies":"3 Louse","floor":8,"turns":3},{"damage":32,"enemies":"The Mushroom Lair","floor":11,"turns":8},{"damage":0,"enemies":"2 Fungi Beasts","floor":12,"turns":4},{"damage":20,"enemies":"3 Sentries","floor":14,"turns":12},{"damage":30,"enemies":"Hexaghost","floor":16,"turns":9}],"seed_played":"-1269212201054971381","potions_obtained":[{"floor":1,"key":"Fruit Juice"},{"floor":4,"key":"FearPotion"}],"is_trial":false,"path_per_floor":["M","?","$","M","?","E","M","M","T","R","?","M","R","?","R","B"],"character_chosen":"THE_SILENT","items_purchased":["Du-Vu Doll"],"campfire_rested":3,"item_purchase_floors":[3],"current_hp_per_floor":[67,67,67,67,56,18,18,14,14,36,4,4,26,6,28,0,0],"gold":323,"neow_bonus":"HUNDRED_GOLD","is_daily":false,"chose_seed":false,"campfire_upgraded":0,"win_rate":0.0,"timestamp":1612750059,"path_taken":["M","?","$","M","?","E","M","M","T","R","?","M","R","?","R","BOSS"],"items_purchased_type":["Relic"],"build_version":"2020-12-22","purchased_purges":0,"victory":false,"max_hp_per_floor":[75,75,75,75,75,75,75,75,75,75,75,75,75,75,75,75,75],"card_choices":[{"not_picked":["Choke","Flying Knee","Underhanded Strike"],"picked":"SKIP","floor":1},{"not_picked":["Deflect","Accuracy","Choke"],"picked":"SKIP","floor":4},{"not_picked":["Dagger Throw","Setup+1"],"picked":"Venomology+1","floor":6},{"not_picked":["Finisher","Dodge and Roll+1"],"picked":"Footwork","floor":7},{"not_picked":["Outmaneuver+1","Prepared+1","Bane"],"picked":"SKIP","floor":8},{"not_picked":["Bane","Well Laid Plans"],"picked":"Deadly Poison+1","floor":11},{"not_picked":["Finisher","Prepared+1","Slice"],"picked":"SKIP","floor":12},{"not_picked":["Dagger Throw","Slice"],"picked":"Catalyst+1","floor":14}],"player_experience":754426,"relics_obtained":[{"floor":6,"key":"Toxic Egg 2"},{"floor":9,"key":"HornCleat"},{"floor":11,"key":"Odd Mushroom"},{"floor":14,"key":"Singing Bowl"}],"event_choices":[{"damage_healed":0,"gold_gain":175,"player_choice":"AGREE","damage_taken":0,"max_hp_gain":0,"max_hp_loss":0,"event_name":"Liars Game","floor":2,"gold_loss":0,"cards_obtained":["Doubt"]},{"damage_healed":0,"gold_gain":75,"player_choice":"Gather Gold","damage_taken":11,"max_hp_gain":0,"max_hp_loss":0,"event_name":"World of Goop","floor":5,"gold_loss":0},{"damage_healed":0,"gold_gain":0,"player_choice":"Fought Mushrooms","damage_taken":0,"max_hp_gain":0,"max_hp_loss":0,"event_name":"Mushrooms","floor":11,"gold_loss":0},{"damage_healed":0,"gold_gain":30,"player_choice":"Searched \u00272\u0027 times","damage_taken":0,"max_hp_gain":0,"max_hp_loss":0,"event_name":"Dead Adventurer","floor":14,"gold_loss":0}],"is_beta":false,"boss_relics":[],"items_purged_floors":[],"is_endless":false,"potions_floor_spawned":[1,4],"killed_by":"Hexaghost","ascension_level":10}}