{"host":"344lv32hnei0mdhu","time":1612825821,"event":{"mods":["Act Like it!","BaseMod","Better Match","Better Sensory Stone","Better Skull","Better Third Choice","Better Vampires","Colored Powertips","Highlight Path","Minty Spire (QoL Compilation)","Quick Restart","Random Character Button","Rare Cards Sparkle","StSLib"],"gold_per_floor":[114,114,129,41,41,82,82,98,123,123,142,22,42,73,73,203,203,227,240,18,31,31,69,69,82,82,116,116,116,166,182,182,310,373,393,412,428,127,39,39,39,39],"floor_reached":41,"language":"ENG","playtime":1578,"items_purged":["Regret","Decay"],"score":800,"play_id":"5f822e00-868f-41c3-b0dc-3cc1b3ab31ed","local_time":"20210208171021","is_ascension_mode":true,"campfire_choices":[{"data":"Zap","floor":10.0,"key":"SMITH"},{"floor":15.0,"key":"REST"},{"data":"Multi-Cast","floor":24.0,"key":"SMITH"},{"floor":28.0,"key":"REST"},{"data":"Sunder","floor":32.0,"key":"SMITH"},{"floor":40,"key":"REST"}],"circlet_count":0,"master_deck":["AscendersBane","Strike_B","Strike_B","Strike_B","Strike_B","Defend_B","Defend_B","Defend_B","Defend_B","Zap+1","Dualcast","Self Repair+1","Cold Snap","Loop+1","Coolheaded","Go for the Eyes","Steam","FTL","Glacier","Multi-Cast+1","Leap+1","Fusion","Electrodynamics","Sunder+1","White Noise+1","Double Energy+1","Fission","Capacitor","Loop","Amplify","Chill"],"relics":["Cracked Core","NeowsBlessing","Golden Idol","DataDisk","Boot","Strawberry","Cursed Key","PreservedInsect","Ice Cream","Cables","Mummified Hand","Pantograph","Tiny House","Membership Card","Oddly Smooth Stone"],"acts_visited":["Exordium","TheCity","TheBeyond"],"potions_floor_usage":[33,33,36,37],"damage_taken":[{"damage":0.0,"enemies":"Small Slimes","floor":1.0,"turns":1.0},{"damage":0.0,"enemies":"Cultist","floor":3.0,"turns":1.0},{"damage":0.0,"enemies":"Lagavulin","floor":6.0,"turns":1.0},{"damage":6.0,"enemies":"2 Louse","floor":8.0,"turns":3.0},{"damage":8.0,"enemies":"Looter","floor":11.0,"turns":4.0},{"damage":7.0,"enemies":"Blue Slaver","floor":13.0,"turns":3.0},{"damage":9.0,"enemies":"Gremlin Nob","floor":14.0,"turns":4.0},{"damage":0.0,"enemies":"Slime Boss","floor":16.0,"turns":14.0},{"damage":13.0,"enemies":"Chosen","floor":18.0,"turns":7.0},{"damage":1.0,"enemies":"Spheric Guardian","floor":19.0,"turns":7.0},{"damage":9.0,"enemies":"Shelled Parasite and Fungi","floor":21.0,"turns":14.0},{"damage":14.0,"enemies":"Gremlin Leader","floor":23.0,"turns":5.0},{"damage":2.0,"enemies":"Centurion and Healer","floor":25.0,"turns":6.0},{"damage":34.0,"enemies":"Slavers","floor":27.0,"turns":3.0},{"damage":1.0,"enemies":"Snecko","floor":31.0,"turns":4.0},{"damage":33,"enemies":"Collector","floor":33,"turns":8},{"damage":33,"enemies":"3 Darklings","floor":35,"turns":7},{"damage":34,"enemies":"3 Shapes","floor":36,"turns":4},{"damage":27,"enemies":"3 Darklings","floor":37,"turns":7},{"damage":48,"enemies":"Giant Head","floor":41,"turns":7}],"seed_played":"-8475956939658900927","potions_obtained":[{"floor":1.0,"key":"FocusPotion"},{"floor":14.0,"key":"AttackPotion"},{"floor":16.0,"key":"Strength Potion"},{"floor":23.0,"key":"Explosive Potion"},{"floor":25.0,"key":"ColorlessPotion"},{"floor":31.0,"key":"SkillPotion"},{"floor":34,"key":"FearPotion"},{"floor":35,"key":"ColorlessPotion"},{"floor":37,"key":"LiquidBronze"}],"is_trial":false,"path_per_floor":["M","?","M","$","?","E","?","M","T","R","M","$","M","E","R","B",null,"M","M","$","M","?","E","R","M","T","E","R","?","T","M","R","B",null,"M","M","M","$","$","R","E"],"character_chosen":"DEFECT","items_purchased":["Self Repair","Cold Snap","Steam","FTL","PreservedInsect","Fusion","Membership Card","Oddly Smooth Stone","Chill"],"campfire_rested":3,"item_purchase_floors":[4,4,12,12,20,20,38,38,39],"current_hp_per_floor":[68,75,75,75,57,57,57,58,58,58,57,57,57,62,82,82,82,76,82,82,80,80,73,73,78,78,44,68,68,68,74,74,56,81,58,34,17,17,17,43,0,0],"gold":39,"neow_bonus":"THREE_ENEMY_KILL","is_daily":false,"chose_seed":false,"campfire_upgraded":3,"win_rate":0.0,"timestamp":1612825821,"path_taken":["M","?","M","?","?","E","?","M","T","R","M","$","M","E","R","BOSS","M","M","$","M","?","E","R","M","T","E","R","?","?","M","R","BOSS","M","?","M","?","$","R","E"],"items_purchased_type":["Card","Card","Card","Card","Relic","Card","Relic","Relic","Card"],"build_version":"2020-12-22","purchased_purges":2,"victory":false,"max_hp_per_floor":[75,75,75,75,75,75,75,75,75,75,75,75,75,82,82,82,82,82,82,82,82,82,82,82,82,82,82,82,82,82,82,82,82,87,87,87,87,87,87,87,87,87],"card_choices":[{"not_picked":["Compile Driver","Double Energy"],"picked":"Melter","floor":1.0},{"not_picked":["Sweeping Beam","Fusion","Go for the Eyes"],"picked":"SKIP","floor":3.0},{"not_picked":["Lockon","Genetic Algorithm"],"picked":"Loop","floor":6.0},{"not_picked":["Rainbow","Lockon"],"picked":"Coolheaded","floor":8.0},{"not_picked":["Hologram","Compile Driver"],"picked":"Go for the Eyes","floor":11.0},{"not_picked":["Melter","Reinforced Body"],"picked":"Glacier","floor":13.0},{"not_picked":["Stack","Rip and Tear","Compile Driver"],"picked":"SKIP","floor":14.0},{"not_picked":["Seek","Reboot"],"picked":"Multi-Cast","floor":16.0},{"not_picked":["Compile Driver","Conserve Battery","Sweeping Beam"],"picked":"SKIP","floor":18.0},{"not_picked":["Redo","Steam"],"picked":"Leap+1","floor":19.0},{"not_picked":["Darkness","Beam Cell"],"picked":"Electrodynamics","floor":21.0},{"not_picked":["Hologram","Gash"],"picked":"Sunder","floor":23.0},{"not_picked":["Gash","Stack+1"],"picked":"White Noise+1","floor":25.0},{"not_picked":["Stack","Steam Power","Hello World"],"picked":"SKIP","floor":27.0},{"not_picked":["Conserve Battery","Force Field","Double Energy+1"],"picked":"SKIP","floor":31.0},{"not_picked":["Conserve Battery","Force Field"],"picked":"Double Energy+1","floor":31.0},{"not_picked":["Rainbow","Machine Learning"],"picked":"Fission","floor":33},{"not_picked":["Stack","Hologram"],"picked":"Capacitor","floor":34},{"not_picked":["Redo+1","Stack+1","Turbo+1"],"picked":"SKIP","floor":35},{"not_picked":["Lockon","Coolheaded+1"],"picked":"Loop","floor":36},{"not_picked":["Conserve Battery+1","Streamline"],"picked":"Amplify","floor":37}],"player_experience":421132,"relics_obtained":[{"floor":6.0,"key":"DataDisk"},{"floor":9.0,"key":"Boot"},{"floor":14.0,"key":"Strawberry"},{"floor":23.0,"key":"Cables"},{"floor":26.0,"key":"Mummified Hand"},{"floor":27.0,"key":"Pantograph"}],"event_choices":[{"cards_removed":["Melter"],"damage_healed":7.0,"max_hp_gain":0.0,"max_hp_loss":0.0,"gold_gain":0.0,"event_name":"Bonfire Elementals","player_choice":"Offered Uncommon","floor":2.0,"gold_loss":0.0,"damage_taken":0.0},{"damage_healed":0.0,"max_hp_gain":0.0,"max_hp_loss":0.0,"gold_gain":0.0,"event_name":"Golden Idol","player_choice":"Take Damage","floor":5.0,"gold_loss":0.0,"damage_taken":18.0,"relics_obtained":["Golden Idol"]},{"damage_healed":0.0,"max_hp_gain":0.0,"max_hp_loss":0.0,"gold_gain":0.0,"event_name":"Living Wall","player_choice":"Grow","floor":7.0,"gold_loss":0.0,"damage_taken":0.0,"cards_upgraded":["Loop"]},{"damage_healed":0.0,"max_hp_gain":0.0,"max_hp_loss":0.0,"gold_gain":0.0,"event_name":"The Mausoleum","player_choice":"Opened","floor":22.0,"gold_loss":0.0,"damage_taken":0.0,"relics_obtained":["Ice Cream"]},{"damage_healed":0.0,"max_hp_gain":0.0,"max_hp_loss":0.0,"gold_gain":2.0,"event_name":"betterStone:BetterStone","player_choice":"1","floor":29.0,"gold_loss":0.0,"damage_taken":0.0}],"is_beta":false,"boss_relics":[{"not_picked":["Sozu","Nuclear Battery"],"picked":"Cursed Key"},{"not_picked":["SacredBark","Runic Dome"],"picked":"Tiny House"}],"items_purged_floors":[38,39],"is_endless":false,"potions_floor_spawned":[1,14,16,21,23,25,31,35,37],"killed_by":"Giant Head","ascension_level":11}}