{"host":"x8sam8fprezugive","time":1612779463,"event":{"mods":["A Magickal Journey","Bard","BaseMod","Colored Powertips","Downfall","Hero for Fun","Minty Spire (QoL Compilation)","Replay The Spire","StSLib","The Necromancer"],"gold_per_floor":[99,119,174,166,185,232,232,232,255,274,315,51,51,44,59,168,168,168,186,186,212,145,145,145,145],"floor_reached":23,"language":"ENG","playtime":1714,"items_purged":[],"score":189,"play_id":"21e70e37-8840-4020-8245-8f4e11a9fa97","local_time":"20210208111743","is_ascension_mode":false,"campfire_choices":[{"data":"hexamod:Float","floor":1,"key":"SMITH"},{"floor":8,"key":"REST"},{"data":"hexamod:EmpoweredFlame","floor":13,"key":"SMITH"},{"data":"hexamod:HexaLevel","floor":18,"key":"SMITH"}],"circlet_count":0,"master_deck":["hexamod:Strike","hexamod:Strike","hexamod:Strike","hexamod:Strike","hexamod:Defend","hexamod:Defend","hexamod:Defend","hexamod:Defend","hexamod:Sear","hexamod:Float+1","hexamod:StepThrough","hexamod:FourthSeal","hexamod:SecondSeal","hexamod:FirstSeal","hexamod:PhantomFireball","hexamod:ThirdSeal","hexamod:BurningTouch","hexamod:AdvancingGuard","hexamod:SwordOfDarkness","hexamod:SpectersWail","hexamod:ShieldOfDarkness","hexamod:ExtraCrispy","hexamod:EmpoweredFlame+1","hexamod:HexaLevel+1","hexamod:FirstSeal","hexamod:RetreatToShadows","hexamod:EmpoweredFlame","hexamod:UnleashSpirits","hexamod:RetreatToShadows","hexamod:TimeOfNeed","hexamod:GhostOfSpireFuture","hexamod:FifthSeal","hexamod:GhostShield","Replay:SS_hec_1"],"relics":["hexamod:SpiritBrand","Happy Flower","Lantern","Blue Doll","Mirror","Bottled Tornado","hexamod:IceCube"],"acts_visited":["Exordium","TheCity"],"potions_floor_usage":[2,9,14,16,16,16,16,16,21,22,23],"damage_taken":[{"damage":8,"enemies":"2 Louse","floor":2,"turns":4},{"damage":20,"enemies":"3 Sentries","floor":3,"turns":11},{"damage":17,"enemies":"Small Slimes","floor":5,"turns":4},{"damage":7,"enemies":"Jaw Worm","floor":9,"turns":4},{"damage":1,"enemies":"Exordium Thugs","floor":10,"turns":4},{"damage":7,"enemies":"Replay:BlueRogue","floor":11,"turns":5},{"damage":0,"enemies":"downfall:FleeingMerchant","floor":12,"turns":4},{"damage":11,"enemies":"downfall:FleeingMerchant","floor":14,"turns":4},{"damage":14,"enemies":"Red Slaver","floor":15,"turns":3},{"damage":21,"enemies":"WA_ARCHETYPE_RETAIN","floor":16,"turns":6},{"damage":62,"enemies":"3 Byrds","floor":19,"turns":5},{"damage":38,"enemies":"Sentry and Sphere","floor":21,"turns":6},{"damage":20,"enemies":"downfall:FleeingMerchant","floor":22,"turns":4},{"damage":23,"enemies":"Chosen and Byrds","floor":23,"turns":3}],"seed_played":"8585457794384769046","potions_obtained":[{"floor":2,"key":"Fruit Juice"},{"floor":3,"key":"Toxic Potion"},{"floor":5,"key":"Ancient Potion"},{"floor":5,"key":"Swift Potion"},{"floor":10,"key":"Guardian:BlockOnCardUsePotion"},{"floor":11,"key":"CultistPotion"},{"floor":14,"key":"EntropicBrew"},{"floor":16,"key":"EssenceOfSteel"},{"floor":19,"key":"FairyPotion"},{"floor":21,"key":"Ancient Potion"},{"floor":21,"key":"FearPotion"},{"floor":22,"key":"Milkshake"}],"is_trial":false,"path_per_floor":["R","M","?","?","M","T","T","R","M","M","E","$","R","$","M","B",null,"R","M","?","M","$","M"],"character_chosen":"THE_SPIRIT","items_purchased":["Bottled Tornado","Replay:SS_hec_1"],"campfire_rested":1,"item_purchase_floors":[12,22],"current_hp_per_floor":[77,74,54,47,37,37,37,61,61,67,67,67,67,63,56,42,82,82,34,34,31,18,0,0,0],"gold":145,"neow_bonus":"TEN_PERCENT_HP_BONUS","is_daily":false,"chose_seed":false,"campfire_upgraded":3,"win_rate":0.0,"timestamp":1612779463,"path_taken":["R","M","?","?","M","?","T","R","?","M","E","?","R","$","M","BOSS","R","M","?","?","$","M"],"items_purchased_type":["Relic","Card"],"build_version":"2020-12-22","purchased_purges":0,"victory":false,"max_hp_per_floor":[77,82,82,82,82,82,82,82,82,82,82,82,82,82,82,82,82,82,82,82,82,82,82,82,82],"card_choices":[{"not_picked":["hexamod:Hexaguard","hexamod:SpectersWail"],"picked":"hexamod:StepThrough","floor":2},{"not_picked":["hexamod:BurningTouch","hexamod:FastForward"],"picked":"hexamod:Firestarter","floor":3},{"not_picked":["hexamod:GhostOfSpirePast","hexamod:SwordOfDarkness"],"picked":"hexamod:PhantomFireball","floor":5},{"not_picked":["hexamod:AdvancingGuard","hexamod:PhantomFireball"],"picked":"hexamod:ThirdSeal","floor":5},{"not_picked":["hexamod:Haunt","hexamod:FastForward"],"picked":"hexamod:BurningTouch","floor":9},{"not_picked":["hexamod:NightmareStrike","hexamod:InspiringFlames"],"picked":"hexamod:AdvancingGuard","floor":9},{"not_picked":["hexamod:SpectralAdrenaline","hexamod:UnleashSpirits"],"picked":"hexamod:SwordOfDarkness","floor":10},{"not_picked":["hexamod:HauntingEcho","hexamod:ThermalTransfer"],"picked":"hexamod:SpectersWail","floor":11},{"not_picked":["hexamod:ThermalTransfer","hexamod:BacktrackSmack"],"picked":"hexamod:ShieldOfDarkness","floor":11},{"not_picked":["hexamod:NightmareStrike","hexamod:GhostShield"],"picked":"hexamod:ExtraCrispy","floor":12},{"not_picked":["hexamod:SpectersWail","hexamod:Rewind"],"picked":"hexamod:EmpoweredFlame","floor":12},{"not_picked":["hexamod:EmpoweredFlame","hexamod:EtherealExpedition"],"picked":"hexamod:HexaLevel","floor":14},{"not_picked":["hexamod:ShieldOfDarkness","hexamod:Incineration"],"picked":"hexamod:FirstSeal","floor":14},{"not_picked":["hexamod:SkipABeat","hexamod:StepThrough"],"picked":"hexamod:RetreatToShadows","floor":14},{"not_picked":["hexamod:NecessarySacrifice","hexamod:PhantomCloak"],"picked":"hexamod:EmpoweredFlame","floor":15},{"not_picked":["hexamod:UnlimitedPower","hexamod:ParanormalForm"],"picked":"hexamod:UnleashSpirits","floor":16},{"not_picked":["hexamod:NightmareGuise","hexamod:SecondSeal"],"picked":"hexamod:RetreatToShadows","floor":19},{"not_picked":["hexamod:SpectersWail","hexamod:NightmareStrike","hexamod:Hexaguard"],"picked":"SKIP","floor":19},{"not_picked":["hexamod:Hexaguard","hexamod:GhostShield+1"],"picked":"hexamod:TimeOfNeed","floor":21},{"not_picked":["hexamod:GhostLash","hexamod:Hexaguard"],"picked":"hexamod:GhostOfSpireFuture","floor":21},{"not_picked":["hexamod:BurningTouch","hexamod:AdvancingGuard"],"picked":"hexamod:FifthSeal","floor":22},{"not_picked":["hexamod:ThermalTransfer","hexamod:FourthSeal"],"picked":"hexamod:GhostShield","floor":22}],"player_experience":238725,"relics_obtained":[{"floor":3,"key":"Happy Flower"},{"floor":6,"key":"Lantern"},{"floor":7,"key":"Blue Doll"},{"floor":11,"key":"Mirror"}],"event_choices":[],"is_beta":false,"boss_relics":[{"not_picked":["Runic Dome","Runic Pyramid"],"picked":"hexamod:IceCube"}],"items_purged_floors":[],"is_endless":false,"potions_floor_spawned":[2,3,5,15,19,21],"killed_by":"Chosen and Byrds","ascension_level":0}}