{"host":"b1odhp4jqi1xas18","time":1612758468,"event":{"mods":["BaseMod","Downfall","Googly Eyes","Minty Spire (QoL Compilation)","StSLib"],"gold_per_floor":[99,119,51,65,65,65,65,84,99,126,142,127,142,142,161,258,258,258,271,271,202,212,225,225,225,225,241,241,253,270,270,290,290,290,290],"floor_reached":33,"language":"ENG","playtime":2082,"items_purged":[],"score":243,"play_id":"2b867031-4457-431f-af1e-20112b382d02","local_time":"20210207232748","is_ascension_mode":false,"campfire_choices":[{"data":"Slimebound:CorrosiveSpit","floor":1,"key":"SMITH"},{"floor":6,"key":"REST"},{"floor":18,"key":"RECALL"},{"floor":26,"key":"REST"},{"data":"Slimebound:LevelUp","floor":28,"key":"SMITH"}],"circlet_count":0,"master_deck":["Slimebound:Strike_Slimebound","Slimebound:Strike_Slimebound","Slimebound:Strike_Slimebound","Slimebound:Tackle","Slimebound:Defend_Slimebound","Slimebound:Defend_Slimebound","Slimebound:Defend_Slimebound","Slimebound:Defend_Slimebound","Slimebound:Split","Slimebound:CorrosiveSpit+1","Slimebound:Schlurp","Slimebound:LeechingTouch","Slimebound:GoopSpray","Slimebound:SplitMire","Slimebound:GoopTackle","Slimebound:SplitLeeching","Slimebound:ProtectTheBoss","Slimebound:SamplingLick","Slimebound:LeechingTouch","Slimebound:Schlurp","Slimebound:LevelUp+1","Slimebound:MinionMaster","Slimebound:GrowthPunch+1","Slimebound:PressTheAttack","Slimebound:SplitBruiser","Slimebound:AcidTongue","Slimebound:GoopSpray","Slimebound:Repurpose"],"relics":["Slimebound:AbsorbEndCombat","Odd Mushroom","Thread and Needle","Busted Crown","Incense Burner","downfall:RedIOU"],"acts_visited":["Exordium","TheCity"],"potions_floor_usage":[33],"damage_taken":[{"damage":12,"enemies":"2 Louse","floor":2,"turns":3},{"damage":0,"enemies":"downfall:FleeingMerchant","floor":3,"turns":4},{"damage":5,"enemies":"Jaw Worm","floor":4,"turns":3},{"damage":7,"enemies":"Small Slimes","floor":8,"turns":3},{"damage":7,"enemies":"2 Fungi Beasts","floor":9,"turns":3},{"damage":20,"enemies":"The Mushroom Lair","floor":10,"turns":4},{"damage":12,"enemies":"Lots of Slimes","floor":11,"turns":3},{"damage":6,"enemies":"downfall:FleeingMerchant","floor":12,"turns":4},{"damage":0,"enemies":"Blue Slaver","floor":13,"turns":3},{"damage":0,"enemies":"Large Slime","floor":15,"turns":5},{"damage":25,"enemies":"WA_ARCHETYPE_RETAIN","floor":16,"turns":8},{"damage":3,"enemies":"Shell Parasite","floor":19,"turns":4},{"damage":8,"enemies":"downfall:FleeingMerchant","floor":21,"turns":4},{"damage":9,"enemies":"Shelled Parasite and Fungi","floor":22,"turns":6},{"damage":6,"enemies":"Snake Plant","floor":23,"turns":4},{"damage":12,"enemies":"Centurion and Healer","floor":27,"turns":6},{"damage":2,"enemies":"Cultist and Chosen","floor":29,"turns":5},{"damage":7,"enemies":"Snake Plant","floor":30,"turns":3},{"damage":15,"enemies":"Sentry and Sphere","floor":32,"turns":6},{"damage":67,"enemies":"SI_MIRROR_ARCHETYPE","floor":33,"turns":12}],"seed_played":"8730419991180447852","potions_obtained":[{"floor":2,"key":"LiquidMemories"},{"floor":4,"key":"Dexterity Potion"},{"floor":8,"key":"SteroidPotion"},{"floor":10,"key":"Slimebound:SpawnSlimePotion"}],"is_trial":false,"path_per_floor":["R","M","$","M","?","R","T","M","M","?","M","$","M","?","M","B",null,"R","M","?","$","M","M","T","?","R","M","R","M","M","?","M","B"],"character_chosen":"SLIMEBOUND","items_purchased":["Slimebound:GoopSpray","Slimebound:SplitBruiser"],"campfire_rested":2,"item_purchase_floors":[3,21],"current_hp_per_floor":[71,61,65,66,66,71,71,64,63,49,45,45,51,33,41,24,71,71,70,70,65,64,66,66,66,71,61,61,67,66,66,59,0,0,0],"gold":290,"neow_bonus":"TEN_PERCENT_HP_BONUS","is_daily":false,"chose_seed":false,"campfire_upgraded":2,"win_rate":0.0,"timestamp":1612758468,"path_taken":["R","M","$","M","?","R","T","M","M","?","M","$","M","?","M","BOSS","R","M","?","$","M","M","T","?","R","M","R","M","?","?","M","BOSS"],"items_purchased_type":["Card","Card"],"build_version":"2020-12-22","purchased_purges":0,"victory":false,"max_hp_per_floor":[71,71,71,71,71,71,71,71,71,71,71,71,71,71,71,71,71,71,71,71,71,71,71,71,71,71,71,71,71,71,71,71,71,71,71],"card_choices":[{"not_picked":["Slimebound:SamplingLick","Slimebound:ComboTackle"],"picked":"Slimebound:Schlurp","floor":2},{"not_picked":["Slimebound:DisruptingSlam","Slimebound:RollThrough"],"picked":"Slimebound:LeechingTouch","floor":3},{"not_picked":["Slimebound:ProtectTheBoss","Slimebound:LeadByExample"],"picked":"Slimebound:SplitMire","floor":4},{"not_picked":["Slimebound:SlimeSpikes","Slimebound:ComboTackle"],"picked":"Slimebound:GoopTackle","floor":8},{"not_picked":["Slimebound:AcidTongue","Slimebound:BestDefense"],"picked":"Slimebound:SplitLeeching","floor":9},{"not_picked":["Slimebound:TongueLash","Slimebound:LivingWall"],"picked":"Slimebound:ProtectTheBoss","floor":10},{"not_picked":["Slimebound:ItLooksTasty","Slimebound:SlimeSpikes"],"picked":"Slimebound:SamplingLick","floor":11},{"not_picked":["Slimebound:ProtectTheBoss","Slimebound:LivingWall"],"picked":"Slimebound:LeechingTouch","floor":12},{"not_picked":["Slimebound:HauntingLick","Slimebound:ComboTackle"],"picked":"Slimebound:Schlurp","floor":13},{"not_picked":["Slimebound:FinishingTackle","Slimebound:SplitLeeching"],"picked":"Slimebound:LevelUp","floor":15},{"not_picked":["Slimebound:Overexert","Slimebound:WasteNot"],"picked":"Slimebound:MinionMaster","floor":16},{"not_picked":[],"picked":"Slimebound:GrowthPunch+1","floor":19},{"not_picked":[],"picked":"Slimebound:PressTheAttack","floor":21},{"not_picked":["Slimebound:Replication"],"picked":"SKIP","floor":22},{"not_picked":["Slimebound:Chomp"],"picked":"SKIP","floor":23},{"not_picked":[],"picked":"Slimebound:AcidTongue","floor":27},{"not_picked":["Slimebound:Chomp"],"picked":"SKIP","floor":29},{"not_picked":[],"picked":"Slimebound:GoopSpray","floor":30},{"not_picked":[],"picked":"Slimebound:Repurpose","floor":32}],"player_experience":73585,"relics_obtained":[{"floor":7,"key":"Darkstone Periapt"},{"floor":10,"key":"Odd Mushroom"},{"floor":24,"key":"Incense Burner"}],"event_choices":[{"damage_healed":0,"gold_gain":0,"player_choice":"Fought Mushrooms","damage_taken":0,"max_hp_gain":0,"max_hp_loss":0,"event_name":"Mushrooms","floor":10,"gold_loss":0},{"damage_healed":0,"gold_gain":0,"player_choice":"Success","damage_taken":18,"relics_obtained":["Thread and Needle"],"max_hp_gain":0,"max_hp_loss":0,"event_name":"Scrap Ooze","floor":14,"gold_loss":0}],"is_beta":false,"boss_relics":[{"not_picked":["Astrolabe","Black Star"],"picked":"Busted Crown"}],"items_purged_floors":[],"is_endless":false,"potions_floor_spawned":[2,4,8,10,11,15,19,30,32],"killed_by":"SI_MIRROR_ARCHETYPE","ascension_level":0}}