{"host":"8iaoobhpyvel1t4g","time":1612775540,"event":{"mods":["Aspiration","BaseMod","Beaked The Cultist","Clawfect","Colored Map","Conspire","Energized Spire","Friendly Minions","Glutton Mod","Halation","Highlight Path","Hubris","Infinite Spire","Jedi Mod","Minty Spire (QoL Compilation)","Permanent Neow","Quick Restart","Replay The Spire","Shop Mod","StSLib","SuperFastMode","The Jungle"],"gold_per_floor":[114,114,114,132,161,161,161,161,161,161,196,228,228,277,277,391,391,431,459,459,489,584,584,618,618,618,658,658,673,737,781,781,896,896,921,971,971,1001,1001],"floor_reached":38,"language":"ENG","playtime":2990,"items_purged":[],"score":539,"play_id":"1c4df684-73da-4c95-9cd9-120fb0c2acd4","local_time":"20210208041220","is_ascension_mode":false,"campfire_choices":[{"data":"Glutton:Rapacity","floor":6.0,"key":"SMITH"},{"data":"Recycle","floor":8.0,"key":"SMITH"},{"data":"Glutton:Scab","floor":10.0,"key":"SMITH"},{"data":"Glutton:Chomp","floor":13.0,"key":"SMITH"},{"data":"Glutton:Strike","floor":15,"key":"PURGE"},{"data":"Glutton:Toxicity","floor":23,"key":"SMITH"},{"data":"Glutton:Treat","floor":25,"key":"SMITH"},{"floor":32,"key":"RECALL"}],"circlet_count":0,"master_deck":["Glutton:Strike","Glutton:Strike","Glutton:Strike","Glutton:Strike","Glutton:Strike","Glutton:Defend","Glutton:Defend","Glutton:Scab+1","Glutton:Rapacity+1","Glutton:Chomp+1","Auto Shields","Recycle+1","Glutton:Treat+1","Glutton:Treat","Glutton:Avarice","Glutton:Treasure","Glutton:Borborygmi","Glutton:Tantrum","Glutton:Toxicity+1","Glutton:SelfFlagellate","Glutton:EatAlive","Glutton:GuardStance+1","Glutton:SelfFlagellate","Glutton:Fast","Glutton:FeverVisions"],"relics":["Glutton:EternalHunger","ReplayFunnel","hubris:Towel","Iron Hammer","conspire:DeflatedDodgeball","beaked:MawFillet","Gremlin Horn","Thread and Needle","Akabeko","Replay:Grab Bag","energizedSpire:OgreHead","conspire:SlowCooker","Glutton:DoggyBag","Regal Pillow"],"acts_visited":["Exordium","theJungle:Jungle","TheBeyond"],"potions_floor_usage":[22,22,22,24,29,38],"damage_taken":[{"damage":15.0,"enemies":"Cultist","floor":1.0,"turns":3.0},{"damage":12.0,"enemies":"conspire:RoseBush","floor":4.0,"turns":3.0},{"damage":14.0,"enemies":"2 Louse","floor":5.0,"turns":4.0},{"damage":12.0,"enemies":"Exordium Wildlife","floor":11.0,"turns":3.0},{"damage":25.0,"enemies":"2 Fungi Beasts","floor":12.0,"turns":7.0},{"damage":54,"enemies":"Gremlin Nob","floor":14,"turns":5},{"damage":14,"enemies":"Slime Boss","floor":16,"turns":10},{"damage":17,"enemies":"theJungle:5_Spyders","floor":18,"turns":5},{"damage":17,"enemies":"theJungle:GiantWrat","floor":19,"turns":5},{"damage":2,"enemies":"theJungle:SlimyTreeVines","floor":21,"turns":2},{"damage":33,"enemies":"theJungle:Cassacara","floor":22,"turns":5},{"damage":37,"enemies":"theJungle:JungleHuntersEncounter","floor":24,"turns":5},{"damage":47,"enemies":"theJungle:MamaSnecko","floor":27,"turns":6},{"damage":5,"enemies":"theJungle:2_Snecko_Cultists","floor":29,"turns":2},{"damage":7,"enemies":"theJungle:Cassacara","floor":30,"turns":4},{"damage":16,"enemies":"theJungle:2_Flameangoes","floor":31,"turns":6},{"damage":37,"enemies":"theJungle:QueenSpyder","floor":33,"turns":8},{"damage":2,"enemies":"Orb Walker","floor":35,"turns":2},{"damage":129,"enemies":"Nemesis","floor":36,"turns":9},{"damage":16,"enemies":"infinitespire:Three Voidlings","floor":38,"turns":4},{"damage":248,"enemies":"Nightmare_Alpha","floor":38,"turns":14}],"seed_played":"1225690368181215674","potions_obtained":[{"floor":5.0,"key":"SkillPotion"},{"floor":16,"key":"Fire Potion"},{"floor":19,"key":"jedi:hoardpotion"},{"floor":22,"key":"ColorlessPotion"},{"floor":27,"key":"jedi:StrikingPotion"},{"floor":33,"key":"Fire Potion"}],"is_trial":false,"path_per_floor":["M","?","?","M","M","R","?","R","T","R","M","M","R","E","R_BF","B",null,"M","M","?","M","E","R","M","R","T","E","?","M","E","M","R_BF","B",null,"M","E","?","?"],"character_chosen":"GLUTTON","items_purchased":[],"campfire_rested":0,"item_purchase_floors":[],"current_hp_per_floor":[105,105,105,98,94,94,94,94,94,94,96,115,115,102,102,129,132,120,131,131,136,115,115,121,121,121,99,99,129,166,190,190,192,210,208,124,124,0,0],"gold":1001,"neow_bonus":"RANDOM_COMMON_RELIC","is_daily":false,"chose_seed":false,"campfire_upgraded":6,"win_rate":0.0,"timestamp":1612775540,"path_taken":["M","?","?","?","M","R","?","R","T","R","M","M","R","E","R_BF","BOSS","M","M","?","M","E","R","M","R","T","E","?","M","E","M","R_BF","BOSS","M","E","?","?"],"items_purchased_type":[],"build_version":"2020-12-22","purchased_purges":0,"victory":false,"max_hp_per_floor":[120,120,120,120,120,120,120,120,120,120,120,124,124,128,128,132,132,132,136,136,136,136,136,142,142,142,146,146,160,167,193,193,210,210,210,226,226,270,270],"card_choices":[{"not_picked":["Glutton:Torment","Glutton:Slam"],"picked":"Glutton:Scab","floor":1.0},{"not_picked":["Glutton:ShedFat","Glutton:Borborygmi"],"picked":"Glutton:Rapacity","floor":4.0},{"not_picked":["Glutton:Brace","Glutton:Bite"],"picked":"Glutton:Chomp","floor":5.0},{"not_picked":["Glutton:Demolish","Glutton:GnawingHunger"],"picked":"Glutton:Treat","floor":11.0},{"not_picked":["Glutton:Mug","Glutton:LashOut"],"picked":"Glutton:Treat","floor":12.0},{"not_picked":["Glutton:PainMeditation","Glutton:Thrombosis"],"picked":"Glutton:Avarice","floor":14},{"not_picked":["Glutton:Malignancy","Glutton:Fast"],"picked":"Glutton:Treasure","floor":16},{"not_picked":["Glutton:Dispepsia+1","Glutton:Fever"],"picked":"Glutton:Borborygmi","floor":18},{"not_picked":["Glutton:Fever","Glutton:Thrombosis+1","Glutton:KneeJerk"],"picked":"SKIP","floor":19},{"not_picked":["Glutton:KneeJerk","Glutton:Rest"],"picked":"Glutton:Tantrum","floor":21},{"not_picked":["Glutton:EatAlive","Glutton:Loot"],"picked":"Glutton:Toxicity","floor":22},{"not_picked":["Glutton:Feed","Glutton:Chomp+1"],"picked":"Glutton:SelfFlagellate","floor":24},{"not_picked":["Glutton:Autotomy+1","Glutton:Tantrum+1"],"picked":"Glutton:EatAlive","floor":27},{"not_picked":["Glutton:Demolish","Glutton:DistilledAgony"],"picked":"Glutton:GuardStance+1","floor":29},{"not_picked":["Glutton:Rest","Glutton:Voracity","Glutton:Rapacity"],"picked":"SKIP","floor":30},{"not_picked":["Glutton:KneeJerk+1","Glutton:LashOut"],"picked":"Glutton:SelfFlagellate","floor":31},{"not_picked":["Glutton:Retaliation","Glutton:Megrim"],"picked":"Glutton:Fast","floor":33},{"not_picked":["Glutton:Masochism+1","Glutton:Feed","Glutton:Treat"],"picked":"SKIP","floor":35},{"not_picked":["Glutton:Retaliation","Glutton:Revivification+1"],"picked":"Glutton:FeverVisions","floor":36}],"player_experience":314833,"relics_obtained":[{"floor":9.0,"key":"Iron Hammer"},{"floor":14,"key":"conspire:DeflatedDodgeball"},{"floor":22,"key":"Gremlin Horn"},{"floor":27,"key":"Thread and Needle"},{"floor":30,"key":"Akabeko"},{"floor":36,"key":"Regal Pillow"}],"event_choices":[{"damage_healed":0.0,"max_hp_gain":0.0,"max_hp_loss":0.0,"gold_gain":0.0,"event_name":"The Woman in Blue","player_choice":"Bought 0 Potions","floor":3.0,"gold_loss":0.0,"damage_taken":0.0},{"damage_healed":0,"gold_gain":0,"player_choice":"Leave","damage_taken":0,"max_hp_gain":0,"max_hp_loss":0,"event_name":"conspire:Investor","floor":28,"gold_loss":0}],"is_beta":false,"boss_relics":[{"not_picked":["Busted Crown","hubris:Stopwatch"],"picked":"beaked:MawFillet"},{"not_picked":["hubris:RunicObelisk","conspire:SpecialSausage"],"picked":"Replay:Grab Bag"},{"not_picked":["Cursed Key","conspire:SeveredTorchhead"],"picked":"energizedSpire:OgreHead"},{"not_picked":["energizedSpire:MagnifyingGlass","hubris:VirtuousBlindfold"],"picked":"conspire:SlowCooker"},{"not_picked":["Snecko Eye","hubris:BlackHole"],"picked":"Glutton:DoggyBag"}],"items_purged_floors":[],"is_endless":false,"potions_floor_spawned":[5,16,19,22,27,33],"killed_by":"Nightmare_Alpha","ascension_level":0}}