{"host":"jt4xaqerixsfdsye","time":1612827760,"event":{"mods":["Astrologer","Bard","BaseMod","Downfall","Hermit","Minty Spire (QoL Compilation)","StSLib","The Bug Knight","The Cursed"],"gold_per_floor":[115,115,290,306,325,360,28,46,46,46,7,17,34,44,44,139,139,152,167,167,186,201,201,13,13,13],"floor_reached":25,"language":"ENG","playtime":2590,"items_purged":["Doubt"],"score":207,"play_id":"f1f3c3d8-0b49-494e-b185-54f6bc082ca2","local_time":"20210209004240","is_ascension_mode":false,"campfire_choices":[{"floor":10,"key":"REST"},{"floor":15,"key":"REST"},{"data":"astrologer:TheWorld","floor":23,"key":"SMITH"}],"circlet_count":0,"master_deck":["astrologer:Strike","astrologer:Strike","astrologer:Strike","astrologer:Strike","astrologer:Defend","astrologer:Defend","astrologer:Defend","astrologer:Defend","astrologer:NorthStar","astrologer:TheFool","astrologer:MeteorShower","astrologer:FadingStar","astrologer:SolarFlare","astrologer:TheStar","astrologer:FrozenStar","astrologer:TheStar","astrologer:SolarFlare","astrologer:MeteorShower","astrologer:Prestidigitation","astrologer:TheDevil","astrologer:LonelyStar","astrologer:Stardust","astrologer:StarOfCourage","astrologer:Radiance","astrologer:TheWorld+1","astrologer:TheHermit+1","astrologer:TheHermit","astrologer:Conjunction","astrologer:TheHangedMan","astrologer:Trine","astrologer:Opposition"],"relics":["astrologer:SkyMirror","NeowsBlessing","Sundial","Darkstone Periapt","Coffee Dripper"],"acts_visited":["Exordium","TheCity"],"potions_floor_usage":[6,14,19,21],"damage_taken":[{"damage":0,"enemies":"Jaw Worm","floor":1,"turns":1},{"damage":0,"enemies":"2 Louse","floor":4,"turns":1},{"damage":0,"enemies":"Cultist","floor":5,"turns":1},{"damage":47,"enemies":"3 Sentries","floor":6,"turns":13},{"damage":14,"enemies":"Exordium Thugs","floor":8,"turns":6},{"damage":0,"enemies":"3 Louse","floor":12,"turns":2},{"damage":7,"enemies":"Looter","floor":13,"turns":4},{"damage":5,"enemies":"Blue Slaver","floor":14,"turns":3},{"damage":33,"enemies":"Hexaghost","floor":16,"turns":9},{"damage":7,"enemies":"3 Byrds","floor":18,"turns":5},{"damage":2,"enemies":"Chosen","floor":19,"turns":6},{"damage":10,"enemies":"3 Cultists","floor":21,"turns":5},{"damage":47,"enemies":"Cultist and Chosen","floor":22,"turns":9},{"damage":13,"enemies":"Sentry and Sphere","floor":25,"turns":3}],"seed_played":"2991942175958511417","potions_obtained":[{"floor":1,"key":"ColorlessPotion"},{"floor":12,"key":"Fire Potion"},{"floor":16,"key":"Block Potion"},{"floor":18,"key":"Swift Potion"}],"is_trial":false,"path_per_floor":["M","?","?","M","M","E","$","M","T","R","$","M","M","M","R","B",null,"M","M","?","M","M","R","$","M"],"character_chosen":"ASTROLOGER","items_purchased":["astrologer:FrozenStar","astrologer:TheStar","astrologer:SolarFlare","astrologer:MeteorShower","astrologer:Prestidigitation","astrologer:LonelyStar","astrologer:Trine","astrologer:Opposition"],"campfire_rested":2,"item_purchase_floors":[7,7,7,7,7,11,24,24],"current_hp_per_floor":[70,70,70,70,70,23,23,9,9,30,30,30,23,18,39,6,70,63,61,61,51,4,4,4,0,0],"gold":13,"neow_bonus":"THREE_ENEMY_KILL","is_daily":false,"chose_seed":false,"campfire_upgraded":1,"win_rate":0.0,"timestamp":1612827760,"path_taken":["M","?","?","M","M","E","$","M","T","R","$","?","M","M","R","BOSS","M","M","?","M","M","R","$","M"],"items_purchased_type":["Card","Card","Card","Card","Card","Card","Card","Card"],"build_version":"2020-12-22","purchased_purges":1,"victory":false,"max_hp_per_floor":[70,70,70,70,70,70,70,70,70,70,70,70,70,70,70,70,70,70,70,70,70,70,70,70,70,70],"card_choices":[{"not_picked":["astrologer:Quincunx","astrologer:Conjunction"],"picked":"astrologer:MeteorShower","floor":1},{"not_picked":["astrologer:Opposition","astrologer:Novile"],"picked":"astrologer:FadingStar","floor":4},{"not_picked":["astrologer:Moonlight","astrologer:Radiance"],"picked":"astrologer:SolarFlare","floor":5},{"not_picked":["astrologer:Premonition","astrologer:Opposition"],"picked":"astrologer:TheStar","floor":6},{"not_picked":["astrologer:CometStrike","astrologer:SolarFlare"],"picked":"astrologer:TheDevil","floor":8},{"not_picked":["astrologer:CometStrike","astrologer:Quincunx"],"picked":"astrologer:Stardust","floor":12},{"not_picked":["astrologer:CometStrike","astrologer:Alignment"],"picked":"astrologer:StarOfCourage","floor":13},{"not_picked":["astrologer:Eclipse","astrologer:CometStrike"],"picked":"astrologer:Radiance","floor":14},{"not_picked":["astrologer:HeatDeath","astrologer:Alignment"],"picked":"astrologer:TheWorld","floor":16},{"not_picked":["astrologer:Radiance","astrologer:Strength"],"picked":"astrologer:TheHermit+1","floor":18},{"not_picked":["astrologer:Stardust+1","astrologer:ReadTheStars"],"picked":"astrologer:TheHermit","floor":19},{"not_picked":["astrologer:StarOfCourage","astrologer:SpaceDust"],"picked":"astrologer:Conjunction","floor":21},{"not_picked":["astrologer:SpaceDust+1","astrologer:Divination"],"picked":"astrologer:TheHangedMan","floor":22}],"player_experience":196159,"relics_obtained":[{"floor":6,"key":"Sundial"},{"floor":9,"key":"Darkstone Periapt"}],"event_choices":[{"damage_healed":0,"gold_gain":0,"player_choice":"Ignored","damage_taken":0,"max_hp_gain":0,"max_hp_loss":0,"event_name":"Golden Wing","floor":2,"gold_loss":0},{"damage_healed":0,"gold_gain":175,"player_choice":"AGREE","damage_taken":0,"max_hp_gain":0,"max_hp_loss":0,"event_name":"Liars Game","floor":3,"gold_loss":0,"cards_obtained":["Doubt"]},{"damage_healed":0,"gold_gain":0,"player_choice":"Ignored","damage_taken":0,"max_hp_gain":0,"max_hp_loss":0,"event_name":"Beggar","floor":20,"gold_loss":0}],"is_beta":false,"boss_relics":[{"not_picked":["Snecko Eye","Cursed Key"],"picked":"Coffee Dripper"}],"items_purged_floors":[7],"is_endless":false,"potions_floor_spawned":[1,12,16,18],"killed_by":"Sentry and Sphere","ascension_level":0}}