{"host":"f3chan41r3z23lol","time":1612759143,"event":{"mods":["BaseMod","Hermit","Minty Spire (QoL Compilation)","StSLib","The Poker Player"],"gold_per_floor":[115,133,133,133,154,154,100,119,144,178,199,217,240,253,253,372,372,390,18,42,63,63,63,78,98,121,21,146,146,166,186,186,186,186],"floor_reached":33,"language":"KOR","playtime":2273,"items_purged":["hermit:Grudge","Injury"],"score":280,"play_id":"8854da4e-67e6-44f0-8e7a-6158feeca70e","local_time":"20210208133903","is_ascension_mode":false,"campfire_choices":[{"data":"hermit:Snapshot","floor":6.0,"key":"SMITH"},{"floor":15.0,"key":"REST"},{"data":"hermit:Maintenance","floor":23,"key":"SMITH"},{"floor":29,"key":"REST"},{"floor":32,"key":"REST"}],"circlet_count":0,"master_deck":["hermit:Strike_Hermit","hermit:Strike_Hermit","hermit:Strike_Hermit","hermit:Strike_Hermit","hermit:Defend_Hermit","hermit:Defend_Hermit","hermit:Defend_Hermit","hermit:Defend_Hermit","hermit:Snapshot+1","hermit:Covet","hermit:Virtue","hermit:Shortfuse","hermit:Ricochet","hermit:Maintenance+1","hermit:TakeCover","hermit:Glare","hermit:RoundhouseKick","hermit:Coalescence+1","hermit:TakeAim","hermit:Horror+1","hermit:Ricochet"],"relics":["hermit:ClaspedLocket","MealTicket","Golden Idol","Lantern","Bag of Preparation","Bag of Marbles","Lee\u0027s Waffle","FaceOfCleric","Art of War","hermit:CharredGlove","InkBottle"],"acts_visited":["Exordium","TheCity"],"potions_floor_usage":[28,28,28],"damage_taken":[{"damage":1.0,"enemies":"2 Louse","floor":1.0,"turns":3.0},{"damage":0.0,"enemies":"Small Slimes","floor":2.0,"turns":4.0},{"damage":6.0,"enemies":"Jaw Worm","floor":5.0,"turns":2.0},{"damage":8.0,"enemies":"Lots of Slimes","floor":8.0,"turns":4.0},{"damage":31.0,"enemies":"Lagavulin","floor":10.0,"turns":5.0},{"damage":10.0,"enemies":"Looter","floor":11.0,"turns":2.0},{"damage":5.0,"enemies":"Exordium Thugs","floor":12.0,"turns":3.0},{"damage":10.0,"enemies":"Exordium Wildlife","floor":13.0,"turns":3.0},{"damage":0.0,"enemies":"3 Louse","floor":14.0,"turns":2.0},{"damage":27.0,"enemies":"Slime Boss","floor":16.0,"turns":8.0},{"damage":20.0,"enemies":"3 Byrds","floor":18.0,"turns":7.0},{"damage":5.0,"enemies":"Spheric Guardian","floor":20.0,"turns":3.0},{"damage":15.0,"enemies":"Shelled Parasite and Fungi","floor":21.0,"turns":9.0},{"damage":22,"enemies":"Snecko","floor":24,"turns":6},{"damage":0,"enemies":"Chosen and Byrds","floor":25,"turns":5},{"damage":35,"enemies":"Colosseum Slavers","floor":28,"turns":6},{"damage":11,"enemies":"Colosseum Nobs","floor":28,"turns":5},{"damage":11,"enemies":"Cultist and Chosen","floor":30,"turns":6},{"damage":24,"enemies":"Snecko","floor":31,"turns":6},{"damage":48,"enemies":"Automaton","floor":33,"turns":4}],"seed_played":"8762324644548804510","potions_obtained":[{"floor":2.0,"key":"Strength Potion"},{"floor":8.0,"key":"ColorlessPotion"},{"floor":10.0,"key":"Swift Potion"},{"floor":13.0,"key":"hermit:Tonic"},{"floor":16.0,"key":"Strength Potion"},{"floor":18.0,"key":"Explosive Potion"}],"is_trial":false,"path_per_floor":["M","M","?","?","M","R","$","M","T","E","M","M","M","M","R","B",null,"M","$","M","M","?","R","M","M","T","$","?","R","M","M","R","B"],"character_chosen":"HERMIT","items_purchased":["hermit:Ricochet","Bag of Marbles","Lee\u0027s Waffle"],"campfire_rested":3,"item_purchase_floors":[7,19,19],"current_hp_per_floor":[81,81,63,63,57,57,72,64,64,33,23,18,8,8,32,5,82,62,89,84,69,69,69,48,49,49,64,20,47,37,14,42,0,0],"gold":186,"neow_bonus":"TEN_PERCENT_HP_BONUS","is_daily":false,"chose_seed":false,"campfire_upgraded":2,"win_rate":0.0,"timestamp":1612759143,"path_taken":["M","M","?","?","M","R","?","?","T","E","M","M","M","M","R","BOSS","M","$","M","M","?","R","M","M","T","?","?","R","M","?","R","BOSS"],"items_purchased_type":["Card","Relic","Relic"],"build_version":"2020-12-22","purchased_purges":2,"victory":false,"max_hp_per_floor":[82,82,82,82,82,82,82,82,82,82,82,82,82,82,82,82,82,82,89,89,89,89,89,90,91,91,91,93,93,94,95,95,95,95],"card_choices":[{"not_picked":["hermit:SprayPray","hermit:Feint"],"picked":"hermit:Virtue","floor":1.0},{"not_picked":["hermit:NoHoldsBarred","hermit:CalledShot"],"picked":"hermit:Shortfuse","floor":2.0},{"not_picked":["hermit:NoHoldsBarred","hermit:GhostlyPresence","hermit:HoleUp"],"picked":"SKIP","floor":5.0},{"not_picked":["hermit:ItchyTrigger","hermit:CursedWeapon"],"picked":"hermit:Maintenance","floor":8.0},{"not_picked":["hermit:Manifest","hermit:Quickdraw"],"picked":"hermit:TakeCover","floor":10.0},{"not_picked":["hermit:DeadMansHand","hermit:HoleUp","hermit:WideOpen"],"picked":"SKIP","floor":11.0},{"not_picked":["hermit:CalledShot","hermit:TrackingShot"],"picked":"hermit:Grudge","floor":12.0},{"not_picked":["hermit:Vantage","hermit:Dive"],"picked":"hermit:Glare","floor":13.0},{"not_picked":["hermit:Midnight","hermit:TakeCover","hermit:Horror"],"picked":"SKIP","floor":14.0},{"not_picked":["hermit:EternalForm","hermit:OverwhelmingPower"],"picked":"hermit:RoundhouseKick","floor":16.0},{"not_picked":["hermit:Ricochet","hermit:LowProfile"],"picked":"hermit:Coalescence+1","floor":18.0},{"not_picked":["hermit:Quickdraw","hermit:Roulette+1"],"picked":"hermit:TakeAim","floor":20.0},{"not_picked":["hermit:TakeAim","hermit:Gestalt","hermit:WideOpen"],"picked":"SKIP","floor":21.0},{"not_picked":["hermit:Misfire","hermit:HoleUp","hermit:TrackingShot"],"picked":"SKIP","floor":24},{"not_picked":["hermit:LoneWolf","hermit:Quickdraw","hermit:TakeAim"],"picked":"SKIP","floor":25},{"not_picked":["hermit:Snipe","hermit:Misfire"],"picked":"hermit:Horror+1","floor":28},{"not_picked":["hermit:Spite","hermit:Roulette","hermit:Adapt"],"picked":"SKIP","floor":30},{"not_picked":["hermit:Coalescence","hermit:Grudge"],"picked":"hermit:Ricochet","floor":31}],"player_experience":235309,"relics_obtained":[{"floor":9.0,"key":"Lantern"},{"floor":10.0,"key":"Bag of Preparation"},{"floor":26,"key":"Art of War"},{"floor":28,"key":"hermit:CharredGlove"},{"floor":28,"key":"InkBottle"}],"event_choices":[{"damage_healed":0.0,"max_hp_gain":0.0,"max_hp_loss":0.0,"gold_gain":0.0,"event_name":"Scrap Ooze","player_choice":"Success","floor":3.0,"gold_loss":0.0,"damage_taken":18.0,"relics_obtained":["MealTicket"]},{"damage_healed":0.0,"max_hp_gain":0.0,"max_hp_loss":0.0,"gold_gain":0.0,"event_name":"Golden Idol","player_choice":"Take Wound","floor":4.0,"gold_loss":0.0,"damage_taken":0.0,"relics_obtained":["Golden Idol"],"cards_obtained":["Injury"]},{"damage_healed":0.0,"max_hp_gain":0.0,"max_hp_loss":0.0,"gold_gain":0.0,"event_name":"FaceTrader","player_choice":"Trade","floor":22.0,"gold_loss":0.0,"damage_taken":0.0,"relics_obtained":["FaceOfCleric"]},{"damage_healed":0,"gold_gain":0,"player_choice":"Fight","damage_taken":0,"max_hp_gain":0,"max_hp_loss":0,"event_name":"Colosseum","floor":28,"gold_loss":0},{"damage_healed":0,"gold_gain":0,"player_choice":"Fought Nobs","damage_taken":0,"max_hp_gain":0,"max_hp_loss":0,"event_name":"Colosseum","floor":28,"gold_loss":0}],"is_beta":false,"boss_relics":[{"not_picked":["Snecko Eye","Fusion Hammer"],"picked":"hermit:ClaspedLocket"}],"items_purged_floors":[19,27],"is_endless":false,"potions_floor_spawned":[2,8,10,13,16,18,20,28],"killed_by":"Automaton","ascension_level":0}}