{"host":"mg6qqnp83j5r6p2r","time":1612806685,"event":{"mods":["BaseMod","Colored Map","Colored Powertips","Highlight Path","Minty Spire (QoL Compilation)","Rare Cards Sparkle","Relic Sorter","Relic Stats","StSLib"],"gold_per_floor":[14,14,40,91,104,136,136,162,212,35,64,29,29,56,68,80,80],"floor_reached":16,"language":"ENG","playtime":607,"items_purged":[],"score":143,"play_id":"cb8622d5-06ad-45c0-85be-87b6fa5b1ed3","local_time":"20210208115125","is_ascension_mode":true,"campfire_choices":[{"floor":7,"key":"REST"},{"data":"Backflip","floor":15,"key":"SMITH"}],"circlet_count":0,"master_deck":["Strike_G","Strike_G","Strike_G","Strike_G","Strike_G","Defend_G","Defend_G","Defend_G","Defend_G","Defend_G","Survivor","Neutralize+1","Adrenaline","Masterful Stab","Cloak And Dagger","Slice","Backflip","Backflip+1"],"relics":["Ring of the Snake","Dream Catcher","Happy Flower","ClockworkSouvenir","Gremlin Horn","MawBank"],"acts_visited":["Exordium"],"potions_floor_usage":[8],"damage_taken":[{"damage":0.0,"enemies":"Jaw Worm","floor":1.0,"turns":5.0},{"damage":0.0,"enemies":"Small Slimes","floor":5.0,"turns":2.0},{"damage":22.0,"enemies":"3 Sentries","floor":6.0,"turns":11.0},{"damage":7,"enemies":"Lagavulin","floor":8,"turns":6},{"damage":32,"enemies":"Gremlin Nob","floor":11,"turns":6},{"damage":7,"enemies":"3 Sentries","floor":14,"turns":10},{"damage":44,"enemies":"Slime Boss","floor":16,"turns":8}],"seed_played":"-2321055422724572796","potions_obtained":[{"floor":1.0,"key":"SpeedPotion"},{"floor":6.0,"key":"AttackPotion"}],"is_trial":false,"path_per_floor":["M","?","T","?","M","E","R","E","T","$","E","?","$","E","R","B"],"character_chosen":"THE_SILENT","items_purchased":["ClockworkSouvenir","Slice"],"campfire_rested":1,"item_purchase_floors":[10,10],"current_hp_per_floor":[70,70,70,70,70,48,69,62,62,62,30,47,47,40,40,0,0],"gold":80,"neow_bonus":"THREE_RARE_CARDS","is_daily":false,"chose_seed":false,"campfire_upgraded":1,"win_rate":0.0,"timestamp":1612806685,"path_taken":["M","?","?","?","M","E","R","E","T","$","E","?","?","E","R","BOSS"],"items_purchased_type":["Relic","Card"],"build_version":"2020-12-22","purchased_purges":0,"victory":false,"max_hp_per_floor":[70,70,70,70,70,70,70,70,70,70,70,70,70,70,70,70,70],"relic_stats":{"Dream Catcher":0,"Happy Flower":[8],"Gremlin Horn":[2,2],"counters":[7,48],"MawBank":24,"obtain_stats":[{"Dream Catcher":8,"Happy Flower":9,"Gremlin Horn":11,"MawBank":14,"Ring of the Snake":0,"ClockworkSouvenir":10},{"Dream Catcher":4,"Happy Flower":4,"Gremlin Horn":5,"MawBank":6,"Ring of the Snake":0,"ClockworkSouvenir":4},{"Dream Catcher":24,"Happy Flower":24,"Gremlin Horn":30,"MawBank":40,"Ring of the Snake":0,"ClockworkSouvenir":24}],"Ring of the Snake":[14]},"card_choices":[{"not_picked":["Envenom","Die Die Die"],"picked":"Adrenaline","floor":0.0},{"not_picked":["Acrobatics","Blur"],"picked":"Masterful Stab","floor":1.0},{"not_picked":["Flechettes","Acrobatics","Bouncing Flask"],"picked":"SKIP","floor":5.0},{"not_picked":["Sucker Punch","Outmaneuver","Masterful Stab"],"picked":"SKIP","floor":6.0},{"not_picked":["Concentrate","Eviscerate"],"picked":"Cloak And Dagger","floor":8},{"not_picked":["Tools of the Trade","Tactician"],"picked":"Backflip","floor":11},{"not_picked":["Poisoned Stab","Acrobatics"],"picked":"Backflip","floor":14}],"player_experience":238249,"relics_obtained":[{"floor":8,"key":"Dream Catcher"},{"floor":9,"key":"Happy Flower"},{"floor":11,"key":"Gremlin Horn"},{"floor":14,"key":"MawBank"}],"event_choices":[{"damage_healed":0.0,"max_hp_gain":0.0,"max_hp_loss":0.0,"gold_gain":0.0,"event_name":"Living Wall","player_choice":"Grow","floor":2.0,"gold_loss":0.0,"damage_taken":0.0,"cards_upgraded":["Neutralize"]},{"damage_healed":0.0,"max_hp_gain":0.0,"max_hp_loss":0.0,"gold_gain":51.0,"event_name":"Golden Wing","player_choice":"Gained Gold","floor":4.0,"gold_loss":0.0,"damage_taken":0.0},{"damage_healed":17,"gold_gain":0,"player_choice":"Healed","damage_taken":0,"max_hp_gain":0,"max_hp_loss":0,"event_name":"The Cleric","floor":12,"gold_loss":35}],"is_beta":false,"boss_relics":[],"items_purged_floors":[],"is_endless":false,"potions_floor_spawned":[1,6],"killed_by":"Slime Boss","ascension_level":3}}