{"host":"tq99ucv8ezzqzioe","time":1612801423,"event":{"mods":["BaseMod","Colored Map","Downfall","Highlight Path","Minty Spire (QoL Compilation)","StSLib"],"gold_per_floor":[112,127,107,122,122,122,157,157,157,172,172,182,215,235,235,235,235],"floor_reached":16,"language":"ENG","playtime":644,"items_purged":[],"score":157,"play_id":"d5dc6bf1-4058-4adc-878f-8daea5943f4f","local_time":"20210208112343","is_ascension_mode":true,"campfire_choices":[{"data":"Neutralize","floor":6,"key":"SMITH"},{"floor":8,"key":"REST"},{"floor":11,"key":"RECALL"},{"data":"Survivor","floor":15,"key":"SMITH"}],"circlet_count":0,"master_deck":["Strike_G","Strike_G","Strike_G","Strike_G","Defend_G","Defend_G","Defend_G","Defend_G","Defend_G","Survivor+1","Neutralize+1","Flying Knee","Sucker Punch","Dagger Throw","Dagger Spray","Leg Sweep","Terror","Die Die Die","Blur"],"relics":["Ring of the Snake","Potion Belt","White Beast Statue"],"acts_visited":["Exordium"],"potions_floor_usage":[7,13,13,16],"damage_taken":[{"damage":2,"enemies":"Small Slimes","floor":1,"turns":4},{"damage":2,"enemies":"Cultist","floor":2,"turns":4},{"damage":5,"enemies":"Jaw Worm","floor":4,"turns":5},{"damage":19,"enemies":"3 Sentries","floor":7,"turns":7},{"damage":12,"enemies":"Large Slime","floor":10,"turns":7},{"damage":1,"enemies":"Blue Slaver","floor":12,"turns":4},{"damage":13,"enemies":"Gremlin Nob","floor":13,"turns":3},{"damage":1,"enemies":"2 Fungi Beasts","floor":14,"turns":2},{"damage":22,"enemies":"Slime Boss","floor":16,"turns":7}],"seed_played":"-7673394868476602688","potions_obtained":[{"floor":1,"key":"LiquidMemories"},{"floor":3,"key":"champ:CounterPotion"},{"floor":7,"key":"Ancient Potion"},{"floor":12,"key":"BlessingOfTheForge"},{"floor":14,"key":"PowerPotion"}],"is_trial":false,"path_per_floor":["M","M","?","M","?","R","E","R","T","M","R","M","E","M","R","B"],"character_chosen":"THE_SILENT","items_purchased":[],"campfire_rested":1,"item_purchase_floors":[],"current_hp_per_floor":[61,59,59,54,47,47,28,49,49,37,37,36,23,22,22,0,0],"gold":235,"neow_bonus":"THREE_CARDS","is_daily":false,"chose_seed":false,"campfire_upgraded":2,"win_rate":0.0,"timestamp":1612801423,"path_taken":["M","M","?","?","?","R","E","R","T","M","R","M","E","M","R","BOSS"],"items_purchased_type":[],"build_version":"2020-12-22","purchased_purges":0,"victory":false,"max_hp_per_floor":[70,70,70,70,70,70,70,70,70,70,70,70,70,70,70,70,70],"card_choices":[{"not_picked":["Terror","Acrobatics"],"picked":"Flying Knee","floor":0},{"not_picked":["Setup","Cloak And Dagger"],"picked":"Sucker Punch","floor":1},{"not_picked":["Flying Knee","Dagger Spray"],"picked":"Dagger Throw","floor":2},{"not_picked":["Quick Slash","Crippling Poison"],"picked":"Dagger Spray","floor":4},{"not_picked":["Escape Plan","Reflex"],"picked":"Leg Sweep","floor":7},{"not_picked":["Sucker Punch","Predator"],"picked":"Terror","floor":10},{"not_picked":["Sucker Punch","Calculated Gamble"],"picked":"Die Die Die","floor":12},{"not_picked":["Acrobatics","Cloak And Dagger","Slice"],"picked":"SKIP","floor":13},{"not_picked":["Skewer","Cloak And Dagger"],"picked":"Blur","floor":14}],"player_experience":897561,"relics_obtained":[{"floor":7,"key":"Potion Belt"},{"floor":13,"key":"White Beast Statue"}],"event_choices":[{"damage_healed":0,"gold_gain":0,"player_choice":"Bought 1 Potion","damage_taken":0,"max_hp_gain":0,"max_hp_loss":0,"event_name":"The Woman in Blue","floor":3,"gold_loss":0},{"cards_removed":["Strike_G"],"damage_healed":0,"gold_gain":0,"player_choice":"Card Removal","damage_taken":7,"max_hp_gain":0,"max_hp_loss":0,"event_name":"Golden Wing","floor":5,"gold_loss":0}],"is_beta":false,"boss_relics":[],"items_purged_floors":[],"is_endless":false,"potions_floor_spawned":[1,7,12,14],"killed_by":"Slime Boss","ascension_level":8}}