{"host":"lktusdb9orijgc6z","time":1612814692,"event":{"mods":["BaseMod","Bestiary","Colored Map","Colored Powertips","Minty Spire (QoL Compilation)","Permanent Neow","Quick Restart","Relic Stats","StSLib","everything is the same but u backflip on backflip","slay the spire mod where everything is the same but ironclad has a cowboy hat"],"gold_per_floor":[110,21,40,40,56,84,84,111,111,111,61,61,80,113,113,113,113],"floor_reached":16,"language":"ENG","playtime":559,"items_purged":[],"score":201,"play_id":"a545638c-9b56-4e31-9c28-b07d60c71594","local_time":"20210208210452","is_ascension_mode":true,"campfire_choices":[{"data":"Spot Weakness","floor":7,"key":"SMITH"},{"data":"Perfected Strike","floor":10,"key":"SMITH"},{"floor":12,"key":"REST"},{"data":"Armaments","floor":15,"key":"SMITH"}],"circlet_count":0,"master_deck":["AscendersBane","Strike_R","Strike_R","Strike_R+1","Strike_R+1","Defend_R","Defend_R","Bash","Seeing Red","Spot Weakness+1","Panacea","Pommel Strike","Armaments+1","Clothesline","Perfected Strike+1","Thunderclap","Barricade"],"relics":["Burning Blood","Whetstone","Darkstone Periapt","Bag of Marbles","Shuriken"],"acts_visited":["Exordium"],"potions_floor_usage":[5,8,16],"damage_taken":[{"damage":6,"enemies":"Cultist","floor":1,"turns":4},{"damage":8,"enemies":"Jaw Worm","floor":3,"turns":4},{"damage":15,"enemies":"Small Slimes","floor":5,"turns":4},{"damage":25,"enemies":"3 Sentries","floor":6,"turns":7},{"damage":25,"enemies":"Lagavulin","floor":8,"turns":5},{"damage":0,"enemies":"Looter","floor":13,"turns":2},{"damage":30,"enemies":"3 Sentries","floor":14,"turns":6},{"damage":28,"enemies":"The Guardian","floor":16,"turns":8}],"seed_played":"-2386629046323635536","potions_obtained":[{"floor":1,"key":"SpeedPotion"},{"floor":3,"key":"ElixirPotion"},{"floor":6,"key":"LiquidMemories"},{"floor":14,"key":"ColorlessPotion"}],"is_trial":false,"path_per_floor":["M","$","M","?","M","E","R","E","T","R","?","R","M","E","R","B"],"character_chosen":"IRONCLAD","items_purchased":["Panacea"],"campfire_rested":1,"item_purchase_floors":[2],"current_hp_per_floor":[68,68,66,66,57,38,38,19,19,19,19,41,47,23,23,0,0],"gold":113,"neow_bonus":"TRANSFORM_CARD","is_daily":false,"chose_seed":false,"campfire_upgraded":3,"win_rate":0.0,"timestamp":1612814692,"path_taken":["M","$","?","?","?","E","R","E","T","R","?","R","M","E","R","BOSS"],"items_purchased_type":["Card"],"build_version":"2020-12-22","purchased_purges":0,"victory":false,"max_hp_per_floor":[75,75,75,75,75,75,75,75,75,75,75,75,75,75,75,75,75],"relic_stats":{"Darkstone Periapt":0,"counters":[8,40],"Shuriken":[0],"Whetstone":["Strike_R","Strike_R"],"obtain_stats":[{"Darkstone Periapt":8,"Shuriken":14,"Bag of Marbles":9,"Whetstone":6,"Burning Blood":0},{"Darkstone Periapt":5,"Shuriken":7,"Bag of Marbles":5,"Whetstone":4,"Burning Blood":0},{"Darkstone Periapt":24,"Shuriken":32,"Bag of Marbles":24,"Whetstone":19,"Burning Blood":0}],"Burning Blood":42},"card_choices":[{"not_picked":["Infernal Blade","Heavy Blade"],"picked":"Spot Weakness","floor":1},{"not_picked":["Metallicize","Anger"],"picked":"Pommel Strike","floor":3},{"not_picked":["True Grit","Havoc"],"picked":"Armaments","floor":5},{"not_picked":["Bloodletting","Wild Strike"],"picked":"Clothesline","floor":6},{"not_picked":["Sentinel","Flex"],"picked":"Perfected Strike","floor":8},{"not_picked":["Shrug It Off","Searing Blow"],"picked":"Thunderclap","floor":13},{"not_picked":["Perfected Strike","Clothesline"],"picked":"Barricade","floor":14}],"player_experience":773145,"relics_obtained":[{"floor":6,"key":"Whetstone"},{"floor":8,"key":"Darkstone Periapt"},{"floor":9,"key":"Bag of Marbles"},{"floor":14,"key":"Shuriken"}],"event_choices":[{"cards_removed":["Strike_R"],"damage_healed":0,"gold_gain":0,"player_choice":"Purged","damage_taken":0,"max_hp_gain":0,"max_hp_loss":0,"event_name":"Purifier","floor":4,"gold_loss":0},{"cards_removed":["Defend_R"],"damage_healed":0,"gold_gain":0,"player_choice":"Card Removal","damage_taken":0,"max_hp_gain":0,"max_hp_loss":0,"event_name":"The Cleric","floor":11,"gold_loss":50}],"is_beta":false,"boss_relics":[],"items_purged_floors":[],"is_endless":false,"potions_floor_spawned":[1,3,6,14],"killed_by":"The Guardian","ascension_level":14}}