{"host":"tc1my4n9jof2q8vu","time":1612793577,"event":{"mods":["Act Like it!","BaseMod","Colored Powertips","Hubris","Minty Spire (QoL Compilation)","Replay The Spire","StSLib"],"gold_per_floor":[119,132,151,151,168,200,317,317,317],"floor_reached":8,"language":"ENG","playtime":591,"items_purged":[],"score":72,"play_id":"2851b64a-9462-4e28-a528-fdccbc9714e2","local_time":"20210208091257","is_ascension_mode":true,"campfire_choices":[],"circlet_count":0,"master_deck":["Strike_B","Strike_B","Strike_B","Strike_B","Defend_B","Defend_B","Defend_B","Defend_B","Zap","Dualcast","Echo Form","Coolheaded","Fusion","Coolheaded","Cold Snap"],"relics":["Cracked Core","hubris:Icosahedron","Potion Belt"],"acts_visited":["Exordium"],"potions_floor_usage":[6,7],"damage_taken":[{"damage":1.0,"enemies":"Cultist","floor":1.0,"turns":3.0},{"damage":7.0,"enemies":"Small Slimes","floor":2.0,"turns":3.0},{"damage":0.0,"enemies":"2 Louse","floor":3.0,"turns":4.0},{"damage":20.0,"enemies":"Large Slime","floor":5.0,"turns":7.0},{"damage":25,"enemies":"Gremlin Nob","floor":6,"turns":4},{"damage":10,"enemies":"Exordium Thugs","floor":7,"turns":5},{"damage":18,"enemies":"Lagavulin","floor":8,"turns":7}],"seed_played":"4903077506937724634","potions_obtained":[{"floor":1.0,"key":"Elixir"},{"floor":2.0,"key":"FocusPotion"},{"floor":5.0,"key":"AttackPotion"}],"is_trial":false,"path_per_floor":["M","M","M","?","M","E","M","E"],"character_chosen":"DEFECT","items_purchased":[],"campfire_rested":0,"item_purchase_floors":[],"current_hp_per_floor":[74,67,67,67,47,22,12,0,0],"gold":317,"neow_bonus":"ONE_RANDOM_RARE_CARD","is_daily":false,"chose_seed":false,"campfire_upgraded":0,"win_rate":0.0,"timestamp":1612793577,"path_taken":["M","?","M","?","M","E","M","E"],"items_purchased_type":[],"build_version":"2020-12-22","purchased_purges":0,"victory":false,"max_hp_per_floor":[75,75,75,75,75,75,75,75,75],"card_choices":[{"not_picked":["Reinforced Body","Beam Cell"],"picked":"Coolheaded","floor":1.0},{"not_picked":["Compile Driver","Sweeping Beam"],"picked":"Fusion","floor":2.0},{"not_picked":["Undo","ReplayTheSpireMod:Calculation Training"],"picked":"Coolheaded","floor":3.0},{"not_picked":["Turbo","Hologram","BasicCrystalCard"],"picked":"SKIP","floor":5.0},{"not_picked":["Steam Power","Hologram","Storm"],"picked":"SKIP","floor":6},{"not_picked":["Compile Driver","ReplayGash"],"picked":"Cold Snap","floor":7}],"player_experience":186188,"relics_obtained":[{"floor":6,"key":"Potion Belt"}],"event_choices":[],"is_beta":false,"boss_relics":[],"items_purged_floors":[],"is_endless":false,"potions_floor_spawned":[1,2,5],"killed_by":"Lagavulin","ascension_level":4}}