{"host":"4eao2pkwlmv012cz","time":1612767079,"event":{"mods":["BaseMod","Colored Powertips","Minty Spire (QoL Compilation)","Permanent Neow","Quick Restart","Random Character Button","StSLib"],"gold_per_floor":[114,29,40,190,207,207,132,132,132,464,464,476,476,476,476],"floor_reached":14,"language":"ENG","playtime":286,"items_purged":[],"score":176,"play_id":"32802f28-cc61-40b2-a456-f43c25f6da6b","local_time":"20210208015119","is_ascension_mode":true,"campfire_choices":[{"data":"Limit Break","floor":6,"key":"SMITH"},{"data":"Inflame","floor":8,"key":"SMITH"},{"data":"Heavy Blade","floor":13,"key":"SMITH"}],"circlet_count":0,"master_deck":["AscendersBane","Strike_R","Strike_R","Strike_R","Strike_R","Strike_R","Defend_R","Defend_R","Defend_R","Defend_R","Bash","Limit Break+1","Cleave","Rupture","Inflame+1","Heavy Blade+1","Inflame","Pain","Perfected Strike"],"relics":["Burning Blood","Bottled Tornado","Old Coin","WarpedTongs"],"acts_visited":["Exordium"],"potions_floor_usage":[5],"damage_taken":[{"damage":14,"enemies":"Jaw Worm","floor":1,"turns":4},{"damage":12,"enemies":"Small Slimes","floor":3,"turns":4},{"damage":6,"enemies":"Cultist","floor":5,"turns":3},{"damage":30,"enemies":"3 Sentries","floor":10,"turns":6},{"damage":6,"enemies":"Large Slime","floor":12,"turns":4},{"damage":30,"enemies":"Gremlin Nob","floor":14,"turns":3}],"seed_played":"464672325083439671","potions_obtained":[{"floor":3,"key":"LiquidMemories"}],"is_trial":false,"path_per_floor":["M","$","M","?","M","R","?","R","T","E","?","M","R","E"],"character_chosen":"IRONCLAD","items_purchased":["Rupture"],"campfire_rested":0,"item_purchase_floors":[2],"current_hp_per_floor":[60,60,54,54,54,54,54,54,54,30,30,30,30,0,0],"gold":476,"neow_bonus":"ONE_RANDOM_RARE_CARD","is_daily":false,"chose_seed":false,"campfire_upgraded":3,"win_rate":0.0,"timestamp":1612767079,"path_taken":["M","$","M","?","M","R","?","R","T","E","?","M","R","E"],"items_purchased_type":["Card"],"build_version":"2020-12-22","purchased_purges":0,"victory":false,"max_hp_per_floor":[75,75,75,75,75,75,75,75,75,75,75,75,75,75,75],"card_choices":[{"not_picked":["Wild Strike","Shrug It Off"],"picked":"Cleave","floor":1},{"not_picked":["Havoc","Twin Strike"],"picked":"Inflame","floor":3},{"not_picked":["Cleave","Warcry"],"picked":"Heavy Blade","floor":5},{"not_picked":["Whirlwind","Clash"],"picked":"Inflame","floor":10},{"not_picked":["True Grit","Entrench"],"picked":"Perfected Strike","floor":12}],"player_experience":2906991,"relics_obtained":[{"floor":9,"key":"Bottled Tornado"},{"floor":10,"key":"Old Coin"}],"event_choices":[{"damage_healed":0,"gold_gain":150,"player_choice":"AGREE","damage_taken":0,"max_hp_gain":0,"max_hp_loss":0,"event_name":"Liars Game","floor":4,"gold_loss":0,"cards_obtained":["Doubt"]},{"cards_removed":["Doubt"],"damage_healed":0,"gold_gain":0,"player_choice":"Card Removal","damage_taken":0,"max_hp_gain":0,"max_hp_loss":0,"event_name":"The Cleric","floor":7,"gold_loss":75},{"damage_healed":0,"gold_gain":0,"player_choice":"Rummage","damage_taken":0,"relics_obtained":["WarpedTongs"],"max_hp_gain":0,"max_hp_loss":0,"event_name":"Accursed Blacksmith","floor":11,"gold_loss":0,"cards_obtained":["Pain"]}],"is_beta":false,"boss_relics":[],"items_purged_floors":[],"is_endless":false,"potions_floor_spawned":[3],"killed_by":"Gremlin Nob","ascension_level":20}}