{"host":"j5shy70asow5koz5","time":1612759751,"event":{"mods":["2.2 Compatiblity","Act Like it!","Arknights","BaseMod","Colored Map","Marisa£¨Ùöéë¡¡Øª×âÞÞ£©","Minty Spire (QoL Compilation)","Prisma Mod","StSLib","SuperFastMode","Td1madao Mod","The Disciple","The Gatherer","The Servant 0.9.4","Waifu the Spire"],"gold_per_floor":[109,183,133,133,34,34,45,57,83,83,83,113,113,124,124,224,224,236,249,249,100,112,112,124,141,165,165,90,90,90,124,124,124,124],"floor_reached":33,"language":"KOR","playtime":698,"items_purged":["Strike_G"],"score":263,"play_id":"62643e67-2480-4b17-b0c1-e2b4eb3f6b63","local_time":"20210208134911","is_ascension_mode":false,"campfire_choices":[{"data":"Eviscerate","floor":6.0,"key":"SMITH"},{"data":"All Out Attack","floor":10.0,"key":"SMITH"},{"data":"Underhanded Strike","floor":13.0,"key":"SMITH"},{"data":"Dagger Throw","floor":15.0,"key":"SMITH"},{"floor":23.0,"key":"REST"},{"data":"Prepared","floor":27.0,"key":"SMITH"},{"data":"Prepared","floor":30.0,"key":"SMITH"},{"data":"Eviscerate","floor":32,"key":"SMITH"}],"circlet_count":0,"master_deck":["Strike_G+1","Strike_G+1","Defend_G+1","Defend_G+1","Defend_G+1","Defend_G+1","Survivor","Neutralize+1","Eviscerate+1","Dagger Throw+1","Prepared+1","All Out Attack+1","Underhanded Strike+1","Acrobatics","Envenom+1","Dash","Noxious Fumes+1","Prepared+1","Reflex","Escape Plan","Eviscerate+1"],"relics":["Ring of the Snake","Frozen Egg 2","Whetstone","WristBlade","Strawberry","Oddly Smooth Stone"],"acts_visited":["Exordium","TheCity"],"potions_floor_usage":[31],"damage_taken":[{"damage":0.0,"enemies":"Cultist","floor":1.0,"turns":3.0},{"damage":0.0,"enemies":"2 Louse","floor":7.0,"turns":2.0},{"damage":0.0,"enemies":"ats:Genji","floor":8.0,"turns":1.0},{"damage":21.0,"enemies":"Gremlin Nob","floor":12.0,"turns":5.0},{"damage":5.0,"enemies":"Blue Slaver","floor":14.0,"turns":2.0},{"damage":31.0,"enemies":"The Guardian","floor":16.0,"turns":9.0},{"damage":4.0,"enemies":"Shell Parasite","floor":18.0,"turns":2.0},{"damage":7.0,"enemies":"2 Thieves","floor":19.0,"turns":2.0},{"damage":29.0,"enemies":"Snake Plant","floor":22.0,"turns":3.0},{"damage":4.0,"enemies":"3 Cultists","floor":24.0,"turns":3.0},{"damage":6.0,"enemies":"Cultist and Chosen","floor":25.0,"turns":4.0},{"damage":7,"enemies":"Slavers","floor":31,"turns":3},{"damage":34,"enemies":"Collector","floor":33,"turns":3}],"seed_played":"-3401983737237706302","potions_obtained":[{"floor":1.0,"key":"SneckoOil"},{"floor":8.0,"key":"SkillPotion"},{"floor":16.0,"key":"Swift Potion"},{"floor":19.0,"key":"SneckoOil"},{"floor":24.0,"key":"DistilledChaos"}],"is_trial":false,"path_per_floor":["M","T","?","?","$","R","M","M","T","R","?","E","R","M","R","B",null,"M","M","?","$","M","R","M","M","T","R","?","?","R","E","R","B"],"character_chosen":"THE_SILENT","items_purchased":["Dagger Throw","Prepared","Noxious Fumes+1"],"campfire_rested":1,"item_purchase_floors":[5,5,21],"current_hp_per_floor":[70,70,70,70,70,70,70,70,70,70,70,49,49,44,44,13,70,66,59,46,46,17,39,35,29,36,36,36,36,36,29,29,0,0],"gold":124,"neow_bonus":"UPGRADE_CARD","is_daily":false,"chose_seed":false,"campfire_upgraded":7,"win_rate":0.0,"timestamp":1612759751,"path_taken":["M","?","?","?","?","R","?","M","T","R","?","E","R","M","R","BOSS","M","M","?","$","M","R","M","M","T","R","?","?","R","E","R","BOSS"],"items_purchased_type":["Card","Card","Card"],"build_version":"2020-12-22","purchased_purges":1,"victory":false,"max_hp_per_floor":[70,70,70,70,70,70,70,70,70,70,70,70,70,70,70,70,70,70,70,75,75,75,75,75,75,82,82,82,82,82,82,82,82,82],"card_choices":[{"not_picked":["Blur","Caltrops","Finisher"],"picked":"SKIP","floor":1.0},{"not_picked":["Reflex","Slice","Distraction"],"picked":"SKIP","floor":7.0},{"not_picked":["Eviscerate","Slice"],"picked":"All Out Attack","floor":8.0},{"not_picked":["Infinite Blades+1","PiercingWail"],"picked":"Underhanded Strike","floor":12.0},{"not_picked":["Distraction","Deadly Poison"],"picked":"Acrobatics","floor":14.0},{"not_picked":["Adrenaline","Glass Knife"],"picked":"Envenom+1","floor":16.0},{"not_picked":["Choke","Blur"],"picked":"Dash","floor":18.0},{"not_picked":["Expertise","Dagger Throw","Deflect+1"],"picked":"SKIP","floor":19.0},{"not_picked":["Dodge and Roll","Outmaneuver+1"],"picked":"Prepared","floor":22.0},{"not_picked":["Choke","Distraction+1"],"picked":"Reflex","floor":24.0},{"not_picked":["Quick Slash","Choke+1"],"picked":"Escape Plan","floor":25.0},{"not_picked":["Flying Knee","Dagger Spray+1"],"picked":"Eviscerate","floor":31}],"player_experience":81543,"relics_obtained":[{"floor":2.0,"key":"Frozen Egg 2"},{"floor":12.0,"key":"Whetstone"},{"floor":26.0,"key":"Strawberry"},{"floor":31,"key":"Oddly Smooth Stone"}],"event_choices":[{"cards_removed":["Strike_G"],"damage_healed":0.0,"max_hp_gain":0.0,"max_hp_loss":0.0,"gold_gain":0.0,"event_name":"The Cleric","player_choice":"Card Removal","floor":3.0,"gold_loss":50.0,"damage_taken":0.0},{"damage_healed":0.0,"max_hp_gain":0.0,"max_hp_loss":0.0,"gold_gain":0.0,"cards_transformed":["Strike_G"],"event_name":"Living Wall","player_choice":"Change","floor":4.0,"gold_loss":0.0,"damage_taken":0.0,"cards_obtained":["Eviscerate"]},{"damage_healed":0.0,"max_hp_gain":0.0,"max_hp_loss":0.0,"gold_gain":0.0,"event_name":"Liars Game","player_choice":"Ignored","floor":11.0,"gold_loss":0.0,"damage_taken":0.0},{"damage_healed":0.0,"max_hp_gain":5.0,"max_hp_loss":0.0,"gold_gain":0.0,"event_name":"Forgotten Altar","player_choice":"Shed Blood","floor":20.0,"gold_loss":0.0,"damage_taken":18.0},{"cards_removed":["Defend_G"],"damage_healed":0.0,"max_hp_gain":0.0,"max_hp_loss":0.0,"gold_gain":0.0,"event_name":"Beggar","player_choice":"Gave Gold","floor":28.0,"gold_loss":75.0,"damage_taken":0.0},{"damage_healed":0.0,"max_hp_gain":0.0,"max_hp_loss":0.0,"gold_gain":0.0,"event_name":"Back to Basics","player_choice":"Simplicity","floor":29.0,"gold_loss":0.0,"damage_taken":0.0,"cards_upgraded":["Defend_G","Defend_G","Defend_G","Defend_G"]}],"is_beta":false,"boss_relics":[{"not_picked":["Cursed Key","Sozu"],"picked":"WristBlade"}],"items_purged_floors":[21],"is_endless":false,"potions_floor_spawned":[1,8,16,19,24],"killed_by":"Collector","ascension_level":0}}