{"host":"i9h64q9gphvrup4n","time":1612803613,"event":{"mods":["2.2 Compatiblity","AchievementEnabler","Aspiration","Astrologer","Bard","BaseMod","Beaked The Cultist","BetterRewards","Colored Powertips","Conspire","Downfall","Gremlin Mod","Hermit","Hubris","Infinite Spire","Jorbs\u0027s Wanderer Trilogy","Minty Spire (QoL Compilation)","Replay The Spire","Shop Mod","StSLib","SuperFastMode","The Blackbeard","The Bladedancer","The Bug Knight","The Construct","The Cursed","The Disciple","The Hierophant","The Jungle","The Necromancer","The Runesmith","The Wild Card","slay the spire mod where everything is the same but ironclad has a cowboy hat"],"gold_per_floor":[119,119,129,143,155,155,185,185,185,335,335,360,360,385,385,474,474,488,504,518,67,90,90,90,125,150,194,212,225,256,12,12,108,108,132,132,155,173,47,47,47,90,115,115,154,154,178,191,191,191,191,191,29,65,65,65],"floor_reached":55,"language":"ENG","playtime":3445,"items_purged":["Doubt","TheCursedMod:Dregs"],"score":1571,"play_id":"8c1dd1b1-0a1e-4a18-9e58-d3b13d3948e6","local_time":"20210208110013","is_ascension_mode":true,"campfire_choices":[{"data":"Siphon_Strength","floor":6,"key":"SMITH"},{"data":"Uncharnel","floor":8,"key":"SMITH"},{"data":"Summon_Vampire_Lady","floor":11,"key":"SMITH"},{"floor":15,"key":"DIG"},{"floor":23,"key":"RECALL"},{"data":"Summon_Undead","floor":32,"key":"SMITH"},{"floor":40,"key":"REST"},{"data":"Finger_Of_Death","floor":44,"key":"SMITH"},{"floor":46,"key":"REST"},{"floor":49,"key":"REST"},{"data":"Summon_Vampire_Lady","floor":52,"key":"SMITH"}],"circlet_count":0,"master_deck":["AscendersBane","Strike_W","Strike_W","Strike_W","Strike_W","Defend_W","Defend_W","Defend_W","Defend_W","Negative_Energy_Arrows","Bone_Wall","Summon_Vampire_Lady+1","Uncharnel+1","Acid_Javelin","Siphon_Strength+1","Plague_Bolt","Finger_Of_Death+1","Finger_Of_Death","Detonate_Bones","Bones_to_Steel+1","Consume_Illness","Toxic_Smoke_Screen","hubris:EnhanceAbility+1","Consume_Illness","Bone_Armory","Detonate_Bones","Summon_Lich","Summon_Undead+1","Bones_to_Steel","Stop_Heart","Requiem","Acid_Javelin","Strike_from_Beyond","Siphon_Strength+1","Toxic_Smoke_Screen","Consume_Illness","Summon_Vampire_Lady+1","Toxic_Smoke_Screen","Siphon_Strength"],"relics":["Vampire_Amulet","hubris:MysteriousPyramids","Bronze Scales","hubris:TenFootPole","Golden Idol","infinitespire:Lucky Rock","Replay:Ancient Bell","Omamori","infinitespire:ShieldingShard","hubris:64BitClover","Bag of Preparation","ReplayTheSpireMod:TigerMarble","Replay:Baseball","infinitespire:PuzzleCube","Pet Ghost","Lee\u0027s Waffle","hubris:ToyBattleship","construct:WeddingRing","hubris:Icosahedron","infinitespire:Beetle Shell","Lizard Tail","Toy Ornithopter","construct:BoolHorns"],"acts_visited":["Exordium","TheCity","TheBeyond","TheEnding"],"potions_floor_usage":[7,12,19,20,22,27,33,37,48,50],"damage_taken":[{"damage":0,"enemies":"conspire:RoseBush","floor":1,"turns":4},{"damage":17,"enemies":"Jaw Worm","floor":3,"turns":5},{"damage":1,"enemies":"Small Slimes","floor":4,"turns":5},{"damage":12,"enemies":"Looter","floor":5,"turns":4},{"damage":7,"enemies":"HollowMod:MossKnight","floor":7,"turns":9},{"damage":18,"enemies":"Gremlin Nob","floor":12,"turns":3},{"damage":13,"enemies":"conspire:2 RoseBushes","floor":14,"turns":5},{"damage":4,"enemies":"Hexaghost","floor":16,"turns":6},{"damage":15,"enemies":"3 Byrds","floor":18,"turns":4},{"damage":7,"enemies":"Chosen","floor":19,"turns":4},{"damage":17,"enemies":"Snake Plant","floor":20,"turns":4},{"damage":37,"enemies":"Snecko","floor":22,"turns":5},{"damage":0,"enemies":"Replay:Snechameleon","floor":25,"turns":8},{"damage":22,"enemies":"conspire:Head Lice","floor":27,"turns":11},{"damage":17,"enemies":"Shelled Parasite and Fungi","floor":28,"turns":5},{"damage":32,"enemies":"3 Cultists","floor":29,"turns":5},{"damage":0,"enemies":"Replay:Snechameleon","floor":30,"turns":6},{"damage":71,"enemies":"conspire:MysteriousRune","floor":33,"turns":11},{"damage":43,"enemies":"3 Darklings","floor":35,"turns":7},{"damage":0,"enemies":"3 Shapes","floor":37,"turns":3},{"damage":49,"enemies":"Jaw Worm Horde","floor":38,"turns":4},{"damage":3,"enemies":"HollowMod:StalkingDevout","floor":42,"turns":6},{"damage":44,"enemies":"Reptomancer","floor":45,"turns":5},{"damage":1,"enemies":"Spire Growth","floor":47,"turns":5},{"damage":52,"enemies":"3 Darklings","floor":48,"turns":6},{"damage":120,"enemies":"hubris:GrandSnecko","floor":50,"turns":12},{"damage":61,"enemies":"Shield and Spear","floor":54,"turns":6},{"damage":101,"enemies":"The Heart","floor":55,"turns":5}],"seed_played":"5405683071536394983","potions_obtained":[{"floor":1,"key":"Block Potion"},{"floor":7,"key":"PowerPotion"},{"floor":12,"key":"Fire Potion"},{"floor":18,"key":"Block Potion"},{"floor":20,"key":"Explosive Potion"},{"floor":25,"key":"Block Potion"},{"floor":29,"key":"Elixir"},{"floor":35,"key":"Swift Potion"},{"floor":42,"key":"SteroidPotion"},{"floor":45,"key":"GamblersBrew"}],"is_trial":false,"path_per_floor":["M","$","M","M","M","R","E","R","T","?","R","E","?","M","R","B",null,"M","M","M","$","M","R","?","E","T","E","M","M","E","$","R","B",null,"M","?","M","M","$","R","?","E","T","R","E","R","M","M","R","B",null,"R","$","E","B"],"character_chosen":"NECROMANCER","items_purchased":["Bag of Preparation","hubris:EnhanceAbility","Stop_Heart","Lee\u0027s Waffle","Toxic_Smoke_Screen","Toy Ornithopter"],"campfire_rested":3,"item_purchase_floors":[21,21,31,31,39,53],"current_hp_per_floor":[64,64,55,64,57,57,64,64,64,64,64,48,48,45,45,58,58,48,52,40,40,20,20,20,43,43,58,58,35,43,65,65,17,53,48,48,54,11,11,30,33,49,49,49,31,50,60,37,56,35,58,58,58,13,0,0],"gold":65,"neow_bonus":"THREE_RARE_CARDS","is_daily":false,"chose_seed":false,"campfire_upgraded":6,"win_rate":0.0,"timestamp":1612803613,"path_taken":["M","$","M","M","M","R","E","R","T","?","R","E","?","M","R","BOSS","M","M","M","$","M","R","?","E","T","E","M","M","E","?","R","BOSS","M","?","M","M","$","R","?","E","T","R","E","R","M","?","R","BOSS","R","$","E","BOSS"],"items_purchased_type":["Relic","Card","Card","Relic","Card","Relic"],"build_version":"2020-12-22","purchased_purges":2,"victory":false,"max_hp_per_floor":[64,64,64,64,64,64,64,64,64,64,64,64,58,58,58,58,58,58,58,58,58,58,58,58,58,58,58,58,58,58,65,65,65,65,65,65,65,65,65,65,65,65,65,65,66,66,66,66,66,66,66,66,66,66,66,66],"card_choices":[{"not_picked":["Hellfire","Requiem"],"picked":"Summon_Vampire_Lady","floor":0},{"not_picked":["Blood_Whip","Vampiric_Strike"],"picked":"Uncharnel","floor":1},{"not_picked":["Negative_Energy_Javelin","Violent_Necrosis"],"picked":"Acid_Javelin","floor":3},{"not_picked":["Blood_Whip","Bone_Prison"],"picked":"Siphon_Strength","floor":4},{"not_picked":["Blood_Is_Power","Bone_Shift"],"picked":"Plague_Bolt","floor":5},{"not_picked":["Bone_Spikes","Shackles_Of_Pain","Necromantic_Selection"],"picked":"SKIP","floor":7},{"not_picked":["Vampiric_Strike","Spectral_Armor"],"picked":"Finger_Of_Death","floor":12},{"not_picked":["Spectral_Walk","Scare"],"picked":"Finger_Of_Death","floor":14},{"not_picked":["Blood_Magic","Blood_Wake"],"picked":"Detonate_Bones","floor":16},{"not_picked":["ReplayTheSpireMod:IOU","Spreading Infection"],"picked":"Voices","floor":17},{"not_picked":["hubris:Envy","downfall:Haunted"],"picked":"hubris:Disease","floor":17},{"not_picked":["conspire:Blindness","Sickly"],"picked":"TheCursedMod:Dregs","floor":17},{"not_picked":["Slay_Living","Reap_The_Weak"],"picked":"Bones_to_Steel+1","floor":18},{"not_picked":["Negative_Energy_Mist","Negative_Energy_Javelin"],"picked":"Consume_Illness","floor":19},{"not_picked":["Negative_Energy_Sphere","Chill_Blood"],"picked":"Toxic_Smoke_Screen","floor":20},{"not_picked":["Negative_Energy_Mist","Bone_Spikes"],"picked":"Consume_Illness","floor":22},{"not_picked":["Blood_Wake","Blood_Whip"],"picked":"Bone_Armory","floor":25},{"not_picked":["Necromantic_Selection","Spectral_Armor"],"picked":"Detonate_Bones","floor":27},{"not_picked":["Thousand_Bone_Knives","Bone_Spikes"],"picked":"Summon_Lich","floor":28},{"not_picked":["Shade_Step+1","Whirlwind_of_Bones+1"],"picked":"Summon_Undead","floor":29},{"not_picked":["Blood_Is_Power","Bone_Shift"],"picked":"Bones_to_Steel","floor":30},{"not_picked":["Blood_Wake","Hellfire"],"picked":"Requiem","floor":33},{"not_picked":["Blood_Whip","Epidemic"],"picked":"Acid_Javelin","floor":35},{"not_picked":["Bone_Armor","Death_March_Dance+1"],"picked":"Strike_from_Beyond","floor":37},{"not_picked":["Exploit","Bone_Armory"],"picked":"Siphon_Strength+1","floor":38},{"not_picked":["Bone_Spikes","Bone_Armor"],"picked":"Consume_Illness","floor":42},{"not_picked":["Thousand_Bone_Knives","Summon_Undead_Army+1"],"picked":"Summon_Vampire_Lady","floor":45},{"not_picked":["Chill_Blood+1","Flesh_Made_Foul","Vampiric_Strike+1"],"picked":"SKIP","floor":47},{"not_picked":["Scare","Consume_Illness"],"picked":"Toxic_Smoke_Screen","floor":48},{"not_picked":["Whirlwind_of_Bones+1","Requiem"],"picked":"Siphon_Strength","floor":54}],"player_experience":740560,"relics_obtained":[{"floor":7,"key":"hubris:MysteriousPyramids"},{"floor":9,"key":"Bronze Scales"},{"floor":12,"key":"hubris:TenFootPole"},{"floor":15,"key":"infinitespire:Lucky Rock"},{"floor":25,"key":"ReplayTheSpireMod:TigerMarble"},{"floor":26,"key":"Replay:Baseball"},{"floor":27,"key":"infinitespire:PuzzleCube"},{"floor":30,"key":"Pet Ghost"},{"floor":33,"key":"hubris:ToyBattleship"},{"floor":42,"key":"infinitespire:Beetle Shell"},{"floor":45,"key":"Lizard Tail"},{"floor":54,"key":"construct:BoolHorns"}],"event_choices":[{"damage_healed":0,"gold_gain":150,"player_choice":"AGREE","damage_taken":0,"max_hp_gain":0,"max_hp_loss":0,"event_name":"Liars Game","floor":10,"gold_loss":0,"cards_obtained":["Doubt"]},{"damage_healed":0,"gold_gain":0,"player_choice":"Lose Max HP","damage_taken":0,"relics_obtained":["Golden Idol"],"max_hp_gain":0,"max_hp_loss":6,"event_name":"Golden Idol","floor":13,"gold_loss":0},{"damage_healed":0,"gold_gain":0,"player_choice":"Forge","damage_taken":0,"max_hp_gain":0,"max_hp_loss":0,"event_name":"Accursed Blacksmith","floor":24,"gold_loss":0,"cards_upgraded":["hubris:EnhanceAbility"]}],"is_beta":false,"boss_relics":[{"not_picked":["conspire:SlowCooker","aspiration:SilentSkillbook"],"picked":"Replay:Ancient Bell"},{"not_picked":["Anchor","Blood Vial"],"picked":"Omamori"},{"not_picked":["aspiration:FetidBarrel","Sundial"],"picked":"infinitespire:ShieldingShard"},{"not_picked":["Bird Faced Urn","HollowMod:QueensCombRelic"],"picked":"hubris:64BitClover"},{"not_picked":["Philosopher\u0027s Stone","hubris:ScarierMask"],"picked":"construct:WeddingRing"}],"items_purged_floors":[21,39],"is_endless":false,"potions_floor_spawned":[1,7,12,18,20,25,29,35,42,45],"killed_by":"The Heart","ascension_level":17}}