{"host":"8anmd7ibyxevnonj","time":1612803837,"event":{"mods":["BaseMod","Curses Come First","Downfall","Minty Spire (QoL Compilation)","StSLib"],"gold_per_floor":[99,118,138,156,6,26,72,72,82,93,93,108,134,65,80,177,177,177,190,107,122,122,139,216,232,262,273,291,320,330,341,354,456,456,456,468,488,503,603,617,617,617,241,267,267,267,167,179,196,196,196,196],"floor_reached":50,"language":"ENG","playtime":3724,"items_purged":["Guardian:Strike_Guardian"],"score":541,"play_id":"84a049e1-b5a2-4863-bd38-b9337a4d3da1","local_time":"20210208180357","is_ascension_mode":false,"campfire_choices":[{"data":"Guardian:TwinSlam","floor":1,"key":"SMITH"},{"data":"Guardian:FierceBash","floor":8,"key":"SMITH"},{"data":"Guardian:SentryBeam","floor":11,"key":"SMITH"},{"data":"Guardian:ChargeUp","floor":18,"key":"SMITH"},{"data":"Guardian:Orbwalk","floor":35,"key":"SMITH"},{"data":"Guardian:TimeSifter","floor":42,"key":"SMITH"},{"floor":47,"key":"REST"}],"circlet_count":0,"master_deck":["Guardian:Strike_Guardian","Guardian:Strike_Guardian+1","Guardian:Strike_Guardian+1","Guardian:Defend_Guardian","Guardian:Defend_Guardian","Guardian:Defend_Guardian","Guardian:CurlUp","Guardian:TwinSlam+1","Guardian:ChargeCore","Guardian:SentryBeam+1","Guardian:FierceBash+1","Guardian:Orbwalk+1","Guardian:Suspension","Guardian:BronzeOrb","Guardian:ChargeUp+1","Guardian:Orbwalk","Guardian:Recover","Guardian:ShieldCharger","Guardian:SphericShield","Guardian:BronzeOrb","Guardian:TemporalShield+1","Guardian:TimeCapacitor","Guardian:Emergency","Guardian:ExploitGems","Guardian:TimeSifter+1","Guardian:PrismaticBarrier+1","Guardian:ArmoredProtocol","Guardian:Orbwalk+1","Guardian:MultiBeam","Guardian:WalkerClaw+1","Guardian:AncientConstruct","Guardian:RollAttack+1","downfall:Aged","Guardian:StasisStrike","Guardian:BronzeOrb+1","Guardian:Gem_Synthetic","Guardian:PiercingHide+1"],"relics":["Guardian:ModeShifter","Blood Vial","Black Star","Nloth\u0027s Gift","Gremlin Horn","Ancient Tea Set","Ginger","White Beast Statue","Calipers","Cursed Key","Mummified Hand","ClockworkSouvenir","Pantograph","Bag of Preparation","downfall:HeartBlessingGreen"],"acts_visited":["Exordium","TheCity","TheBeyond"],"potions_floor_usage":[20,26,29,31,31,31,44,50,50],"damage_taken":[{"damage":1,"enemies":"Jaw Worm","floor":2,"turns":5},{"damage":1,"enemies":"Cultist","floor":3,"turns":3},{"damage":0,"enemies":"Small Slimes","floor":4,"turns":2},{"damage":3,"enemies":"Red Slaver","floor":6,"turns":4},{"damage":8,"enemies":"Lots of Slimes","floor":9,"turns":4},{"damage":9,"enemies":"3 Louse","floor":10,"turns":3},{"damage":8,"enemies":"Red Slaver","floor":12,"turns":2},{"damage":10,"enemies":"downfall:FleeingMerchant","floor":14,"turns":4},{"damage":0,"enemies":"2 Fungi Beasts","floor":15,"turns":3},{"damage":10,"enemies":"IC_STATUS_ARCHETYPE","floor":16,"turns":9},{"damage":19,"enemies":"Spheric Guardian","floor":19,"turns":5},{"damage":5,"enemies":"downfall:FleeingMerchant","floor":20,"turns":4},{"damage":0,"enemies":"Chosen","floor":21,"turns":4},{"damage":4,"enemies":"Centurion and Healer","floor":23,"turns":5},{"damage":0,"enemies":"Snake Plant","floor":25,"turns":2},{"damage":17,"enemies":"Slavers","floor":26,"turns":6},{"damage":0,"enemies":"Snecko","floor":27,"turns":5},{"damage":0,"enemies":"Centurion and Healer","floor":28,"turns":6},{"damage":13,"enemies":"Book of Stabbing","floor":29,"turns":6},{"damage":19,"enemies":"Shelled Parasite and Fungi","floor":30,"turns":6},{"damage":0,"enemies":"3 Cultists","floor":31,"turns":5},{"damage":17,"enemies":"Snake Plant","floor":32,"turns":4},{"damage":15,"enemies":"SI_MIRROR_ARCHETYPE","floor":33,"turns":7},{"damage":0,"enemies":"3 Darklings","floor":36,"turns":5},{"damage":6,"enemies":"Orb Walker","floor":37,"turns":6},{"damage":0,"enemies":"4 Shapes","floor":38,"turns":4},{"damage":16,"enemies":"Sphere and 2 Shapes","floor":40,"turns":7},{"damage":15,"enemies":"downfall:FleeingMerchant","floor":43,"turns":4},{"damage":55,"enemies":"Reptomancer","floor":44,"turns":6},{"damage":8,"enemies":"Jaw Worm Horde","floor":48,"turns":3},{"damage":0,"enemies":"Spire Growth","floor":49,"turns":6},{"damage":61,"enemies":"DF_ARCHETYPE_ORBS","floor":50,"turns":9}],"seed_played":"8657917186281800532","potions_obtained":[{"floor":3,"key":"Dexterity Potion"},{"floor":6,"key":"CultistPotion"},{"floor":12,"key":"Energy Potion"},{"floor":21,"key":"SteroidPotion"},{"floor":28,"key":"Weak Potion"},{"floor":30,"key":"Block Potion"},{"floor":31,"key":"Explosive Potion"},{"floor":32,"key":"SneckoOil"},{"floor":33,"key":"Strength Potion"},{"floor":44,"key":"Energy Potion"},{"floor":49,"key":"BlessingOfTheForge"}],"is_trial":false,"path_per_floor":["R","M","M","M","?","M","T","R","M","M","R","M","T","$","M","B",null,"R","M","$","M","?","M","T","M","E","M","M","E","M","M","M","B",null,"R","M","M","M","?","M","T","R","$","E","?","?","R","M","M","B"],"character_chosen":"GUARDIAN","items_purchased":["Guardian:Recover","Guardian:TimeCapacitor","ClockworkSouvenir","Guardian:StasisStrike"],"campfire_rested":1,"item_purchase_floors":[14,20,43,43],"current_hp_per_floor":[80,79,78,78,90,87,87,87,81,74,74,68,68,60,62,54,90,90,71,68,70,70,68,68,70,55,57,59,48,31,33,18,5,90,90,90,84,86,86,72,72,72,59,6,6,6,33,27,29,0,0,0],"gold":196,"neow_bonus":"THREE_CARDS","is_daily":false,"chose_seed":false,"campfire_upgraded":6,"win_rate":0.0,"timestamp":1612803837,"path_taken":["R","M","M","M","?","M","T","R","M","?","R","M","?","?","M","BOSS","R","M","$","M","?","M","T","?","E","M","M","E","?","M","M","BOSS","R","M","M","M","?","?","T","R","$","E","?","?","R","M","M","BOSS"],"items_purchased_type":["Card","Card","Relic","Card"],"build_version":"2020-12-13","purchased_purges":1,"victory":false,"max_hp_per_floor":[80,80,80,80,90,90,90,90,90,90,90,90,90,90,90,90,90,90,90,90,90,90,90,90,90,90,90,90,90,90,90,90,90,90,90,90,90,90,90,90,90,90,90,90,90,90,90,90,90,90,90,90],"card_choices":[{"not_picked":["Guardian:Planning","Guardian:TemporalShield"],"picked":"Guardian:Gem_White","floor":0},{"not_picked":["Guardian:Reroute","Guardian:TemporalStrike"],"picked":"Guardian:ChargeCore","floor":2},{"not_picked":["Guardian:Gem_Red","Guardian:Gem_Lightblue"],"picked":"Guardian:SentryBeam","floor":3},{"not_picked":["Guardian:Reroute","Guardian:PrimingBeam"],"picked":"Guardian:FierceBash","floor":4},{"not_picked":["Guardian:RollAttack","Guardian:TimeBomb"],"picked":"Guardian:Orbwalk","floor":6},{"not_picked":["Guardian:Incinerate","Guardian:VentSteam"],"picked":"Guardian:Suspension","floor":9},{"not_picked":["Guardian:TimeSifter","Guardian:Emergency"],"picked":"Guardian:BronzeOrb","floor":10},{"not_picked":["Guardian:WalkerClaw","Guardian:FloatingOrbs"],"picked":"Guardian:ChargeUp","floor":12},{"not_picked":["Guardian:Harden","Guardian:ShieldCharger"],"picked":"Guardian:Orbwalk","floor":14},{"not_picked":["Guardian:Incinerate","Guardian:RollAttack"],"picked":"Guardian:ShieldCharger","floor":15},{"not_picked":["Guardian:HyperBeam_Guardian","Guardian:FastForward"],"picked":"Guardian:SphericShield","floor":16},{"not_picked":["Guardian:RollAttack","Guardian:ChargeCore"],"picked":"Guardian:BronzeOrb","floor":19},{"not_picked":["Guardian:Incinerate","Guardian:ChargeCore+1"],"picked":"Guardian:TemporalShield+1","floor":20},{"not_picked":["Guardian:PiercingHide","Guardian:RevengeProtocol"],"picked":"Guardian:Emergency","floor":21},{"not_picked":["Guardian:BronzeOrb","Guardian:PiercingHide"],"picked":"Guardian:Gem_Crimson","floor":23},{"not_picked":["Guardian:Gem_Red","Guardian:PrimingBeam"],"picked":"Guardian:ExploitGems","floor":25},{"not_picked":["Guardian:Reroute","Guardian:Gem_Synthetic"],"picked":"Guardian:TimeSifter","floor":26},{"not_picked":["Guardian:TemporalShield","Guardian:Reroute"],"picked":"Guardian:PrismaticBarrier+1","floor":27},{"not_picked":["Guardian:ShieldCharger","Guardian:VentSteam+1"],"picked":"Guardian:ArmoredProtocol","floor":28},{"not_picked":["Guardian:ShieldCharger+1","Guardian:FastForward"],"picked":"Guardian:Orbwalk+1","floor":29},{"not_picked":["Guardian:Recover+1","Guardian:PrismaticBeam"],"picked":"Guardian:MultiBeam","floor":30},{"not_picked":["Guardian:Planning","Guardian:PiercingHide"],"picked":"Guardian:WalkerClaw+1","floor":31},{"not_picked":["Guardian:TemporalStrike","Guardian:Incinerate","Guardian:WalkerClaw+1"],"picked":"SKIP","floor":32},{"not_picked":["Guardian:Gem_Synthetic","Guardian:HyperBeam_Guardian"],"picked":"Guardian:AncientConstruct","floor":33},{"not_picked":["Guardian:ShieldSpikes","Guardian:Gem_Lightblue"],"picked":"Guardian:Gem_Synthetic","floor":36},{"not_picked":["Guardian:ShieldCharger","Guardian:RollAttack+1"],"picked":"Guardian:Gem_Lightblue","floor":37},{"not_picked":["Guardian:ShieldCharger","Guardian:BodySlam"],"picked":"Guardian:RollAttack+1","floor":38},{"not_picked":["Guardian:CrystalBeam","Guardian:TemporalStrike","Guardian:ShieldSpikes"],"picked":"SKIP","floor":40},{"not_picked":["Guardian:AncientConstruct","Guardian:Incinerate"],"picked":"Guardian:Gem_Fragmented","floor":43},{"not_picked":["Guardian:Reroute","Guardian:AncientConstruct"],"picked":"Guardian:BronzeOrb+1","floor":44},{"not_picked":["Guardian:Gem_Yellow","Guardian:RollAttack"],"picked":"Guardian:Gem_Synthetic","floor":48},{"not_picked":["Guardian:AncientConstruct","Guardian:BronzeOrb+1"],"picked":"Guardian:PiercingHide+1","floor":49}],"player_experience":96688,"relics_obtained":[{"floor":7,"key":"Blood Vial"},{"floor":13,"key":"Whetstone"},{"floor":24,"key":"Gremlin Horn"},{"floor":26,"key":"Ancient Tea Set"},{"floor":26,"key":"Ginger"},{"floor":29,"key":"White Beast Statue"},{"floor":29,"key":"Calipers"},{"floor":41,"key":"Mummified Hand"},{"floor":44,"key":"Pantograph"},{"floor":44,"key":"Bag of Preparation"}],"event_choices":[{"cards_removed":["Guardian:Gem_Fragmented"],"damage_healed":0,"gold_gain":0,"player_choice":"Removed Skill","damage_taken":0,"max_hp_gain":0,"max_hp_loss":0,"event_name":"Falling","floor":45,"gold_loss":0}],"is_beta":false,"boss_relics":[{"not_picked":["Guardian:ModeShifterPlus","Empty Cage"],"picked":"Black Star"},{"not_picked":["Calling Bell","Tiny House"],"picked":"Cursed Key"}],"items_purged_floors":[43],"is_endless":false,"potions_floor_spawned":[3,6,12,15,19,21,23,28,30,31,32,33,36,37,38,40,43,44,48,49],"killed_by":"DF_ARCHETYPE_ORBS","ascension_level":0}}