{"host":"2wp95sdfrgw3k439","time":1612827260,"event":{"mods":["BaseMod","Better Altar","Better Skull","Better Third Choice","Curses Come First","Minty Spire (QoL Compilation)","Permanent Neow","StSLib"],"gold_per_floor":[113,213,226,238,257,257,289,306,330,330,349,361,392,411,411,516,516,529,529,14,14,32,32,32,32],"floor_reached":24,"language":"ENG","playtime":909,"items_purged":[],"score":305,"play_id":"74560eee-a314-46fd-99e7-48f63ed5ac51","local_time":"20210208163420","is_ascension_mode":true,"campfire_choices":[{"data":"Beam Cell","floor":6,"key":"SMITH"},{"data":"Loop","floor":15,"key":"SMITH"},{"data":"Defragment","floor":23,"key":"SMITH"}],"circlet_count":0,"master_deck":["Strike_B","Strike_B","Strike_B","Defend_B","Defend_B","Defend_B","Defend_B","Zap","Dualcast","Self Repair","Self Repair","Beam Cell+1","BootSequence","Coolheaded","Hyperbeam","Loop+1","Rainbow","Amplify","Defragment+1","Pain","Melter"],"relics":["Cracked Core","Thread and Needle","Kunai","Oddly Smooth Stone","Art of War","Philosopher\u0027s Stone","Ornamental Fan","Symbiotic Virus","WarpedTongs"],"acts_visited":["Exordium","TheCity"],"potions_floor_usage":[4,7,13,14,18,24,24],"damage_taken":[{"damage":9,"enemies":"Cultist","floor":1,"turns":4},{"damage":0,"enemies":"Small Slimes","floor":3,"turns":2},{"damage":0,"enemies":"2 Louse","floor":4,"turns":2},{"damage":3,"enemies":"Exordium Wildlife","floor":5,"turns":4},{"damage":40,"enemies":"Gremlin Nob","floor":7,"turns":5},{"damage":4,"enemies":"Exordium Thugs","floor":8,"turns":5},{"damage":0,"enemies":"Lots of Slimes","floor":11,"turns":2},{"damage":0,"enemies":"Looter","floor":12,"turns":3},{"damage":14,"enemies":"Lagavulin","floor":13,"turns":6},{"damage":20,"enemies":"Exordium Wildlife","floor":14,"turns":5},{"damage":26,"enemies":"Hexaghost","floor":16,"turns":8},{"damage":14,"enemies":"2 Thieves","floor":18,"turns":4},{"damage":41,"enemies":"Spheric Guardian","floor":22,"turns":6},{"damage":68,"enemies":"Gremlin Leader","floor":24,"turns":7}],"seed_played":"8214664496336505424","potions_obtained":[{"floor":1,"key":"Swift Potion"},{"floor":3,"key":"DistilledChaos"},{"floor":8,"key":"PowerPotion"},{"floor":11,"key":"EssenceOfSteel"},{"floor":13,"key":"PowerPotion"},{"floor":14,"key":"BlessingOfTheForge"},{"floor":22,"key":"Weak Potion"}],"is_trial":false,"path_per_floor":["M","?","M","M","M","R","E","M","T","?","M","M","E","M","R","B",null,"M","?","$","?","M","R","E"],"character_chosen":"DEFECT","items_purchased":["Ornamental Fan","Symbiotic Virus"],"campfire_rested":0,"item_purchase_floors":[20,20],"current_hp_per_floor":[41,41,48,62,73,73,47,57,57,57,64,75,75,69,69,57,71,75,75,75,75,51,51,0,0],"gold":32,"neow_bonus":"ONE_RARE_RELIC","is_daily":false,"chose_seed":false,"campfire_upgraded":3,"win_rate":0.0,"timestamp":1612827260,"path_taken":["M","?","M","?","M","R","E","M","T","?","M","M","E","M","R","BOSS","M","?","$","?","?","R","E"],"items_purchased_type":["Relic","Relic"],"build_version":"2020-12-22","purchased_purges":0,"victory":false,"max_hp_per_floor":[75,75,75,75,75,75,75,75,75,75,75,75,75,75,75,75,75,75,75,75,75,75,75,75,75],"card_choices":[{"not_picked":["Skim","Aggregate"],"picked":"Self Repair","floor":1},{"not_picked":["Cold Snap","Darkness"],"picked":"Self Repair","floor":3},{"not_picked":["Barrage","Reprogram"],"picked":"Beam Cell","floor":4},{"not_picked":["Leap","Streamline"],"picked":"BootSequence","floor":5},{"not_picked":["Streamline","Self Repair"],"picked":"Coolheaded","floor":7},{"not_picked":["Darkness","Redo","Compile Driver"],"picked":"SKIP","floor":8},{"not_picked":["Redo","FTL"],"picked":"Loop","floor":11},{"not_picked":["Rebound","Streamline","Turbo"],"picked":"SKIP","floor":12},{"not_picked":["Rebound","Fusion","Stack"],"picked":"SKIP","floor":13},{"not_picked":["Sweeping Beam","Aggregate"],"picked":"Rainbow","floor":14},{"not_picked":["Echo Form","Thunder Strike"],"picked":"Amplify","floor":16},{"not_picked":["Steam","Steam Power","Consume"],"picked":"SKIP","floor":18},{"not_picked":["Hello World","Compile Driver"],"picked":"Melter","floor":22}],"player_experience":570000,"relics_obtained":[{"floor":7,"key":"Kunai"},{"floor":9,"key":"Oddly Smooth Stone"},{"floor":13,"key":"Art of War"}],"event_choices":[{"damage_healed":0,"gold_gain":100,"player_choice":"Pray","damage_taken":0,"max_hp_gain":0,"max_hp_loss":0,"event_name":"Golden Shrine","floor":2,"gold_loss":0},{"damage_healed":0,"gold_gain":0,"cards_transformed":["Strike_B"],"player_choice":"Change","damage_taken":0,"max_hp_gain":0,"max_hp_loss":0,"event_name":"Living Wall","floor":10,"gold_loss":0,"cards_obtained":["Hyperbeam"]},{"damage_healed":0,"gold_gain":0,"player_choice":"Read","damage_taken":0,"max_hp_gain":0,"max_hp_loss":0,"event_name":"The Library","floor":19,"gold_loss":0,"cards_obtained":["Defragment"]},{"damage_healed":0,"gold_gain":0,"player_choice":"Rummage","damage_taken":0,"relics_obtained":["WarpedTongs"],"max_hp_gain":0,"max_hp_loss":0,"event_name":"Accursed Blacksmith","floor":21,"gold_loss":0,"cards_obtained":["Pain"]}],"is_beta":false,"boss_relics":[{"not_picked":["Busted Crown","SacredBark"],"picked":"Philosopher\u0027s Stone"}],"items_purged_floors":[],"is_endless":false,"potions_floor_spawned":[1,3,8,11,13,14,22],"killed_by":"Gremlin Leader","ascension_level":9}}