{"host":"1bzbl1adcbkdzqlf","time":1612816882,"event":{"mods":["BaseMod","Minty Spire (QoL Compilation)","Slay the Relics Exporter"],"gold_per_floor":[17,33,33,46,46,71,87,87,87,101,131,28,41,216,216,321,321,261,536,134,150,167,167,202,202,202,237,255,272,300,313,313,410,410,426,438,438,78,94,123,123,123,123],"floor_reached":42,"language":"ENG","playtime":4783,"items_purged":["Regret","Doubt"],"score":648,"play_id":"60e89435-2ff3-4944-a39b-6db826fa3bec","local_time":"20210208144122","is_ascension_mode":true,"campfire_choices":[{"data":"Chill","floor":8,"key":"SMITH"},{"floor":15,"key":"REST"},{"data":"Darkness","floor":23,"key":"SMITH"},{"data":"Aggregate","floor":25,"key":"SMITH"},{"data":"Creative AI","floor":32,"key":"SMITH"}],"circlet_count":0,"master_deck":["Strike_B","Defend_B","Defend_B","Defend_B","Defend_B","Zap","Dualcast","Chill+1","Compile Driver","Compile Driver","Glacier","Darkness+1","Gash","Go for the Eyes","Doom and Gloom","BootSequence","Beam Cell","Creative AI+1","Loop","Defragment","Conserve Battery","Aggregate+1","Consume+1","Self Repair+1","Darkness+1","Consume+1","Chaos+1","Hologram+1","Multi-Cast+1","Rebound+1","Ball Lightning+1","Darkness+1","Stack+1","Chaos+1"],"relics":["Cracked Core","Torii","Shuriken","Toy Ornithopter","Du-Vu Doll","Question Card","Inserter","Meat on the Bone","Toxic Egg 2","Pantograph","Incense Burner","Thread and Needle","Empty Cage","Membership Card","Pear","Bottled Lightning","Kunai"],"acts_visited":["Exordium","TheCity","TheBeyond"],"potions_floor_usage":[6,16,16,22,27,31,33,40,42],"damage_taken":[{"damage":1,"enemies":"Cultist","floor":1,"turns":3},{"damage":1,"enemies":"2 Louse","floor":2,"turns":3},{"damage":0,"enemies":"Jaw Worm","floor":4,"turns":3},{"damage":26,"enemies":"3 Sentries","floor":6,"turns":9},{"damage":7,"enemies":"3 Louse","floor":7,"turns":3},{"damage":0,"enemies":"Lots of Slimes","floor":10,"turns":5},{"damage":37,"enemies":"Lagavulin","floor":11,"turns":6},{"damage":0,"enemies":"2 Fungi Beasts","floor":13,"turns":3},{"damage":15,"enemies":"The Guardian","floor":16,"turns":10},{"damage":1,"enemies":"2 Thieves","floor":18,"turns":4},{"damage":28,"enemies":"Spheric Guardian","floor":21,"turns":6},{"damage":37,"enemies":"Snecko","floor":22,"turns":11},{"damage":26,"enemies":"Book of Stabbing","floor":24,"turns":7},{"damage":16,"enemies":"Slavers","floor":27,"turns":5},{"damage":10,"enemies":"Cultist and Chosen","floor":28,"turns":7},{"damage":15,"enemies":"Centurion and Healer","floor":29,"turns":9},{"damage":37,"enemies":"Gremlin Leader","floor":30,"turns":6},{"damage":10,"enemies":"Snake Plant","floor":31,"turns":4},{"damage":20,"enemies":"Champ","floor":33,"turns":8},{"damage":0,"enemies":"3 Shapes","floor":35,"turns":3},{"damage":1,"enemies":"Orb Walker","floor":36,"turns":4},{"damage":42,"enemies":"Spire Growth","floor":39,"turns":5},{"damage":19,"enemies":"Nemesis","floor":40,"turns":7},{"damage":50,"enemies":"Reptomancer","floor":42,"turns":2}],"seed_played":"-6232901699465118558","potions_obtained":[{"floor":4,"key":"CultistPotion"},{"floor":11,"key":"Energy Potion"},{"floor":13,"key":"GamblersBrew"},{"floor":16,"key":"FairyPotion"},{"floor":21,"key":"Block Potion"},{"floor":24,"key":"PowerPotion"},{"floor":30,"key":"Fire Potion"},{"floor":31,"key":"Dexterity Potion"},{"floor":33,"key":"Explosive Potion"},{"floor":36,"key":"Dexterity Potion"},{"floor":39,"key":"Block Potion"}],"is_trial":false,"path_per_floor":["M","M","T","M","?","E","M","R","T","M","E","$","M","?","R","B",null,"M","?","$","M","M","R","E","R","T","E","M","M","E","M","R","B",null,"M","M","?","$","M","E","?","E"],"character_chosen":"DEFECT","items_purchased":["Doom and Gloom","BootSequence","Meat on the Bone","Defragment","Membership Card","Darkness+1","Pear"],"campfire_rested":1,"item_purchase_floors":[12,12,20,20,38,38,38],"current_hp_per_floor":[74,73,73,73,73,47,40,40,40,40,3,3,3,3,25,20,61,60,60,60,44,24,24,32,32,32,33,45,52,27,34,34,54,70,70,69,69,79,59,45,45,0,0],"gold":123,"neow_bonus":"ONE_RARE_RELIC","is_daily":false,"chose_seed":false,"campfire_upgraded":4,"win_rate":0.0,"timestamp":1612816882,"path_taken":["M","M","?","M","?","E","?","R","T","M","E","?","M","?","R","BOSS","M","?","$","M","M","R","E","R","T","E","?","M","E","M","R","BOSS","M","M","?","$","M","E","?","E"],"items_purchased_type":["Card","Card","Relic","Card","Relic","Card","Relic"],"build_version":"2020-12-22","purchased_purges":2,"victory":false,"max_hp_per_floor":[75,75,75,75,75,75,75,75,75,75,75,75,75,75,75,75,75,75,75,75,75,75,75,75,75,75,75,75,75,75,75,75,75,75,75,75,71,81,81,81,81,81,81],"card_choices":[{"not_picked":["Leap","Turbo"],"picked":"Chill","floor":1},{"not_picked":["Ball Lightning","All For One"],"picked":"Compile Driver","floor":2},{"not_picked":["Leap","Turbo"],"picked":"Compile Driver","floor":4},{"not_picked":["Go for the Eyes","Cold Snap"],"picked":"Glacier","floor":6},{"not_picked":["Rainbow","Sweeping Beam"],"picked":"Darkness","floor":7},{"not_picked":["Leap","Stack"],"picked":"Gash","floor":10},{"not_picked":["Lockon","Steam"],"picked":"Go for the Eyes","floor":11},{"not_picked":["Stack","Compile Driver","Streamline"],"picked":"Beam Cell","floor":13},{"not_picked":["Multi-Cast","Electrodynamics","Biased Cognition"],"picked":"Creative AI","floor":16},{"not_picked":["Leap","Beam Cell","Cold Snap"],"picked":"Loop","floor":18},{"not_picked":["Coolheaded","Force Field+1","Blizzard+1"],"picked":"Conserve Battery","floor":21},{"not_picked":["Ball Lightning","Rebound+1","Gash"],"picked":"Aggregate","floor":22},{"not_picked":["Reinforced Body+1","Ball Lightning","Beam Cell"],"picked":"Consume+1","floor":24},{"not_picked":["Go for the Eyes","Recycle+1","Static Discharge"],"picked":"Self Repair+1","floor":27},{"not_picked":["Force Field+1","Cold Snap","Rip and Tear"],"picked":"Darkness+1","floor":28},{"not_picked":["BootSequence+1","Compile Driver","Cold Snap"],"picked":"Consume+1","floor":29},{"not_picked":["Loop+1","Steam+1","Stack+1"],"picked":"Chaos+1","floor":30},{"not_picked":["Sunder","Chaos+1","Echo Form"],"picked":"Hologram+1","floor":31},{"not_picked":["Core Surge","Buffer","Meteor Strike"],"picked":"Multi-Cast+1","floor":33},{"not_picked":["Stack+1","Turbo+1","BootSequence+1"],"picked":"Rebound+1","floor":35},{"not_picked":["Genetic Algorithm+1","Leap+1","Gash+1"],"picked":"Ball Lightning+1","floor":36},{"not_picked":["Sweeping Beam+1","Leap+1","Cold Snap"],"picked":"Stack+1","floor":39},{"not_picked":["Compile Driver+1","Ball Lightning","Creative AI"],"picked":"Chaos+1","floor":40}],"player_experience":359669,"relics_obtained":[{"floor":3,"key":"Shuriken"},{"floor":6,"key":"Toy Ornithopter"},{"floor":9,"key":"Du-Vu Doll"},{"floor":11,"key":"Question Card"},{"floor":24,"key":"Toxic Egg 2"},{"floor":26,"key":"Pantograph"},{"floor":27,"key":"Incense Burner"},{"floor":30,"key":"Thread and Needle"},{"floor":40,"key":"Bottled Lightning"}],"event_choices":[{"cards_removed":["Strike_B"],"damage_healed":0,"gold_gain":0,"player_choice":"Purged","damage_taken":0,"max_hp_gain":0,"max_hp_loss":0,"event_name":"Purifier","floor":5,"gold_loss":0},{"damage_healed":0,"gold_gain":175,"player_choice":"AGREE","damage_taken":0,"max_hp_gain":0,"max_hp_loss":0,"event_name":"Liars Game","floor":14,"gold_loss":0,"cards_obtained":["Doubt"]},{"damage_healed":0,"gold_gain":275,"player_choice":"Desecrate","damage_taken":0,"max_hp_gain":0,"max_hp_loss":0,"event_name":"Golden Shrine","floor":19,"gold_loss":0,"cards_obtained":["Regret"]},{"damage_healed":0,"gold_gain":0,"player_choice":"Max HP","damage_taken":0,"max_hp_gain":0,"max_hp_loss":4,"event_name":"Winding Halls","floor":37,"gold_loss":0},{"damage_healed":0,"gold_gain":0,"player_choice":"Gave Potion","damage_taken":0,"relics_obtained":["Kunai"],"max_hp_gain":0,"max_hp_loss":0,"event_name":"WeMeetAgain","floor":41,"gold_loss":0}],"is_beta":false,"boss_relics":[{"not_picked":["Busted Crown","Fusion Hammer"],"picked":"Inserter"},{"not_picked":["SacredBark","Runic Pyramid"],"picked":"Empty Cage"}],"items_purged_floors":[20,38],"is_endless":false,"potions_floor_spawned":[4,11,13,16,21,24,30,31,33,36,39],"killed_by":"Reptomancer","ascension_level":5}}