{"host":"bf5upntvbdompq33","time":1612804946,"event":{"mods":["BaseMod","Colored Map","Colored Powertips","Curses Come First","Minty Spire (QoL Compilation)","StSLib","The Dragon Tamer","The Hierophant","The Marked","The Mystic","The Servant 0.9.4"],"gold_per_floor":[117,117,117,192,367,393,393,426,471,471,488,502,526,556,556,656,656,671,684,698,648,668,702,702,470,470,470,15,25,25,38,38,140,140,151,151,165,165,181,181,181],"floor_reached":40,"language":"ENG","playtime":3631,"items_purged":["Strike_G","Strike_G"],"score":712,"play_id":"9a6a4342-9c93-434b-94eb-a297fdb0bc38","local_time":"20210208102226","is_ascension_mode":true,"campfire_choices":[{"data":"Neutralize","floor":7,"key":"SMITH"},{"data":"All Out Attack","floor":10,"key":"SMITH"},{"floor":15,"key":"REST"},{"floor":24,"key":"REST"},{"data":"Wraith Form v2","floor":27,"key":"SMITH"},{"data":"After Image","floor":30,"key":"SMITH"},{"floor":32,"key":"REST"}],"circlet_count":0,"master_deck":["Survivor","Neutralize+1","Backstab","Regret","Doubt","Quick Slash","All Out Attack+1","PiercingWail","Poisoned Stab","Terror","Wraith Form v2+1","CurseOfTheBell","Concentrate+1","Dagger Throw+1","After Image+1","Flying Knee","Flying Knee","Malaise","Masterful Stab","Leg Sweep","Backflip","Acrobatics","Well Laid Plans","Caltrops","Slice+1","Dagger Spray","Glass Knife","Setup","Bane","Heel Hook","Accuracy","Glass Knife","Expertise","Phantasmal Killer","Glass Knife","Writhe","Blade Dance+1"],"relics":["Ring of the Snake","NeowsBlessing","Blue Candle","Blood Vial","Du-Vu Doll","Orichalcum","Potion Belt","Bag of Marbles","Nunchaku","Calling Bell","Boot","Sundial","Prayer Wheel","Snake Skull","Anchor","Bottled Tornado","Vajra","Pandora\u0027s Box","Shovel"],"acts_visited":["Exordium","TheCity","TheBeyond"],"potions_floor_usage":[31,33,33,39,40],"damage_taken":[{"damage":0,"enemies":"Small Slimes","floor":1,"turns":1},{"damage":0,"enemies":"3 Sentries","floor":6,"turns":1},{"damage":0,"enemies":"Lagavulin","floor":8,"turns":1},{"damage":0,"enemies":"Jaw Worm","floor":11,"turns":1},{"damage":1,"enemies":"2 Louse","floor":12,"turns":1},{"damage":6,"enemies":"Gremlin Nob","floor":14,"turns":3},{"damage":32,"enemies":"Hexaghost","floor":16,"turns":9},{"damage":3,"enemies":"Shell Parasite","floor":18,"turns":3},{"damage":0,"enemies":"2 Thieves","floor":19,"turns":3},{"damage":0,"enemies":"Snake Plant","floor":20,"turns":1},{"damage":16,"enemies":"Snecko","floor":22,"turns":4},{"damage":33,"enemies":"Slavers","floor":23,"turns":9},{"damage":8,"enemies":"Shelled Parasite and Fungi","floor":29,"turns":5},{"damage":0,"enemies":"Centurion and Healer","floor":31,"turns":2},{"damage":18,"enemies":"Champ","floor":33,"turns":10},{"damage":4,"enemies":"Orb Walker","floor":35,"turns":4},{"damage":49,"enemies":"3 Shapes","floor":37,"turns":3},{"damage":2,"enemies":"Transient","floor":39,"turns":5},{"damage":39,"enemies":"Giant Head","floor":40,"turns":6}],"seed_played":"-7289700698050517561","potions_obtained":[{"floor":8,"key":"SpeedPotion"},{"floor":12,"key":"CultistPotion"},{"floor":16,"key":"SmokeBomb"},{"floor":22,"key":"Dexterity Potion"},{"floor":37,"key":"Poison Potion"},{"floor":39,"key":"Block Potion"}],"is_trial":false,"path_per_floor":["M","?","?","?","?","E","R","E","T","R","M","M","T","E","R","B",null,"M","M","M","?","M","E","R","$","T","R","$","M","R","M","R","B",null,"M","?","M","T","M","E"],"character_chosen":"THE_SILENT","items_purchased":["Anchor","Vajra","Backflip","Acrobatics","Well Laid Plans","AttackPotion"],"campfire_rested":3,"item_purchase_floors":[25,28,28,28,28,28],"current_hp_per_floor":[63,56,56,45,45,47,47,49,49,49,51,52,52,48,69,38,62,61,63,65,65,51,20,41,41,41,41,41,35,35,37,58,42,63,61,70,21,21,21,0,0],"gold":181,"neow_bonus":"THREE_ENEMY_KILL","is_daily":false,"chose_seed":false,"campfire_upgraded":4,"win_rate":0.0,"timestamp":1612804946,"path_taken":["M","?","?","?","?","E","R","E","T","R","M","M","?","E","R","BOSS","M","?","M","?","M","E","R","$","T","R","$","?","R","?","R","BOSS","M","?","M","?","M","E"],"items_purchased_type":["Relic","Relic","Card","Card","Card","Potion"],"build_version":"2020-12-22","purchased_purges":2,"victory":false,"max_hp_per_floor":[70,70,70,70,70,70,70,70,70,70,70,70,70,70,70,70,70,70,70,70,70,70,70,70,70,70,70,70,70,70,70,70,70,70,70,70,70,70,70,70,70],"card_choices":[{"not_picked":["Cloak And Dagger","Expertise"],"picked":"Backstab","floor":1},{"not_picked":["Unload","Noxious Fumes"],"picked":"Quick Slash","floor":6},{"not_picked":["Blade Dance","Outmaneuver"],"picked":"All Out Attack","floor":8},{"not_picked":["Quick Slash","Outmaneuver"],"picked":"PiercingWail","floor":11},{"not_picked":["Deflect","Bane"],"picked":"Poisoned Stab","floor":12},{"not_picked":["Sucker Punch","PiercingWail"],"picked":"Terror","floor":14},{"not_picked":["Envenom","Venomology"],"picked":"Wraith Form v2","floor":16},{"not_picked":["Deflect","Blade Dance+1"],"picked":"Concentrate+1","floor":18},{"not_picked":["Backflip","Concentrate","Poisoned Stab"],"picked":"SKIP","floor":18},{"not_picked":["Blade Dance","Underhanded Strike"],"picked":"Dagger Throw+1","floor":19},{"not_picked":["Well Laid Plans","Flechettes"],"picked":"After Image","floor":19},{"not_picked":["Prepared","PiercingWail"],"picked":"Flying Knee","floor":20},{"not_picked":["Cloak And Dagger","Setup"],"picked":"Flying Knee","floor":20},{"not_picked":["Deflect","Dodge and Roll"],"picked":"Malaise","floor":22},{"not_picked":["Cloak And Dagger","Blade Dance"],"picked":"Masterful Stab","floor":22},{"not_picked":["Deadly Poison","Riddle With Holes+1"],"picked":"Leg Sweep","floor":23},{"not_picked":["Outmaneuver","Prepared+1"],"picked":"Caltrops","floor":29},{"not_picked":["Poisoned Stab","Heel Hook","Underhanded Strike"],"picked":"SKIP","floor":29},{"not_picked":["Deadly Poison","Distraction"],"picked":"Slice+1","floor":31},{"not_picked":["PiercingWail","Well Laid Plans"],"picked":"Dagger Spray","floor":31},{"not_picked":["Storm of Steel","Doppelganger"],"picked":"Glass Knife","floor":33},{"not_picked":["Dodge and Roll","Cloak And Dagger+1","Accuracy"],"picked":"SKIP","floor":35},{"not_picked":["Blur+1","Accuracy+1","Dagger Spray"],"picked":"SKIP","floor":35},{"not_picked":["Deflect","Bouncing Flask+1"],"picked":"Blade Dance+1","floor":37},{"not_picked":["Quick Slash+1","Concentrate+1","Backstab"],"picked":"SKIP","floor":37},{"not_picked":["Deflect","Bouncing Flask+1","Catalyst"],"picked":"SKIP","floor":39},{"not_picked":["Well Laid Plans","Noxious Fumes","Outmaneuver+1"],"picked":"SKIP","floor":39}],"player_experience":1522430,"relics_obtained":[{"floor":6,"key":"Du-Vu Doll"},{"floor":8,"key":"Orichalcum"},{"floor":9,"key":"Potion Belt"},{"floor":13,"key":"Bag of Marbles"},{"floor":14,"key":"Nunchaku"},{"floor":17,"key":"Boot"},{"floor":17,"key":"Sundial"},{"floor":17,"key":"Prayer Wheel"},{"floor":23,"key":"Snake Skull"},{"floor":26,"key":"Bottled Tornado"},{"floor":38,"key":"Shovel"}],"event_choices":[{"damage_healed":0,"gold_gain":0,"player_choice":"Success","damage_taken":7,"relics_obtained":["Blue Candle"],"max_hp_gain":0,"max_hp_loss":0,"event_name":"Scrap Ooze","floor":2,"gold_loss":0},{"damage_healed":0,"gold_gain":0,"player_choice":"Box","damage_taken":0,"relics_obtained":["Blood Vial"],"max_hp_gain":0,"max_hp_loss":0,"event_name":"Big Fish","floor":3,"gold_loss":0,"cards_obtained":["Regret"]},{"damage_healed":0,"gold_gain":75,"player_choice":"Gather Gold","damage_taken":11,"max_hp_gain":0,"max_hp_loss":0,"event_name":"World of Goop","floor":4,"gold_loss":0},{"damage_healed":0,"gold_gain":175,"player_choice":"AGREE","damage_taken":0,"max_hp_gain":0,"max_hp_loss":0,"event_name":"Liars Game","floor":5,"gold_loss":0,"cards_obtained":["Doubt"]},{"damage_healed":0,"gold_gain":0,"player_choice":"Bet on Murderer","damage_taken":0,"max_hp_gain":0,"max_hp_loss":0,"event_name":"The Joust","floor":21,"gold_loss":50},{"damage_healed":18,"gold_gain":0,"player_choice":"Writhe","damage_taken":0,"max_hp_gain":0,"max_hp_loss":0,"event_name":"Winding Halls","floor":36,"gold_loss":0,"cards_obtained":["Writhe"]}],"is_beta":false,"boss_relics":[{"not_picked":["SlaversCollar","Fusion Hammer"],"picked":"Calling Bell"},{"not_picked":["Black Star","SacredBark"],"picked":"Pandora\u0027s Box"}],"items_purged_floors":[25,28],"is_endless":false,"potions_floor_spawned":[8,12,16,22,29,37,39],"killed_by":"Giant Head","ascension_level":9}}