{"host":"uv5ws9rdk87e8i5k","time":1612761413,"event":{"mods":["AchievementEnabler","BaseMod","Colored Map","Minty Spire (QoL Compilation)","Permanent Neow","Quick Restart","StSLib","SuperFastMode","The Necromancer"],"gold_per_floor":[110,123,138,158,169,169,203,214,214,243,258,131,159,234,234,337,337,337],"floor_reached":17,"language":"ENG","playtime":249,"items_purged":["Strike_R"],"score":265,"play_id":"1a145b66-67dc-4668-bd7c-946c551e858d","local_time":"20210207231653","is_ascension_mode":true,"campfire_choices":[{"data":"Immolate","floor":6.0,"key":"SMITH"},{"data":"Bludgeon","floor":15,"key":"SMITH"}],"circlet_count":0,"master_deck":["Strike_R","Defend_R","Defend_R","Defend_R","Defend_R","Bash","Immolate+1","Dual Wield","Warcry","Sever Soul","Shockwave","Bludgeon+1","Blood for Blood","Pummel+1","Fire Breathing+1","Anger+1"],"relics":["Burning Blood","Pantograph","Bottled Flame","White Beast Statue","Gremlin Horn","Astrolabe"],"acts_visited":["Exordium","TheCity"],"potions_floor_usage":[13,14,16],"damage_taken":[{"damage":0.0,"enemies":"2 Louse","floor":1.0,"turns":1.0},{"damage":1.0,"enemies":"Cultist","floor":2.0,"turns":3.0},{"damage":2.0,"enemies":"Jaw Worm","floor":3.0,"turns":3.0},{"damage":16.0,"enemies":"Lots of Slimes","floor":4.0,"turns":2.0},{"damage":5.0,"enemies":"3 Louse","floor":5.0,"turns":2.0},{"damage":8.0,"enemies":"Gremlin Nob","floor":7.0,"turns":3.0},{"damage":4.0,"enemies":"Blue Slaver","floor":8.0,"turns":2.0},{"damage":0.0,"enemies":"3 Sentries","floor":10.0,"turns":2.0},{"damage":9.0,"enemies":"Red Slaver","floor":11.0,"turns":2.0},{"damage":18,"enemies":"Gremlin Nob","floor":13,"turns":3},{"damage":4,"enemies":"Slime Boss","floor":16,"turns":7}],"seed_played":"-7303789433708242513","potions_obtained":[{"floor":1.0,"key":"SteroidPotion"},{"floor":3.0,"key":"AttackPotion"},{"floor":10.0,"key":"AttackPotion"},{"floor":11.0,"key":"Ancient Potion"},{"floor":13,"key":"BlessingOfTheForge"},{"floor":16,"key":"Strength Potion"}],"is_trial":false,"path_per_floor":["M","M","M","M","M","R","E","M","T","E","M","$","E","?","R","B",null],"character_chosen":"IRONCLAD","items_purchased":["BloodPotion"],"campfire_rested":0,"item_purchase_floors":[12],"current_hp_per_floor":[57,62,66,56,57,57,55,57,57,63,60,60,48,53,53,80,80,80],"gold":337,"neow_bonus":"THREE_RARE_CARDS","is_daily":false,"chose_seed":false,"campfire_upgraded":2,"win_rate":0.0,"timestamp":1612761413,"path_taken":["M","M","M","M","M","R","E","M","T","E","M","$","E","?","R","BOSS"],"items_purchased_type":["Potion"],"build_version":"2020-12-22","purchased_purges":1,"victory":false,"max_hp_per_floor":[80,80,80,80,80,80,80,80,80,80,80,80,80,80,80,80,80,80],"card_choices":[{"not_picked":["Double Tap","Juggernaut"],"picked":"Immolate","floor":0.0},{"not_picked":["Seeing Red","Twin Strike"],"picked":"Dual Wield","floor":1.0},{"not_picked":["Intimidate","Twin Strike"],"picked":"Warcry","floor":2.0},{"not_picked":["Headbutt","Heavy Blade"],"picked":"Sever Soul","floor":3.0},{"not_picked":["True Grit","Evolve"],"picked":"Shockwave","floor":4.0},{"not_picked":["Carnage","Heavy Blade","Body Slam"],"picked":"SKIP","floor":5.0},{"not_picked":["Perfected Strike","Clothesline"],"picked":"Bludgeon","floor":7.0},{"not_picked":["Headbutt","Perfected Strike","Dark Embrace"],"picked":"SKIP","floor":8.0},{"not_picked":["Perfected Strike","Twin Strike","Metallicize"],"picked":"SKIP","floor":10.0},{"not_picked":["Armaments","Body Slam"],"picked":"Blood for Blood","floor":11.0},{"not_picked":["Sword Boomerang","Twin Strike","Exhume"],"picked":"SKIP","floor":13}],"player_experience":251162,"relics_obtained":[{"floor":7.0,"key":"Pantograph"},{"floor":9.0,"key":"Bottled Flame"},{"floor":10.0,"key":"White Beast Statue"},{"floor":13,"key":"Gremlin Horn"}],"event_choices":[{"damage_healed":0,"gold_gain":75,"player_choice":"Gather Gold","damage_taken":11,"max_hp_gain":0,"max_hp_loss":0,"event_name":"World of Goop","floor":14,"gold_loss":0}],"is_beta":false,"boss_relics":[{"not_picked":["Black Blood","Ectoplasm"],"picked":"Astrolabe"}],"items_purged_floors":[12],"is_endless":false,"potions_floor_spawned":[1,3,10,11,13,16],"ascension_level":6}}