{"host":"aelxjre69umlx7r4","time":1612772623,"event":{"mods":["AchievementEnabler","BaseMod","DeckTracker","Highlight Path","Keyboard Shortcuts","Minty Spire (QoL Compilation)","Permanent Neow","SuperFastMode"],"gold_per_floor":[119,136,146,162,177,177,190,190,190,225,241,221,256,181,181,284,284,294,234,253,268,367,367,367],"floor_reached":23,"language":"KOR","playtime":1428,"items_purged":["Strike_R"],"score":294,"play_id":"1243e558-fc3c-40a0-acf8-2def41281f8d","local_time":"20210208172343","is_ascension_mode":true,"campfire_choices":[{"data":"Sword Boomerang","floor":6.0,"key":"SMITH"},{"data":"Pummel","floor":8.0,"key":"SMITH"},{"floor":15.0,"key":"REST"}],"circlet_count":0,"master_deck":["Strike_R","Strike_R","Defend_R","Defend_R","Defend_R","Defend_R","Bash","Sword Boomerang+1","Disarm","Intimidate","Shrug It Off","Pummel+1","Armaments","Heavy Blade","Demon Form","Impervious","Flex","Pummel+1"],"relics":["Burning Blood","Ice Cream","Anchor","Bottled Lightning","SlaversCollar"],"acts_visited":["Exordium","TheCity"],"potions_floor_usage":[21],"damage_taken":[{"damage":1.0,"enemies":"Cultist","floor":1.0,"turns":3.0},{"damage":0.0,"enemies":"Small Slimes","floor":2.0,"turns":4.0},{"damage":4.0,"enemies":"2 Louse","floor":3.0,"turns":4.0},{"damage":12.0,"enemies":"Blue Slaver","floor":4.0,"turns":6.0},{"damage":11.0,"enemies":"Large Slime","floor":5.0,"turns":10.0},{"damage":12.0,"enemies":"3 Louse","floor":7.0,"turns":6.0},{"damage":15.0,"enemies":"3 Sentries","floor":10.0,"turns":10.0},{"damage":17.0,"enemies":"Exordium Wildlife","floor":11.0,"turns":7.0},{"damage":23.0,"enemies":"Lagavulin","floor":13.0,"turns":8.0},{"damage":0.0,"enemies":"Slime Boss","floor":16.0,"turns":6.0},{"damage":31.0,"enemies":"3 Byrds","floor":18.0,"turns":6.0},{"damage":25.0,"enemies":"2 Thieves","floor":19.0,"turns":4.0},{"damage":29.0,"enemies":"Centurion and Healer","floor":20.0,"turns":7.0},{"damage":6,"enemies":"Chosen and Byrds","floor":21,"turns":8},{"damage":18,"enemies":"Book of Stabbing","floor":23,"turns":4}],"seed_played":"-8718592721651920989","potions_obtained":[{"floor":4.0,"key":"PowerPotion"},{"floor":10.0,"key":"Ancient Potion"},{"floor":11.0,"key":"SpeedPotion"},{"floor":12.0,"key":"Explosive Potion"},{"floor":13.0,"key":"ColorlessPotion"},{"floor":20.0,"key":"EssenceOfSteel"}],"is_trial":false,"path_per_floor":["M","M","M","M","M","R","M","R","T","E","M","?","E","$","R","B",null,"M","M","M","M","?","E"],"character_chosen":"IRONCLAD","items_purchased":[],"campfire_rested":1,"item_purchase_floors":[],"current_hp_per_floor":[61,67,69,63,58,58,52,52,52,43,32,32,15,15,39,45,80,55,36,13,13,13,0,0],"gold":367,"neow_bonus":"REMOVE_TWO","is_daily":false,"chose_seed":false,"campfire_upgraded":2,"win_rate":0.0,"timestamp":1612772623,"path_taken":["M","M","M","?","M","R","M","R","T","E","M","?","E","$","R","BOSS","M","?","M","M","?","E"],"items_purchased_type":[],"build_version":"2020-12-22","purchased_purges":1,"victory":false,"max_hp_per_floor":[80,80,80,80,80,80,80,80,80,80,80,80,80,80,80,80,80,80,80,80,80,80,80,80],"card_choices":[{"not_picked":["Perfected Strike","Disarm"],"picked":"Sword Boomerang","floor":1.0},{"not_picked":["Iron Wave","Dual Wield"],"picked":"Disarm","floor":2.0},{"not_picked":["Second Wind","True Grit"],"picked":"Intimidate","floor":3.0},{"not_picked":["True Grit","Cleave"],"picked":"Shrug It Off","floor":4.0},{"not_picked":["Burning Pact","Clothesline","Rupture"],"picked":"SKIP","floor":5.0},{"not_picked":["Bludgeon","Sever Soul"],"picked":"Pummel","floor":7.0},{"not_picked":["Bloodletting","Wild Strike"],"picked":"Armaments","floor":10.0},{"not_picked":["Iron Wave","True Grit"],"picked":"Heavy Blade","floor":11.0},{"not_picked":["True Grit","Armaments"],"picked":"Demon Form","floor":13.0},{"not_picked":["Juggernaut","Bludgeon"],"picked":"Impervious","floor":16.0},{"not_picked":["Thunderclap","Perfected Strike","Heavy Blade"],"picked":"SKIP","floor":18.0},{"not_picked":["Clothesline+1","Heavy Blade","Wild Strike"],"picked":"SKIP","floor":19.0},{"not_picked":["Dark Embrace","Sword Boomerang+1"],"picked":"Flex","floor":20.0},{"not_picked":["Flex+1","Blood for Blood"],"picked":"Pummel+1","floor":21}],"player_experience":399338,"relics_obtained":[{"floor":9.0,"key":"Ice Cream"},{"floor":10.0,"key":"Anchor"},{"floor":13.0,"key":"Bottled Lightning"}],"event_choices":[{"damage_healed":0.0,"max_hp_gain":0.0,"max_hp_loss":0.0,"gold_gain":0.0,"event_name":"The Woman in Blue","player_choice":"Bought 1 Potion","floor":12.0,"gold_loss":0.0,"damage_taken":0.0},{"damage_healed":0,"gold_gain":99,"player_choice":"Stole From Cult","damage_taken":0,"max_hp_gain":0,"max_hp_loss":0,"event_name":"Nest","floor":22,"gold_loss":0}],"is_beta":false,"boss_relics":[{"not_picked":["Coffee Dripper","Black Star"],"picked":"SlaversCollar"}],"items_purged_floors":[14],"is_endless":false,"potions_floor_spawned":[4,10,11,13,20],"killed_by":"Book of Stabbing","ascension_level":1}}