{"host":"vflj39ie5n27t074","time":1612765744,"event":{"mods":["BaseMod","BetterRewards","Bossed Relics","Colored Map","Colored Powertips","Downfall","Hero for Fun","Hubris","Infinite Spire","Marisa????????","Minty Spire (QoL Compilation)","Replay The Spire","SIMod","StSLib","The Jungle","The Mystic","The Poker Player","The Servant 0.9.4"],"gold_per_floor":[116,41,41,41,65,65,108,108,108,147,147,222,69,100,100,100,100],"floor_reached":16,"language":"ENG","playtime":709,"items_purged":["Defend_P"],"score":153,"play_id":"0d29639b-e623-4537-9499-ec44821be42b","local_time":"20210208002904","is_ascension_mode":true,"campfire_choices":[{"data":"Eruption","floor":6,"key":"SMITH"},{"floor":11,"key":"REST"},{"floor":15,"key":"REST"}],"circlet_count":0,"master_deck":["Strike_P","Strike_P","Strike_P","Strike_P","Defend_P","Defend_P","Defend_P","Eruption+1","CarveReality","Scrawl+1","Tantrum","LessonLearned","WreathOfFlame","BattleHymn"],"relics":["PureWater","Regal Pillow","Golden Idol","infinitespire:CursedDice","hubris:FruitBowl","hubris:OldNail","hubris:Reverence","Anchor","Oddly Smooth Stone"],"acts_visited":["Exordium"],"potions_floor_usage":[10,14,16],"damage_taken":[{"damage":1,"enemies":"Jaw Worm","floor":1,"turns":4},{"damage":0,"enemies":"Cultist","floor":5,"turns":2},{"damage":0,"enemies":"Gremlin Nob","floor":7,"turns":2},{"damage":31,"enemies":"3 Sentries","floor":10,"turns":8},{"damage":29,"enemies":"Lagavulin","floor":14,"turns":3},{"damage":75,"enemies":"The Guardian","floor":16,"turns":5}],"seed_played":"-3250174670622250370","potions_obtained":[{"floor":7,"key":"Languid Potion"},{"floor":10,"key":"Dexterity Potion"},{"floor":14,"key":"Energy Potion"}],"is_trial":false,"path_per_floor":["M","$","?","?","M","R","E","$","T","E","R","?","$","E","R","B"],"character_chosen":"WATCHER","items_purchased":["hubris:FruitBowl","Anchor"],"campfire_rested":2,"item_purchase_floors":[8,13],"current_hp_per_floor":[71,71,71,53,53,53,53,34,34,3,39,28,28,26,62,0,0],"gold":100,"neow_bonus":"RANDOM_COMMON_RELIC","is_daily":false,"chose_seed":false,"campfire_upgraded":1,"win_rate":0.0,"timestamp":1612765744,"path_taken":["M","$","?","?","M","R","E","?","T","E","R","?","?","E","R","BOSS"],"items_purchased_type":["Relic","Relic"],"build_version":"2020-12-22","purchased_purges":1,"victory":false,"max_hp_per_floor":[72,72,72,72,72,72,72,72,72,72,72,72,72,72,72,72,72],"card_choices":[{"not_picked":["EmptyFist","Consecrate"],"picked":"CarveReality","floor":1},{"not_picked":["Crescendo","Worship"],"picked":"Tantrum","floor":5},{"not_picked":["SashWhip","SignatureMove"],"picked":"LessonLearned","floor":7},{"not_picked":["Crescendo","PathToVictory"],"picked":"WreathOfFlame","floor":10},{"not_picked":["Alpha","Replay:BluntJabs"],"picked":"BattleHymn","floor":14}],"player_experience":99183,"relics_obtained":[{"floor":7,"key":"infinitespire:CursedDice"},{"floor":9,"key":"hubris:OldNail"},{"floor":10,"key":"hubris:Reverence"},{"floor":14,"key":"Oddly Smooth Stone"}],"event_choices":[{"damage_healed":0,"gold_gain":0,"player_choice":"Take Damage","damage_taken":18,"relics_obtained":["Golden Idol"],"max_hp_gain":0,"max_hp_loss":0,"event_name":"Golden Idol","floor":4,"gold_loss":0},{"damage_healed":0,"gold_gain":75,"player_choice":"Gather Gold","damage_taken":11,"max_hp_gain":0,"max_hp_loss":0,"event_name":"World of Goop","floor":12,"gold_loss":0}],"is_beta":false,"boss_relics":[],"items_purged_floors":[2],"is_endless":false,"potions_floor_spawned":[7,10,14],"killed_by":"The Guardian","ascension_level":2}}