{"host":"bxn2em57qlx5u4i0","time":1612812083,"event":{"mods":["BaseMod","Colored Map","Colored Powertips","Highlight Path","Minty Spire (QoL Compilation)","Random Character Button","Relic Sorter","Relic Stats","StSLib","SuperFastMode"],"gold_per_floor":[17,17,35,35,54,54,69,69,122,122,147,161,161,161],"floor_reached":13,"language":"ENG","playtime":351,"items_purged":[],"score":170,"play_id":"935754fd-d06d-4fc3-b11c-7a27a0a40a13","local_time":"20210208142123","is_ascension_mode":true,"campfire_choices":[{"data":"Calculated Gamble","floor":6,"key":"SMITH"},{"data":"Bouncing Flask","floor":8,"key":"SMITH"},{"data":"Bullet Time","floor":10,"key":"SMITH"}],"circlet_count":0,"master_deck":["AscendersBane","Strike_G","Strike_G","Strike_G","Strike_G","Defend_G","Defend_G","Defend_G","Defend_G","Defend_G","Survivor","Neutralize","Poisoned Stab","Endless Agony","Blur","Venomology","Calculated Gamble+1","Bouncing Flask+1","Bullet Time+1","Crippling Poison","Backflip"],"relics":["Ring of the Snake","Prayer Wheel","Vajra","Boot"],"acts_visited":["Exordium"],"potions_floor_usage":[5,7,7,11,11,13],"damage_taken":[{"damage":1,"enemies":"Small Slimes","floor":1,"turns":4},{"damage":1,"enemies":"Cultist","floor":3,"turns":4},{"damage":9,"enemies":"Jaw Worm","floor":5,"turns":4},{"damage":16,"enemies":"Large Slime","floor":7,"turns":8},{"damage":37,"enemies":"3 Sentries","floor":11,"turns":11},{"damage":0,"enemies":"3 Louse","floor":12,"turns":3},{"damage":36,"enemies":"Gremlin Nob","floor":13,"turns":3}],"seed_played":"3650722792928022394","potions_obtained":[{"floor":1,"key":"Energy Potion"},{"floor":2,"key":"Strength Potion"},{"floor":5,"key":"Fire Potion"}],"is_trial":false,"path_per_floor":["M","?","M","?","M","R","M","R","T","R","E","M","E"],"character_chosen":"THE_SILENT","items_purchased":[],"campfire_rested":0,"item_purchase_floors":[],"current_hp_per_floor":[58,58,57,57,48,48,47,47,47,47,10,10,0,0],"gold":161,"neow_bonus":"ONE_RARE_RELIC","is_daily":false,"chose_seed":false,"campfire_upgraded":3,"win_rate":0.0,"timestamp":1612812083,"path_taken":["M","?","?","?","M","R","?","R","T","R","E","M","E"],"items_purchased_type":[],"build_version":"2020-12-22","purchased_purges":0,"victory":false,"max_hp_per_floor":[66,66,66,66,66,66,66,66,66,66,66,66,66,66],"relic_stats":{"counters":[7,37],"Prayer Wheel":5,"Boot":[6],"obtain_stats":[{"Vajra":9,"Prayer Wheel":0,"Boot":11,"Ring of the Snake":0},{"Vajra":4,"Prayer Wheel":0,"Boot":5,"Ring of the Snake":0},{"Vajra":20,"Prayer Wheel":0,"Boot":31,"Ring of the Snake":0}],"Ring of the Snake":[15]},"card_choices":[{"not_picked":["Infinite Blades","Quick Slash"],"picked":"Poisoned Stab","floor":1},{"not_picked":["Underhanded Strike","Riddle With Holes","Dodge and Roll"],"picked":"SKIP","floor":1},{"not_picked":["Deflect","Blade Dance"],"picked":"Endless Agony","floor":3},{"not_picked":["Dagger Spray","Expertise"],"picked":"Blur","floor":3},{"not_picked":["Sucker Punch","Deflect"],"picked":"Calculated Gamble","floor":5},{"not_picked":["Accuracy","Skewer","Masterful Stab"],"picked":"SKIP","floor":5},{"not_picked":["Dagger Spray","Dagger Throw"],"picked":"Bouncing Flask","floor":7},{"not_picked":["Sucker Punch","Caltrops"],"picked":"Bullet Time","floor":7},{"not_picked":["Outmaneuver","Bane","Accuracy"],"picked":"SKIP","floor":11},{"not_picked":["Flying Knee","Cloak And Dagger"],"picked":"Crippling Poison","floor":12},{"not_picked":["Cloak And Dagger","Prepared"],"picked":"Backflip","floor":12}],"player_experience":3015808,"relics_obtained":[{"floor":9,"key":"Vajra"},{"floor":11,"key":"Boot"}],"event_choices":[{"damage_healed":0,"gold_gain":0,"player_choice":"Got Potions","damage_taken":0,"max_hp_gain":0,"max_hp_loss":0,"event_name":"Lab","floor":2,"gold_loss":0},{"damage_healed":0,"gold_gain":0,"cards_transformed":["Strike_G"],"player_choice":"Transformed","damage_taken":0,"max_hp_gain":0,"max_hp_loss":0,"event_name":"Transmorgrifier","floor":4,"gold_loss":0,"cards_obtained":["Venomology"]}],"is_beta":false,"boss_relics":[],"items_purged_floors":[],"is_endless":false,"potions_floor_spawned":[1,5],"killed_by":"Gremlin Nob","ascension_level":20}}