{"host":"dlskvfecb6rtl9z1","time":1612819978,"event":{"mods":["2.2 Compatiblity","AchievementEnabler","Aspiration","BaseMod","Better Third Choice","Colored Map","Colored Powertips","Duelist Mod","Hermit","Hubris","Infinite Spire","KinomotoSakuraMod(????)","Koishi","Marisa????????","Minty Spire (QoL Compilation)","Remilia??????","Replay The Spire","Shop Mod","StSLib","Td1madao Mod","The Administrix","The Bug Knight","The Construct","The Cursed","The Disciple","The Hierophant","The Jungle","The Mystic","The Necromancer","The Runesmith","The Senshi","The Servant 0.9.4"],"gold_per_floor":[113,124,124,124,9,9,20,55,55,55,90,10,23,36,36,137,237,257,269,286,201,201,201,201,214,239,274,274,274],"floor_reached":28,"language":"ENG","playtime":1729,"items_purged":[],"score":325,"play_id":"87f67128-e66f-4062-a5e8-cca76ac970ea","local_time":"20210208233258","is_ascension_mode":true,"campfire_choices":[{"data":"Dualcast","floor":6,"key":"SMITH"},{"data":"Leap","floor":10,"key":"SMITH"},{"data":"Lockon","floor":15,"key":"SMITH"},{"data":"Echo Form","floor":24,"key":"SMITH"}],"circlet_count":0,"master_deck":["Strike_B","Strike_B","Strike_B","Strike_B","Defend_B","Defend_B","Defend_B","Defend_B","Dualcast+1","Ball Lightning+1","Consume+1","Lockon+1","Leap+1","Hologram+1","Rainbow+1","Stack+1","BasicCrystalCard+1","Echo Form+1","Gluttony_TH","Rainbow+1","Self Repair+1"],"relics":["hubris:VirtuousBlindfold","infinitespire:Broken Mirror","theSenshi:FeatherClipsRelic","Toxic Egg 2","PreservedInsect","Replay:Wanted Poster","Smiling Mask","Nilry\u0027s Codex","Replay:Wax Seal","HornCleat"],"acts_visited":["Exordium","TheCity"],"potions_floor_usage":[8,16,27],"damage_taken":[{"damage":14,"enemies":"Small Slimes","floor":1,"turns":4},{"damage":2,"enemies":"2 Louse","floor":2,"turns":2},{"damage":0,"enemies":"Cultist","floor":7,"turns":2},{"damage":26,"enemies":"3 Sentries","floor":8,"turns":6},{"damage":0,"enemies":"HollowMod:MossKnight","floor":11,"turns":6},{"damage":0,"enemies":"Lots of Slimes","floor":13,"turns":2},{"damage":13,"enemies":"Large Slime","floor":14,"turns":4},{"damage":18,"enemies":"Slime Boss","floor":16,"turns":6},{"damage":11,"enemies":"3 Byrds","floor":18,"turns":4},{"damage":15,"enemies":"Centurion and Healer","floor":19,"turns":5},{"damage":20,"enemies":"Sentry and Sphere","floor":20,"turns":5},{"damage":14,"enemies":"Snecko","floor":25,"turns":5},{"damage":9,"enemies":"theDuelist:KaibaA2","floor":27,"turns":3},{"damage":35,"enemies":"Shelled Parasite and Fungi","floor":28,"turns":4}],"seed_played":"4364848572203760561","potions_obtained":[{"floor":7,"key":"FocusPotion"},{"floor":13,"key":"Milkshake"},{"floor":16,"key":"Block Potion"},{"floor":27,"key":"ColorlessPotion"}],"is_trial":false,"path_per_floor":["M","M","?","?","?","R","M","E","T","R","E","$","M","M","R","B",null,"M","M","M","?","?","?","R","M","T","E","M"],"character_chosen":"DEFECT","items_purchased":["Rainbow+1"],"campfire_rested":0,"item_purchase_floors":[12],"current_hp_per_floor":[61,59,59,59,59,59,59,33,33,33,39,39,45,38,38,26,75,70,61,47,47,31,46,46,38,38,35,0,0],"gold":274,"neow_bonus":"BOSS_RELIC","is_daily":false,"chose_seed":false,"campfire_upgraded":4,"win_rate":0.0,"timestamp":1612819978,"path_taken":["M","M","?","?","?","R","?","E","T","R","E","?","M","M","R","BOSS","M","M","?","?","?","?","R","?","T","E","M"],"items_purchased_type":["Card"],"build_version":"2020-12-22","purchased_purges":0,"victory":false,"max_hp_per_floor":[75,75,75,75,75,75,75,75,75,75,75,75,75,75,75,75,75,75,75,75,75,75,90,90,90,90,90,90,90],"card_choices":[{"not_picked":["Barrage","Turbo","Stack"],"picked":"SKIP","floor":1},{"not_picked":["Rebound","ReplayTheSpireMod:System Scan"],"picked":"Ball Lightning","floor":2},{"not_picked":["Turbo","Go for the Eyes"],"picked":"Lockon","floor":7},{"not_picked":["BootSequence","Stack"],"picked":"Leap","floor":8},{"not_picked":["Rip and Tear","Compile Driver"],"picked":"Hologram+1","floor":11},{"not_picked":["Hyperbeam","Streamline"],"picked":"Stack+1","floor":13},{"not_picked":["Redo+1","Cold Snap"],"picked":"BasicCrystalCard+1","floor":14},{"not_picked":["Creative AI","All For One"],"picked":"Echo Form","floor":16},{"not_picked":["Barrage","Consume+1","Static Discharge"],"picked":"SKIP","floor":18},{"not_picked":["Coolheaded+1","aspiration:Polymerization+1","Undo+1"],"picked":"SKIP","floor":19},{"not_picked":["Beam Cell+1","ReplayTheSpireMod:GoodbyeWorld","Skim+1"],"picked":"SKIP","floor":20},{"not_picked":["Go for the Eyes+1","Turbo+1"],"picked":"Rainbow+1","floor":25},{"not_picked":["Rebound","Go for the Eyes"],"picked":"Self Repair+1","floor":27}],"player_experience":151051,"relics_obtained":[{"floor":8,"key":"theSenshi:FeatherClipsRelic"},{"floor":9,"key":"Toxic Egg 2"},{"floor":11,"key":"PreservedInsect"},{"floor":22,"key":"Nilry\u0027s Codex"},{"floor":26,"key":"Replay:Wax Seal"},{"floor":27,"key":"HornCleat"}],"event_choices":[{"damage_healed":0,"gold_gain":0,"player_choice":"Paid Gold","damage_taken":0,"relics_obtained":["infinitespire:Broken Mirror"],"max_hp_gain":0,"max_hp_loss":0,"event_name":"WeMeetAgain","floor":5,"gold_loss":115},{"damage_healed":0,"gold_gain":0,"player_choice":"Obtained Relic","damage_taken":0,"relics_obtained":["Smiling Mask"],"max_hp_gain":0,"max_hp_loss":0,"event_name":"Addict","floor":21,"gold_loss":85},{"damage_healed":0,"gold_gain":0,"player_choice":"Obtained Book","damage_taken":16,"max_hp_gain":0,"max_hp_loss":0,"event_name":"Cursed Tome","floor":22,"gold_loss":0}],"is_beta":false,"boss_relics":[{"not_picked":["Replay:Bronze Core","aspiration:SilentSkillbook"],"picked":"Replay:Wanted Poster"}],"items_purged_floors":[],"is_endless":false,"potions_floor_spawned":[7,13,16,27],"killed_by":"Shelled Parasite and Fungi","ascension_level":2}}