{"host":"o1umn66c6cmsknp2","time":1612792747,"event":{"mods":["BaseMod","Colored Map","DeckTracker","Highlight Path","Keyboard Shortcuts","Minty Spire (QoL Compilation)","Permanent Neow","SuperFastMode","Unceasing Turn Reminder","everything is the same but u backflip on backflip"],"gold_per_floor":[109,127,227,240,250,250,200,211,211,211,211,68,87,11,11,110,110,129,140,152,15,15,341,341,360,360,377,377,377,377,377,377,481,481,492,222,222,234,248,248,248,279,279,279,0,14,14,29,29,29],"floor_reached":51,"language":"KOR","playtime":1904,"items_purged":["Defend_G","Strike_G","Defend_G"],"score":1109,"play_id":"73eaebe1-005a-46d8-b48d-cb14a8d0b719","local_time":"20210208225907","is_ascension_mode":true,"campfire_choices":[{"data":"Blade Dance","floor":6.0,"key":"SMITH"},{"data":"A Thousand Cuts","floor":11.0,"key":"SMITH"},{"floor":15.0,"key":"REST"},{"data":"Envenom","floor":24.0,"key":"SMITH"},{"floor":28.0,"key":"REST"},{"data":"Accuracy","floor":30.0,"key":"SMITH"},{"floor":32.0,"key":"REST"},{"data":"Phantasmal Killer","floor":40.0,"key":"SMITH"},{"data":"Accuracy","floor":44.0,"key":"SMITH"},{"floor":49,"key":"REST"}],"circlet_count":0,"master_deck":["AscendersBane","Strike_G","Defend_G","Survivor","Neutralize+1","Skewer","Blade Dance+1","PiercingWail","A Thousand Cuts+1","Accuracy+1","Acrobatics","Backflip","Dodge and Roll","Envenom+1","Tactician+1","Accuracy+1","Endless Agony","Clumsy","Predator","Heel Hook","Phantasmal Killer+1","Cloak And Dagger+1","Finesse","Backflip","Reflex","Calculated Gamble+1","Injury","Acrobatics","Prepared"],"relics":["Ring of the Serpent","Thread and Needle","Vajra","Cursed Key","Old Coin","StrikeDummy","Regal Pillow","Frozen Egg 2","Bottled Lightning","Red Mask"],"acts_visited":["Exordium","TheCity","TheBeyond"],"potions_floor_usage":[50,50],"damage_taken":[{"damage":4.0,"enemies":"2 Louse","floor":1.0,"turns":3.0},{"damage":4.0,"enemies":"Cultist","floor":2.0,"turns":4.0},{"damage":5.0,"enemies":"Jaw Worm","floor":4.0,"turns":4.0},{"damage":0.0,"enemies":"Exordium Wildlife","floor":5.0,"turns":6.0},{"damage":7.0,"enemies":"Lots of Slimes","floor":8.0,"turns":5.0},{"damage":6.0,"enemies":"Gremlin Gang","floor":13.0,"turns":3.0},{"damage":15.0,"enemies":"The Guardian","floor":16.0,"turns":14.0},{"damage":0.0,"enemies":"Shell Parasite","floor":18.0,"turns":5.0},{"damage":0.0,"enemies":"3 Byrds","floor":19.0,"turns":2.0},{"damage":26.0,"enemies":"Shelled Parasite and Fungi","floor":20.0,"turns":6.0},{"damage":18.0,"enemies":"Book of Stabbing","floor":23.0,"turns":5.0},{"damage":1.0,"enemies":"Snake Plant","floor":25.0,"turns":4.0},{"damage":9.0,"enemies":"Centurion and Healer","floor":27.0,"turns":5.0},{"damage":22.0,"enemies":"Automaton","floor":33.0,"turns":7.0},{"damage":11.0,"enemies":"3 Shapes","floor":35.0,"turns":8.0},{"damage":8.0,"enemies":"Orb Walker","floor":38.0,"turns":3.0},{"damage":24.0,"enemies":"Spire Growth","floor":39.0,"turns":4.0},{"damage":4.0,"enemies":"Reptomancer","floor":42.0,"turns":5.0},{"damage":5,"enemies":"Writhing Mass","floor":46,"turns":4},{"damage":0,"enemies":"Transient","floor":48,"turns":5},{"damage":50,"enemies":"Awakened One","floor":50,"turns":6}],"seed_played":"-8790029804941107896","potions_obtained":[{"floor":1.0,"key":"FearPotion"},{"floor":2.0,"key":"EssenceOfSteel"},{"floor":16.0,"key":"Weak Potion"},{"floor":25.0,"key":"Energy Potion"},{"floor":27.0,"key":"Regen Potion"},{"floor":33.0,"key":"Regen Potion"},{"floor":38.0,"key":"Block Potion"},{"floor":48,"key":"CunningPotion"}],"is_trial":false,"path_per_floor":["M","M","?","M","M","R","?","M","T","T","R","$","M","$","R","B",null,"M","M","M","$","?","E","R","M","T","M","R","?","R","?","R","B",null,"M","$","?","M","M","R","?","E","T","R","?","M","$","M","R","B",null],"character_chosen":"THE_SILENT","items_purchased":["Accuracy","Backflip","Dodge and Roll","Accuracy","Regal Pillow"],"campfire_rested":4,"item_purchase_floors":[12,14,14,21,36],"current_hp_per_floor":[59,55,55,50,50,50,50,43,43,43,43,43,37,37,58,43,63,63,63,37,37,37,19,19,18,18,9,30,30,30,30,51,44,64,68,68,68,60,36,36,36,32,32,32,32,27,27,27,63,13],"gold":29,"neow_bonus":"UPGRADE_CARD","is_daily":false,"chose_seed":false,"campfire_upgraded":6,"win_rate":0.0,"timestamp":1612792747,"path_taken":["M","M","?","M","?","R","?","M","T","?","R","$","M","$","R","BOSS","M","?","?","$","?","E","R","M","T","?","R","?","R","?","R","BOSS","M","$","?","M","M","R","?","E","T","R","?","?","$","M","R","BOSS"],"items_purchased_type":["Card","Card","Card","Card","Relic"],"build_version":"2020-12-22","purchased_purges":3,"victory":true,"max_hp_per_floor":[70,70,70,70,70,70,70,70,70,70,70,70,70,70,70,70,70,70,70,70,70,70,70,70,70,70,70,70,70,70,70,70,70,70,70,70,70,70,70,70,70,70,70,70,70,70,70,70,70,70],"card_choices":[{"not_picked":["Deadly Poison","Terror"],"picked":"Skewer","floor":1.0},{"not_picked":["Reflex","Sucker Punch"],"picked":"Blade Dance","floor":2.0},{"not_picked":["Outmaneuver","Quick Slash","Bane"],"picked":"SKIP","floor":4.0},{"not_picked":["Skewer","Deadly Poison"],"picked":"PiercingWail","floor":5.0},{"not_picked":["Riddle With Holes","PiercingWail"],"picked":"A Thousand Cuts","floor":8.0},{"not_picked":["All Out Attack","Tactician"],"picked":"Acrobatics","floor":13.0},{"not_picked":["Doppelganger","Die Die Die"],"picked":"Envenom","floor":16.0},{"not_picked":["Prepared+1","Infinite Blades"],"picked":"Tactician+1","floor":18.0},{"not_picked":["Outmaneuver","Bane","Backstab"],"picked":"SKIP","floor":19.0},{"not_picked":["PiercingWail","Masterful Stab","Dagger Throw"],"picked":"SKIP","floor":20.0},{"not_picked":["Quick Slash","Outmaneuver","Predator"],"picked":"SKIP","floor":23.0},{"not_picked":["Distraction","Choke","Deadly Poison"],"picked":"SKIP","floor":25.0},{"not_picked":["Outmaneuver","Venomology","Deflect"],"picked":"SKIP","floor":27.0},{"not_picked":["Unload","Burst"],"picked":"Phantasmal Killer","floor":33.0},{"not_picked":["Concentrate","Prepared"],"picked":"Cloak And Dagger+1","floor":35.0},{"not_picked":["Blind","Apotheosis"],"picked":"Finesse","floor":37.0},{"not_picked":["Cloak And Dagger","Noxious Fumes"],"picked":"Backflip","floor":38.0},{"not_picked":["Cloak And Dagger+1","Masterful Stab"],"picked":"Reflex","floor":39.0},{"not_picked":["Slice","Eviscerate"],"picked":"Calculated Gamble+1","floor":42.0},{"not_picked":["Backflip","PiercingWail"],"picked":"Acrobatics","floor":46},{"not_picked":["Dash","Setup"],"picked":"Prepared","floor":48}],"player_experience":390351,"relics_obtained":[{"floor":9.0,"key":"Thread and Needle"},{"floor":10.0,"key":"Vajra"},{"floor":23.0,"key":"Old Coin"},{"floor":26.0,"key":"StrikeDummy"},{"floor":42.0,"key":"Frozen Egg 2"},{"floor":43.0,"key":"Bottled Lightning"}],"event_choices":[{"damage_healed":0.0,"max_hp_gain":0.0,"max_hp_loss":0.0,"gold_gain":100.0,"event_name":"Golden Shrine","player_choice":"Pray","floor":3.0,"gold_loss":0.0,"damage_taken":0.0},{"cards_removed":["Strike_G"],"damage_healed":0.0,"max_hp_gain":0.0,"max_hp_loss":0.0,"gold_gain":0.0,"event_name":"The Cleric","player_choice":"Card Removal","floor":7.0,"gold_loss":50.0,"damage_taken":0.0},{"damage_healed":0.0,"max_hp_gain":0.0,"max_hp_loss":0.0,"gold_gain":0.0,"cards_transformed":["Defend_G"],"event_name":"Transmorgrifier","player_choice":"Transformed","floor":22.0,"gold_loss":0.0,"damage_taken":0.0,"cards_obtained":["Endless Agony"]},{"damage_healed":0.0,"max_hp_gain":0.0,"max_hp_loss":0.0,"gold_gain":0.0,"event_name":"Vampires","player_choice":"Ignored","floor":29.0,"gold_loss":0.0,"damage_taken":0.0},{"damage_healed":0.0,"max_hp_gain":0.0,"max_hp_loss":0.0,"gold_gain":0.0,"cards_transformed":["Strike_G","Defend_G"],"event_name":"Drug Dealer","player_choice":"Became Test Subject","floor":31.0,"gold_loss":0.0,"damage_taken":0.0,"cards_obtained":["Predator","Heel Hook"]},{"damage_healed":0.0,"max_hp_gain":0.0,"max_hp_loss":0.0,"gold_gain":0.0,"event_name":"SensoryStone","player_choice":"Memory 1","floor":37.0,"gold_loss":0.0,"damage_taken":0.0},{"cards_removed":["Strike_G"],"damage_healed":0.0,"max_hp_gain":0.0,"max_hp_loss":0.0,"gold_gain":0.0,"event_name":"Falling","player_choice":"Removed Attack","floor":41.0,"gold_loss":0.0,"damage_taken":0.0},{"damage_healed":0.0,"max_hp_gain":0.0,"max_hp_loss":0.0,"gold_gain":0.0,"event_name":"Tomb of Lord Red Mask","player_choice":"Paid","floor":45.0,"gold_loss":279.0,"damage_taken":0.0,"relics_obtained":["Red Mask"]}],"is_beta":false,"boss_relics":[{"not_picked":["Busted Crown","Runic Dome"],"picked":"Cursed Key"},{"not_picked":["Velvet Choker","SlaversCollar"],"picked":"Ring of the Serpent"}],"items_purged_floors":[12,21,36],"is_endless":false,"potions_floor_spawned":[1,2,8,16,20,25,27,33,38,39,48],"ascension_level":12}}