{"host":"vlqej45p0v31lhdi","time":1612814334,"event":{"mods":["AchievementEnabler","BaseMod","Bestiary","Colored Powertips","Minty Spire (QoL Compilation)","Relic Stats"],"gold_per_floor":[368,379,121,133,143,143,177,189,213,229,245,245,245,264,264,363,363,377,377,388,388,15,41,41,51,126,126,141,151,151,170,170,272,272,282,297,17,32,52,80,80,0,0,12,12,43,43,43,43,43],"floor_reached":51,"language":"ENG","playtime":82274,"items_purged":["Strike_G","Strike_G","Strike_G"],"score":953,"play_id":"4c9b97c7-c2f6-46aa-8a60-9ecea635d6c8","local_time":"20210208135854","is_ascension_mode":true,"campfire_choices":[{"data":"Accuracy","floor":6.0,"key":"SMITH"},{"floor":12.0,"key":"REST"},{"data":"Blade Dance","floor":15.0,"key":"SMITH"},{"floor":24.0,"key":"REST"},{"data":"Well Laid Plans","floor":27.0,"key":"SMITH"},{"data":"Footwork","floor":30.0,"key":"SMITH"},{"data":"Footwork","floor":32.0,"key":"SMITH"},{"data":"After Image","floor":41,"key":"SMITH"},{"data":"After Image","floor":45,"key":"SMITH"},{"data":"A Thousand Cuts","floor":47,"key":"SMITH"},{"data":"Dash","floor":49,"key":"SMITH"}],"circlet_count":0,"master_deck":["Strike_G","Defend_G+1","Defend_G","Defend_G","Defend_G","Defend_G","Survivor","Neutralize","Blade Dance+1","Accuracy+1","Well Laid Plans+1","Storm of Steel","Backflip","PiercingWail","Cloak And Dagger","Cloak And Dagger","A Thousand Cuts+1","After Image+1","Backflip","Footwork+1","Choke","Blur","Dash+1","Footwork+1","Accuracy+1","Prepared","After Image+1","Accuracy","Dodge and Roll+1","Backflip+1","Impatience","Blade Dance+1","Tactician"],"relics":["Ring of the Serpent","Bag of Preparation","Du-Vu Doll","Dream Catcher","Philosopher\u0027s Stone","Potion Belt","Membership Card","Vajra","Oddly Smooth Stone","Boot","Ninja Scroll","OrangePellets","Toy Ornithopter","Omamori","Red Mask","Singing Bowl","War Paint"],"acts_visited":["Exordium","TheCity","TheBeyond"],"potions_floor_usage":[39],"damage_taken":[{"damage":8.0,"enemies":"2 Louse","floor":1.0,"turns":4.0},{"damage":0.0,"enemies":"Cultist","floor":2.0,"turns":3.0},{"damage":6.0,"enemies":"Small Slimes","floor":4.0,"turns":3.0},{"damage":5.0,"enemies":"Blue Slaver","floor":5.0,"turns":3.0},{"damage":18.0,"enemies":"Gremlin Nob","floor":7.0,"turns":3.0},{"damage":0.0,"enemies":"Large Slime","floor":8.0,"turns":1.0},{"damage":0.0,"enemies":"Exordium Thugs","floor":10.0,"turns":1.0},{"damage":0.0,"enemies":"2 Fungi Beasts","floor":11.0,"turns":2.0},{"damage":0.0,"enemies":"Lots of Slimes","floor":14.0,"turns":2.0},{"damage":0.0,"enemies":"Slime Boss","floor":16.0,"turns":1.0},{"damage":10.0,"enemies":"Shell Parasite","floor":18.0,"turns":6.0},{"damage":6.0,"enemies":"2 Thieves","floor":20.0,"turns":2.0},{"damage":15.0,"enemies":"Gremlin Leader","floor":23.0,"turns":7.0},{"damage":0.0,"enemies":"3 Cultists","floor":25.0,"turns":4.0},{"damage":0.0,"enemies":"Sentry and Sphere","floor":28.0,"turns":3.0},{"damage":0.0,"enemies":"Cultist and Chosen","floor":29.0,"turns":7.0},{"damage":22.0,"enemies":"Snecko","floor":31.0,"turns":7.0},{"damage":6.0,"enemies":"Automaton","floor":33.0,"turns":8.0},{"damage":1.0,"enemies":"3 Darklings","floor":35.0,"turns":4.0},{"damage":0.0,"enemies":"Orb Walker","floor":36.0,"turns":1.0},{"damage":12.0,"enemies":"3 Darklings","floor":38.0,"turns":4.0},{"damage":0,"enemies":"4 Shapes","floor":39,"turns":4},{"damage":8,"enemies":"Nemesis","floor":40,"turns":7},{"damage":0,"enemies":"Sphere and 2 Shapes","floor":44,"turns":6},{"damage":3,"enemies":"Giant Head","floor":46,"turns":7},{"damage":28,"enemies":"Awakened One","floor":50,"turns":13}],"seed_played":"599318781825593161","potions_obtained":[{"floor":2.0,"key":"GamblersBrew"},{"floor":5.0,"key":"Energy Potion"},{"floor":10.0,"key":"SteroidPotion"},{"floor":16.0,"key":"LiquidMemories"},{"floor":18.0,"key":"CultistPotion"},{"floor":23.0,"key":"Fire Potion"},{"floor":28.0,"key":"Fire Potion"},{"floor":33.0,"key":"CunningPotion"},{"floor":35.0,"key":"DistilledChaos"},{"floor":38.0,"key":"PowerPotion"},{"floor":40,"key":"DuplicationPotion"}],"is_trial":false,"path_per_floor":["M","M","$","M","M","R","E","M","T","M","M","R","?","M","R","B",null,"M","?","M","?","$","E","R","M","T","R","M","M","R","M","R","B",null,"M","M","$","M","M","E","R","?","T","M","R","E","R","?","R","B",null],"character_chosen":"THE_SILENT","items_purchased":["Well Laid Plans","Bag of Preparation","Membership Card","Vajra","Oddly Smooth Stone","Fire Potion","OrangePellets","Toy Ornithopter","Backflip","Impatience"],"campfire_rested":2,"item_purchase_floors":[3,3,22,22,22,22,37,37,37,37],"current_hp_per_floor":[37,37,37,31,26,26,8,8,8,8,8,29,29,29,29,29,60,50,50,44,44,44,29,50,50,50,50,50,50,50,28,28,22,58,57,57,57,50,55,47,47,47,47,49,49,46,46,46,46,18],"gold":43,"neow_bonus":"TWO_FIFTY_GOLD","is_daily":false,"chose_seed":false,"campfire_upgraded":9,"win_rate":0.0,"timestamp":1612814334,"path_taken":["M","M","$","M","M","R","E","M","T","M","M","R","?","M","R","BOSS","M","?","M","?","$","E","R","M","T","R","M","M","R","M","R","BOSS","M","M","$","M","M","E","R","?","T","M","R","E","R","?","R","BOSS"],"items_purchased_type":["Card","Relic","Relic","Relic","Relic","Potion","Relic","Relic","Card","Card"],"build_version":"2020-12-22","purchased_purges":3,"victory":true,"max_hp_per_floor":[70,70,70,70,70,70,70,70,70,70,70,70,70,70,70,70,70,70,70,70,70,70,70,70,70,70,70,70,70,70,70,70,70,70,70,70,70,70,70,70,70,70,70,72,72,72,72,72,72,72],"relic_stats":{"OrangePellets":[0],"Dream Catcher":2,"Singing Bowl":2,"counters":[26,113],"Bag of Preparation":[32],"War Paint":["Defend_G","Backflip"],"Boot":[34],"obtain_stats":[{"Potion Belt":21,"Singing Bowl":43,"Vajra":22,"Oddly Smooth Stone":22,"Bag of Preparation":3,"Omamori":40,"War Paint":46,"Boot":23,"Du-Vu Doll":7,"OrangePellets":37,"Dream Catcher":9,"Ninja Scroll":26,"Philosopher\u0027s Stone":17,"Red Mask":42,"Membership Card":22,"Ring of the Serpent":34,"Toy Ornithopter":37,"Ring of the Snake":0},{"Potion Belt":12,"Singing Bowl":23,"Vajra":12,"Oddly Smooth Stone":12,"Bag of Preparation":2,"Omamori":23,"War Paint":25,"Boot":13,"Du-Vu Doll":5,"OrangePellets":20,"Dream Catcher":6,"Ninja Scroll":14,"Philosopher\u0027s Stone":10,"Red Mask":23,"Membership Card":12,"Ring of the Serpent":18,"Toy Ornithopter":20,"Ring of the Snake":0},{"Potion Belt":31,"Singing Bowl":87,"Vajra":31,"Oddly Smooth Stone":31,"Bag of Preparation":7,"Omamori":87,"War Paint":100,"Boot":38,"Du-Vu Doll":16,"OrangePellets":72,"Dream Catcher":17,"Ninja Scroll":42,"Philosopher\u0027s Stone":23,"Red Mask":87,"Membership Card":31,"Ring of the Serpent":67,"Toy Ornithopter":72,"Ring of the Snake":0}],"Toy Ornithopter":10},"card_choices":[{"not_picked":["Deadly Poison","Poisoned Stab"],"picked":"Blade Dance","floor":1.0},{"not_picked":["Flying Knee","Backstab"],"picked":"Accuracy","floor":2.0},{"not_picked":["Heel Hook","Quick Slash"],"picked":"Storm of Steel","floor":4.0},{"not_picked":["Sucker Punch","Heel Hook","Flechettes"],"picked":"SKIP","floor":5.0},{"not_picked":["Underhanded Strike","Sucker Punch"],"picked":"Backflip","floor":7.0},{"not_picked":["Flechettes","Sucker Punch"],"picked":"PiercingWail","floor":8.0},{"not_picked":["Endless Agony","Tactician","Well Laid Plans"],"picked":"SKIP","floor":10.0},{"not_picked":["Poisoned Stab","Acrobatics"],"picked":"Cloak And Dagger","floor":11.0},{"not_picked":["Underhanded Strike","Sucker Punch"],"picked":"Cloak And Dagger","floor":12.0},{"not_picked":["Underhanded Strike","Distraction"],"picked":"A Thousand Cuts","floor":14.0},{"not_picked":["Glass Knife","Storm of Steel"],"picked":"After Image","floor":16.0},{"not_picked":["All Out Attack","Crippling Poison"],"picked":"Backflip","floor":18.0},{"not_picked":["All Out Attack","Choke"],"picked":"Footwork","floor":20.0},{"not_picked":["Underhanded Strike","Flying Knee"],"picked":"Choke","floor":23.0},{"not_picked":["Cloak And Dagger","Dodge and Roll"],"picked":"Blur","floor":24.0},{"not_picked":["Dagger Spray","Flying Knee"],"picked":"Dash","floor":25.0},{"not_picked":["Blade Dance","Doppelganger"],"picked":"Footwork","floor":28.0},{"not_picked":["Underhanded Strike","Bouncing Flask"],"picked":"Accuracy+1","floor":29.0},{"not_picked":["Endless Agony+1","Underhanded Strike"],"picked":"Prepared","floor":31.0},{"not_picked":["Burst","Grand Finale"],"picked":"After Image","floor":33.0},{"not_picked":["Deflect+1","Endless Agony+1"],"picked":"Accuracy","floor":35.0},{"not_picked":["Outmaneuver+1","Flying Knee"],"picked":"Dodge and Roll+1","floor":36.0},{"not_picked":["Distraction","Glass Knife"],"picked":"Blade Dance+1","floor":38.0},{"not_picked":["Dodge and Roll+1","Bane+1","Slice+1"],"picked":"SKIP","floor":39},{"not_picked":["Sucker Punch","Flechettes+1","Blur+1"],"picked":"SKIP","floor":40},{"not_picked":["Quick Slash+1","Flying Knee+1","Predator+1"],"picked":"Singing Bowl","floor":44},{"not_picked":["Prepared+1","Terror+1"],"picked":"Tactician","floor":46}],"player_experience":2396083,"relics_obtained":[{"floor":7.0,"key":"Du-Vu Doll"},{"floor":9.0,"key":"Dream Catcher"},{"floor":23.0,"key":"Boot"},{"floor":26.0,"key":"Ninja Scroll"},{"floor":40,"key":"Omamori"},{"floor":43,"key":"Singing Bowl"},{"floor":46,"key":"War Paint"}],"event_choices":[{"damage_healed":0.0,"max_hp_gain":0.0,"max_hp_loss":0.0,"gold_gain":0.0,"event_name":"The Woman in Blue","player_choice":"Bought 0 Potions","floor":13.0,"gold_loss":0.0,"damage_taken":0.0},{"cards_removed":["Strike_G"],"damage_healed":0.0,"max_hp_gain":0.0,"max_hp_loss":0.0,"gold_gain":0.0,"event_name":"Back to Basics","player_choice":"Elegance","floor":19.0,"gold_loss":0.0,"damage_taken":0.0},{"damage_healed":0.0,"max_hp_gain":0.0,"max_hp_loss":0.0,"gold_gain":0.0,"event_name":"The Mausoleum","player_choice":"Opened","floor":21.0,"gold_loss":0.0,"damage_taken":0.0,"relics_obtained":["Potion Belt"],"cards_obtained":["Writhe"]},{"damage_healed":0,"gold_gain":0,"player_choice":"Paid","damage_taken":0,"relics_obtained":["Red Mask"],"max_hp_gain":0,"max_hp_loss":0,"event_name":"Tomb of Lord Red Mask","floor":42,"gold_loss":80},{"cards_removed":["Writhe"],"damage_healed":0,"gold_gain":0,"player_choice":"Removed Curses","damage_taken":0,"max_hp_gain":0,"max_hp_loss":0,"event_name":"Fountain of Cleansing","floor":48,"gold_loss":0}],"is_beta":false,"boss_relics":[{"not_picked":["Runic Dome","Ectoplasm"],"picked":"Philosopher\u0027s Stone"},{"not_picked":["Sozu","Astrolabe"],"picked":"Ring of the Serpent"}],"items_purged_floors":[3,22,37],"is_endless":false,"potions_floor_spawned":[2,5,10,14,16,18,23,28,33,35,38,40],"ascension_level":6}}