{"host":"zp68vqn57s53e67f","time":1612783280,"event":{"mods":["Act Like it!","BaseMod","Downfall","Hallownest","Hermit","Minty Spire (QoL Compilation)","Replay The Spire","Shop Mod","StSLib","The Cursed","The Servant 0.9.4"],"gold_per_floor":[109,119,130,130,143,169,169,181,207,239,254,270,270,289,289,389,389,378,389,409,265,265,265,265,265],"floor_reached":24,"language":"ENG","playtime":3092,"items_purged":["TheCursedMod:Defend_TheCursed"],"score":212,"play_id":"187f30cd-8ddd-47eb-9381-d72dd0bc88de","local_time":"20210208032120","is_ascension_mode":false,"campfire_choices":[{"data":"TheCursedMod:Neurasthenia","floor":7,"key":"SMITH"},{"data":"TheCursedMod:HellsGateOpen","floor":13,"key":"SMITH"},{"floor":15,"key":"REST"},{"data":"TheCursedMod:CursedRelics","floor":23,"key":"SMITH"}],"circlet_count":0,"master_deck":["TheCursedMod:Strike_TheCursed","TheCursedMod:Strike_TheCursed","TheCursedMod:Strike_TheCursed","TheCursedMod:Strike_TheCursed","TheCursedMod:Defend_TheCursed","TheCursedMod:Defend_TheCursed","TheCursedMod:Defend_TheCursed","TheCursedMod:CursedWand","TheCursedMod:CleanUpWorkshop","TheCursedMod:Dregs","TheCursedMod:VitalStrike","TheCursedMod:HellsGateOpen+1","TheCursedMod:CursedArmor","TheCursedMod:CursedAmulet","Decay","TheCursedMod:FleshFromBone","TheCursedMod:Neurasthenia+1","TheCursedMod:Evocation","TheCursedMod:BlessingInDisguise","TheCursedMod:CircleOfBlood","TheCursedMod:CursedRelics","TheCursedMod:EmpowerCircles+1","TheCursedMod:NeowsMight","CurseOfTheBell","TheCursedMod:Obscuration","TheCursedMod:CircleOfBlood","TheCursedMod:SoulReap","TheCursedMod:BlessingInDisguise","TheCursedMod:CursedRelics+1"],"relics":["TheCursedMod:BlackMagic101","Frozen Egg 2","Tiny Chest","Lantern","Calling Bell","Pen Nib","InkBottle","Thread and Needle"],"acts_visited":["Exordium","TheCity"],"potions_floor_usage":[5,6,10,10,14,16,24,24],"damage_taken":[{"damage":1,"enemies":"Jaw Worm","floor":1,"turns":3},{"damage":0,"enemies":"Cultist","floor":2,"turns":3},{"damage":2,"enemies":"2 Louse","floor":3,"turns":4},{"damage":7,"enemies":"Blue Slaver","floor":5,"turns":4},{"damage":1,"enemies":"3 Sentries","floor":6,"turns":9},{"damage":3,"enemies":"Exordium Wildlife","floor":8,"turns":5},{"damage":30,"enemies":"Gremlin Nob","floor":10,"turns":6},{"damage":5,"enemies":"Exordium Thugs","floor":11,"turns":6},{"damage":8,"enemies":"3 Louse","floor":12,"turns":6},{"damage":0,"enemies":"2 Fungi Beasts","floor":14,"turns":3},{"damage":9,"enemies":"Hexaghost","floor":16,"turns":13},{"damage":16,"enemies":"2 Thieves","floor":18,"turns":4},{"damage":28,"enemies":"Spheric Guardian","floor":19,"turns":8},{"damage":6,"enemies":"Shelled Parasite and Fungi","floor":20,"turns":8},{"damage":16,"enemies":"Gremlin Leader","floor":24,"turns":5}],"seed_played":"-7840728220151882123","potions_obtained":[{"floor":1,"key":"BlessingOfTheForge"},{"floor":3,"key":"Block Potion"},{"floor":5,"key":"Fruit Juice"},{"floor":8,"key":"LiquidBronze"},{"floor":10,"key":"DistilledChaos"},{"floor":12,"key":"Energy Potion"},{"floor":14,"key":"hexamod:SoulburnPotion"},{"floor":18,"key":"LiquidMemories"},{"floor":20,"key":"Energy Potion"}],"is_trial":false,"path_per_floor":["M","M","M","?","M","E","R","M","T","E","M","M","R","M","R","B",null,"M","M","M","$","?","R","E"],"character_chosen":"THE_CURSED","items_purchased":["TheCursedMod:BlessingInDisguise"],"campfire_rested":1,"item_purchase_floors":[21],"current_hp_per_floor":[74,74,72,72,70,69,69,66,66,36,31,25,25,29,53,46,80,64,38,38,38,38,38,34,34],"gold":265,"neow_bonus":"THREE_CARDS","is_daily":false,"chose_seed":false,"campfire_upgraded":3,"win_rate":0.0,"timestamp":1612783280,"path_taken":["M","M","M","?","M","E","R","?","T","E","M","M","R","M","R","BOSS","M","M","M","$","?","R","E"],"items_purchased_type":["Card"],"build_version":"2020-12-22","purchased_purges":1,"victory":false,"max_hp_per_floor":[75,75,75,75,80,80,80,80,80,80,80,80,80,80,80,80,80,80,80,80,80,80,80,80,80],"card_choices":[{"not_picked":["TheCursedMod:CircleOfAmplification","TheCursedMod:RapidMovement"],"picked":"TheCursedMod:VitalStrike","floor":0},{"not_picked":["TheCursedMod:Hemoplague","TheCursedMod:LuckyCharm"],"picked":"TheCursedMod:HellsGateOpen","floor":1},{"not_picked":["TheCursedMod:CircleOfFlame","TheCursedMod:RavingStaff"],"picked":"TheCursedMod:CursedArmor","floor":2},{"not_picked":["TheCursedMod:FleshFromBone","TheCursedMod:WearCloak"],"picked":"TheCursedMod:CursedAmulet","floor":3},{"not_picked":["TheCursedMod:CircleOfAmplification","TheCursedMod:HellsGateOpen"],"picked":"TheCursedMod:FleshFromBone","floor":5},{"not_picked":["TheCursedMod:CircleOfAbyss","TheCursedMod:Obscuration"],"picked":"TheCursedMod:Neurasthenia","floor":6},{"not_picked":["TheCursedMod:CursedAmulet","TheCursedMod:RavingStaff"],"picked":"TheCursedMod:Evocation","floor":8},{"not_picked":["TheCursedMod:SurpriseAttack","TheCursedMod:RavingStaff"],"picked":"TheCursedMod:BlessingInDisguise","floor":10},{"not_picked":["TheCursedMod:CursedShiv","TheCursedMod:CursedBlade"],"picked":"TheCursedMod:CircleOfBlood","floor":11},{"not_picked":["TheCursedMod:Stigma","TheCursedMod:Stretching"],"picked":"TheCursedMod:CursedRelics","floor":12},{"not_picked":["TheCursedMod:Stretching","TheCursedMod:CircleOfFlame"],"picked":"TheCursedMod:EmpowerCircles+1","floor":14},{"not_picked":["TheCursedMod:ManaCirculation+1","TheCursedMod:DemonicPact+1"],"picked":"TheCursedMod:NeowsMight","floor":16},{"not_picked":["TheCursedMod:EmpowerCircles+1","TheCursedMod:Torture"],"picked":"TheCursedMod:Obscuration","floor":18},{"not_picked":["TheCursedMod:TacticalStrike","TheCursedMod:AbyssShockwave+1"],"picked":"TheCursedMod:CircleOfBlood","floor":19},{"not_picked":["TheCursedMod:Torture","TheCursedMod:TroublousMinions"],"picked":"TheCursedMod:SoulReap","floor":20}],"player_experience":144489,"relics_obtained":[{"floor":6,"key":"Frozen Egg 2"},{"floor":9,"key":"Tiny Chest"},{"floor":10,"key":"Lantern"},{"floor":17,"key":"Pen Nib"},{"floor":17,"key":"InkBottle"},{"floor":17,"key":"Thread and Needle"}],"event_choices":[{"damage_healed":0,"gold_gain":0,"player_choice":"Cursed","damage_taken":0,"max_hp_gain":0,"max_hp_loss":0,"event_name":"Wheel of Change","floor":4,"gold_loss":0,"cards_obtained":["Decay"]},{"damage_healed":0,"gold_gain":0,"player_choice":"Copied","damage_taken":0,"max_hp_gain":0,"max_hp_loss":0,"event_name":"Duplicator","floor":22,"gold_loss":0,"cards_obtained":["TheCursedMod:CursedRelics"]}],"is_beta":false,"boss_relics":[{"not_picked":["Black Star","SlaversCollar"],"picked":"Calling Bell"}],"items_purged_floors":[21],"is_endless":false,"potions_floor_spawned":[1,3,5,8,10,12,14,18,20],"killed_by":"Gremlin Leader","ascension_level":0}}