{"host":"8a3jzv7qxg3y7b6t","time":1612768244,"event":{"mods":["BaseMod","Better Third Choice","Downfall","Hermit","Minty Spire (QoL Compilation)","Relic Stats","StSLib","The Bug Knight","The Cursed"],"gold_per_floor":[119,129,145,31,44,72,72,113,113,113,113,144,162,177,177,300,300,319,240,200,218,43,79,79,117,155,185,2,33,49,49,49,179,179,194,194,44,0,18,57,57,98,98,373,412,433,448,472,472,472,472,472,83,127,127],"floor_reached":56,"language":"ENG","playtime":2534,"items_purged":["Regret"],"score":1909,"play_id":"5bb1ce8b-9e3f-4159-a578-449f603c7603","local_time":"20210207231044","is_ascension_mode":true,"campfire_choices":[{"floor":10.0,"key":"RECALL"},{"data":"Cloak And Dagger","floor":15.0,"key":"SMITH"},{"floor":32.0,"key":"REST"},{"data":"Apotheosis","floor":41.0,"key":"SMITH"},{"data":"After Image","floor":49.0,"key":"SMITH"},{"data":"Caltrops","floor":52.0,"key":"SMITH"}],"circlet_count":0,"master_deck":["Strike_G","Strike_G","Strike_G","Strike_G","Strike_G+1","Defend_G","Defend_G","Defend_G","Defend_G","Defend_G","Survivor","Neutralize","Deflect","Deflect","Blade Dance","Accuracy+1","Blade Dance","Masterful Stab+1","Terror","Injury","Corpse Explosion","Cloak And Dagger+1","Corpse Explosion","Sucker Punch","After Image+1","Finisher","Caltrops+1","Backstab","Apotheosis+1","Distraction","Slice","Footwork","Masterful Stab+1","A Thousand Cuts","Burst","Accuracy","CurseOfTheBell","CurseOfTheBell","Cloak And Dagger+1","Die Die Die","Terror","Masterful Stab+1","Footwork","Blade Dance","Deflect+1","Accuracy","Discovery","Blade Dance"],"relics":["Ring of the Snake","Ninja Scroll","Golden Idol","Strawberry","Gremlin Horn","Whetstone","WristBlade","HornCleat","MawBank","Nunchaku","PreservedInsect","Ice Cream","Kunai","Sozu","downfall:ExtraCursedBell","MealTicket","Meat on the Bone","Dead Branch","Medical Kit","Red Mask","Akabeko","Bronze Scales","Bottled Lightning","Sundial","Lantern","Boot"],"acts_visited":["Exordium","TheCity","TheBeyond","TheEnding"],"potions_floor_usage":[55],"damage_taken":[{"damage":0.0,"enemies":"Cultist","floor":1.0,"turns":3.0},{"damage":7.0,"enemies":"Jaw Worm","floor":2.0,"turns":5.0},{"damage":0.0,"enemies":"2 Louse","floor":3.0,"turns":3.0},{"damage":0.0,"enemies":"Exordium Thugs","floor":5.0,"turns":4.0},{"damage":26.0,"enemies":"Lagavulin","floor":6.0,"turns":7.0},{"damage":18.0,"enemies":"Gremlin Nob","floor":8.0,"turns":3.0},{"damage":0.0,"enemies":"3 Sentries","floor":12.0,"turns":1.0},{"damage":0.0,"enemies":"Gremlin Gang","floor":13.0,"turns":1.0},{"damage":0.0,"enemies":"Red Slaver","floor":14.0,"turns":1.0},{"damage":0.0,"enemies":"Slime Boss","floor":16.0,"turns":4.0},{"damage":12.0,"enemies":"2 Thieves","floor":18.0,"turns":2.0},{"damage":28.0,"enemies":"Spheric Guardian","floor":21.0,"turns":3.0},{"damage":0.0,"enemies":"Slavers","floor":23.0,"turns":2.0},{"damage":0.0,"enemies":"HollowMod:Nosk","floor":25.0,"turns":5.0},{"damage":2.0,"enemies":"Shelled Parasite and Fungi","floor":27.0,"turns":2.0},{"damage":6.0,"enemies":"Book of Stabbing","floor":29.0,"turns":2.0},{"damage":8.0,"enemies":"Sentry and Sphere","floor":30.0,"turns":4.0},{"damage":0.0,"enemies":"Automaton","floor":33.0,"turns":6.0},{"damage":0.0,"enemies":"Orb Walker","floor":35.0,"turns":1.0},{"damage":0.0,"enemies":"3 Shapes","floor":39.0,"turns":1.0},{"damage":0.0,"enemies":"Giant Head","floor":40.0,"turns":3.0},{"damage":0.0,"enemies":"Nemesis","floor":42.0,"turns":1.0},{"damage":0.0,"enemies":"HollowMod:StalkingDevout","floor":45.0,"turns":2.0},{"damage":0.0,"enemies":"Maw","floor":46.0,"turns":2.0},{"damage":0.0,"enemies":"Jaw Worm Horde","floor":47.0,"turns":1.0},{"damage":0.0,"enemies":"3 Darklings","floor":48.0,"turns":1.0},{"damage":39.0,"enemies":"Awakened One","floor":50.0,"turns":6.0},{"damage":0.0,"enemies":"Shield and Spear","floor":54.0,"turns":3.0},{"damage":55,"enemies":"The Heart","floor":55,"turns":7}],"seed_played":"-2286278770554031941","potions_obtained":[{"floor":1.0,"key":"GamblersBrew"},{"floor":6.0,"key":"LiquidBronze"},{"floor":8.0,"key":"ColorlessPotion"},{"floor":13.0,"key":"FearPotion"},{"floor":14.0,"key":"DuplicationPotion"},{"floor":23.0,"key":"Swift Potion"},{"floor":25.0,"key":"FearPotion"},{"floor":27.0,"key":"sneckomod:MuddlingPotion"}],"is_trial":false,"path_per_floor":["M","M","M","$","M","E","?","E","T","R","?","E","M","M","R","B",null,"M","$","?","M","$","E","?","E","T","M","$","E","M","T","R","B",null,"M","?","$","?","M","E","R","E","T","?","E","M","M","M","R","B",null,"R","$","E","B",null],"character_chosen":"THE_SILENT","items_purchased":["Accuracy","Blade Dance","Caltrops","Apotheosis","PreservedInsect","Footwork","Medical Kit","Accuracy","Lantern","Discovery"],"campfire_rested":1,"item_purchase_floors":[4,4,19,22,28,28,37,53,53,53],"current_hp_per_floor":[77,70,70,70,70,44,44,33,33,33,33,33,33,33,33,33,84,72,72,72,44,44,44,44,44,44,42,42,36,28,28,53,53,84,84,84,84,84,84,84,84,84,84,84,84,84,84,84,84,45,84,84,84,84,41],"gold":127,"neow_bonus":"TEN_PERCENT_HP_BONUS","is_daily":false,"chose_seed":false,"campfire_upgraded":4,"win_rate":0.0,"timestamp":1612768244,"path_taken":["M","M","M","$","?","E","?","E","T","R","?","E","M","M","R","BOSS","M","$","?","?","?","E","?","E","T","M","$","E","M","?","R","BOSS","M","?","$","?","M","E","R","E","T","?","E","M","?","M","R","BOSS","R","$","E","BOSS"],"items_purchased_type":["Card","Card","Card","Card","Relic","Card","Relic","Card","Relic","Card"],"build_version":"2020-12-22","purchased_purges":1,"victory":true,"max_hp_per_floor":[77,77,77,77,77,77,77,84,84,84,84,84,84,84,84,84,84,84,84,84,84,84,84,84,84,84,84,84,84,84,84,84,84,84,84,84,84,84,84,84,84,84,84,84,84,84,84,84,84,84,84,84,84,84,84],"relic_stats":{"Gremlin Horn":[20,22],"counters":[29,86],"Golden Idol":215,"Dead Branch":[145],"PreservedInsect":338,"Whetstone":["Masterful Stab","Strike_G"],"MawBank":36,"Medical Kit":[2],"Boot":[0],"Sozu":5,"Nunchaku":[22],"Sundial":[0],"Bronze Scales":[99],"MealTicket":0,"Kunai":[53],"obtain_stats":[{"Ice Cream":29,"Lantern":53,"Gremlin Horn":11,"Whetstone":12,"Boot":54,"Sozu":34,"Nunchaku":26,"HornCleat":23,"WristBlade":17,"Ninja Scroll":6,"Sundial":45,"Strawberry":8,"MealTicket":36,"Red Mask":38,"Kunai":31,"downfall:ExtraCursedBell":36,"Ring of the Snake":0,"Golden Idol":7,"Dead Branch":36,"PreservedInsect":28,"MawBank":25,"Medical Kit":37,"Akabeko":40,"Bronze Scales":42,"Bottled Lightning":43,"Meat on the Bone":36},{"Ice Cream":16,"Lantern":27,"Gremlin Horn":6,"Whetstone":7,"Boot":28,"Sozu":18,"Nunchaku":14,"HornCleat":13,"WristBlade":10,"Ninja Scroll":5,"Sundial":23,"Strawberry":6,"MealTicket":19,"Red Mask":19,"Kunai":17,"downfall:ExtraCursedBell":19,"Ring of the Snake":0,"Golden Idol":5,"Dead Branch":19,"PreservedInsect":15,"MawBank":14,"Medical Kit":19,"Akabeko":21,"Bronze Scales":22,"Bottled Lightning":22,"Meat on the Bone":19},{"Ice Cream":48,"Lantern":76,"Gremlin Horn":25,"Whetstone":26,"Boot":79,"Sozu":58,"Nunchaku":44,"HornCleat":39,"WristBlade":32,"Ninja Scroll":22,"Sundial":66,"Strawberry":25,"MealTicket":59,"Red Mask":59,"Kunai":52,"downfall:ExtraCursedBell":59,"Ring of the Snake":0,"Golden Idol":22,"Dead Branch":59,"PreservedInsect":46,"MawBank":44,"Medical Kit":59,"Akabeko":63,"Bronze Scales":64,"Bottled Lightning":64,"Meat on the Bone":59}],"Ring of the Snake":[58],"Meat on the Bone":12},"card_choices":[{"not_picked":["Catalyst","Dodge and Roll"],"picked":"Deflect","floor":1.0},{"not_picked":["Outmaneuver","Setup"],"picked":"Deflect","floor":2.0},{"not_picked":["Prepared","Underhanded Strike"],"picked":"Blade Dance","floor":3.0},{"not_picked":["Backflip","Finisher"],"picked":"Masterful Stab","floor":5.0},{"not_picked":["Underhanded Strike","PiercingWail"],"picked":"Terror","floor":6.0},{"not_picked":["Bouncing Flask","Backflip"],"picked":"Corpse Explosion","floor":8.0},{"not_picked":["Flying Knee","PiercingWail"],"picked":"Cloak And Dagger","floor":12.0},{"not_picked":["Flying Knee","Underhanded Strike"],"picked":"Corpse Explosion","floor":13.0},{"not_picked":["Tactician","Outmaneuver"],"picked":"Sucker Punch","floor":14.0},{"not_picked":["Night Terror","Unload"],"picked":"After Image","floor":16.0},{"not_picked":["Dagger Throw","Tactician+1"],"picked":"Finisher","floor":18.0},{"not_picked":["Quick Slash+1","Underhanded Strike"],"picked":"Backstab","floor":21.0},{"not_picked":["Underhanded Strike","Prepared","Poisoned Stab"],"picked":"SKIP","floor":23.0},{"not_picked":["Crippling Poison","Quick Slash+1"],"picked":"Distraction","floor":25.0},{"not_picked":["Concentrate","Prepared"],"picked":"Slice","floor":27.0},{"not_picked":["Underhanded Strike+1","Setup+1"],"picked":"Masterful Stab+1","floor":29.0},{"not_picked":["Terror","Acrobatics"],"picked":"A Thousand Cuts","floor":30.0},{"not_picked":["Grand Finale","Phantasmal Killer"],"picked":"Burst","floor":33.0},{"not_picked":["Underhanded Strike","Expertise+1"],"picked":"Accuracy","floor":35.0},{"not_picked":["Blur+1","Quick Slash+1"],"picked":"Cloak And Dagger+1","floor":39.0},{"not_picked":["Deflect+1","Flying Knee+1"],"picked":"Die Die Die","floor":40.0},{"not_picked":["Poisoned Stab+1","Leg Sweep"],"picked":"Terror","floor":42.0},{"not_picked":["Deadly Poison+1","Prepared"],"picked":"Masterful Stab+1","floor":45.0},{"not_picked":["Setup+1","Endless Agony"],"picked":"Footwork","floor":46.0},{"not_picked":["Sucker Punch+1","Dagger Spray+1"],"picked":"Blade Dance","floor":47.0},{"not_picked":["Bane+1","Storm of Steel"],"picked":"Deflect+1","floor":48.0},{"not_picked":["Crippling Poison+1","Backstab"],"picked":"Blade Dance","floor":54.0}],"player_experience":667988,"relics_obtained":[{"floor":6.0,"key":"Ninja Scroll"},{"floor":8.0,"key":"Strawberry"},{"floor":11.0,"key":"Gremlin Horn"},{"floor":12.0,"key":"Whetstone"},{"floor":23.0,"key":"HornCleat"},{"floor":25.0,"key":"MawBank"},{"floor":26.0,"key":"Nunchaku"},{"floor":29.0,"key":"Ice Cream"},{"floor":31.0,"key":"Kunai"},{"floor":36.0,"key":"MealTicket"},{"floor":36.0,"key":"Meat on the Bone"},{"floor":36.0,"key":"Dead Branch"},{"floor":40.0,"key":"Akabeko"},{"floor":42.0,"key":"Bronze Scales"},{"floor":43.0,"key":"Bottled Lightning"},{"floor":45.0,"key":"Sundial"},{"floor":54.0,"key":"Boot"}],"event_choices":[{"damage_healed":0.0,"max_hp_gain":0.0,"max_hp_loss":0.0,"gold_gain":0.0,"event_name":"Golden Idol","player_choice":"Take Wound","floor":7.0,"gold_loss":0.0,"damage_taken":0.0,"relics_obtained":["Golden Idol"],"cards_obtained":["Injury"]},{"damage_healed":0.0,"max_hp_gain":0.0,"max_hp_loss":0.0,"gold_gain":0.0,"event_name":"Wheel of Change","player_choice":"Relic","floor":11.0,"gold_loss":0.0,"damage_taken":0.0},{"damage_healed":0.0,"max_hp_gain":0.0,"max_hp_loss":0.0,"gold_gain":0.0,"event_name":"Designer","player_choice":"Upgrade","floor":20.0,"gold_loss":40.0,"damage_taken":0.0,"cards_upgraded":["Accuracy"]},{"damage_healed":0.0,"max_hp_gain":0.0,"max_hp_loss":0.0,"gold_gain":0.0,"event_name":"Tomb of Lord Red Mask","player_choice":"Paid","floor":38.0,"gold_loss":44.0,"damage_taken":0.0,"relics_obtained":["Red Mask"]},{"damage_healed":0.0,"max_hp_gain":0.0,"max_hp_loss":0.0,"gold_gain":275.0,"event_name":"Golden Shrine","player_choice":"Desecrate","floor":44.0,"gold_loss":0.0,"damage_taken":0.0,"cards_obtained":["Regret"]}],"is_beta":false,"boss_relics":[{"not_picked":["Cursed Key","SlaversCollar"],"picked":"WristBlade"},{"not_picked":["Runic Dome","Astrolabe"],"picked":"Sozu"}],"items_purged_floors":[53],"is_endless":false,"potions_floor_spawned":[1,6,8,13,14,23,25,27,35,39,46,47,54],"ascension_level":3}}