{"host":"fdip6nj211smoxvi","time":1612799132,"event":{"mods":["BaseMod","BetterRewards","Colored Map","Downfall","Hermit","Minty Spire (QoL Compilation)","Shop Mod","StSLib","The Hierophant","The Servant 0.9.4"],"gold_per_floor":[109,109,128,128,128,159,159,184,184,199,179,198,71,71,71,201,201,226,38,38,38,63,63,63,63,90,121,134,134,134],"floor_reached":29,"language":"DEU","playtime":1987,"items_purged":["Strike_G"],"score":277,"play_id":"18e44007-b748-4f8e-b362-56386b6d5724","local_time":"20210208164532","is_ascension_mode":true,"campfire_choices":[{"floor":7.0,"key":"REST"},{"floor":15.0,"key":"REST"},{"floor":23.0,"key":"REST"},{"floor":25.0,"key":"REST"}],"circlet_count":0,"master_deck":["Strike_G","Strike_G","Strike_G","Strike_G","Defend_G","Defend_G","Defend_G","Defend_G","Defend_G","Survivor","Neutralize","Eviscerate","Dodge and Roll","Deadly Poison","Corpse Explosion","PiercingWail","Sucker Punch","Dagger Spray","Wraith Form v2","Underhanded Strike","Apotheosis","J.A.X.","Deflect+1","Impatience","Poisoned Stab"],"relics":["SlaversCollar","Golden Idol","Letter Opener","Lantern","HoveringKite","Blood Vial","Calipers"],"acts_visited":["Exordium","TheCity"],"potions_floor_usage":[],"damage_taken":[{"damage":2.0,"enemies":"Jaw Worm","floor":1.0,"turns":5.0},{"damage":3.0,"enemies":"Cultist","floor":3.0,"turns":4.0},{"damage":52.0,"enemies":"Lagavulin","floor":6.0,"turns":9.0},{"damage":0.0,"enemies":"Small Slimes","floor":8.0,"turns":3.0},{"damage":5.0,"enemies":"Exordium Thugs","floor":10.0,"turns":5.0},{"damage":5.0,"enemies":"2 Fungi Beasts","floor":12.0,"turns":3.0},{"damage":21.0,"enemies":"Hexaghost","floor":16.0,"turns":10.0},{"damage":5.0,"enemies":"Chosen","floor":18.0,"turns":5.0},{"damage":21.0,"enemies":"3 Byrds","floor":22.0,"turns":6.0},{"damage":10.0,"enemies":"Gremlin Leader","floor":27.0,"turns":7.0},{"damage":21,"enemies":"Shelled Parasite and Fungi","floor":28,"turns":6},{"damage":42,"enemies":"Book of Stabbing","floor":29,"turns":6}],"seed_played":"-2334675553012435538","potions_obtained":[{"floor":8.0,"key":"bronze:BurnAndBuffPotion"},{"floor":10.0,"key":"SkillPotion"},{"floor":11.0,"key":"DuplicationPotion"},{"floor":12.0,"key":"sneckomod:MuddlingPotion"},{"floor":18.0,"key":"AttackPotion"}],"is_trial":false,"path_per_floor":["M","?","M","?","$","E","R","M","T","M","?","M","$","$","R","B",null,"M","$","?","?","M","R","?","R","T","E","M","E"],"character_chosen":"THE_SILENT","items_purchased":["Dagger Spray","Apotheosis"],"campfire_rested":4,"item_purchase_floors":[13,19],"current_hp_per_floor":[68,68,65,65,65,13,32,32,32,27,27,22,22,22,41,20,65,60,60,60,60,39,58,46,65,65,55,36,0,0],"gold":134,"neow_bonus":"BOSS_RELIC","is_daily":false,"chose_seed":false,"campfire_upgraded":0,"win_rate":0.0,"timestamp":1612799132,"path_taken":["M","?","M","?","?","E","R","M","T","?","?","M","?","$","R","BOSS","M","$","?","?","M","R","?","R","T","E","M","E"],"items_purchased_type":["Card","Card"],"build_version":"2020-12-22","purchased_purges":1,"victory":false,"max_hp_per_floor":[70,70,70,65,65,65,65,65,65,65,65,65,65,65,65,65,65,65,65,65,65,65,65,65,65,65,65,65,65,65],"card_choices":[{"not_picked":["Slice","Cloak And Dagger"],"picked":"Eviscerate","floor":1.0},{"not_picked":["Expertise","Finisher"],"picked":"Dodge and Roll","floor":3.0},{"not_picked":["Underhanded Strike","Masterful Stab"],"picked":"Deadly Poison","floor":6.0},{"not_picked":["Acrobatics","Outmaneuver"],"picked":"Corpse Explosion","floor":8.0},{"not_picked":["Quick Slash","Dagger Throw"],"picked":"PiercingWail","floor":10.0},{"not_picked":["Calculated Gamble","Skewer"],"picked":"Sucker Punch","floor":12.0},{"not_picked":["Venomology","Die Die Die"],"picked":"Wraith Form v2","floor":16.0},{"not_picked":["Prepared","Calculated Gamble"],"picked":"Underhanded Strike","floor":18.0},{"not_picked":["Dagger Spray","Blur"],"picked":"Deflect+1","floor":22.0},{"not_picked":["Quick Slash","Sucker Punch"],"picked":"Poisoned Stab","floor":27.0},{"not_picked":["Choke+1","Dodge and Roll","Underhanded Strike"],"picked":"SKIP","floor":28}],"player_experience":257392,"relics_obtained":[{"floor":6.0,"key":"Letter Opener"},{"floor":9.0,"key":"Lantern"},{"floor":26.0,"key":"Blood Vial"},{"floor":27.0,"key":"Calipers"}],"event_choices":[{"damage_healed":0.0,"max_hp_gain":0.0,"max_hp_loss":0.0,"gold_gain":0.0,"event_name":"Golden Wing","player_choice":"Ignored","floor":2.0,"gold_loss":0.0,"damage_taken":0.0},{"damage_healed":0.0,"max_hp_gain":0.0,"max_hp_loss":5.0,"gold_gain":0.0,"event_name":"Golden Idol","player_choice":"Lose Max HP","floor":4.0,"gold_loss":0.0,"damage_taken":0.0,"relics_obtained":["Golden Idol"]},{"damage_healed":0.0,"max_hp_gain":0.0,"max_hp_loss":0.0,"gold_gain":0.0,"event_name":"The Woman in Blue","player_choice":"Bought 1 Potion","floor":11.0,"gold_loss":0.0,"damage_taken":0.0},{"damage_healed":0.0,"max_hp_gain":0.0,"max_hp_loss":0.0,"gold_gain":0.0,"event_name":"Vampires","player_choice":"Ignored","floor":20.0,"gold_loss":0.0,"damage_taken":0.0},{"damage_healed":0.0,"max_hp_gain":0.0,"max_hp_loss":0.0,"gold_gain":0.0,"event_name":"Drug Dealer","player_choice":"Obtain J.A.X.","floor":21.0,"gold_loss":0.0,"damage_taken":0.0,"cards_obtained":["J.A.X."]},{"damage_healed":0.0,"max_hp_gain":0.0,"max_hp_loss":0.0,"gold_gain":0.0,"event_name":"Knowing Skull","player_choice":"CARD ","floor":24.0,"potions_obtained":[],"gold_loss":0.0,"damage_taken":12.0,"cards_obtained":["Impatience"]}],"is_beta":false,"boss_relics":[{"not_picked":["Pandora\u0027s Box","Runic Dome"],"picked":"HoveringKite"}],"items_purged_floors":[13],"is_endless":false,"potions_floor_spawned":[8,10,12,18],"killed_by":"Book of Stabbing","ascension_level":3}}