{"host":"92ge7uk92o4z80va","time":1612752251,"event":{"mods":["AchievementEnabler","Act Like it!","Aspiration","BaseMod","Beaked The Cultist","Better Third Choice","BetterRewards","Conspire","Curses Come First","Evolution","Hermit","Hubris","Infinite Spire","Koishi","Lobotomy","LobotomyExtend","Marisa????????","Minty Spire (QoL Compilation)","Quick Restart","Replay The Spire","Robot Space Explorer","Spire Arcade","StSLib","The Blue Laboratory","The Bug Knight","The Runesmith","The Saiyan"],"gold_per_floor":[109,121,0,13,13,43,43,69,69,125,137,149,175,201,213,321,333,365,377,407,435,447,447],"floor_reached":22,"language":"ENG","playtime":1280,"items_purged":[],"score":196,"play_id":"2880a7b8-efd0-49b2-81b7-f78f8e238652","local_time":"20210207214411","is_ascension_mode":false,"campfire_choices":[{"floor":11.0,"key":"REST"}],"circlet_count":0,"master_deck":["beaked:Strike_Y","beaked:Strike_Y","beaked:Strike_Y","beaked:Strike_Y","beaked:Strike_Y","beaked:Strike_Y","beaked:Defend_Y","beaked:Defend_Y","beaked:Defend_Y","beaked:Defend_Y","beaked:Ceremony+1","beaked:Ceremony+1","beaked:Ceremony","Bandage Up","beaked:WildInstinct","beaked:SacrificialAttack","beaked:MachineSpirit","Enlightenment","beaked:Foresight","beaked:BraceForImpact","Double Energy","Ball Lightning","Ball Lightning","Creative AI","beaked:Windmill","beaked:BarbedWire","beaked:Foresight+1"],"relics":["beaked:MendingPlumage","EVO:Axolotl","hubris:HerbalPaste","Incense Burner","conspire:GiftBox","LetterFromLob","MagicBullet_r","infinitespire:BottledMercury","hubris:DisguiseKit","infinitespire:Broken Mirror","MawBank","Moonlight_r","conspire:SlowCooker"],"acts_visited":["Exordium","TheCity"],"potions_floor_usage":[],"damage_taken":[{"damage":7.0,"enemies":"2 Louse","floor":1.0,"turns":4.0},{"damage":14.0,"enemies":"Jaw Worm","floor":2.0,"turns":4.0},{"damage":22.0,"enemies":"Small Slimes","floor":4.0,"turns":5.0},{"damage":32.0,"enemies":"Lagavulin","floor":6.0,"turns":6.0},{"damage":33.0,"enemies":"Gremlin Nob","floor":8.0,"turns":4.0},{"damage":31.0,"enemies":"Lagavulin Event","floor":10.0,"turns":5.0},{"damage":13.0,"enemies":"Blue Slaver","floor":13.0,"turns":4.0},{"damage":7.0,"enemies":"Exordium Wildlife","floor":14.0,"turns":3.0},{"damage":33.0,"enemies":"Slime Boss","floor":16.0,"turns":6.0},{"damage":61.0,"enemies":"Shell Parasite","floor":18.0,"turns":6.0},{"damage":15.0,"enemies":"2 Thieves","floor":20.0,"turns":4.0},{"damage":60,"enemies":"Centurion and Healer","floor":21,"turns":11},{"damage":101,"enemies":"3 Cultists","floor":22,"turns":6}],"seed_played":"8578867096761184661","potions_obtained":[{"floor":4.0,"key":"Venom Potion"},{"floor":6.0,"key":"Fire Potion"},{"floor":8.0,"key":"LiquidBronze"},{"floor":10.0,"key":"blueLaboratory:EmptyBottle"},{"floor":16.0,"key":"blueLaboratory:HummingbirdPotion"},{"floor":20.0,"key":"FearPotion"},{"floor":21,"key":"SkillPotion"}],"is_trial":false,"path_per_floor":["M","M","?","M","M","E","?","E","T","?","R","$","M","M","R","B",null,"M","?","M","M","M"],"character_chosen":"BEAKED_THE_CULTIST","items_purchased":["hubris:HerbalPaste","Bandage Up"],"campfire_rested":1,"item_purchase_floors":[0,0],"current_hp_per_floor":[41,46,52,54,54,39,39,25,25,17,33,33,42,47,26,20,56,21,27,27,30,0,0],"gold":447,"neow_bonus":"","is_daily":false,"chose_seed":false,"campfire_upgraded":0,"win_rate":0.0,"timestamp":1612752251,"path_taken":["M","M","?","M","M","E","?","E","T","?","R","?","M","M","R","BOSS","M","?","M","?","M"],"items_purchased_type":["Relic","Card"],"build_version":"2020-12-22","purchased_purges":0,"victory":false,"max_hp_per_floor":[50,50,56,56,56,56,56,56,56,56,56,56,56,56,56,56,56,56,56,56,56,56,56],"card_choices":[{"not_picked":["beaked:MachineEssence","beaked:ShadowFade"],"picked":"beaked:WildInstinct","floor":0.0},{"not_picked":["beaked:Molting","beaked:Redirect"],"picked":"beaked:SacrificialAttack","floor":1.0},{"not_picked":["beaked:CursingBlood","beaked:Daydream"],"picked":"beaked:MachineSpirit","floor":2.0},{"not_picked":["beaked:Windmill","beaked:Hexing"],"picked":"beaked:Foresight","floor":4.0},{"not_picked":["beaked:CursingBlood","beaked:Tradeoff"],"picked":"beaked:BraceForImpact","floor":6.0},{"not_picked":["beaked:MaddeningMurmurs","beaked:DigDeeper","ReplayTheSpireMod:RavenHex"],"picked":"SKIP","floor":8.0},{"not_picked":["beaked:Insight","beaked:MimicHuntress","beaked:BraceForImpact"],"picked":"Double Energy","floor":10.0},{"not_picked":["ReplayTheSpireMod:Prepare the Ceremony","beaked:Windmill","beaked:Negation"],"picked":"Ball Lightning","floor":13.0},{"not_picked":["beaked:Daydream","beaked:Pecker","beaked:SacrificialScars"],"picked":"Ball Lightning","floor":14.0},{"not_picked":["beaked:FullHouse","beaked:Brainwash","ReplayTheSpireMod:Owlgaze"],"picked":"Creative AI","floor":16.0},{"not_picked":["beaked:Redirect","beaked:Poke","Recycle"],"picked":"beaked:Windmill","floor":18.0},{"not_picked":["beaked:Cower","beaked:StunningBlow","Ball Lightning"],"picked":"beaked:BarbedWire","floor":20.0},{"not_picked":["beaked:Brace","beaked:Tweet","Heatsinks"],"picked":"beaked:Foresight+1","floor":21}],"player_experience":49205,"relics_obtained":[{"floor":1.0,"key":"LetterFromLob"},{"floor":6.0,"key":"infinitespire:BottledMercury"},{"floor":8.0,"key":"hubris:DisguiseKit"},{"floor":9.0,"key":"infinitespire:Broken Mirror"}],"event_choices":[{"damage_healed":0.0,"max_hp_gain":0.0,"max_hp_loss":0.0,"gold_gain":0.0,"event_name":"betterThird:BetterSerpent","player_choice":"RENOUNCE","floor":3.0,"gold_loss":121.0,"damage_taken":121.0,"cards_obtained":["Enlightenment"]},{"damage_healed":0.0,"max_hp_gain":0.0,"max_hp_loss":0.0,"gold_gain":0.0,"event_name":"Dead Adventurer","player_choice":"Searched \u00272\u0027 times","floor":10.0,"gold_loss":0.0,"damage_taken":0.0,"relics_obtained":["MawBank"]}],"is_beta":false,"boss_relics":[{"not_picked":["conspire:RunicOctahedron","Snecko Eye"],"picked":"conspire:SlowCooker"}],"items_purged_floors":[],"is_endless":false,"potions_floor_spawned":[4,6,8,10,16,18,20,21],"killed_by":"3 Cultists","ascension_level":0}}