{"host":"if46sxignvy4ka0k","time":1612763726,"event":{"mods":["BaseMod","Minty Spire (QoL Compilation)","StSLib","The Cursed"],"gold_per_floor":[109,23,37,56,16,16,34,67,67,16,16,16,30,60,60,158,158,174,273,548,560,560,585,585,585,585],"floor_reached":25,"language":"ENG","playtime":1195,"items_purged":[],"score":229,"play_id":"fd0f34d1-08bc-4d13-9365-056b38f0cba6","local_time":"20210207235526","is_ascension_mode":false,"campfire_choices":[{"data":"TheCursedMod:LuckyCharm","floor":6,"key":"SMITH"},{"data":"TheCursedMod:ReleasedStrength","floor":12,"key":"SMITH"},{"data":"TheCursedMod:CleanUpWorkshop","floor":15,"key":"SMITH"},{"floor":24,"key":"REST"}],"circlet_count":0,"master_deck":["TheCursedMod:Strike_TheCursed","TheCursedMod:Strike_TheCursed","TheCursedMod:Strike_TheCursed","TheCursedMod:Strike_TheCursed","TheCursedMod:Defend_TheCursed","TheCursedMod:Defend_TheCursed","TheCursedMod:Defend_TheCursed","TheCursedMod:Defend_TheCursed","TheCursedMod:CursedWand","TheCursedMod:CleanUpWorkshop+1","TheCursedMod:Dregs","TheCursedMod:FleshFromBone","TheCursedMod:LuckyCharm+1","TheCursedMod:Stretching","TheCursedMod:AbyssShockwave","TheCursedMod:WearCloak","TheCursedMod:HellsGateOpen","TheCursedMod:ReleasedStrength+1","TheCursedMod:CursedShiv","TheCursedMod:RapidMovement","TheCursedMod:DemonSword","TheCursedMod:OutForBlood","TheCursedMod:ReleasedStrength+1","Regret"],"relics":["TheCursedMod:BlackMagic101","NeowsBlessing","Ornamental Fan","Matryoshka","Blue Candle","The Courier","Busted Crown","Nunchaku"],"acts_visited":["Exordium","TheCity"],"potions_floor_usage":[14,23,25,25],"damage_taken":[{"damage":0,"enemies":"Cultist","floor":1,"turns":1},{"damage":0,"enemies":"Small Slimes","floor":3,"turns":2},{"damage":0,"enemies":"2 Louse","floor":4,"turns":1},{"damage":0,"enemies":"Blue Slaver","floor":7,"turns":6},{"damage":9,"enemies":"3 Sentries","floor":8,"turns":6},{"damage":4,"enemies":"Red Slaver","floor":13,"turns":3},{"damage":8,"enemies":"Gremlin Nob","floor":14,"turns":4},{"damage":13,"enemies":"Hexaghost","floor":16,"turns":12},{"damage":0,"enemies":"Chosen","floor":18,"turns":4},{"damage":0,"enemies":"Spheric Guardian","floor":21,"turns":4},{"damage":37,"enemies":"Slavers","floor":23,"turns":7},{"damage":34,"enemies":"Gremlin Leader","floor":25,"turns":4}],"seed_played":"-9057297546518425081","potions_obtained":[{"floor":5,"key":"BlessingOfTheForge"},{"floor":5,"key":"Dexterity Potion"},{"floor":5,"key":"LiquidMemories"},{"floor":7,"key":"Regen Potion"},{"floor":14,"key":"BlessingOfTheForge"},{"floor":18,"key":"PowerPotion"}],"is_trial":false,"path_per_floor":["M","$","M","M","?","R","M","E","T","$","?","R","M","E","R","B",null,"M","?","?","M","?","E","R","E"],"character_chosen":"THE_CURSED","items_purchased":["TheCursedMod:LuckyCharm","TheCursedMod:Stretching","TheCursedMod:CursedShiv"],"campfire_rested":1,"item_purchase_floors":[2,2,10],"current_hp_per_floor":[75,75,75,75,75,75,75,66,66,66,54,54,50,54,54,41,75,75,75,75,75,75,38,60,26,26],"gold":585,"neow_bonus":"THREE_ENEMY_KILL","is_daily":false,"chose_seed":false,"campfire_upgraded":3,"win_rate":0.0,"timestamp":1612763726,"path_taken":["M","?","M","M","?","R","?","E","T","?","?","R","M","E","R","BOSS","M","?","?","?","?","E","R","E"],"items_purchased_type":["Card","Card","Card"],"build_version":"2020-12-22","purchased_purges":0,"victory":false,"max_hp_per_floor":[75,75,75,75,75,75,75,75,75,75,75,75,75,75,75,75,75,75,75,75,75,75,75,75,75,75],"card_choices":[{"not_picked":["TheCursedMod:VitalStrike","TheCursedMod:Evocation"],"picked":"TheCursedMod:FleshFromBone","floor":1},{"not_picked":["TheCursedMod:CursedAmulet","TheCursedMod:VitalStrike"],"picked":"TheCursedMod:AbyssShockwave","floor":3},{"not_picked":["TheCursedMod:FleshFromBone","TheCursedMod:AshesToAshes"],"picked":"TheCursedMod:WearCloak","floor":4},{"not_picked":["TheCursedMod:SoulCrush","TheCursedMod:Stretching"],"picked":"TheCursedMod:HellsGateOpen","floor":7},{"not_picked":["TheCursedMod:ParallelWorld","TheCursedMod:Obscuration"],"picked":"TheCursedMod:ReleasedStrength","floor":8},{"not_picked":["TheCursedMod:CursedMace","TheCursedMod:VitalStrike"],"picked":"TheCursedMod:RapidMovement","floor":13},{"not_picked":["TheCursedMod:Wield","TheCursedMod:CursedBoomerang"],"picked":"TheCursedMod:DemonSword","floor":14},{"not_picked":["TheCursedMod:ParallelWorld","TheCursedMod:ForbiddenAlchemy"],"picked":"TheCursedMod:OutForBlood","floor":16},{"not_picked":[],"picked":"TheCursedMod:ReleasedStrength+1","floor":18},{"not_picked":["TheCursedMod:Torture"],"picked":"SKIP","floor":21},{"not_picked":["TheCursedMod:RavingStaff"],"picked":"SKIP","floor":23}],"player_experience":2138863,"relics_obtained":[{"floor":8,"key":"Ornamental Fan"},{"floor":9,"key":"Matryoshka"},{"floor":14,"key":"The Courier"},{"floor":23,"key":"Nunchaku"}],"event_choices":[{"damage_healed":0,"gold_gain":0,"player_choice":"Bought 3 Potions","damage_taken":0,"max_hp_gain":0,"max_hp_loss":0,"event_name":"The Woman in Blue","floor":5,"gold_loss":0},{"damage_healed":0,"gold_gain":0,"player_choice":"Success","damage_taken":12,"relics_obtained":["Blue Candle"],"max_hp_gain":0,"max_hp_loss":0,"event_name":"Scrap Ooze","floor":11,"gold_loss":0},{"damage_healed":0,"gold_gain":99,"player_choice":"Stole From Cult","damage_taken":0,"max_hp_gain":0,"max_hp_loss":0,"event_name":"Nest","floor":19,"gold_loss":0},{"damage_healed":0,"gold_gain":275,"player_choice":"Desecrate","damage_taken":0,"max_hp_gain":0,"max_hp_loss":0,"event_name":"Golden Shrine","floor":20,"gold_loss":0,"cards_obtained":["Regret"]},{"damage_healed":0,"gold_gain":0,"player_choice":"Ignored","damage_taken":0,"max_hp_gain":0,"max_hp_loss":0,"event_name":"Beggar","floor":22,"gold_loss":0}],"is_beta":false,"boss_relics":[{"not_picked":["Coffee Dripper","Black Star"],"picked":"Busted Crown"}],"items_purged_floors":[],"is_endless":false,"potions_floor_spawned":[7,8,14,16,18],"killed_by":"Gremlin Leader","ascension_level":0}}