{"host":"enhox8ej0lkxgw9g","time":1612774913,"event":{"mods":["BaseMod","Downfall","Googly Eyes","Hermit","Minty Spire (QoL Compilation)","StSLib"],"gold_per_floor":[99,119,137,46,146,46,46,66,96,96,129,141,173,273,288,386,386,186,204,204,216,234,244,244,244,275,275,286,313,323,343,361,361,361,361],"floor_reached":33,"language":"ENG","playtime":3088,"items_purged":[],"score":386,"play_id":"d4331637-3d4c-4139-98d3-0cb907cef68c","local_time":"20210208020153","is_ascension_mode":false,"campfire_choices":[{"floor":1,"key":"RECALL"},{"data":"Guardian:ShieldCharger","floor":6,"key":"SMITH"},{"data":"Guardian:PiercingHide","floor":10,"key":"SMITH"},{"data":"Guardian:PrismaticBarrier","floor":18,"key":"SMITH"},{"data":"Guardian:SpikerProtocol","floor":25,"key":"SMITH"},{"data":"Guardian:TwinSlam","floor":27,"key":"SMITH"}],"circlet_count":0,"master_deck":["Guardian:Strike_Guardian","Guardian:Strike_Guardian","Guardian:Strike_Guardian","Guardian:Defend_Guardian","Guardian:Defend_Guardian","Guardian:Defend_Guardian","Guardian:CurlUp","Guardian:TwinSlam+1","Guardian:ChargeCore","Guardian:PiercingHide+1","Guardian:ShieldCharger+1","Guardian:EvasiveProtocol","Guardian:RefractedBeam","Guardian:PrismaticBarrier+1","Guardian:SphericShield+1","Guardian:GuardianWhirl+1","Guardian:SpikerProtocol+1","Guardian:Harden+1","Guardian:Incinerate+1","Guardian:BaubleBeam","Guardian:TimeBomb"],"relics":["Guardian:ModeShifter","downfall:HeartBlessingRed","Lantern","Mercury Hourglass","Tiny Chest","SlaversCollar","downfall:HeartBlessingBlue","downfall:HeartBlessingGreen","Bottled Tornado","Bottled Lightning","Bag of Marbles"],"acts_visited":["Exordium","TheCity"],"potions_floor_usage":[14,14,16,16,16,22,28,29,32,33],"damage_taken":[{"damage":5,"enemies":"2 Louse","floor":2,"turns":3},{"damage":3,"enemies":"Small Slimes","floor":3,"turns":3},{"damage":10,"enemies":"downfall:FleeingMerchant","floor":4,"turns":4},{"damage":1,"enemies":"Cultist","floor":8,"turns":5},{"damage":19,"enemies":"3 Sentries","floor":9,"turns":16},{"damage":6,"enemies":"Lagavulin","floor":11,"turns":7},{"damage":0,"enemies":"2 Fungi Beasts","floor":12,"turns":2},{"damage":0,"enemies":"Gremlin Nob","floor":13,"turns":4},{"damage":21,"enemies":"downfall:Heads","floor":14,"turns":6},{"damage":7,"enemies":"Gremlin Gang","floor":15,"turns":4},{"damage":19,"enemies":"WA_ARCHETYPE_RETAIN","floor":16,"turns":7},{"damage":0,"enemies":"3 Byrds","floor":19,"turns":4},{"damage":0,"enemies":"Chosen","floor":21,"turns":5},{"damage":9,"enemies":"Snake Plant","floor":22,"turns":4},{"damage":2,"enemies":"Centurion and Healer","floor":23,"turns":8},{"damage":0,"enemies":"Slavers","floor":26,"turns":4},{"damage":15,"enemies":"Snecko","floor":28,"turns":5},{"damage":5,"enemies":"Gremlin Leader","floor":29,"turns":4},{"damage":1,"enemies":"Shelled Parasite and Fungi","floor":30,"turns":4},{"damage":8,"enemies":"Snake Plant","floor":31,"turns":4},{"damage":0,"enemies":"Chosen and Byrds","floor":32,"turns":4},{"damage":65,"enemies":"SI_MIRROR_ARCHETYPE","floor":33,"turns":11}],"seed_played":"-1178610171629252347","potions_obtained":[{"floor":9,"key":"GamblersBrew"},{"floor":11,"key":"Regen Potion"},{"floor":13,"key":"SneckoOil"},{"floor":14,"key":"sneckomod:MuddlingPotion"},{"floor":15,"key":"Guardian:AcceleratePotion"},{"floor":16,"key":"Swift Potion"},{"floor":19,"key":"AttackPotion"},{"floor":23,"key":"DuplicationPotion"},{"floor":28,"key":"FearPotion"},{"floor":30,"key":"Fire Potion"}],"is_trial":false,"path_per_floor":["R","M","M","$","?","R","T","M","E","R","E","M","E","?","M","B",null,"R","M","?","M","M","M","T","R","E","R","M","E","M","M","M","B"],"character_chosen":"GUARDIAN","items_purchased":["Guardian:EvasiveProtocol"],"campfire_rested":0,"item_purchase_floors":[4],"current_hp_per_floor":[88,83,80,70,70,70,70,69,50,50,44,44,44,38,31,12,88,98,98,98,98,89,87,87,87,87,87,72,67,66,58,58,0,0,0],"gold":361,"neow_bonus":"TEN_PERCENT_HP_BONUS","is_daily":false,"chose_seed":false,"campfire_upgraded":5,"win_rate":0.0,"timestamp":1612774913,"path_taken":["R","M","M","$","?","R","T","M","E","R","E","M","E","?","M","BOSS","R","M","?","M","M","?","T","R","E","R","M","E","M","M","M","BOSS"],"items_purchased_type":["Card"],"build_version":"2020-12-22","purchased_purges":0,"victory":false,"max_hp_per_floor":[88,88,88,88,88,88,88,88,88,88,88,88,88,88,88,88,88,98,98,98,98,98,98,98,98,98,98,98,98,98,98,98,98,98,98],"card_choices":[{"not_picked":["Guardian:FloatingOrbs","Guardian:Planning"],"picked":"Guardian:ChargeCore","floor":2},{"not_picked":["Guardian:TimeBomb","Guardian:WalkerClaw"],"picked":"Guardian:PiercingHide","floor":3},{"not_picked":["Guardian:ShieldSpikes","Guardian:Gem_Cyan"],"picked":"Guardian:ShieldCharger","floor":4},{"not_picked":["Guardian:Planning","Guardian:Clone","Guardian:PiercingHide"],"picked":"SKIP","floor":8},{"not_picked":["Guardian:Recover","Guardian:BodySlam"],"picked":"Guardian:Gem_Fragmented","floor":9},{"not_picked":["Guardian:Gem_Red","Guardian:TimeCapacitor"],"picked":"Guardian:RefractedBeam","floor":11},{"not_picked":["Guardian:PiercingHide","Guardian:Preprogram"],"picked":"Guardian:PrismaticBarrier","floor":12},{"not_picked":["Guardian:WalkerClaw","Guardian:PrimingBeam"],"picked":"Guardian:SphericShield","floor":13},{"not_picked":["Guardian:ShieldCharger","Guardian:Repulse"],"picked":"Guardian:Gem_Crimson","floor":14},{"not_picked":["Guardian:TemporalShield","Guardian:Repulse","Guardian:WalkerClaw"],"picked":"SKIP","floor":15},{"not_picked":["Guardian:SphericShield","Guardian:HyperBeam_Guardian"],"picked":"Guardian:Gem_Synthetic","floor":16},{"not_picked":["Guardian:Gem_Red","Guardian:PrimingBeam"],"picked":"Guardian:Gem_Lightblue","floor":19},{"not_picked":["Guardian:Gem_Green","Guardian:Planning+1","Guardian:PiercingHide"],"picked":"SKIP","floor":21},{"not_picked":["Guardian:Preprogram+1","Guardian:Gem_Cyan"],"picked":"Guardian:SpikerProtocol","floor":22},{"not_picked":["Guardian:Reroute","Guardian:BronzeArmor","Guardian:TemporalShield"],"picked":"SKIP","floor":23},{"not_picked":["Guardian:TimeBomb+1","Guardian:Gem_Cyan"],"picked":"Guardian:Gem_Yellow","floor":26},{"not_picked":["Guardian:Gem_Green","Guardian:ShieldSpikes"],"picked":"Guardian:Harden+1","floor":28},{"not_picked":["Guardian:FloatingOrbs","Guardian:Gem_Red"],"picked":"Guardian:Incinerate+1","floor":29},{"not_picked":["Guardian:Gem_Crimson","Guardian:Gem_Lightblue","Guardian:ShieldSpikes+1"],"picked":"SKIP","floor":30},{"not_picked":["Guardian:BronzeArmor+1","Guardian:DonusPower+1"],"picked":"Guardian:BaubleBeam","floor":31},{"not_picked":["Guardian:RollAttack","Guardian:ChargeCore"],"picked":"Guardian:TimeBomb","floor":32}],"player_experience":108360,"relics_obtained":[{"floor":9,"key":"Lantern"},{"floor":11,"key":"Mercury Hourglass"},{"floor":13,"key":"Tiny Chest"},{"floor":24,"key":"Bottled Tornado"},{"floor":26,"key":"Bottled Lightning"},{"floor":29,"key":"Bag of Marbles"}],"event_choices":[],"is_beta":false,"boss_relics":[{"not_picked":["bronze:MakeshiftBattery","Busted Crown"],"picked":"SlaversCollar"}],"items_purged_floors":[],"is_endless":false,"potions_floor_spawned":[9,11,13,14,15,16,19,23,28,30],"killed_by":"SI_MIRROR_ARCHETYPE","ascension_level":0}}