{"host":"52m1o8iwwagurbjs","time":1612791325,"event":{"mods":["AchievementEnabler","BaseMod","Bestiary","Challenge The Spire","Colored Powertips","GifTheSpireLib","Minty Spire (QoL Compilation)","Quick Restart","Relic Stats","StSLib"],"gold_per_floor":[117,127,77,77,77,77,110,121,121,1,1,44,44,78,78,78,78],"floor_reached":16,"language":"ENG","playtime":1902,"items_purged":["Strike_R"],"score":122,"play_id":"2f8b6a09-f4d5-4b37-bcb2-41c80b5b99c8","local_time":"20210208083525","is_ascension_mode":true,"campfire_choices":[{"data":"Dropkick","floor":6.0,"key":"SMITH"},{"data":"True Grit","floor":13.0,"key":"SMITH"},{"data":"Feel No Pain","floor":15.0,"key":"SMITH"}],"circlet_count":0,"master_deck":["Strike_R","Strike_R","Defend_R","Defend_R","Defend_R","Defend_R","Bash","Cleave","Dropkick+1","Pummel","True Grit+1","Feel No Pain+1","Disarm"],"relics":["Burning Blood","Mummified Hand","Pen Nib","Pantograph","Golden Idol","Akabeko","Mercury Hourglass"],"acts_visited":["Exordium"],"potions_floor_usage":[16],"damage_taken":[{"damage":6.0,"enemies":"Jaw Worm","floor":1.0,"turns":3.0},{"damage":0.0,"enemies":"Small Slimes","floor":2.0,"turns":3.0},{"damage":26.0,"enemies":"Lagavulin","floor":7.0,"turns":5.0},{"damage":1.0,"enemies":"Cultist","floor":8.0,"turns":3.0},{"damage":27.0,"enemies":"Gremlin Nob","floor":12.0,"turns":4.0},{"damage":19.0,"enemies":"Lagavulin","floor":14.0,"turns":5.0},{"damage":24,"enemies":"The Guardian","floor":16,"turns":6}],"seed_played":"-5617095632487966096","potions_obtained":[{"floor":2.0,"key":"Explosive Potion"},{"floor":7.0,"key":"Weak Potion"}],"is_trial":false,"path_per_floor":["M","M","?","T","?","R","E","M","T","$","?","E","R","E","R","B"],"character_chosen":"IRONCLAD","items_purchased":["True Grit"],"campfire_rested":0,"item_purchase_floors":[10],"current_hp_per_floor":[80,80,80,80,80,80,60,65,65,65,65,44,44,31,31,32,32],"gold":78,"neow_bonus":"THREE_CARDS","is_daily":false,"chose_seed":false,"campfire_upgraded":3,"win_rate":0.0,"timestamp":1612791325,"path_taken":["M","M","?","?","?","R","E","?","T","$","?","E","R","E","R","BOSS"],"items_purchased_type":["Card"],"build_version":"2020-12-22","purchased_purges":1,"victory":false,"max_hp_per_floor":[80,80,80,80,80,80,80,80,80,80,74,74,74,74,74,74,74],"relic_stats":{"counters":[7,29],"Mummified Hand":[2],"Golden Idol":16,"Pantograph":25,"Pen Nib":[3],"obtain_stats":[{"Mummified Hand":4,"Golden Idol":11,"Pantograph":9,"Pen Nib":7,"Burning Blood":0,"Akabeko":12,"Mercury Hourglass":14},{"Mummified Hand":2,"Golden Idol":4,"Pantograph":4,"Pen Nib":3,"Burning Blood":0,"Akabeko":5,"Mercury Hourglass":6},{"Mummified Hand":6,"Golden Idol":14,"Pantograph":14,"Pen Nib":11,"Burning Blood":0,"Akabeko":18,"Mercury Hourglass":23}],"Burning Blood":30,"Mercury Hourglass":[15]},"card_choices":[{"not_picked":["Clothesline","Heavy Blade"],"picked":"Cleave","floor":0.0},{"not_picked":["Shrug It Off","Sever Soul"],"picked":"Dropkick","floor":1.0},{"not_picked":["Bloodletting","Wild Strike","Heavy Blade"],"picked":"SKIP","floor":2.0},{"not_picked":["Iron Wave","Sword Boomerang"],"picked":"Pummel","floor":7.0},{"not_picked":["Wild Strike","Clash","Heavy Blade"],"picked":"SKIP","floor":8.0},{"not_picked":["Entrench","Rupture"],"picked":"Feel No Pain","floor":12.0},{"not_picked":["Uppercut","Headbutt"],"picked":"Disarm","floor":14.0}],"player_experience":1328845,"relics_obtained":[{"floor":4.0,"key":"Mummified Hand"},{"floor":7.0,"key":"Pen Nib"},{"floor":9.0,"key":"Pantograph"},{"floor":12.0,"key":"Akabeko"},{"floor":14.0,"key":"Mercury Hourglass"}],"event_choices":[{"cards_removed":["Strike_R"],"damage_healed":0.0,"max_hp_gain":0.0,"max_hp_loss":0.0,"gold_gain":0.0,"event_name":"The Cleric","player_choice":"Card Removal","floor":3.0,"gold_loss":50.0,"damage_taken":0.0},{"cards_removed":["Strike_R"],"damage_healed":0.0,"max_hp_gain":0.0,"max_hp_loss":0.0,"gold_gain":0.0,"event_name":"Bonfire Elementals","player_choice":"Offered Basic","floor":5.0,"gold_loss":0.0,"damage_taken":0.0},{"damage_healed":0.0,"max_hp_gain":0.0,"max_hp_loss":6.0,"gold_gain":0.0,"event_name":"Golden Idol","player_choice":"Lose Max HP","floor":11.0,"gold_loss":0.0,"damage_taken":0.0,"relics_obtained":["Golden Idol"]}],"is_beta":false,"boss_relics":[],"items_purged_floors":[10],"is_endless":false,"potions_floor_spawned":[2,7],"killed_by":"The Guardian","ascension_level":1}}