{"host":"k7udt7atmcuzf6l0","time":1612791238,"event":{"mods":["AchievementEnabler","BaseMod","BetterRewards","Colored Map","Colored Powertips","Highlight Path","Minty Spire (QoL Compilation)","Quick Restart","Rare Cards Sparkle","Relic Stats","StSLib","UnlockEverythingMod"],"gold_per_floor":[118,132,148,148,161,186,186,186,186],"floor_reached":8,"language":"ZHS","playtime":178,"items_purged":[],"score":58,"play_id":"8d9ab0ca-51a5-4f29-9a4b-dc2b2b32fe9e","local_time":"20210208213358","is_ascension_mode":false,"campfire_choices":[{"data":"Flex","floor":7,"key":"SMITH"}],"circlet_count":0,"master_deck":["Strike_R","Strike_R","Strike_R","Strike_R","Strike_R","Defend_R","Defend_R","Defend_R","Bash","Flex+1","Sword Boomerang","Clash","Rampage"],"relics":["Burning Blood","NeowsBlessing","Bronze Scales"],"acts_visited":["Exordium"],"potions_floor_usage":[6],"damage_taken":[{"damage":0,"enemies":"Cultist","floor":1,"turns":1},{"damage":0,"enemies":"Jaw Worm","floor":2,"turns":1},{"damage":0,"enemies":"Small Slimes","floor":3,"turns":1},{"damage":10,"enemies":"Looter","floor":5,"turns":2},{"damage":25,"enemies":"Gremlin Nob","floor":6,"turns":4},{"damage":26,"enemies":"3 Sentries","floor":8,"turns":6}],"seed_played":"3826538579746987048","potions_obtained":[{"floor":5,"key":"Swift Potion"}],"is_trial":false,"path_per_floor":["M","M","M","?","M","E","R","E"],"character_chosen":"IRONCLAD","items_purchased":[],"campfire_rested":0,"item_purchase_floors":[],"current_hp_per_floor":[80,80,80,80,76,57,57,31,31],"gold":186,"neow_bonus":"THREE_ENEMY_KILL","is_daily":false,"chose_seed":false,"campfire_upgraded":1,"win_rate":0.0,"timestamp":1612791238,"path_taken":["M","?","?","?","M","E","R","E"],"items_purchased_type":[],"build_version":"2020-12-22","purchased_purges":0,"victory":false,"max_hp_per_floor":[80,80,80,80,80,80,80,80,80],"relic_stats":{"counters":[6,15],"Bronze Scales":[15],"obtain_stats":[{"NeowsBlessing":0,"Bronze Scales":6,"Burning Blood":0},{"NeowsBlessing":0,"Bronze Scales":5,"Burning Blood":0},{"NeowsBlessing":0,"Bronze Scales":9,"Burning Blood":0}],"Burning Blood":12},"card_choices":[{"not_picked":["Iron Wave","Carnage"],"picked":"Flex","floor":1},{"not_picked":["Shrug It Off","Intimidate"],"picked":"Sword Boomerang","floor":2},{"not_picked":["Dark Embrace","Sword Boomerang"],"picked":"Clash","floor":3},{"not_picked":["Warcry","Power Through"],"picked":"Rampage","floor":5},{"not_picked":["Body Slam","Perfected Strike","Carnage"],"picked":"SKIP","floor":6}],"player_experience":75120,"relics_obtained":[{"floor":6,"key":"Bronze Scales"}],"event_choices":[{"cards_removed":["Defend_R"],"damage_healed":0,"gold_gain":0,"player_choice":"Offered Basic","damage_taken":0,"max_hp_gain":0,"max_hp_loss":0,"event_name":"Bonfire Elementals","floor":4,"gold_loss":0}],"is_beta":false,"boss_relics":[],"items_purged_floors":[],"is_endless":false,"potions_floor_spawned":[5],"killed_by":"3 Sentries","ascension_level":0}}