{"host":"Ringo","time":1612765042,"event":{"mods":["BaseMod","Colored Map","Conspire","Dota2Spire","Hubris","Minty Spire (QoL Compilation)","Replay The Spire","StSLib","The Construct","[IsaacMod]ÒÔÈö¼âËþ","¡¾ÒÅÎï¿¨ÅÆ¡¿REMEMod"],"gold_per_floor":[113,127,142,166,180,207,239,270,270,270,282,316,342,380,380,459,459,472,489,499,163,182,213,243,278,278,307,357,390,415,427,427,504,504,524,544,563,581,4,37,67,101,101,135,135,35,64,93,93,93,93],"floor_reached":52,"language":"ZHS","playtime":1409,"items_purged":[],"score":3975,"play_id":"14457e3a-3378-4b9e-a715-5fc8d9707c41","local_time":"20210208141722","daily_mods":["SealedDeck","Vintage","Heirloom","Time Dilation","Flight","DeadlyEvents","Elite Swarm","Lethality","Binary"],"is_ascension_mode":true,"campfire_choices":[{"data":"Armaments","floor":10,"key":"SMITH"},{"data":"REME_Scribble","floor":10,"key":"SMITH"},{"data":"Rage","floor":15,"key":"SMITH"},{"data":"Heavy Blade","floor":15,"key":"SMITH"},{"data":"Pommel Strike","floor":32,"key":"SMITH"},{"data":"ReplayTheSpireMod:Muscle Training","floor":32,"key":"SMITH"},{"data":"ReplayReversal","floor":45,"key":"SMITH"},{"data":"Anger","floor":45,"key":"SMITH"},{"data":"Sword Boomerang","floor":49,"key":"SMITH"},{"data":"Twin Strike","floor":49,"key":"SMITH"}],"circlet_count":0,"master_deck":["AscendersBane","Heavy Blade+1","Pommel Strike+1","Rage+1","Shrug It Off","Iron Wave","Twin Strike+1","Sword Boomerang+1","Thunderclap","Anger+1","construct:Hazardproof","Armaments+1","ReplayTheSpireMod:Muscle Training+1"],"relics":["Burning Blood","Busted Crown","HushsDoor","replay:Trail_Library","Replay:Arrowhead","Toy Ornithopter","hubris:IronBody","hubris:OldNail","hubris:Potato","hubris:Reverence","Dota2Spire:Dagon","Letter Opener","Void","hubris:Metronome","BookOfRevelations","construct:WeddingRing","DeadEye","Dota2Spire:HeartOfTarrasque","Bird Faced Urn","BlankCard","BookofShadows","Dota2Spire:PhaseBoots","ReplayTheSpireMod:Shallot","Matryoshka","Garlic","Replay:Kaleidoscope","Bronze Scales","Dota2Spire:DivineRapier","Dota2Spire:Desolator","SacredBark","Vajra","Iron Hammer","Ancient Tea Set","Replay:Ringing Soul","Another Sword","TheBible","Oddly Smooth Stone","conspire:DecoderRing","Pet Ghost","Champion Belt"],"acts_visited":["Exordium","TheCity","TheBeyond"],"potions_floor_usage":[6,16,51,51],"damage_taken":[{"damage":0,"enemies":"conspire:RoseBush","floor":1,"turns":1},{"damage":0,"enemies":"Jaw Worm","floor":2,"turns":1},{"damage":0,"enemies":"Cultist","floor":3,"turns":1},{"damage":0,"enemies":"Lots of Slimes","floor":4,"turns":2},{"damage":0,"enemies":"2 Fungi Beasts","floor":5,"turns":1},{"damage":0,"enemies":"3 Sentries","floor":6,"turns":2},{"damage":0,"enemies":"Lagavulin","floor":7,"turns":2},{"damage":0,"enemies":"Gremlin Nob","floor":8,"turns":1},{"damage":0,"enemies":"Red Slaver","floor":11,"turns":1},{"damage":0,"enemies":"3 Sentries","floor":12,"turns":3},{"damage":0,"enemies":"Lagavulin","floor":13,"turns":3},{"damage":0,"enemies":"Replay:BlueRogue","floor":14,"turns":2},{"damage":0,"enemies":"Slime Boss","floor":16,"turns":1},{"damage":0,"enemies":"conspire:FuzzyDice","floor":18,"turns":1},{"damage":0,"enemies":"2 Thieves","floor":19,"turns":2},{"damage":0,"enemies":"Centurion and Healer","floor":20,"turns":2},{"damage":0,"enemies":"Cultist and Chosen","floor":22,"turns":1},{"damage":0,"enemies":"conspire:Head Lice","floor":23,"turns":2},{"damage":0,"enemies":"Slavers","floor":24,"turns":2},{"damage":0,"enemies":"REME_1_Revenger","floor":25,"turns":1},{"damage":0,"enemies":"Slavers","floor":27,"turns":2},{"damage":0,"enemies":"conspire:SneckoGhost","floor":29,"turns":1},{"damage":0,"enemies":"conspire:Head Lice","floor":30,"turns":2},{"damage":0,"enemies":"Snecko","floor":31,"turns":1},{"damage":0,"enemies":"Collector","floor":33,"turns":1},{"damage":0,"enemies":"3 Shapes","floor":35,"turns":1},{"damage":0,"enemies":"Orb Walker","floor":36,"turns":1},{"damage":0,"enemies":"Writhing Mass","floor":37,"turns":1},{"damage":0,"enemies":"Transient","floor":38,"turns":2},{"damage":0,"enemies":"Reptomancer","floor":40,"turns":1},{"damage":0,"enemies":"Giant Head","floor":41,"turns":1},{"damage":0,"enemies":"R_Hoarder","floor":42,"turns":1},{"damage":0,"enemies":"Nemesis","floor":44,"turns":1},{"damage":0,"enemies":"Giant Head","floor":47,"turns":1},{"damage":0,"enemies":"R_Hoarder","floor":48,"turns":1},{"damage":0,"enemies":"Awakened One","floor":50,"turns":2},{"damage":0,"enemies":"Donu and Deca","floor":51,"turns":1}],"seed_played":"-7707237440903639668","potions_obtained":[{"floor":3,"key":"Regen Potion"},{"floor":4,"key":"Fire Potion"},{"floor":7,"key":"Energy Potion"},{"floor":20,"key":"ElixirPotion"},{"floor":22,"key":"Energy Potion"}],"is_trial":true,"path_per_floor":["M","M","M","M","M","E","E","E","T","R","M","E","E","E","R","B",null,"M","M","M","$","M","E","E","E","T","E","?","E","E","M","R","B",null,"M","M","M","M","$","E","E","E","T","E","R","NS","E","E","R","B","B",null],"character_chosen":"IRONCLAD","items_purchased":["BlankCard","Replay:Ringing Soul"],"campfire_rested":0,"item_purchase_floors":[21,39],"current_hp_per_floor":[74,75,75,77,79,81,83,85,85,85,85,88,86,89,89,89,89,92,103,106,106,106,109,112,112,112,115,115,115,115,115,115,115,115,118,121,124,127,127,130,133,133,133,133,136,136,136,136,136,136,136],"gold":93,"neow_bonus":"","is_daily":false,"chose_seed":false,"campfire_upgraded":10,"win_rate":0.0,"timestamp":1612765042,"path_taken":["M","M","M","M","M","E","E","E","T","R","M","E","E","E","R","BOSS","M","M","M","$","M","E","E","E","T","E","?","E","E","M","R","BOSS","M","M","?","M","$","E","E","E","T","E","R","NS","E","E","R","BOSS","BOSS"],"items_purchased_type":["Relic","Relic"],"build_version":"2020-12-18","purchased_purges":0,"victory":true,"max_hp_per_floor":[75,75,75,77,79,81,83,85,85,85,85,88,86,89,89,89,89,92,103,106,106,106,109,112,112,112,115,115,115,115,115,115,115,115,118,121,124,127,127,130,133,133,133,133,136,136,136,136,136,136,136],"card_choices":[],"player_experience":653740,"relics_obtained":[{"floor":1,"key":"Toy Ornithopter"},{"floor":2,"key":"hubris:IronBody"},{"floor":3,"key":"hubris:OldNail"},{"floor":4,"key":"hubris:Potato"},{"floor":5,"key":"hubris:Reverence"},{"floor":6,"key":"Omamori"},{"floor":7,"key":"Dota2Spire:Dagon"},{"floor":8,"key":"AnarchistCookbook"},{"floor":9,"key":"Letter Opener"},{"floor":11,"key":"PillsDrop"},{"floor":12,"key":"Void"},{"floor":13,"key":"hubris:Metronome"},{"floor":14,"key":"BookOfRevelations"},{"floor":18,"key":"DeadEye"},{"floor":19,"key":"Dota2Spire:HeartOfTarrasque"},{"floor":20,"key":"Bird Faced Urn"},{"floor":22,"key":"BookofShadows"},{"floor":23,"key":"Dota2Spire:PhaseBoots"},{"floor":24,"key":"ReplayTheSpireMod:Shallot"},{"floor":25,"key":"Matryoshka"},{"floor":26,"key":"Art of War"},{"floor":26,"key":"Garlic"},{"floor":27,"key":"Replay:Kaleidoscope"},{"floor":29,"key":"Bronze Scales"},{"floor":30,"key":"Dota2Spire:DivineRapier"},{"floor":31,"key":"Dota2Spire:Desolator"},{"floor":35,"key":"Vajra"},{"floor":36,"key":"Iron Hammer"},{"floor":37,"key":"Ancient Tea Set"},{"floor":40,"key":"Another Sword"},{"floor":41,"key":"TheBible"},{"floor":42,"key":"Oddly Smooth Stone"},{"floor":43,"key":"conspire:DecoderRing"},{"floor":44,"key":"Pet Ghost"},{"floor":48,"key":"Champion Belt"}],"event_choices":[{"damage_healed":0,"gold_gain":50,"player_choice":"Pray","damage_taken":0,"max_hp_gain":0,"max_hp_loss":0,"event_name":"Golden Shrine","floor":28,"gold_loss":0}],"is_beta":true,"boss_relics":[{"not_picked":["Electric Blood","Kintsugi"],"picked":"construct:WeddingRing"},{"not_picked":[]},{"not_picked":["Replay:Wanted Poster","conspire:SlowCooker"],"picked":"SacredBark"},{"not_picked":[]}],"items_purged_floors":[],"is_endless":false,"potions_floor_spawned":[3,4,7,11,13,14,20,22,29,30,38,42,44,48],"ascension_level":20}}