{"host":"k919bq8mkuzdqhzi","time":1612746102,"event":{"mods":["AchievementEnabler","BaseMod","Colored Map","Colored Powertips","DeckTracker","Minty Spire (QoL Compilation)","Relic Sorter","SuperFastMode"],"gold_per_floor":[110,129,54,72,72,97,97,113,113,133,133,147,147,75,75,180,180,190,201,201,201,34,34,34,34,34,34,114,114,114,114],"floor_reached":30,"language":"ENG","playtime":1915,"items_purged":["Strike_B"],"score":251,"play_id":"8ed15359-0810-42f7-8a04-d6d53cfd7239","local_time":"20210207200142","is_ascension_mode":false,"campfire_choices":[{"data":"Dualcast","floor":7,"key":"SMITH"},{"floor":11,"key":"REST"},{"data":"Redo","floor":15,"key":"SMITH"},{"data":"Apotheosis","floor":23,"key":"SMITH"},{"data":"Zap","floor":27,"key":"SMITH"},{"data":"Chill","floor":29,"key":"SMITH"}],"circlet_count":0,"master_deck":["Defend_B","Defend_B","Defend_B","Defend_B","Zap+1","Dualcast+1","Beam Cell","Cold Snap","Streamline","Redo+1","Turbo","Chill+1","Coolheaded","Capacitor","Meteor Strike","Compile Driver","RitualDagger","Bite","Bite","Bite","Bite","Bite","Apotheosis+1"],"relics":["Cracked Core","Shuriken","Bottled Flame","Busted Crown","White Beast Statue","Gremlin Horn"],"acts_visited":["Exordium","TheCity"],"potions_floor_usage":[16,16,30,30],"damage_taken":[{"damage":0,"enemies":"Small Slimes","floor":1,"turns":2},{"damage":0,"enemies":"Cultist","floor":2,"turns":3},{"damage":6,"enemies":"Jaw Worm","floor":4,"turns":3},{"damage":26,"enemies":"Gremlin Nob","floor":6,"turns":4},{"damage":8,"enemies":"Looter","floor":8,"turns":2},{"damage":11,"enemies":"Large Slime","floor":10,"turns":5},{"damage":5,"enemies":"3 Louse","floor":12,"turns":3},{"damage":33,"enemies":"Hexaghost","floor":16,"turns":12},{"damage":8,"enemies":"3 Byrds","floor":18,"turns":6},{"damage":12,"enemies":"2 Thieves","floor":19,"turns":5},{"damage":13,"enemies":"Colosseum Slavers","floor":30,"turns":3},{"damage":75,"enemies":"Colosseum Nobs","floor":30,"turns":5}],"seed_played":"4405206910486930276","potions_obtained":[{"floor":1,"key":"Strength Potion"},{"floor":2,"key":"SpeedPotion"},{"floor":4,"key":"FocusPotion"},{"floor":18,"key":"Energy Potion"}],"is_trial":false,"path_per_floor":["M","M","$","M","?","E","R","M","T","M","R","M","?","$","R","B",null,"M","M","?","?","$","R","$","?","T","R","T","R","?"],"character_chosen":"DEFECT","items_purchased":["Capacitor","Apotheosis"],"campfire_rested":1,"item_purchase_floors":[14,22],"current_hp_per_floor":[75,75,75,69,69,43,43,35,35,24,46,41,41,41,41,8,75,67,55,49,49,49,49,49,41,41,41,41,41,0,0],"gold":114,"neow_bonus":"THREE_CARDS","is_daily":false,"chose_seed":false,"campfire_upgraded":5,"win_rate":0.0,"timestamp":1612746102,"path_taken":["M","M","$","M","?","E","R","?","T","M","R","M","?","?","R","BOSS","M","M","?","?","$","R","$","?","T","R","?","R","?"],"items_purchased_type":["Card","Card"],"build_version":"2020-12-22","purchased_purges":1,"victory":false,"max_hp_per_floor":[75,75,75,75,75,75,75,75,75,75,75,75,75,75,75,75,75,75,75,75,52,52,52,52,57,57,57,57,57,57,57],"card_choices":[{"not_picked":["Compile Driver","Rebound"],"picked":"Beam Cell","floor":0},{"not_picked":["Glacier","BootSequence"],"picked":"Cold Snap","floor":1},{"not_picked":["Lockon","Stack"],"picked":"Streamline","floor":2},{"not_picked":["Compile Driver","Tempest"],"picked":"Redo","floor":4},{"not_picked":["Creative AI","Skim"],"picked":"Turbo","floor":6},{"not_picked":["Steam","Turbo"],"picked":"Chill","floor":8},{"not_picked":["Skim","Beam Cell","Streamline"],"picked":"SKIP","floor":10},{"not_picked":["Cold Snap","Reinforced Body"],"picked":"Coolheaded","floor":12},{"not_picked":["Biased Cognition","Rainbow"],"picked":"Meteor Strike","floor":16},{"not_picked":["Coolheaded"],"picked":"SKIP","floor":18},{"not_picked":[],"picked":"Compile Driver","floor":19}],"player_experience":120100,"relics_obtained":[{"floor":6,"key":"Shuriken"},{"floor":9,"key":"Bottled Flame"},{"floor":26,"key":"White Beast Statue"},{"floor":28,"key":"Gremlin Horn"}],"event_choices":[{"damage_healed":0,"gold_gain":0,"player_choice":"Got Potions","damage_taken":0,"max_hp_gain":0,"max_hp_loss":0,"event_name":"Lab","floor":5,"gold_loss":0},{"cards_removed":["Strike_B"],"damage_healed":0,"gold_gain":0,"player_choice":"Purged","damage_taken":0,"max_hp_gain":0,"max_hp_loss":0,"event_name":"Purifier","floor":13,"gold_loss":0},{"damage_healed":0,"gold_gain":0,"player_choice":"Joined the Cult","damage_taken":6,"max_hp_gain":0,"max_hp_loss":0,"event_name":"Nest","floor":20,"gold_loss":0,"cards_obtained":["RitualDagger"]},{"damage_healed":0,"gold_gain":0,"player_choice":"Became a vampire","damage_taken":0,"max_hp_gain":0,"max_hp_loss":23,"event_name":"Vampires","floor":21,"gold_loss":0,"cards_obtained":["Bite","Bite","Bite","Bite","Bite"]},{"damage_healed":0,"gold_gain":0,"player_choice":"Shed Blood","damage_taken":13,"max_hp_gain":5,"max_hp_loss":0,"event_name":"Forgotten Altar","floor":25,"gold_loss":0},{"damage_healed":0,"gold_gain":0,"player_choice":"Fight","damage_taken":0,"max_hp_gain":0,"max_hp_loss":0,"event_name":"Colosseum","floor":30,"gold_loss":0},{"damage_healed":0,"gold_gain":0,"player_choice":"Fought Nobs","damage_taken":0,"max_hp_gain":0,"max_hp_loss":0,"event_name":"Colosseum","floor":30,"gold_loss":0}],"is_beta":false,"boss_relics":[{"not_picked":["FrozenCore","Snecko Eye"],"picked":"Busted Crown"}],"items_purged_floors":[3],"is_endless":false,"potions_floor_spawned":[1,2,4,12,18,30],"killed_by":"Colosseum Nobs","ascension_level":0}}