{"host":"coat6gkfrd6s61c3","time":1612779925,"event":{"mods":["100% Spire Juice","2.2 Compatiblity","AchievementEnabler","Act Like it!","Aspiration","Bard","BaseMod","Beaked The Cultist","Better Third Choice","Bossed Relics","Colored Powertips","Conspire","Friendly Minions","Gremlin Mod","Halation","Hermit","Hubris","Hunter ??","Infinite Spire","Mad Scientist","Marisa????????","Marked Mod","Melee Mod","Minty Spire (QoL Compilation)","Pikachu Mod","Relic Stats","Reliquary","Replay The Spire","Robot Space Explorer","Shade Mod","Shop Mod","Smile Girya","SpireExporter+","StS++","StSLib","The Blackbeard","The Blue Laboratory","The Bug Knight","The Construct","The Cursed","The Disciple","The Hayseed","The Marked","The Mystic","The Sage","The Saiyan","The Servant 0.9.4","The Wild Card","The Witch","Yuri Mod","everything is the same but u backflip on backflip","slay the spire mod where everything is the same but ironclad has a cowboy hat","thorton"],"gold_per_floor":[119,131,131,131,152,185,185,185,209,227,248,248,268,291,291,291,291],"floor_reached":16,"language":"ENG","playtime":1093,"items_purged":[],"score":104,"play_id":"c848a4c1-cb52-4710-b8a6-def25c36caa1","local_time":"20210208205525","is_ascension_mode":false,"campfire_choices":[{"data":"TheSimpletonMod:ReapAndSow","floor":7,"key":"SMITH"},{"data":"TheSimpletonMod:Ferment","floor":12,"key":"SMITH"},{"data":"TheSimpletonMod:OnionBloom","floor":15,"key":"SMITH"}],"circlet_count":0,"master_deck":["TheSimpletonMod:Strike_TheSimpleton","TheSimpletonMod:Strike_TheSimpleton","TheSimpletonMod:Strike_TheSimpleton","TheSimpletonMod:Strike_TheSimpleton","TheSimpletonMod:Defend_TheSimpleton","TheSimpletonMod:Defend_TheSimpleton","TheSimpletonMod:Defend_TheSimpleton","TheSimpletonMod:Defend_TheSimpleton","TheSimpletonMod:Haymaker","TheSimpletonMod:ReapAndSow+1","TheSimpletonMod:BumperCrop","TheSimpletonMod:ToughenUp","TheSimpletonMod:Pruning","TheSimpletonMod:Ferment+1","TheSimpletonMod:Potatoes","TheSimpletonMod:CloseScrape","TheSimpletonMod:PestManagement","TheSimpletonMod:OnionBloom+1"],"relics":["TheSimpletonMod:SpudOfTheInnocent","TheSimpletonMod:NightSoil","TheSimpletonMod:TheHarvester","Golden Idol","Simple Rune","hubris:Towel","Lantern"],"acts_visited":["Exordium"],"potions_floor_usage":[6,11,16,16],"damage_taken":[{"damage":3,"enemies":"Jaw Worm","floor":1,"turns":5},{"damage":9,"enemies":"Small Slimes","floor":2,"turns":3},{"damage":0,"enemies":"Cultist","floor":5,"turns":4},{"damage":38,"enemies":"Gremlin Nob","floor":6,"turns":5},{"damage":2,"enemies":"Blue Slaver","floor":10,"turns":4},{"damage":3,"enemies":"Gremlin Gang","floor":11,"turns":4},{"damage":8,"enemies":"Red Slaver","floor":13,"turns":3},{"damage":0,"enemies":"2 Fungi Beasts","floor":14,"turns":2},{"damage":43,"enemies":"Hexaghost","floor":16,"turns":14}],"seed_played":"-8910212285200129244","potions_obtained":[{"floor":5,"key":"blueLaboratory:BubblePotion"},{"floor":10,"key":"SkillPotion"},{"floor":11,"key":"Weak Potion"},{"floor":13,"key":"blueLaboratory:CorrosionFlask"}],"is_trial":false,"path_per_floor":["M","M","?","?","M","E","R","?","T","M","M","R","M","M","R","B"],"character_chosen":"THE_SIMPLETON","items_purchased":[],"campfire_rested":0,"item_purchase_floors":[],"current_hp_per_floor":[82,73,73,53,57,23,23,23,23,25,36,36,32,36,36,0,0],"gold":291,"neow_bonus":"TEN_PERCENT_HP_BONUS","is_daily":false,"chose_seed":false,"campfire_upgraded":3,"win_rate":0.0,"timestamp":1612779925,"path_taken":["M","M","?","?","M","E","R","?","T","M","M","R","?","M","R","BOSS"],"items_purchased_type":[],"build_version":"2020-12-22","purchased_purges":0,"victory":false,"max_hp_per_floor":[82,82,82,82,82,82,82,82,82,82,82,82,82,82,82,82,82],"relic_stats":{"counters":[9,44],"Golden Idol":28,"obtain_stats":[{"TheSimpletonMod:TheHarvester":0,"Lantern":9,"Golden Idol":4,"Simple Rune":6,"TheSimpletonMod:SpudOfTheInnocent":0,"hubris:Towel":8,"TheSimpletonMod:NightSoil":0,"halation:StarCompass":3},{"TheSimpletonMod:TheHarvester":0,"Lantern":4,"Golden Idol":2,"Simple Rune":4,"TheSimpletonMod:SpudOfTheInnocent":0,"hubris:Towel":4,"TheSimpletonMod:NightSoil":0,"halation:StarCompass":2},{"TheSimpletonMod:TheHarvester":0,"Lantern":17,"Golden Idol":8,"Simple Rune":17,"TheSimpletonMod:SpudOfTheInnocent":0,"hubris:Towel":17,"TheSimpletonMod:NightSoil":0,"halation:StarCompass":8}]},"card_choices":[{"not_picked":["TheSimpletonMod:SlashAndBurn","TheSimpletonMod:Innovate"],"picked":"TheSimpletonMod:BumperCrop","floor":1},{"not_picked":["TheSimpletonMod:CropRotation","TheSimpletonMod:Rototilling"],"picked":"TheSimpletonMod:ToughenUp","floor":2},{"not_picked":["TheSimpletonMod:SaladShooter","TheSimpletonMod:Rototilling"],"picked":"TheSimpletonMod:Pruning","floor":5},{"not_picked":["TheSimpletonMod:SaladShooter","TheSimpletonMod:DigIn"],"picked":"TheSimpletonMod:Ferment","floor":6},{"not_picked":["TheSimpletonMod:BumperCrop","TheSimpletonMod:Pruning"],"picked":"TheSimpletonMod:Potatoes","floor":10},{"not_picked":["TheSimpletonMod:VolatileFumes","TheSimpletonMod:ControlledBurn"],"picked":"TheSimpletonMod:CloseScrape","floor":11},{"not_picked":["TheSimpletonMod:Rototilling","TheSimpletonMod:KeenEdge"],"picked":"TheSimpletonMod:PestManagement","floor":13},{"not_picked":["TheSimpletonMod:PestManagement","TheSimpletonMod:SaladShooter"],"picked":"TheSimpletonMod:OnionBloom","floor":14}],"player_experience":810905,"relics_obtained":[{"floor":6,"key":"Simple Rune"},{"floor":9,"key":"Lantern"}],"event_choices":[{"damage_healed":0,"gold_gain":0,"player_choice":"Take Damage","damage_taken":20,"relics_obtained":["Golden Idol"],"max_hp_gain":0,"max_hp_loss":0,"event_name":"Golden Idol","floor":4,"gold_loss":0}],"is_beta":false,"boss_relics":[],"items_purged_floors":[],"is_endless":false,"potions_floor_spawned":[5,10,11,13],"killed_by":"Hexaghost","ascension_level":0}}