{"host":"5jdby9iqu3ct6557","time":1612823826,"event":{"mods":["BaseMod","DeckTracker","Highlight Path","Minty Spire (QoL Compilation)","Relic Stats","StSLib"],"gold_per_floor":[119,132,143,143,143,143,177,26,51,65,65,79,104,138,138,217,217,234,254,14,24,24,24,24,24,24,24,24,41,60,142,142,221,221,241,36,61,61,0,28,48,48,48,65,100,117,129,156,156,156,156,156],"floor_reached":51,"language":"ENG","playtime":7993,"items_purged":["Strike_B"],"score":1490,"play_id":"84b65a23-a539-418d-8580-55e1305ce10d","local_time":"20210208173706","is_ascension_mode":true,"campfire_choices":[{"data":"Rip and Tear","floor":6.0,"key":"SMITH"},{"floor":11.0,"key":"REST"},{"data":"Consume","floor":15.0,"key":"SMITH"},{"floor":23.0,"key":"REST"},{"floor":27.0,"key":"REST"},{"floor":32.0,"key":"REST"},{"floor":42,"key":"REST"},{"floor":49,"key":"RECALL"}],"circlet_count":0,"master_deck":["AscendersBane","Defend_B","Defend_B","Defend_B+1","Defend_B","Dualcast","Undo+1","Rip and Tear+1","Ball Lightning+1","BootSequence","Static Discharge","Consume+1","Compile Driver","Rainbow","Reboot+1","Heatsinks+1","Go for the Eyes","Leap","Fusion","Capacitor","Hologram","Seek","Coolheaded+1","Electrodynamics+1","Loop+1","Self Repair+1","Hologram+1","Force Field+1","Stack+1","Darkness+1"],"relics":["Cracked Core","Dream Catcher","MawBank","Runic Capacitor","Art of War","War Paint","Happy Flower","Astrolabe","Frozen Egg 2","Toxic Egg 2","SlaversCollar","PreservedInsect","Peace Pipe","Red Mask","Bag of Preparation","Regal Pillow","Bag of Marbles","Orichalcum"],"acts_visited":["Exordium","TheCity","TheBeyond"],"potions_floor_usage":[40,45,50,51],"damage_taken":[{"damage":0.0,"enemies":"2 Louse","floor":1.0,"turns":2.0},{"damage":4.0,"enemies":"Small Slimes","floor":2.0,"turns":4.0},{"damage":7.0,"enemies":"Jaw Worm","floor":3.0,"turns":2.0},{"damage":7.0,"enemies":"Lagavulin","floor":7.0,"turns":5.0},{"damage":8.0,"enemies":"Lots of Slimes","floor":10.0,"turns":5.0},{"damage":8.0,"enemies":"Large Slime","floor":12.0,"turns":4.0},{"damage":8.0,"enemies":"Gremlin Nob","floor":14.0,"turns":3.0},{"damage":23.0,"enemies":"Hexaghost","floor":16.0,"turns":6.0},{"damage":10.0,"enemies":"Shell Parasite","floor":18.0,"turns":6.0},{"damage":20.0,"enemies":"3 Byrds","floor":19.0,"turns":5.0},{"damage":17.0,"enemies":"Cultist and Chosen","floor":21.0,"turns":7.0},{"damage":34.0,"enemies":"Sentry and Sphere","floor":29.0,"turns":7.0},{"damage":0.0,"enemies":"Centurion and Healer","floor":30.0,"turns":9.0},{"damage":6.0,"enemies":"Champ","floor":33.0,"turns":22.0},{"damage":16.0,"enemies":"Orb Walker","floor":35.0,"turns":6.0},{"damage":3,"enemies":"Mind Bloom Boss Battle","floor":37,"turns":6},{"damage":23,"enemies":"Nemesis","floor":40,"turns":7},{"damage":5,"enemies":"3 Shapes","floor":41,"turns":4},{"damage":11,"enemies":"Sphere and 2 Shapes","floor":44,"turns":5},{"damage":11,"enemies":"Giant Head","floor":45,"turns":13},{"damage":0,"enemies":"4 Shapes","floor":46,"turns":4},{"damage":38,"enemies":"Jaw Worm Horde","floor":47,"turns":6},{"damage":0,"enemies":"Nemesis","floor":48,"turns":11},{"damage":43,"enemies":"Time Eater","floor":50,"turns":13},{"damage":17,"enemies":"Donu and Deca","floor":51,"turns":2}],"seed_played":"8570313297486718826","potions_obtained":[{"floor":2.0,"key":"Swift Potion"},{"floor":3.0,"key":"Block Potion"},{"floor":7.0,"key":"FearPotion"},{"floor":18.0,"key":"DuplicationPotion"},{"floor":30.0,"key":"Dexterity Potion"},{"floor":33.0,"key":"PowerPotion"},{"floor":37,"key":"SpeedPotion"},{"floor":41,"key":"DistilledChaos"},{"floor":44,"key":"Ancient Potion"},{"floor":47,"key":"Swift Potion"},{"floor":48,"key":"SpeedPotion"}],"is_trial":false,"path_per_floor":["M","M","M","?","?","R","E","$","T","M","R","M","T","E","R","B",null,"M","M","$","M","$","R","?","$","T","R","T","M","M","T","R","B",null,"M","$","?","?","?","E","M","R","T","M","E","M","M","E","R","B","B"],"character_chosen":"DEFECT","items_purchased":["Runic Capacitor","SpeedPotion","Explosive Potion","Leap","PreservedInsect","Self Repair+1"],"campfire_rested":5,"item_purchase_floors":[8,20,20,20,36,36],"current_hp_per_floor":[64,60,53,42,42,42,35,35,35,27,48,40,40,32,32,9,56,46,26,26,9,9,30,30,30,30,51,51,17,17,17,38,32,61,45,45,52,52,52,39,44,65,65,64,63,63,35,45,45,12,0,0],"gold":156,"neow_bonus":"RANDOM_COMMON_RELIC","is_daily":false,"chose_seed":false,"campfire_upgraded":2,"win_rate":0.0,"timestamp":1612823826,"path_taken":["M","M","M","?","?","R","E","$","T","M","R","M","?","E","R","BOSS","M","M","$","M","?","R","?","?","T","R","?","M","?","?","R","BOSS","M","$","?","?","?","E","M","R","T","M","E","?","M","E","R","BOSS","BOSS"],"items_purchased_type":["Relic","Potion","Potion","Card","Relic","Card"],"build_version":"2020-12-22","purchased_purges":1,"victory":false,"max_hp_per_floor":[71,71,71,71,71,71,71,71,71,71,71,71,71,71,71,71,71,71,71,71,71,71,71,71,71,71,71,71,71,71,71,71,71,71,71,71,71,71,71,71,71,71,71,71,71,71,71,71,71,71,71,71],"relic_stats":{"Regal Pillow":0,"Happy Flower":[46],"counters":[25,164],"Astrolabe":["Reboot","Heatsinks","Scrape"],"PreservedInsect":263,"Bag of Preparation":[16],"War Paint":["Undo","Defend_B"],"Orichalcum":[0],"MawBank":12,"Peace Pipe":0,"Dream Catcher":5,"Art of War":[55],"obtain_stats":[{"Regal Pillow":43,"Happy Flower":14,"Astrolabe":17,"PreservedInsect":36,"Runic Capacitor":8,"Bag of Preparation":40,"War Paint":13,"Frozen Egg 2":26,"Orichalcum":48,"MawBank":7,"Peace Pipe":37,"SlaversCollar":34,"Dream Catcher":0,"Art of War":9,"Red Mask":39,"Bag of Marbles":45,"Toxic Egg 2":31,"Cracked Core":0},{"Regal Pillow":18,"Happy Flower":7,"Astrolabe":8,"PreservedInsect":15,"Runic Capacitor":4,"Bag of Preparation":17,"War Paint":6,"Frozen Egg 2":11,"Orichalcum":23,"MawBank":4,"Peace Pipe":16,"SlaversCollar":14,"Dream Catcher":0,"Art of War":4,"Red Mask":16,"Bag of Marbles":20,"Toxic Egg 2":13,"Cracked Core":0},{"Regal Pillow":110,"Happy Flower":25,"Astrolabe":31,"PreservedInsect":93,"Runic Capacitor":13,"Bag of Preparation":106,"War Paint":22,"Frozen Egg 2":49,"Orichalcum":149,"MawBank":13,"Peace Pipe":99,"SlaversCollar":87,"Dream Catcher":0,"Art of War":13,"Red Mask":99,"Bag of Marbles":128,"Toxic Egg 2":65,"Cracked Core":0}]},"card_choices":[{"not_picked":["Gash","Conserve Battery"],"picked":"Undo","floor":1.0},{"not_picked":["Heatsinks","BootSequence"],"picked":"Rip and Tear","floor":2.0},{"not_picked":["Stack","Rebound"],"picked":"Ball Lightning","floor":3.0},{"not_picked":["Barrage","Capacitor"],"picked":"BootSequence","floor":7.0},{"not_picked":["Leap","Defragment"],"picked":"Static Discharge","floor":10.0},{"not_picked":["Steam","Auto Shields"],"picked":"Consume","floor":11.0},{"not_picked":["Beam Cell","Lockon"],"picked":"Compile Driver","floor":12.0},{"not_picked":["Buffer","Hyperbeam"],"picked":"Rainbow","floor":16.0},{"not_picked":["Stack","Tempest"],"picked":"Go for the Eyes","floor":19.0},{"not_picked":["Compile Driver","Redo"],"picked":"Fusion","floor":23.0},{"not_picked":["Ball Lightning+1","Redo"],"picked":"Seek","floor":29.0},{"not_picked":["Ball Lightning","Streamline"],"picked":"Coolheaded+1","floor":32.0},{"not_picked":["All For One","Core Surge"],"picked":"Electrodynamics+1","floor":33.0},{"not_picked":["Self Repair+1","Leap+1"],"picked":"Loop+1","floor":35.0},{"not_picked":["Steam+1","Hello World+1"],"picked":"Hologram+1","floor":37},{"not_picked":["Beam Cell+1","Barrage"],"picked":"Force Field+1","floor":44},{"not_picked":["Ball Lightning","Sweeping Beam"],"picked":"Stack+1","floor":45},{"not_picked":["All For One","Machine Learning+1"],"picked":"Darkness+1","floor":48}],"player_experience":2590956,"relics_obtained":[{"floor":7.0,"key":"MawBank"},{"floor":9.0,"key":"Art of War"},{"floor":13.0,"key":"War Paint"},{"floor":14.0,"key":"Happy Flower"},{"floor":26.0,"key":"Frozen Egg 2"},{"floor":31.0,"key":"Toxic Egg 2"},{"floor":37,"key":"Peace Pipe"},{"floor":40,"key":"Bag of Preparation"},{"floor":43,"key":"Regal Pillow"},{"floor":45,"key":"Bag of Marbles"},{"floor":48,"key":"Orichalcum"}],"event_choices":[{"damage_healed":0.0,"max_hp_gain":0.0,"max_hp_loss":0.0,"gold_gain":0.0,"event_name":"Scrap Ooze","player_choice":"Fled","floor":4.0,"gold_loss":0.0,"damage_taken":11.0},{"damage_healed":0.0,"max_hp_gain":0.0,"max_hp_loss":0.0,"gold_gain":0.0,"event_name":"Living Wall","player_choice":"Grow","floor":5.0,"gold_loss":0.0,"damage_taken":0.0,"cards_upgraded":["Ball Lightning"]},{"damage_healed":0.0,"max_hp_gain":0.0,"max_hp_loss":0.0,"gold_gain":0.0,"cards_transformed":["Zap","Scrape"],"event_name":"Drug Dealer","player_choice":"Became Test Subject","floor":24.0,"gold_loss":0.0,"damage_taken":0.0,"cards_obtained":["Capacitor","Hologram"]},{"damage_healed":0,"gold_gain":0,"player_choice":"Fight","damage_taken":0,"max_hp_gain":0,"max_hp_loss":0,"event_name":"MindBloom","floor":37,"gold_loss":0},{"damage_healed":0,"gold_gain":0,"player_choice":"Ignored","damage_taken":0,"max_hp_gain":0,"max_hp_loss":0,"event_name":"Mysterious Sphere","floor":38,"gold_loss":0},{"damage_healed":0,"gold_gain":0,"player_choice":"Paid","damage_taken":0,"relics_obtained":["Red Mask"],"max_hp_gain":0,"max_hp_loss":0,"event_name":"Tomb of Lord Red Mask","floor":39,"gold_loss":61}],"is_beta":false,"boss_relics":[{"not_picked":["Empty Cage","FrozenCore"],"picked":"Astrolabe"},{"not_picked":["Calling Bell","Black Star"],"picked":"SlaversCollar"}],"items_purged_floors":[20],"is_endless":false,"potions_floor_spawned":[2,3,7,10,18,30,33,37,41,44,47,48],"killed_by":"Donu and Deca","ascension_level":20}}