{"host":"sav7uxregyirlf69","time":1612767690,"event":{"mods":["AchievementEnabler","BaseMod","Colored Map","DeckTracker","Keyboard Shortcuts","Minty Spire (QoL Compilation)","READ ME - Guardian Mod","StSLib","SuperFastMode"],"gold_per_floor":[109,126,139,150,150,182,182,19,19,0,20,31,31,81,81,154,154,171,96,96,73,73,73],"floor_reached":22,"language":"KOR","playtime":508,"items_purged":["Strike_G"],"score":372,"play_id":"54629326-f7df-423f-8c6c-99779aad5b01","local_time":"20210208160130","is_ascension_mode":true,"campfire_choices":[{"data":"Tactician","floor":7,"key":"SMITH"},{"data":"Footwork","floor":13,"key":"SMITH"},{"floor":15,"key":"REST"}],"circlet_count":0,"master_deck":["AscendersBane","Strike_G","Strike_G","Defend_G","Defend_G","Defend_G","Defend_G","Survivor","Neutralize+1","Footwork+1","Dagger Throw","Tactician+1","Dash","Escape Plan","Escape Plan","Deadly Poison","Reflex","Dagger Throw","Leg Sweep","A Thousand Cuts","Backflip","Deadly Poison"],"relics":["Ring of the Snake","PreservedInsect","Orrery","Empty Cage"],"acts_visited":["Exordium","TheCity"],"potions_floor_usage":[6,16,22],"damage_taken":[{"damage":1,"enemies":"2 Louse","floor":1,"turns":3},{"damage":0,"enemies":"Cultist","floor":2,"turns":4},{"damage":3,"enemies":"Small Slimes","floor":3,"turns":4},{"damage":2,"enemies":"Blue Slaver","floor":4,"turns":6},{"damage":28,"enemies":"Lagavulin","floor":6,"turns":11},{"damage":2,"enemies":"Looter","floor":10,"turns":4},{"damage":6,"enemies":"3 Louse","floor":11,"turns":5},{"damage":5,"enemies":"Red Slaver","floor":12,"turns":4},{"damage":11,"enemies":"The Guardian","floor":16,"turns":16},{"damage":19,"enemies":"Shell Parasite","floor":18,"turns":13},{"damage":27,"enemies":"2 Thieves","floor":21,"turns":4},{"damage":45,"enemies":"Cultist and Chosen","floor":22,"turns":3}],"seed_played":"7299501272253501353","potions_obtained":[{"floor":1,"key":"CunningPotion"},{"floor":2,"key":"Dexterity Potion"},{"floor":12,"key":"Energy Potion"},{"floor":16,"key":"Regen Potion"}],"is_trial":false,"path_per_floor":["M","M","M","M","?","E","R","$","T","M","M","M","R","?","R","B",null,"M","$","?","M","M"],"character_chosen":"THE_SILENT","items_purchased":["Orrery"],"campfire_rested":1,"item_purchase_floors":[8],"current_hp_per_floor":[58,58,55,53,53,25,25,25,25,23,17,12,12,12,31,20,55,36,36,36,9,0,0],"gold":73,"neow_bonus":"UPGRADE_CARD","is_daily":false,"chose_seed":false,"campfire_upgraded":2,"win_rate":0.0,"timestamp":1612767690,"path_taken":["M","M","M","M","?","E","R","$","T","M","M","M","R","?","R","BOSS","M","$","?","M","M"],"items_purchased_type":["Relic"],"build_version":"2020-12-22","purchased_purges":1,"victory":false,"max_hp_per_floor":[66,66,66,66,66,66,66,66,66,66,66,66,66,66,66,66,66,66,66,66,66,66,66],"card_choices":[{"not_picked":["Blur","Bane","Calculated Gamble"],"picked":"SKIP","floor":1},{"not_picked":["Expertise","Acrobatics"],"picked":"Footwork","floor":2},{"not_picked":["Riddle With Holes","Skewer"],"picked":"Dagger Throw","floor":3},{"not_picked":["Accuracy","Outmaneuver"],"picked":"Tactician","floor":4},{"not_picked":["Dodge and Roll","Caltrops","Dash"],"picked":"SKIP","floor":6},{"not_picked":["Outmaneuver","Flying Knee"],"picked":"Escape Plan","floor":8},{"not_picked":["Distraction","Riddle With Holes"],"picked":"Escape Plan","floor":8},{"not_picked":["Wraith Form v2","Leg Sweep"],"picked":"Deadly Poison","floor":8},{"not_picked":["Underhanded Strike","Prepared"],"picked":"Reflex","floor":10},{"not_picked":["All Out Attack","Quick Slash"],"picked":"Dagger Throw","floor":11},{"not_picked":["Outmaneuver","Predator"],"picked":"Leg Sweep","floor":12},{"not_picked":["Phantasmal Killer","Unload"],"picked":"A Thousand Cuts","floor":16},{"not_picked":["Escape Plan","Dagger Throw+1"],"picked":"Backflip","floor":18},{"not_picked":["Dagger Spray+1","Backstab"],"picked":"Deadly Poison","floor":21}],"player_experience":1520796,"relics_obtained":[{"floor":6,"key":"PreservedInsect"}],"event_choices":[{"damage_healed":0,"gold_gain":0,"cards_transformed":["Defend_G"],"player_choice":"Change","damage_taken":0,"max_hp_gain":0,"max_hp_loss":0,"event_name":"Living Wall","floor":5,"gold_loss":0,"cards_obtained":["Dash"]},{"damage_healed":0,"gold_gain":50,"player_choice":"Pray","damage_taken":0,"max_hp_gain":0,"max_hp_loss":0,"event_name":"Golden Shrine","floor":14,"gold_loss":0},{"damage_healed":0,"gold_gain":0,"player_choice":"Ignored","damage_taken":0,"max_hp_gain":0,"max_hp_loss":0,"event_name":"Vampires","floor":20,"gold_loss":0}],"is_beta":false,"boss_relics":[{"not_picked":["Cursed Key","WristBlade"],"picked":"Empty Cage"}],"items_purged_floors":[19],"is_endless":false,"potions_floor_spawned":[1,2,12,16,21],"killed_by":"Cultist and Chosen","ascension_level":20}}