{"host":"bz6w3lfmpwgz81o3","time":1612793329,"event":{"mods":["BaseMod","Downfall","Hermit","Minty Spire (QoL Compilation)","StSLib"],"gold_per_floor":[99,109,109,126,136,236,236,72,88,118,118,103,121,150,165,165,165,165],"floor_reached":16,"language":"ENG","playtime":1461,"items_purged":[],"score":112,"play_id":"3f621bb9-129d-4c77-b436-fa5f5ea53207","local_time":"20210208150849","is_ascension_mode":false,"campfire_choices":[{"data":"hexamod:Float","floor":1,"key":"SMITH"},{"data":"hexamod:ShieldOfDarkness","floor":11,"key":"SMITH"}],"circlet_count":0,"master_deck":["hexamod:Strike+1","hexamod:Strike+1","hexamod:Strike","hexamod:Defend+1","hexamod:Defend+1","hexamod:Defend","hexamod:Sear","hexamod:Float+1","hexamod:ShieldOfDarkness+1","hexamod:SixthSeal","hexamod:ThermalTransfer+1","hexamod:FifthSeal","hexamod:FifthSeal","hexamod:FirstSeal","hexamod:ShieldOfDarkness+1","hexamod:RecurringNightmare","hexamod:GhostflameBarrier"],"relics":["hexamod:SpiritBrand","InkBottle","Orichalcum","Anchor","PreservedInsect"],"acts_visited":["Exordium"],"potions_floor_usage":[6,6,10,16],"damage_taken":[{"damage":1,"enemies":"Jaw Worm","floor":2,"turns":3},{"damage":3,"enemies":"2 Louse","floor":4,"turns":3},{"damage":5,"enemies":"Cultist","floor":5,"turns":6},{"damage":20,"enemies":"downfall:Heads","floor":6,"turns":7},{"damage":0,"enemies":"downfall:FleeingMerchant","floor":8,"turns":4},{"damage":0,"enemies":"Lots of Slimes","floor":9,"turns":6},{"damage":22,"enemies":"3 Sentries","floor":10,"turns":9},{"damage":2,"enemies":"downfall:FleeingMerchant","floor":12,"turns":4},{"damage":0,"enemies":"Red Slaver","floor":13,"turns":4},{"damage":23,"enemies":"Gremlin Nob","floor":14,"turns":6},{"damage":0,"enemies":"Large Slime","floor":15,"turns":9},{"damage":77,"enemies":"DF_ARCHETYPE_STREAMLINE","floor":16,"turns":14}],"seed_played":"6106676842406288867","potions_obtained":[{"floor":2,"key":"hexamod:SoulburnPotion"},{"floor":4,"key":"EssenceOfSteel"},{"floor":5,"key":"FairyPotion"},{"floor":6,"key":"champ:CounterPotion"},{"floor":15,"key":"hexamod:EctoCoolerPotion"}],"is_trial":false,"path_per_floor":["R","M","?","M","M","?","T","$","M","E","R","$","M","E","M","B"],"character_chosen":"THE_SPIRIT","items_purchased":["Orichalcum"],"campfire_rested":0,"item_purchase_floors":[8],"current_hp_per_floor":[77,76,76,73,68,48,48,48,48,26,26,31,38,15,15,0,0,0],"gold":165,"neow_bonus":"TEN_PERCENT_HP_BONUS","is_daily":false,"chose_seed":false,"campfire_upgraded":2,"win_rate":0.0,"timestamp":1612793329,"path_taken":["R","M","?","M","M","?","T","$","M","E","R","$","M","E","M","BOSS"],"items_purchased_type":["Relic"],"build_version":"2020-12-22","purchased_purges":0,"victory":false,"max_hp_per_floor":[77,77,77,77,77,77,77,77,77,77,77,77,77,77,77,77,77,77],"card_choices":[{"not_picked":["hexamod:HeatCrush","hexamod:GhostLash"],"picked":"hexamod:ShieldOfDarkness","floor":2},{"not_picked":["hexamod:ThermalTransfer","hexamod:BurningTouch"],"picked":"hexamod:SixthSeal","floor":4},{"not_picked":["hexamod:Hexaguard","hexamod:EtherealExpedition"],"picked":"hexamod:ThermalTransfer","floor":5},{"not_picked":["hexamod:NightmareStrike","hexamod:SkipABeat"],"picked":"hexamod:FifthSeal","floor":8},{"not_picked":["hexamod:ThermalTransfer","hexamod:AdvancingGuard","hexamod:Hexaguard"],"picked":"SKIP","floor":9},{"not_picked":["hexamod:FourthSeal","hexamod:SixthSeal"],"picked":"hexamod:FirstSeal","floor":10},{"not_picked":["hexamod:ParanormalForm","hexamod:GhostLash"],"picked":"hexamod:ShieldOfDarkness","floor":10},{"not_picked":["hexamod:SecondSeal","hexamod:ThirdSeal"],"picked":"hexamod:RecurringNightmare","floor":12},{"not_picked":["hexamod:Hexaguard","hexamod:SpectralAdrenaline","hexamod:HexaLevel"],"picked":"SKIP","floor":13},{"not_picked":["hexamod:Firestarter","hexamod:RadiantFlame","hexamod:SoulSteal"],"picked":"SKIP","floor":14},{"not_picked":["hexamod:BacktrackSmack","hexamod:SpectersWail"],"picked":"hexamod:GhostflameBarrier","floor":15}],"player_experience":15756,"relics_obtained":[{"floor":7,"key":"InkBottle"},{"floor":10,"key":"Anchor"},{"floor":14,"key":"PreservedInsect"}],"event_choices":[],"is_beta":false,"boss_relics":[],"items_purged_floors":[],"is_endless":false,"potions_floor_spawned":[2,4,5,6,15],"killed_by":"DF_ARCHETYPE_STREAMLINE","ascension_level":0}}