{"host":"ymw71f7rc9ndansy","time":1612746887,"event":{"mods":["ATMod(阿瑾Mod)","Act Like it!","Arknights","Aspiration","BaseMod","DeckTracker","Hubris","Library of Ruina","Library of Ruina Extra","Minty Spire (QoL Compilation)","MostiFishMod","Relic Filter Mod","Remove Card Discount Mod","Replay The Spire","RumiaBox-露米娅的神秘盒子","StSLib","TestMod","【功能Mod】精心准备","【遗物卡牌】REMEMod"],"gold_per_floor":[-1290,-1278,-1278,-1267,11,45,62,107,134,159,100,115,33,43,43,117,117,137,97,109,109,127,160,180,180,203,235,248,78,97,125,125],"floor_reached":31,"language":"ZHS","playtime":744,"items_purged":["Thunder Strike","Strike_B","Strike_B","Defend_B","Defend_B","Strike_B","Strike_B","Sweeping Beam","Dualcast","MostiFishMod:StarOceanB"],"score":922,"play_id":"736f9d9b-8166-4676-98b4-80a661152471","local_time":"20210208091447","is_ascension_mode":true,"campfire_choices":[{"data":"MostiFishMod:ReadyAimFire","floor":15,"key":"SMITH"},{"data":"MostiFishMod:GatherIntelligence","floor":25,"key":"SMITH"}],"circlet_count":0,"master_deck":["AscendersBane","Defend_B+1","Defend_B+1","Zap","AT_FamilyPortrait","testmod-Wormhole+1","Coolheaded","Panic Button","AT_ThreeBodyProblem+1","MostiFishMod:ReadyAimFire+1","Impatience","Electrodynamics","Glacier","Meteor Strike","MostiFishMod:GatherIntelligence+1","Coolheaded","Turbo","MostiFishMod:ActiveDefenseSystem"],"relics":["testmod-TestBox","DaveBox","REME_ComplimentaryCards","AT_ATBox","Membership Card","testmod-IndustrialRevolution","SynthV:MejaisSoulstealer","NeowsBlessing","SynthV:TestCard","testmod-Fortitude","AT_GuinsooRageblade","Replay:Accelerometer","RhineCircuit","AT_Kusabimaru","Simple Rune","Strawberry","PageOfFairyFestival","AT_EbonyIvory"],"acts_visited":["Exordium","TheCity"],"potions_floor_usage":[],"damage_taken":[{"damage":0,"enemies":"Small Slimes","floor":1,"turns":1},{"damage":0,"enemies":"Cultist","floor":2,"turns":1},{"damage":0,"enemies":"ats:Genji","floor":4,"turns":1},{"damage":0,"enemies":"Looter","floor":5,"turns":3},{"damage":0,"enemies":"Gremlin Nob","floor":6,"turns":3},{"damage":0,"enemies":"Blue Slaver","floor":7,"turns":3},{"damage":0,"enemies":"Replay:BlueRogue","floor":10,"turns":1},{"damage":0,"enemies":"Lots of Slimes","floor":12,"turns":1},{"damage":0,"enemies":"Red Slaver","floor":14,"turns":2},{"damage":0,"enemies":"Slime Boss","floor":16,"turns":2},{"damage":0,"enemies":"3 Byrds","floor":18,"turns":2},{"damage":0,"enemies":"Chosen","floor":20,"turns":2},{"damage":0,"enemies":"Centurion and Healer","floor":22,"turns":2},{"damage":0,"enemies":"REME_1_Revenger","floor":23,"turns":2},{"damage":0,"enemies":"3 Cultists","floor":24,"turns":1},{"damage":0,"enemies":"Slavers","floor":27,"turns":2},{"damage":0,"enemies":"Shelled Parasite and Fungi","floor":28,"turns":1},{"damage":5,"enemies":"Centurion and Healer","floor":30,"turns":1},{"damage":5,"enemies":"Gremlin Leader","floor":31,"turns":1}],"seed_played":"-4910484988550521399","potions_obtained":[{"floor":2,"key":"Elixir"},{"floor":7,"key":"SkillPotion"},{"floor":12,"key":"DistilledChaos"},{"floor":23,"key":"FocusPotion"}],"is_trial":false,"path_per_floor":["M","M","?","M","M","E","M","?","T","E","$","M","$","M","R","B",null,"M","$","M","?","M","E","M","R","T","E","M","$","M","E"],"character_chosen":"DEFECT","items_purchased":["Impatience","Electrodynamics","MostiFishMod:GatherIntelligence","PageOfFairyFestival"],"campfire_rested":0,"item_purchase_floors":[11,13,19,29],"current_hp_per_floor":[64,64,64,64,64,64,64,41,41,41,41,41,41,41,41,41,64,64,64,64,64,64,64,64,64,64,71,71,71,66,61,61],"gold":125,"neow_bonus":"THREE_ENEMY_KILL","is_daily":false,"chose_seed":false,"campfire_upgraded":2,"win_rate":0.0,"timestamp":1612746887,"path_taken":["M","M","?","M","?","E","M","?","T","E","$","M","$","M","R","BOSS","M","$","M","?","?","E","M","R","T","E","M","$","M","E"],"items_purchased_type":["Card","Card","Card","Relic"],"build_version":"2020-12-22","purchased_purges":10,"victory":false,"max_hp_per_floor":[71,71,71,71,71,71,71,71,71,71,71,71,71,71,71,71,71,71,71,71,71,71,71,71,71,71,78,78,78,78,78,78],"card_choices":[{"not_picked":["Rebound","Redo"],"picked":"Sweeping Beam","floor":1},{"not_picked":["Loop","Compile Driver","MostiFishMod:PushDownKick","Rebound"],"picked":"Coolheaded","floor":4},{"not_picked":["Doom and Gloom","aspiration:Polymerization","AT_HeatAcrobatics","ReplayTheSpireMod:System Scan"],"picked":"Panic Button","floor":5},{"not_picked":["MostiFishMod:Impulse","Undo","Double Energy","ReplayTheSpireMod:System Scan"],"picked":"MostiFishMod:StarOceanB","floor":6},{"not_picked":["AT_HeatAcrobatics","Panic Button","Stack","Redo"],"picked":"AT_ThreeBodyProblem","floor":7},{"not_picked":["Ball Lightning","Redo","Conserve Battery","Tempest"],"picked":"MostiFishMod:ReadyAimFire","floor":8},{"not_picked":["Beam Cell","Blizzard","MostiFishMod:PushDownKick","AT_HeatAcrobatics"],"picked":"Thunder Strike","floor":10},{"not_picked":["Beam Cell","MostiFishMod:PushDownKick","Steam","Stack","Sweeping Beam"],"picked":"SKIP","floor":12},{"not_picked":["Rebound","Leap","MostiFishMod:PushDownKick","Compile Driver"],"picked":"Glacier","floor":14},{"not_picked":["MostiFishMod:Hijack","ReplayTheSpireMod:Omega Cannon","Core Surge","MostiFishMod:DawningShadow"],"picked":"Meteor Strike","floor":16},{"not_picked":["REME_DataAnalysis","Steam","Scrape","Redo"],"picked":"Coolheaded","floor":22},{"not_picked":["Ball Lightning+1","Conserve Battery","hubris:PowerSurge","Capacitor"],"picked":"Turbo","floor":28},{"not_picked":["Capacitor","Aggregate","White Noise","Rip and Tear"],"picked":"MostiFishMod:ActiveDefenseSystem","floor":31}],"player_experience":1079556,"relics_obtained":[{"floor":1,"key":"SynthV:TestCard"},{"floor":6,"key":"testmod-Fortitude"},{"floor":8,"key":"AT_GuinsooRageblade"},{"floor":10,"key":"Replay:Accelerometer"},{"floor":23,"key":"AT_Kusabimaru"},{"floor":26,"key":"Simple Rune"},{"floor":27,"key":"Strawberry"},{"floor":31,"key":"AT_EbonyIvory"}],"event_choices":[{"damage_healed":0,"gold_gain":0,"player_choice":"Upgraded","damage_taken":0,"max_hp_gain":0,"max_hp_loss":0,"event_name":"Upgrade Shrine","floor":3,"gold_loss":0,"cards_upgraded":["testmod-Wormhole"]},{"damage_healed":0,"gold_gain":0,"player_choice":"Upgraded","damage_taken":0,"max_hp_gain":0,"max_hp_loss":0,"event_name":"Upgrade Shrine","floor":21,"gold_loss":0,"cards_upgraded":["AT_ThreeBodyProblem"]}],"is_beta":false,"boss_relics":[{"not_picked":["AddBug","testmod-PortableAltar"],"picked":"RhineCircuit"}],"items_purged_floors":[11,11,11,11,11,11,11,29,29,29],"is_endless":false,"potions_floor_spawned":[2,7,12,14,20,23,24,30],"killed_by":"Gremlin Leader","ascension_level":20}}