{"host":"t9zjxed0utvsfjwc","time":1612808691,"event":{"mods":["2.2 Compatiblity","Aspiration","BaseMod","Better Altar","Better Match","Better Note","Better Sensory Stone","Better Skull","Better Third Choice","Block Reminder","Colored Map","Colored Powertips","Custom Start","Downfall","Hermit","Highlight Path","Hubris","Infinite Spire","Marisa????????","Minty Spire (QoL Compilation)","Quick Restart","Rare Cards Sparkle","Reliquary","Replay The Spire","StSLib","The Cursed","The Marked","The Runesmith","Unceasing Turn Reminder","everything is the same but u backflip on backflip"],"gold_per_floor":[118,118,118,118,229,254,254,274,274,290,359,409,634,112,176,276,276,291,616,716,735,754,754,822,872,872,922,922,948,968,1002,1002,1105,1105,1125,829,879,974,1074,1102,1102,1121,1173,1173,1193,558,234,284,284,455,455,458,508,562,712,715,715,767,778,778,778,778,778,836,835,835,857,857,855,853,903,953,953,984,984,978,1005,1154,1154,1157,1203,1188,1188,1241,1241,1219,1269,1319,1327,1377,1366,1328,1321,1372,1452,704,666,716,703,703,755,755,777,786,888,896,946,946,958,958,983,983,1338,1402,1395,1392,1392,1475,1475,1484,818,1152,1150,1192,1203,1168,1172,1249,1249,1252,1248,1259,1257,1257,1328,1328,1334,1328,1378,882,932,932,932,950,950,850,900,877,881,873,873,836,836,836,219,237,277],"floor_reached":158,"language":"ENG","playtime":10420,"items_purged":["Doubt","Regret","hermit:GhostlyPresence","hermit:Shortfuse","hubris:Gluttony","hermit:FatalDesire+1","hermit:Roulette+1","hubris:Rewind+1","Violence+1","Regret","hermit:Gambit","Pot Of Greed"],"score":5375,"play_id":"20cb5a9b-2e8c-4cd1-abb1-4a90efd96cbb","local_time":"20210208182451","is_ascension_mode":true,"campfire_choices":[{"data":"hermit:FullyLoaded","floor":23,"key":"SMITH"},{"data":"hermit:Maintenance","floor":28,"key":"SMITH"},{"data":"hermit:FatalDesire","floor":32,"key":"SMITH"},{"data":"hermit:HighNoon","floor":41,"key":"SMITH"},{"data":"hermit:HighCaliber","floor":44,"key":"SMITH"},{"data":"hermit:Covet","floor":49,"key":"SMITH"},{"data":"hermit:FatalDesire","floor":57,"key":"SMITH"},{"data":"Violence","floor":63,"key":"SMITH"},{"floor":66,"key":"DIG"},{"data":"hubris:Rewind","floor":75,"key":"SMITH"},{"data":"hermit:Strike_Hermit","floor":79,"key":"SMITH"},{"data":"hermit:Strike_Hermit","floor":83,"key":"SMITH"},{"floor":100,"key":"DIG"},{"data":"hermit:Quickdraw","floor":110,"key":"PURGE"},{"data":"hermit:Strike_Hermit","floor":117,"key":"SMITH"},{"data":"Pot Of Greed","floor":129,"key":"SMITH"},{"floor":134,"key":"DIG"},{"floor":143,"key":"DIG"},{"data":"hermit:Strike_Hermit","floor":151,"key":"SMITH"}],"circlet_count":0,"master_deck":["hermit:Strike_Hermit","hermit:Strike_Hermit","hermit:Strike_Hermit","hermit:Strike_Hermit","hermit:Defend_Hermit","hermit:Defend_Hermit","hermit:Defend_Hermit","hermit:Defend_Hermit","hermit:Covet+1","hermit:Maintenance+1","hermit:FullyLoaded+1","hermit:Maintenance+1","hermit:HighNoon+1","hermit:HighCaliber+1","CurseOfTheBell","CurseOfTheBell","AbeCurse","hermit:Maintenance+1","hermit:Maintenance+1","Pot Of Greed+1","ReplayTheSpireMod:Brewmster"],"relics":["hermit:Momento","aspiration:Nostalgia","MiniHakkero","hubris:Icosahedron","Regal Pillow","SsserpentHead","ReplayTheSpireMod:Ninjato","hubris:Towel","Lee\u0027s Waffle","Durian","hubris:TerracottaHorce","Replay:Wanted Poster","Replay:Towering Pillar of Hats","Oddly Smooth Stone","infinitespire:Broken Mirror","Simple Rune","Replay:Bronze Core","HornCleat","hubris:CrystalStatue","CatCart","Bag of Marbles","ReplayTheSpireMod:Lightbulb","Thread and Needle","hubris:PeanutButter","bronze:BronzeIdol","hubris:Backtick","Ice Cream","aspiration:BabyByrd","Odd Mushroom","downfall:ExtraCursedBell","reliquary:SharkskinSheath","hubris:BottledRain","Runesmith:Locket","BranchBurnRelic","Chameleon Ring","aspiration:FrozenJewel","Medical Kit","Coffee Dripper","Akabeko","Abe\u0027s Treasure","Bloody Idol","Blood Vial","Empty Cage","infinitespire:Bottled Soul","Lizard Tail","CeramicFish","infinitespire:Satchel","hubris:MedicalManual","Boot","Anchor","hermit:RedScarf","hubris:TenFootPole","Replay:Multitool","Cauldron","Letter Opener","Snack Pack","expansioncontent:StudyCardRelic","hermit:ClaspedLocket","reliquary:BrokenClock","infinitespire:WardingShard","reliquary:Stiletto","hubris:OldNail","reliquary:ExpiredCoupon","Old Coin","Bottled Flame","reliquary:PurpleTingedLeaf","Grinning Jar","Smiling Mask","Ornamental Fan","reliquary:Firecrackers","Strawberry","Runesmith:AutoHammer","Runic Pyramid","reliquary:Aerogel","Whetstone","OrangePellets","Sundial","hubris:Metronome","Replay:PocketPolymizer","Lantern","aspiration:MobileForge","Art of War","Blue Candle","ReplayFunnel"],"acts_visited":["Exordium","TheCity","TheBeyond","Exordium","TheCity","TheBeyond","Exordium","TheCity","TheBeyond","TheEnding"],"potions_floor_usage":[16,16,29,30,31,38,42,56,58,59,64,65,65,67,67,80,81,84,86,91,95,101,101,115,115,118,123,152,152,152,152,152,152],"damage_taken":[{"damage":10,"enemies":"Small Slimes","floor":1,"turns":4},{"damage":0,"enemies":"Cultist","floor":5,"turns":3},{"damage":3,"enemies":"Jaw Worm","floor":8,"turns":3},{"damage":2,"enemies":"Looter","floor":10,"turns":3},{"damage":6,"enemies":"3 Louse","floor":11,"turns":4},{"damage":0,"enemies":"Slime Boss","floor":16,"turns":9},{"damage":0,"enemies":"Spheric Guardian","floor":18,"turns":2},{"damage":8,"enemies":"2 Thieves","floor":21,"turns":4},{"damage":4,"enemies":"3 Cultists","floor":22,"turns":5},{"damage":1,"enemies":"Snecko","floor":24,"turns":3},{"damage":0,"enemies":"Nightmare","floor":29,"turns":10},{"damage":0,"enemies":"Snake Plant","floor":30,"turns":2},{"damage":0,"enemies":"Slavers","floor":31,"turns":4},{"damage":0,"enemies":"Collector","floor":33,"turns":6},{"damage":2,"enemies":"Orb Walker","floor":35,"turns":5},{"damage":0,"enemies":"Orin","floor":38,"turns":6},{"damage":3,"enemies":"Mind Bloom Boss Battle","floor":39,"turns":4},{"damage":0,"enemies":"Nemesis","floor":40,"turns":3},{"damage":8,"enemies":"3 Shapes","floor":42,"turns":3},{"damage":0,"enemies":"Jaw Worm Horde","floor":45,"turns":3},{"damage":3,"enemies":"Donu and Deca","floor":50,"turns":7},{"damage":0,"enemies":"2 Louse","floor":52,"turns":1},{"damage":0,"enemies":"The Mushroom Lair","floor":54,"turns":2},{"damage":0,"enemies":"Cultist","floor":56,"turns":2},{"damage":0,"enemies":"Small Slimes","floor":58,"turns":2},{"damage":0,"enemies":"Lagavulin","floor":59,"turns":2},{"damage":0,"enemies":"3 Louse","floor":64,"turns":2},{"damage":0,"enemies":"Looter","floor":65,"turns":2},{"damage":31,"enemies":"Fading Forest","floor":67,"turns":11},{"damage":13,"enemies":"Shell Parasite","floor":69,"turns":2},{"damage":26,"enemies":"2 Thieves","floor":70,"turns":2},{"damage":0,"enemies":"Slavers","floor":74,"turns":1},{"damage":0,"enemies":"Gremlin Leader","floor":76,"turns":3},{"damage":0,"enemies":"Replay:Snechameleon","floor":80,"turns":3},{"damage":2,"enemies":"Snake Plant","floor":81,"turns":2},{"damage":0,"enemies":"Sentry and Sphere","floor":82,"turns":3},{"damage":0,"enemies":"Collector","floor":84,"turns":5},{"damage":0,"enemies":"3 Darklings","floor":86,"turns":3},{"damage":0,"enemies":"Orb Walker","floor":89,"turns":2},{"damage":0,"enemies":"Reptomancer","floor":91,"turns":3},{"damage":0,"enemies":"Maw","floor":92,"turns":3},{"damage":0,"enemies":"3 Darklings","floor":93,"turns":3},{"damage":0,"enemies":"Mind Bloom Boss Battle","floor":95,"turns":3},{"damage":0,"enemies":"Transient","floor":97,"turns":5},{"damage":0,"enemies":"Sphere and 2 Shapes","floor":99,"turns":3},{"damage":15,"enemies":"Donu and Deca","floor":101,"turns":5},{"damage":0,"enemies":"Jaw Worm","floor":103,"turns":1},{"damage":0,"enemies":"Small Slimes","floor":106,"turns":1},{"damage":15,"enemies":"Lagavulin","floor":109,"turns":4},{"damage":0,"enemies":"Cultist","floor":113,"turns":3},{"damage":0,"enemies":"3 Louse","floor":114,"turns":1},{"damage":41,"enemies":"Nightmare","floor":115,"turns":4},{"damage":0,"enemies":"2 Fungi Beasts","floor":116,"turns":2},{"damage":0,"enemies":"Slime Boss","floor":118,"turns":2},{"damage":0,"enemies":"Chosen","floor":120,"turns":1},{"damage":0,"enemies":"2 Thieves","floor":123,"turns":2},{"damage":0,"enemies":"3 Cultists","floor":124,"turns":2},{"damage":0,"enemies":"Book of Stabbing","floor":125,"turns":2},{"damage":0,"enemies":"Shelled Parasite and Fungi","floor":127,"turns":1},{"damage":0,"enemies":"Centurion and Healer","floor":130,"turns":2},{"damage":0,"enemies":"Snake Plant","floor":131,"turns":2},{"damage":0,"enemies":"Slavers","floor":132,"turns":2},{"damage":0,"enemies":"Shelled Parasite and Fungi","floor":133,"turns":2},{"damage":14,"enemies":"hubris:MusketHawk","floor":135,"turns":3},{"damage":0,"enemies":"Orb Walker","floor":137,"turns":1},{"damage":0,"enemies":"3 Darklings","floor":138,"turns":2},{"damage":0,"enemies":"Giant Head","floor":142,"turns":2},{"damage":94,"enemies":"Transient","floor":148,"turns":4},{"damage":0,"enemies":"Writhing Mass","floor":149,"turns":1},{"damage":0,"enemies":"Maw","floor":150,"turns":2},{"damage":23,"enemies":"infinitespire:LordOfFortification","floor":152,"turns":12},{"damage":0,"enemies":"Shield and Spear","floor":156,"turns":2},{"damage":72,"enemies":"The Heart","floor":157,"turns":6}],"seed_played":"3827544330946948343","potions_obtained":[{"floor":1,"key":"Adrenaline Potion"},{"floor":11,"key":"bronze:BurnAndBuffPotion"},{"floor":16,"key":"Block Potion"},{"floor":22,"key":"EssenceOfSteel"},{"floor":29,"key":"sneckomod:MuddlingPotion"},{"floor":30,"key":"Guardian:BlockOnCardUsePotion"},{"floor":40,"key":"Weak Potion"},{"floor":45,"key":"Weak Potion"},{"floor":50,"key":"DuplicationPotion"},{"floor":54,"key":"GamblersBrew"},{"floor":59,"key":"bronze:BurnAndBuffPotion"},{"floor":61,"key":"hermit:BlackBile"},{"floor":61,"key":"Ancient Potion"},{"floor":64,"key":"SkillPotion"},{"floor":65,"key":"sneckomod:MuddlingPotion"},{"floor":74,"key":"Guardian:BlockOnCardUsePotion"},{"floor":80,"key":"SkillPotion"},{"floor":82,"key":"LiquidMemories"},{"floor":84,"key":"GamblersBrew"},{"floor":86,"key":"hexamod:SoulburnPotion"},{"floor":93,"key":"Ancient Potion"},{"floor":96,"key":"CultistPotion"},{"floor":96,"key":"Milkshake"},{"floor":112,"key":"ColorlessPotion"},{"floor":112,"key":"Strength Potion"},{"floor":114,"key":"sneckomod:MuddlingPotion"},{"floor":115,"key":"LiquidMemories"},{"floor":116,"key":"LiquidBronze"},{"floor":123,"key":"Regen Potion"},{"floor":157,"key":"Energy Potion"}],"is_trial":false,"path_per_floor":["M","?","$","?","M","T","?","M","T","M","M","?","?","$","R_BF","B",null,"M","?","AVR","M","M","R","M","?","T","?","R","NM","M","E","R","B",null,"M","$","T","?","?","E","R","M","T","R","M","$","$","?","R","B",null,"M","?","?","?","M","R","M","E","T","R","AVR","R","M","M","R_BF","B",null,"M","M","?","?","AVR","E","R","E","T","?","R","E","M","M","R_BF","B",null,"M","?","?","M","?","E","M","M","T","?","$","M","T","M","R","B",null,"M","AVR","?","M","?","R","E","R","T","R","M","M","NM","M","R_BF","B",null,"M","$","?","M","M","E","?","M","T","R","M","M","E","M","R_BF","B",null,"M","M","?","$","?","E","R","AVR","T","NS","?","M","M","M","R","B",null,"R","$","E","B",null],"character_chosen":"HERMIT","items_purchased":["Lee\u0027s Waffle","Durian","hermit:FullyLoaded","HornCleat","Thread and Needle","hubris:PeanutButter","bronze:BronzeIdol","Violence","hubris:TenFootPole","Replay:Multitool","Cauldron","reliquary:PurpleTingedLeaf","Grinning Jar","EntropicBrew","reliquary:Aerogel","Whetstone","OrangePellets","Art of War","Blue Candle","ReplayTheSpireMod:Brewmster"],"campfire_rested":0,"item_purchase_floors":[14,14,14,36,46,46,47,47,96,96,96,121,121,121,140,140,140,155,155,155],"current_hp_per_floor":[65,65,65,65,65,65,65,62,62,60,54,54,54,87,87,87,87,87,87,87,79,75,75,74,74,74,74,74,74,74,74,74,74,84,82,82,82,82,79,79,79,71,71,71,71,71,71,71,71,68,82,82,82,82,87,87,87,92,92,92,92,92,92,92,92,92,61,84,71,45,45,46,46,53,53,69,74,84,84,92,92,92,92,92,92,92,92,92,92,92,92,92,92,92,92,92,92,92,92,92,92,92,92,92,86,92,73,92,90,90,92,92,92,92,60,67,67,81,89,92,92,92,92,92,92,92,92,92,92,92,92,99,99,99,99,99,99,99,94,94,94,94,94,94,94,94,94,82,90,94,94,93,94,94,94,94,28],"gold":277,"neow_bonus":"NOSTALGIA","is_daily":false,"chose_seed":false,"campfire_upgraded":14,"win_rate":0.0,"timestamp":1612808691,"path_taken":["M","?","?","?","M","?","?","M","T","M","?","?","?","?","R_BF","BOSS","M","?","AVR","M","M","R","?","?","T","?","R","NM","M","E","R","BOSS","M","?","?","?","?","E","R","M","T","R","M","?","$","?","R","BOSS","M","?","?","?","M","R","?","E","T","R","AVR","R","?","M","R_BF","BOSS","M","M","?","?","AVR","E","R","E","T","?","R","E","?","M","R_BF","BOSS","M","?","?","M","?","E","M","M","T","?","$","M","?","M","R","BOSS","M","AVR","?","M","?","R","E","R","T","R","?","?","NM","M","R_BF","BOSS","M","$","?","M","?","E","?","M","T","R","M","M","E","M","R_BF","BOSS","M","M","?","$","?","E","R","AVR","T","NS","?","M","M","M","R","BOSS","R","$","E","BOSS"],"items_purchased_type":["Relic","Relic","Card","Relic","Relic","Relic","Relic","Card","Relic","Relic","Relic","Relic","Relic","Potion","Relic","Relic","Relic","Relic","Relic","Card"],"build_version":"2020-12-22","purchased_purges":12,"victory":true,"max_hp_per_floor":[75,75,75,75,75,75,75,75,75,75,75,75,75,87,87,87,87,87,87,87,87,87,87,87,87,87,87,87,87,87,87,87,87,87,87,87,87,87,87,87,87,87,87,87,87,87,87,87,87,87,87,87,87,87,92,92,92,92,92,92,92,92,92,92,92,92,92,92,92,92,92,92,92,92,92,92,92,92,92,92,92,92,92,92,92,92,92,92,92,92,92,92,92,92,92,92,92,92,92,92,92,92,92,92,92,92,92,92,92,92,92,92,92,92,92,92,92,92,92,92,92,92,92,92,92,92,92,92,92,92,92,99,99,99,99,99,99,99,94,94,94,94,94,94,94,94,94,94,94,94,94,94,94,94,94,94,94],"card_choices":[{"not_picked":["hermit:Ricochet","hermit:CalledShot"],"picked":"hermit:Maintenance","floor":1},{"not_picked":["hermit:Snipe","hermit:Desperado","hermit:Horror"],"picked":"SKIP","floor":5},{"not_picked":["hermit:CalledShot","hermit:Dive","hermit:TrackingShot"],"picked":"SKIP","floor":8},{"not_picked":["hermit:CalledShot","hermit:Feint","hermit:HoleUp"],"picked":"SKIP","floor":10},{"not_picked":["hermit:ItchyTrigger","hermit:Snipe","hermit:Glare"],"picked":"SKIP","floor":11},{"not_picked":["hermit:Ricochet","hermit:Coalescence","hermit:FlashPowder"],"picked":"SKIP","floor":18},{"not_picked":["hermit:Combo","hermit:ItchyTrigger","hermit:FlashPowder"],"picked":"SKIP","floor":21},{"not_picked":["hermit:WideOpen","hermit:Headshot","hermit:Glare"],"picked":"SKIP","floor":22},{"not_picked":["hermit:SprayPray+1","hermit:Scavenge"],"picked":"hermit:Maintenance","floor":24},{"not_picked":["hermit:SprayPray","hermit:CursedWeapon"],"picked":"hermit:FatalDesire","floor":29},{"not_picked":["hermit:Roulette","hermit:Midnight","hermit:Misfire"],"picked":"SKIP","floor":30},{"not_picked":["hermit:Glare","hermit:CalledShot"],"picked":"hermit:BodyArmor+1","floor":31},{"not_picked":["hermit:EternalForm","hermit:FromBeyond"],"picked":"hermit:HighNoon","floor":33},{"not_picked":["hermit:LowProfile+1","hermit:Quickdraw"],"picked":"hermit:Shortfuse","floor":35},{"not_picked":["hermit:Dive","hermit:BodyArmor+1","hermit:Grudge+1"],"picked":"SKIP","floor":40},{"not_picked":["hermit:Snipe+1","hermit:CursedWeapon"],"picked":"hermit:HighCaliber","floor":42},{"not_picked":["hermit:Roulette","hermit:CalledShot+1","hermit:Magnum"],"picked":"SKIP","floor":45},{"not_picked":["hermit:Ricochet","hermit:Manifest","hermit:Gestalt"],"picked":"SKIP","floor":52},{"not_picked":["hermit:Ricochet","hermit:Manifest","hermit:HighCaliber"],"picked":"SKIP","floor":56},{"not_picked":["hermit:Desperado","hermit:EternalForm","hermit:SprayPray"],"picked":"SKIP","floor":58},{"not_picked":["hermit:LuckOfTheDraw","hermit:Combo","hermit:Snipe"],"picked":"SKIP","floor":59},{"not_picked":["hermit:Shortfuse","hermit:WideOpen","hermit:Desperado"],"picked":"SKIP","floor":64},{"not_picked":["hermit:BodyArmor","hermit:Cheat","hermit:Misfire"],"picked":"SKIP","floor":65},{"not_picked":["hermit:Deadeye","hermit:Snipe","hermit:BlackWind"],"picked":"SKIP","floor":69},{"not_picked":["hermit:CalledShot","hermit:Feint","hermit:LowProfile"],"picked":"SKIP","floor":70},{"not_picked":["ReplayTheSpireMod:Book of Names","infinitespire:TheBestDefense"],"picked":"hubris:Rewind","floor":73},{"not_picked":["hermit:WideOpen","hermit:EyeOfTheStorm","hermit:Showdown+1"],"picked":"SKIP","floor":74},{"not_picked":["hermit:Manifest","hermit:TakeAim+1","hermit:RoundhouseKick"],"picked":"SKIP","floor":76},{"not_picked":["hermit:LoneWolf","hermit:Roughhouse","hermit:DeadOrAlive"],"picked":"SKIP","floor":80},{"not_picked":["hermit:Grudge","hermit:Coalescence","hermit:Headshot"],"picked":"SKIP","floor":81},{"not_picked":["hermit:Roughhouse","hermit:ItchyTrigger+1","hermit:Headshot+1"],"picked":"SKIP","floor":82},{"not_picked":["hermit:Glare+1","hermit:Combo+1","hermit:HighCaliber+1"],"picked":"SKIP","floor":86},{"not_picked":["hermit:HoleUp+1","hermit:Determination+1"],"picked":"hermit:Maintenance","floor":89},{"not_picked":["hermit:DeadMansHand+1","hermit:HighCaliber+1","hermit:FromBeyond"],"picked":"SKIP","floor":91},{"not_picked":["hermit:TrackingShot+1","hermit:Ricochet+1","hermit:Manifest+1"],"picked":"SKIP","floor":92},{"not_picked":["hermit:Dive+1","hermit:Cheat","hermit:SprayPray+1"],"picked":"SKIP","floor":93},{"not_picked":["hermit:SprayPray","hermit:TrackingShot+1"],"picked":"hermit:Roulette+1","floor":95},{"not_picked":["hermit:Feint","hermit:Quickdraw+1","hermit:HighCaliber+1"],"picked":"SKIP","floor":97},{"not_picked":["hermit:Dive","hermit:Misfire","hermit:SprayPray"],"picked":"SKIP","floor":99},{"not_picked":["hermit:Coalescence","hermit:PistolWhip"],"picked":"hermit:Maintenance","floor":103},{"not_picked":["hermit:PistolWhip","hermit:LowProfile","hermit:HoleUp"],"picked":"SKIP","floor":106},{"not_picked":["hermit:Ricochet","hermit:NoHoldsBarred"],"picked":"hermit:Quickdraw","floor":109},{"not_picked":["hermit:HoleUp","hermit:SprayPray","hermit:HighCaliber"],"picked":"SKIP","floor":113},{"not_picked":["hermit:GhostlyPresence","hermit:FlashPowder","hermit:Manifest"],"picked":"SKIP","floor":114},{"not_picked":["hermit:HoleUp","hermit:Manifest","hermit:Coalescence"],"picked":"SKIP","floor":115},{"not_picked":["hermit:GhostlyPresence","hermit:Horror","hermit:Desperado"],"picked":"SKIP","floor":116},{"not_picked":["hermit:WideOpen+1","hermit:Enervate","hermit:Ricochet"],"picked":"SKIP","floor":120},{"not_picked":["hermit:DeadMansHand","hermit:Feint+1","hermit:Spite"],"picked":"SKIP","floor":123},{"not_picked":["hermit:Snipe","hermit:Gambit","hermit:SprayPray"],"picked":"SKIP","floor":124},{"not_picked":["hermit:Manifest","hermit:Misfire","hermit:Ricochet"],"picked":"SKIP","floor":125},{"not_picked":["hermit:Headshot+1","hermit:FromBeyond","hermit:Quickdraw"],"picked":"SKIP","floor":127},{"not_picked":["hermit:LoneWolf","hermit:Glare","hermit:Headshot"],"picked":"SKIP","floor":130},{"not_picked":["hermit:LoneWolf","hermit:Quickdraw","hermit:Glare"],"picked":"SKIP","floor":131},{"not_picked":["hermit:DeadMansHand","hermit:Desperado","hermit:Glare"],"picked":"SKIP","floor":132},{"not_picked":["hermit:DeadMansHand","hermit:Desperado","hermit:Glare"],"picked":"SKIP","floor":132},{"not_picked":["hermit:LuckOfTheDraw+1","hermit:Brawl+1","hermit:TrackingShot"],"picked":"SKIP","floor":133},{"not_picked":["hermit:RoundhouseKick","hermit:DeadOrAlive"],"picked":"hermit:Gambit","floor":135},{"not_picked":["hermit:Glare","hermit:LuckOfTheDraw+1","hermit:Cheat"],"picked":"SKIP","floor":137},{"not_picked":["hermit:Virtue+1","hermit:LoneWolf","hermit:Manifest+1"],"picked":"SKIP","floor":138},{"not_picked":["hermit:TakeCover","hermit:Snipe+1","hermit:Dive"],"picked":"SKIP","floor":142},{"not_picked":["hermit:Combo","hermit:Vantage+1","hermit:Gambit"],"picked":"SKIP","floor":148},{"not_picked":["hermit:HoleUp+1","hermit:SprayPray","hermit:Desperado"],"picked":"SKIP","floor":149},{"not_picked":["hermit:Grudge","hermit:Snipe+1","hermit:GhostlyPresence"],"picked":"SKIP","floor":150},{"not_picked":["hermit:SprayPray","hermit:Vantage","hermit:BigShot"],"picked":"SKIP","floor":156}],"player_experience":534143,"relics_obtained":[{"floor":6,"key":"Regal Pillow"},{"floor":9,"key":"ReplayTheSpireMod:Ninjato"},{"floor":26,"key":"Oddly Smooth Stone"},{"floor":29,"key":"infinitespire:Broken Mirror"},{"floor":31,"key":"Simple Rune"},{"floor":37,"key":"hubris:CrystalStatue"},{"floor":38,"key":"CatCart"},{"floor":39,"key":"Dead Branch"},{"floor":40,"key":"Bag of Marbles"},{"floor":43,"key":"ReplayTheSpireMod:Lightbulb"},{"floor":54,"key":"Odd Mushroom"},{"floor":55,"key":"reliquary:SharkskinSheath"},{"floor":55,"key":"hubris:BottledRain"},{"floor":55,"key":"Runesmith:Locket"},{"floor":59,"key":"Chameleon Ring"},{"floor":60,"key":"aspiration:FrozenJewel"},{"floor":66,"key":"Akabeko"},{"floor":74,"key":"Lizard Tail"},{"floor":76,"key":"CeramicFish"},{"floor":77,"key":"infinitespire:Satchel"},{"floor":80,"key":"hubris:MedicalManual"},{"floor":91,"key":"Boot"},{"floor":94,"key":"Anchor"},{"floor":95,"key":"hermit:RedScarf"},{"floor":98,"key":"Letter Opener"},{"floor":100,"key":"Snack Pack"},{"floor":105,"key":"infinitespire:WardingShard"},{"floor":109,"key":"hubris:OldNail"},{"floor":111,"key":"reliquary:ExpiredCoupon"},{"floor":113,"key":"Old Coin"},{"floor":115,"key":"Bottled Flame"},{"floor":125,"key":"Smiling Mask"},{"floor":128,"key":"reliquary:Firecrackers"},{"floor":132,"key":"Strawberry"},{"floor":134,"key":"Runesmith:AutoHammer"},{"floor":142,"key":"Sundial"},{"floor":143,"key":"hubris:Metronome"},{"floor":145,"key":"Lantern"},{"floor":156,"key":"ReplayFunnel"}],"event_choices":[{"damage_healed":0,"gold_gain":0,"player_choice":"Forge","damage_taken":0,"max_hp_gain":0,"max_hp_loss":0,"event_name":"Accursed Blacksmith","floor":2,"gold_loss":0,"cards_upgraded":["hermit:Maintenance"]},{"damage_healed":0,"gold_gain":0,"player_choice":"Trade","damage_taken":0,"relics_obtained":["SsserpentHead"],"max_hp_gain":0,"max_hp_loss":0,"event_name":"FaceTrader","floor":7,"gold_loss":0},{"damage_healed":0,"gold_gain":175,"player_choice":"AGREE","damage_taken":459,"max_hp_gain":0,"max_hp_loss":0,"event_name":"betterThird:BetterSerpent","floor":13,"gold_loss":0},{"damage_healed":0,"gold_gain":275,"player_choice":"Desecrate","damage_taken":0,"max_hp_gain":0,"max_hp_loss":0,"event_name":"Golden Shrine","floor":19,"gold_loss":0,"cards_obtained":["Regret"]},{"damage_healed":0,"gold_gain":0,"player_choice":"Ignored","damage_taken":0,"max_hp_gain":0,"max_hp_loss":0,"event_name":"N\u0027loth","floor":25,"gold_loss":0},{"damage_healed":0,"gold_gain":0,"cards_transformed":["hermit:Snapshot"],"player_choice":"Transformed","damage_taken":0,"max_hp_gain":0,"max_hp_loss":0,"event_name":"Transmorgrifier","floor":27,"gold_loss":0,"cards_obtained":["hermit:GhostlyPresence"]},{"damage_healed":0,"gold_gain":0,"player_choice":"Fight","damage_taken":0,"max_hp_gain":0,"max_hp_loss":0,"event_name":"OrinTheCat","floor":38,"gold_loss":0},{"damage_healed":0,"gold_gain":0,"player_choice":"Fight","damage_taken":0,"max_hp_gain":0,"max_hp_loss":0,"event_name":"MindBloom","floor":39,"gold_loss":0},{"damage_healed":0,"gold_gain":0,"player_choice":"Ignored","damage_taken":0,"max_hp_gain":0,"max_hp_loss":0,"event_name":"Tomb of Lord Red Mask","floor":48,"gold_loss":0},{"damage_healed":0,"gold_gain":0,"player_choice":"Fought Mushrooms","damage_taken":0,"max_hp_gain":0,"max_hp_loss":0,"event_name":"Mushrooms","floor":54,"gold_loss":0},{"damage_healed":0,"gold_gain":0,"player_choice":"Ignored","damage_taken":0,"max_hp_gain":0,"max_hp_loss":0,"event_name":"Ghosts","floor":71,"gold_loss":0},{"damage_healed":0,"gold_gain":0,"player_choice":" Idol Vial Potion ","damage_taken":92,"relics_obtained":["Bloody Idol","Blood Vial"],"max_hp_gain":45,"max_hp_loss":46,"event_name":"betterAltar:BetterAltar","floor":72,"potions_obtained":["betterAltar:AltarPotion"],"relics_lost":[],"gold_loss":0},{"damage_healed":0,"gold_gain":99,"player_choice":"Steal","damage_taken":0,"max_hp_gain":0,"max_hp_loss":0,"event_name":"betterThird:BetterNest","floor":78,"gold_loss":0},{"cards_removed":["hermit:FatalDesire"],"damage_healed":0,"gold_gain":0,"player_choice":"Removed Power","damage_taken":0,"max_hp_gain":0,"max_hp_loss":0,"event_name":"Falling","floor":87,"gold_loss":0},{"damage_healed":0,"gold_gain":0,"player_choice":"Fight","damage_taken":0,"max_hp_gain":0,"max_hp_loss":0,"event_name":"MindBloom","floor":95,"gold_loss":0},{"damage_healed":0,"gold_gain":1,"player_choice":"Relic Relic ","damage_taken":41,"max_hp_gain":0,"max_hp_loss":0,"event_name":"betterThird:BetterScrap","floor":107,"gold_loss":0,"cards_obtained":["Defy Death"]},{"damage_healed":0,"gold_gain":275,"player_choice":"Desecrate","damage_taken":0,"max_hp_gain":0,"max_hp_loss":0,"event_name":"Golden Shrine","floor":122,"gold_loss":0,"cards_obtained":["Regret"]},{"damage_healed":0,"gold_gain":0,"player_choice":"Obtained Relic","damage_taken":0,"relics_obtained":["Ornamental Fan"],"max_hp_gain":0,"max_hp_loss":0,"event_name":"Addict","floor":126,"gold_loss":85},{"damage_healed":0,"gold_gain":0,"player_choice":"Max HP","damage_taken":0,"max_hp_gain":0,"max_hp_loss":5,"event_name":"Winding Halls","floor":139,"gold_loss":0},{"damage_healed":0,"gold_gain":0,"player_choice":"Ignored","damage_taken":0,"max_hp_gain":0,"max_hp_loss":0,"event_name":"Tomb of Lord Red Mask","floor":141,"gold_loss":0}],"is_beta":false,"boss_relics":[{"not_picked":["hermit:DentedPlate","aspiration:DefectSkillbook"],"picked":"hubris:TerracottaHorce"},{"not_picked":["hubris:ScarierMask","Painkiller Herb"],"picked":"Replay:Bronze Core"},{"not_picked":["SlaversCollar","Kintsugi"],"picked":"hubris:Backtick"},{"not_picked":["Busted Crown","Kintsugi"],"picked":"Abe\u0027s Treasure"},{"not_picked":["Sozu","hubris:HollowSoul","Runic Dome"]},{"not_picked":["aspiration:SecretTechniqueScroll","ReplayTheSpireMod:SealedPack"],"picked":"expansioncontent:StudyCardRelic"},{"not_picked":["hubris:GrandSneckoEye","reliquary:RedPaperclip","ReplayTheSpireMod:DimensionalGlitch"]},{"not_picked":["reliquary:KinkedSpring","Runic Dome"],"picked":"Runic Pyramid"},{"not_picked":["bronze:MakeshiftBattery","hubris:RunicObelisk"],"picked":"aspiration:MobileForge"}],"items_purged_floors":[14,20,36,46,62,73,96,104,121,140,144,155],"is_endless":true,"potions_floor_spawned":[1,11,16,22,29,30,40,45,50,54,59,64,65,74,80,82,84,86,93,95,97,109,114,115,116,123,132,133,135,137,138,148,150,156,157],"ascension_level":5}}