{"host":"s24sb66hw4a4sfft","time":1612742989,"event":{"mods":["AchievementEnabler","BaseMod","Colored Map","Colored Powertips","Googly Eyes","Hermit","Hubris","Minty Spire (QoL Compilation)","Quick Restart","Shop Mod","StSLib","The Poker Player"],"gold_per_floor":[114,389,14,26,26,26,60,70,95,95,95,95,8,41,41,136,136,152,169,169,186,86,119,119,97,97,128,128,128,155,155,155,155,155],"floor_reached":33,"language":"ENG","playtime":986,"items_purged":["Regret","Shame"],"score":400,"play_id":"2e0716f1-7bae-421f-9cb5-b96a71d48d1c","local_time":"20210207190949","is_ascension_mode":true,"campfire_choices":[{"data":"Heavy Blade","floor":6,"key":"SMITH"},{"data":"Inflame","floor":10,"key":"SMITH"},{"data":"Dramatic Entrance","floor":15,"key":"SMITH"},{"floor":24,"key":"REST"},{"floor":29,"key":"REST"},{"data":"Flex","floor":32,"key":"SMITH"}],"circlet_count":0,"master_deck":["Strike_R","Strike_R","Strike_R","Strike_R","Defend_R","Defend_R","Defend_R","Defend_R","Bash","Inflame+1","Heavy Blade+1","Heavy Blade+1","Cleave","Dramatic Entrance+1","Clash","Flex","Clash","Flex+1","PokerPlayerMod:DiamondStrike"],"relics":["Burning Blood","NeowsBlessing","Boot","Sling","hubris:TinFlute","Centennial Puzzle","Singing Bowl","Art of War","Mark of Pain","FossilizedHelix","Dream Catcher","Calipers","Red Skull","Bag of Preparation","hubris:Towel"],"acts_visited":["Exordium","TheCity"],"potions_floor_usage":[19,33,33,33,33,33],"damage_taken":[{"damage":0,"enemies":"Jaw Worm","floor":1,"turns":1},{"damage":0,"enemies":"Cultist","floor":4,"turns":1},{"damage":0,"enemies":"3 Sentries","floor":7,"turns":2},{"damage":0,"enemies":"2 Louse","floor":8,"turns":3},{"damage":13,"enemies":"Lagavulin","floor":14,"turns":3},{"damage":31,"enemies":"The Guardian","floor":16,"turns":9},{"damage":15,"enemies":"Shell Parasite","floor":18,"turns":3},{"damage":22,"enemies":"Spheric Guardian","floor":19,"turns":4},{"damage":23,"enemies":"3 Cultists","floor":21,"turns":5},{"damage":32,"enemies":"Slavers","floor":23,"turns":5},{"damage":0,"enemies":"Gremlin Leader","floor":27,"turns":2},{"damage":22,"enemies":"Book of Stabbing","floor":30,"turns":3},{"damage":31,"enemies":"Automaton","floor":33,"turns":6}],"seed_played":"-5977282924086444250","potions_obtained":[{"floor":4,"key":"ColorlessPotion"},{"floor":16,"key":"LiquidMemories"},{"floor":18,"key":"EntropicBrew"},{"floor":19,"key":"Fruit Juice"}],"is_trial":false,"path_per_floor":["M","?","$","M","?","R","E","M","T","R","?","?","$","E","R","B",null,"M","M","?","M","$","E","R","$","T","E","?","R","E","?","R","B"],"character_chosen":"IRONCLAD","items_purchased":["Boot","Sling","Dramatic Entrance","Flex"],"campfire_rested":2,"item_purchase_floors":[3,3,13,25],"current_hp_per_floor":[80,80,80,80,80,80,80,80,80,80,80,80,80,75,75,52,84,75,66,66,49,49,25,52,52,52,60,60,90,76,76,76,45,45],"gold":155,"neow_bonus":"THREE_ENEMY_KILL","is_daily":false,"chose_seed":false,"campfire_upgraded":4,"win_rate":0.0,"timestamp":1612742989,"path_taken":["M","?","?","M","?","R","E","?","T","R","?","?","$","E","R","BOSS","M","M","?","M","$","E","R","$","T","E","?","R","E","?","R","BOSS"],"items_purchased_type":["Relic","Relic","Card","Card"],"build_version":"2020-12-22","purchased_purges":2,"victory":false,"max_hp_per_floor":[80,80,80,80,80,80,80,80,80,80,80,80,80,82,82,84,84,84,91,91,91,91,93,93,93,93,95,95,97,99,99,99,99,99],"card_choices":[{"not_picked":["Warcry","Spot Weakness"],"picked":"Inflame","floor":1},{"not_picked":["Spot Weakness","Hemokinesis"],"picked":"Heavy Blade","floor":4},{"not_picked":["Infernal Blade","Pummel"],"picked":"Heavy Blade","floor":7},{"not_picked":["hubris:ReadiedAction","Iron Wave"],"picked":"Cleave","floor":8},{"not_picked":["Twin Strike","Corruption","Dark Embrace"],"picked":"Singing Bowl","floor":14},{"not_picked":["Demon Form","Offering","Fiend Fire"],"picked":"Singing Bowl","floor":16},{"not_picked":["Warcry+1","Perfected Strike"],"picked":"Clash","floor":18},{"not_picked":["Armaments+1","Cleave+1","Burning Pact"],"picked":"Singing Bowl","floor":19},{"not_picked":["Power Through","Havoc+1"],"picked":"Flex","floor":21},{"not_picked":["Perfected Strike","Sword Boomerang","Anger"],"picked":"Singing Bowl","floor":23},{"not_picked":["hubris:CleavingFinish","Body Slam+1"],"picked":"Clash","floor":24},{"not_picked":["Cleave","Shrug It Off","Body Slam+1"],"picked":"Singing Bowl","floor":27},{"not_picked":["Anger","Armaments+1","Twin Strike"],"picked":"Singing Bowl","floor":29},{"not_picked":["Combust","Shrug It Off","Cleave"],"picked":"Singing Bowl","floor":30}],"player_experience":585263,"relics_obtained":[{"floor":7,"key":"hubris:TinFlute"},{"floor":9,"key":"Centennial Puzzle"},{"floor":14,"key":"Art of War"},{"floor":23,"key":"Dream Catcher"},{"floor":26,"key":"Calipers"},{"floor":27,"key":"Red Skull"},{"floor":30,"key":"Bag of Preparation"}],"event_choices":[{"damage_healed":0,"gold_gain":275,"player_choice":"Desecrate","damage_taken":0,"max_hp_gain":0,"max_hp_loss":0,"event_name":"Golden Shrine","floor":2,"gold_loss":0,"cards_obtained":["Regret"]},{"cards_removed":["Strike_R"],"damage_healed":0,"gold_gain":0,"player_choice":"Offered Basic","damage_taken":0,"max_hp_gain":0,"max_hp_loss":0,"event_name":"Bonfire Elementals","floor":5,"gold_loss":0},{"damage_healed":0,"gold_gain":0,"player_choice":"Gave Potion","damage_taken":0,"relics_obtained":["Singing Bowl"],"max_hp_gain":0,"max_hp_loss":0,"event_name":"WeMeetAgain","floor":12,"gold_loss":0},{"damage_healed":0,"gold_gain":0,"player_choice":"Stole Relic","damage_taken":0,"relics_obtained":["FossilizedHelix"],"max_hp_gain":0,"max_hp_loss":0,"event_name":"Addict","floor":20,"gold_loss":0,"cards_obtained":["Shame"]},{"damage_healed":0,"gold_gain":0,"player_choice":"Read","damage_taken":0,"max_hp_gain":0,"max_hp_loss":0,"event_name":"The Library","floor":28,"gold_loss":0,"cards_obtained":["PokerPlayerMod:DiamondStrike"]}],"is_beta":false,"boss_relics":[{"not_picked":["Empty Cage","Astrolabe"],"picked":"Mark of Pain"}],"items_purged_floors":[3,22],"is_endless":false,"potions_floor_spawned":[4,16,18,19],"killed_by":"Automaton","ascension_level":1}}