{"host":"bg0cyinkrjnqf173","time":1612822408,"event":{"mods":["2.2 Compatiblity","Aspiration","BaseMod","Beaked The Cultist","Better Third Choice","BetterRewards","Colored Map","Conspire","Curses Come First","Defuse TimeMaze Blight","Displayed Cursed Tome","Googly Eyes","Halation","Hubris","Infinite Spire","Jedi Mod","Minty Spire (QoL Compilation)","Permanent Neow","Quick Restart","Rare Cards Sparkle","Relic Sorter","Replay The Spire","Shop Mod","Spicy Shops","Spikes Relics","StSLib","The Bladedancer","The Construct","The Valiant","Uncapped"],"gold_per_floor":[111,0,0,0,17,17,52,52,52,52,64,64,64,92,92,190,190,204,136,149,149,161,187,202,202,252,252,252,269,295,312,312,412,412,425,425,425,445,464,464,479,479,550,567,567,567,567],"floor_reached":46,"language":"ENG","playtime":1979,"items_purged":[],"score":593,"play_id":"77d06e64-9066-4937-a79c-0bf36a823bc7","local_time":"20210208171328","is_ascension_mode":false,"campfire_choices":[{"data":"ClearTheMind","floor":6.0,"key":"SMITH"},{"data":"Ragnarok","floor":10.0,"key":"SMITH"},{"data":"Enlightenment","floor":12.0,"key":"SMITH"},{"data":"Eruption","floor":15.0,"key":"SMITH"},{"data":"Alpha","floor":25.0,"key":"SMITH"},{"floor":32.0,"key":"REST"},{"data":"Omniscience","floor":40.0,"key":"SMITH"},{"data":"Pot Of Greed","floor":42.0,"key":"SMITH"}],"circlet_count":0,"master_deck":["Strike_P","Strike_P","Strike_P","Defend_P","Defend_P","Defend_P","Defend_P","Eruption+1","Vigilance","Ragnarok+1","Replay:BluntJabs","Enlightenment+1","ClearTheMind+1","infinitespire:Oblivion","FollowUp","BowlingBash","Alpha+1","CutThroughFate+1","Prostrate","FlyingSleeves","Meditate","FlurryOfBlows","Prostrate+1","Pot Of Greed","Pot Of Greed+1","Pot Of Greed+1","CarveReality","Omniscience+1","Prostrate","Consecrate","Omniscience"],"relics":["PureWater","hubris:Towel","Blood Vial","aspiration:HummingbirdHeart","ReplayTheSpireMod:Shallot","infinitespire:Lucky Rock","jedi:paperlyon","Orichalcum","Grinning Jar","halation:Convergence","Replay:Bottled Flurry","halation:MonkeysPaw","halation:EternalFortune","hubris:DisguiseKit"],"acts_visited":["Exordium","TheCity","TheBeyond"],"potions_floor_usage":[],"damage_taken":[{"damage":0.0,"enemies":"Small Slimes","floor":1.0,"turns":3.0},{"damage":0.0,"enemies":"2 Louse","floor":5.0,"turns":2.0},{"damage":12.0,"enemies":"Gremlin Nob","floor":7.0,"turns":3.0},{"damage":2.0,"enemies":"Jaw Worm","floor":11.0,"turns":2.0},{"damage":0.0,"enemies":"Lagavulin","floor":14.0,"turns":3.0},{"damage":8.0,"enemies":"Fading Forest","floor":16.0,"turns":11.0},{"damage":0.0,"enemies":"Spheric Guardian","floor":18.0,"turns":2.0},{"damage":0.0,"enemies":"3 Byrds","floor":20.0,"turns":3.0},{"damage":7.0,"enemies":"Snake Plant","floor":22.0,"turns":4.0},{"damage":10.0,"enemies":"Book of Stabbing","floor":23.0,"turns":3.0},{"damage":15.0,"enemies":"Sentry and Sphere","floor":24.0,"turns":4.0},{"damage":11.0,"enemies":"3 Cultists","floor":29.0,"turns":4.0},{"damage":27.0,"enemies":"Slavers","floor":30.0,"turns":6.0},{"damage":4.0,"enemies":"Centurion and Healer","floor":31.0,"turns":5.0},{"damage":7.0,"enemies":"Collector","floor":33.0,"turns":5.0},{"damage":7.0,"enemies":"3 Darklings","floor":35.0,"turns":3.0},{"damage":0.0,"enemies":"Orb Walker","floor":38.0,"turns":3.0},{"damage":12.0,"enemies":"4 Shapes","floor":39.0,"turns":4.0},{"damage":23.0,"enemies":"Writhing Mass","floor":41.0,"turns":5.0},{"damage":4.0,"enemies":"Spire Growth","floor":44.0,"turns":4.0},{"damage":67,"enemies":"Nightmare","floor":46,"turns":5}],"seed_played":"-4653793627232260368","potions_obtained":[{"floor":5.0,"key":"BottledMiracle"},{"floor":20.0,"key":"Weak Potion"},{"floor":22.0,"key":"Ancient Potion"},{"floor":29.0,"key":"Ancient Potion"},{"floor":31.0,"key":"construct:ShiftPotion"}],"is_trial":false,"path_per_floor":["M","?","?","?","M","R","E","?","T","R","M","R","$","E","R","B",null,"M","$","M","?","M","E","M","R","T","?","AVR","M","E","M","R","B",null,"M","?","?","M","M","R","M","R","T","M","?","NM"],"character_chosen":"WATCHER","items_purchased":["Prostrate"],"campfire_rested":1,"item_purchase_floors":[19],"current_hp_per_floor":[72,78,78,78,78,78,66,47,47,47,47,47,47,49,49,43,78,78,78,78,78,71,63,50,50,50,50,50,41,16,14,37,32,78,71,71,74,76,65,65,44,44,44,42,42,0,0],"gold":567,"neow_bonus":"ONE_RANDOM_RARE_CARD","is_daily":false,"chose_seed":false,"campfire_upgraded":7,"win_rate":0.0,"timestamp":1612822408,"path_taken":["M","?","?","?","M","R","E","?","T","R","M","R","?","E","R","BOSS","M","$","M","?","?","E","M","R","T","?","AVR","M","E","M","R","BOSS","M","?","?","M","M","R","M","R","T","M","?","NM"],"items_purchased_type":["Card"],"build_version":"2020-12-22","purchased_purges":0,"victory":false,"max_hp_per_floor":[72,78,78,78,78,78,78,78,78,78,78,78,78,78,78,78,78,78,78,78,78,78,78,78,78,78,78,78,78,78,78,78,78,78,78,74,77,77,77,77,77,77,77,77,77,77,77],"card_choices":[{"not_picked":["Halt","SashWhip"],"picked":"Replay:BluntJabs","floor":1.0},{"not_picked":["Collect","WheelKick"],"picked":"ClearTheMind","floor":5.0},{"not_picked":["Replay:ManipulateFuture","Replay:AtTheReady","WindmillStrike"],"picked":"SKIP","floor":7.0},{"not_picked":["infinitespire:Menacing","infinitespire:UltimateForm"],"picked":"infinitespire:Oblivion","floor":8.0},{"not_picked":["DeceiveReality","ThirdEye"],"picked":"FollowUp","floor":11.0},{"not_picked":["Replay:Anticipation","SignatureMove"],"picked":"BowlingBash","floor":14.0},{"not_picked":["DeusExMachina","Scrawl"],"picked":"Alpha","floor":16.0},{"not_picked":["Replay:Cycle+1","Collect"],"picked":"CutThroughFate+1","floor":18.0},{"not_picked":["Evaluate","CrushJoints"],"picked":"FlyingSleeves","floor":20.0},{"not_picked":["WindmillStrike","Halt"],"picked":"Meditate","floor":22.0},{"not_picked":["BowlingBash","ClearTheMind+1"],"picked":"FlurryOfBlows","floor":23.0},{"not_picked":["Replay:BluntJabs","EmptyFist"],"picked":"Prostrate+1","floor":24.0},{"not_picked":["Replay:ManipulateFuture","CutThroughFate"],"picked":"Omniscience","floor":29.0},{"not_picked":["Indignation","Meditate+1"],"picked":"Prostrate","floor":30.0},{"not_picked":["ForeignInfluence","Replay:AtTheReady"],"picked":"Consecrate","floor":31.0},{"not_picked":["Replay:AllIn","Devotion"],"picked":"Omniscience","floor":33.0},{"not_picked":["JustLucky+1","Wireheading+1","Replay:Vibes+1"],"picked":"SKIP","floor":35.0},{"not_picked":["CutThroughFate+1","Collect+1","Replay:BluntJabs"],"picked":"SKIP","floor":38.0},{"not_picked":["Swivel+1","CrushJoints+1","Establishment"],"picked":"SKIP","floor":39.0},{"not_picked":["Replay:AtTheReady","FlyingSleeves+1","Crescendo+1"],"picked":"SKIP","floor":41.0},{"not_picked":["FollowUp+1","Wireheading+1","Study+1","beaked:HuntressEssence"],"picked":"SKIP","floor":44.0}],"player_experience":843372,"relics_obtained":[{"floor":4.0,"key":"Blood Vial"},{"floor":7.0,"key":"aspiration:HummingbirdHeart"},{"floor":9.0,"key":"ReplayTheSpireMod:Shallot"},{"floor":14.0,"key":"infinitespire:Lucky Rock"},{"floor":23.0,"key":"Orichalcum"},{"floor":26.0,"key":"Grinning Jar"},{"floor":30.0,"key":"Replay:Bottled Flurry"},{"floor":43.0,"key":"hubris:DisguiseKit"}],"event_choices":[{"damage_healed":0.0,"max_hp_gain":0.0,"max_hp_loss":0.0,"gold_gain":0.0,"event_name":"betterThird:BetterSerpent","player_choice":"RENOUNCE","floor":2.0,"gold_loss":111.0,"damage_taken":111.0,"cards_obtained":["Enlightenment"]},{"damage_healed":0.0,"max_hp_gain":0.0,"max_hp_loss":0.0,"gold_gain":0.0,"cards_transformed":["Strike_P"],"event_name":"Transmorgrifier","player_choice":"Transformed","floor":27.0,"gold_loss":0.0,"damage_taken":0.0,"cards_obtained":["CarveReality"]},{"damage_healed":0.0,"max_hp_gain":0.0,"max_hp_loss":4.0,"gold_gain":0.0,"event_name":"Winding Halls","player_choice":"Max HP","floor":36.0,"gold_loss":0.0,"damage_taken":0.0}],"is_beta":false,"boss_relics":[{"not_picked":["Coffee Dripper","hubris:ScarierMask"],"picked":"jedi:paperlyon"},{"not_picked":["halation:HeavySnake","Astrolabe"],"picked":"halation:MonkeysPaw"}],"items_purged_floors":[],"is_endless":false,"potions_floor_spawned":[5,20,22,29,31,39,41,44],"killed_by":"Nightmare","ascension_level":0}}