{"host":"nj4msrt0z6tj4wtb","time":1612795039,"event":{"mods":["AchievementEnabler","BaseMod","Colored Map","Colored Powertips","DeckTracker","Highlight Path","Keyboard Shortcuts","Minty Spire (QoL Compilation)","Quick Restart","Random Character Button","StSLib","SuperFastMode"],"gold_per_floor":[115,130,148,159,173,173,506,525,525,525,475,508,23,37,37,133,133,144,158,158,178,78,109,121,121,121,40,40,59,77,90,90,194,194,205,221,10,10,10,10,10],"floor_reached":40,"language":"KOR","playtime":1868,"items_purged":["Strike_R","Strike_R","Strike_R"],"score":536,"play_id":"ae5f8efa-84cd-453e-9556-c0970f611210","local_time":"20210208233719","is_ascension_mode":true,"campfire_choices":[{"data":"Wild Strike","floor":6.0,"key":"SMITH"},{"data":"Seeing Red","floor":10.0,"key":"SMITH"},{"data":"Exhume","floor":15.0,"key":"SMITH"},{"data":"Heavy Blade","floor":25.0,"key":"SMITH"},{"data":"Limit Break","floor":28.0,"key":"SMITH"},{"data":"Disarm","floor":32.0,"key":"SMITH"}],"circlet_count":0,"master_deck":["Strike_R","Defend_R","Defend_R","Defend_R","Defend_R","Bash+1","Wild Strike+1","Spot Weakness","Disarm+1","Shrug It Off","Pommel Strike","Seeing Red+1","Power Through","Exhume+1","Limit Break+1","Blood for Blood","Shrug It Off+1","Inflame+1","Fire Breathing","Heavy Blade+1","Second Wind","Dropkick","Rampage","Berserk","Feel No Pain","Dark Shackles"],"relics":["Black Blood","Old Coin","Akabeko","Magic Flower","Question Card","Boot","Champion Belt","Runic Cube","Membership Card"],"acts_visited":["Exordium","TheCity","TheBeyond"],"potions_floor_usage":[36,40],"damage_taken":[{"damage":6.0,"enemies":"Cultist","floor":1.0,"turns":3.0},{"damage":5.0,"enemies":"2 Louse","floor":2.0,"turns":4.0},{"damage":12.0,"enemies":"Jaw Worm","floor":3.0,"turns":2.0},{"damage":11.0,"enemies":"Looter","floor":4.0,"turns":2.0},{"damage":12.0,"enemies":"3 Louse","floor":5.0,"turns":3.0},{"damage":22.0,"enemies":"Gremlin Nob","floor":7.0,"turns":4.0},{"damage":8.0,"enemies":"Exordium Thugs","floor":8.0,"turns":5.0},{"damage":18.0,"enemies":"Lagavulin","floor":12.0,"turns":4.0},{"damage":10.0,"enemies":"2 Fungi Beasts","floor":14.0,"turns":3.0},{"damage":3.0,"enemies":"The Guardian","floor":16.0,"turns":11.0},{"damage":24.0,"enemies":"Spheric Guardian","floor":18.0,"turns":6.0},{"damage":24.0,"enemies":"2 Thieves","floor":19.0,"turns":4.0},{"damage":23.0,"enemies":"Centurion and Healer","floor":21.0,"turns":7.0},{"damage":23.0,"enemies":"Slavers","floor":23.0,"turns":6.0},{"damage":20.0,"enemies":"Snake Plant","floor":24.0,"turns":3.0},{"damage":35.0,"enemies":"3 Cultists","floor":29.0,"turns":5.0},{"damage":44.0,"enemies":"Shelled Parasite and Fungi","floor":30.0,"turns":6.0},{"damage":0.0,"enemies":"Snecko","floor":31.0,"turns":3.0},{"damage":36.0,"enemies":"Champ","floor":33.0,"turns":8.0},{"damage":16.0,"enemies":"Orb Walker","floor":35.0,"turns":3.0},{"damage":62,"enemies":"3 Darklings","floor":36,"turns":6},{"damage":59,"enemies":"Giant Head","floor":40,"turns":8}],"seed_played":"1741827330886013544","potions_obtained":[{"floor":2.0,"key":"ColorlessPotion"},{"floor":3.0,"key":"Weak Potion"},{"floor":4.0,"key":"Ancient Potion"},{"floor":8.0,"key":"HeartOfIron"},{"floor":18.0,"key":"HeartOfIron"},{"floor":23.0,"key":"Swift Potion"},{"floor":29.0,"key":"Regen Potion"},{"floor":30.0,"key":"SkillPotion"},{"floor":33.0,"key":"FearPotion"},{"floor":36,"key":"LiquidMemories"}],"is_trial":false,"path_per_floor":["M","M","M","M","M","R","E","M","T","R","?","E","$","M","R","B",null,"M","M","?","M","$","E","M","R","T","$","R","M","M","M","R","B",null,"M","M","$","?","?","E"],"character_chosen":"IRONCLAD","items_purchased":["Exhume","Question Card","Second Wind","Membership Card"],"campfire_rested":0,"item_purchase_floors":[13,13,27,37],"current_hp_per_floor":[80,80,74,69,63,63,47,45,45,45,45,33,33,32,32,38,80,74,68,53,48,48,43,41,41,41,41,41,24,22,40,40,22,85,85,41,41,41,41,0,0],"gold":10,"neow_bonus":"UPGRADE_CARD","is_daily":false,"chose_seed":false,"campfire_upgraded":6,"win_rate":0.0,"timestamp":1612795039,"path_taken":["M","M","M","M","?","R","E","M","T","R","?","E","$","M","R","BOSS","M","M","?","M","$","E","M","R","T","$","R","M","M","M","R","BOSS","M","M","$","?","?","E"],"items_purchased_type":["Card","Relic","Card","Relic"],"build_version":"2020-12-22","purchased_purges":3,"victory":false,"max_hp_per_floor":[80,80,80,80,80,80,80,80,80,80,80,80,80,80,80,80,80,80,80,85,85,85,85,85,85,85,85,85,85,85,85,85,85,85,85,85,85,85,85,85,85],"card_choices":[{"not_picked":["Warcry","Bloodletting"],"picked":"Wild Strike","floor":1.0},{"not_picked":["Dark Embrace","True Grit"],"picked":"Spot Weakness","floor":2.0},{"not_picked":["Feel No Pain","Intimidate"],"picked":"Disarm","floor":3.0},{"not_picked":["Thunderclap","Armaments"],"picked":"Shrug It Off","floor":4.0},{"not_picked":["Shrug It Off","Cleave"],"picked":"Pommel Strike","floor":5.0},{"not_picked":["Demon Form","Pommel Strike"],"picked":"Seeing Red","floor":7.0},{"not_picked":["Spot Weakness","Burning Pact","True Grit"],"picked":"SKIP","floor":8.0},{"not_picked":["Cleave","Thunderclap"],"picked":"Power Through","floor":12.0},{"not_picked":["Headbutt","Dark Embrace","Metallicize","Dual Wield"],"picked":"SKIP","floor":14.0},{"not_picked":["Brutality","Exhume","Reaper"],"picked":"Limit Break","floor":16.0},{"not_picked":["Havoc","Flame Barrier+1","Seeing Red+1"],"picked":"Blood for Blood","floor":18.0},{"not_picked":["Headbutt","Warcry","Thunderclap"],"picked":"Shrug It Off+1","floor":19.0},{"not_picked":["Rage","Flex+1","Headbutt"],"picked":"Inflame+1","floor":21.0},{"not_picked":["Sentinel+1","Infernal Blade","Fiend Fire"],"picked":"Fire Breathing","floor":23.0},{"not_picked":["Clash+1","Shrug It Off","Warcry+1"],"picked":"Heavy Blade","floor":24.0},{"not_picked":["Anger+1","Second Wind+1","Pummel+1"],"picked":"Dropkick","floor":29.0},{"not_picked":["Second Wind","Infernal Blade","True Grit","Clothesline"],"picked":"SKIP","floor":30.0},{"not_picked":["Juggernaut","Whirlwind","Headbutt"],"picked":"Rampage","floor":31.0},{"not_picked":["Limit Break","Impervious","Brutality"],"picked":"Berserk","floor":33.0},{"not_picked":["Infernal Blade+1","Havoc","Power Through+1"],"picked":"Feel No Pain","floor":35.0},{"not_picked":["Feel No Pain+1","Carnage+1","Sever Soul","Perfected Strike+1"],"picked":"SKIP","floor":36},{"not_picked":["Mind Blast","Impatience","Blind"],"picked":"Dark Shackles","floor":38}],"player_experience":661724,"relics_obtained":[{"floor":7.0,"key":"Old Coin"},{"floor":9.0,"key":"Akabeko"},{"floor":12.0,"key":"Magic Flower"},{"floor":23.0,"key":"Boot"},{"floor":26.0,"key":"Champion Belt"}],"event_choices":[{"cards_removed":["Strike_R"],"damage_healed":0.0,"max_hp_gain":0.0,"max_hp_loss":0.0,"gold_gain":0.0,"event_name":"The Cleric","player_choice":"Card Removal","floor":11.0,"gold_loss":50.0,"damage_taken":0.0},{"damage_healed":0.0,"max_hp_gain":5.0,"max_hp_loss":0.0,"gold_gain":0.0,"event_name":"Forgotten Altar","player_choice":"Shed Blood","floor":20.0,"gold_loss":0.0,"damage_taken":20.0},{"damage_healed":0,"gold_gain":0,"player_choice":"Memory 1","damage_taken":0,"max_hp_gain":0,"max_hp_loss":0,"event_name":"SensoryStone","floor":38,"gold_loss":0},{"damage_healed":0,"gold_gain":0,"player_choice":"Ignored","damage_taken":0,"max_hp_gain":0,"max_hp_loss":0,"event_name":"The Moai Head","floor":39,"gold_loss":0}],"is_beta":false,"boss_relics":[{"not_picked":["Busted Crown","Black Star"],"picked":"Black Blood"},{"not_picked":["Tiny House","Velvet Choker"],"picked":"Runic Cube"}],"items_purged_floors":[13,22,37],"is_endless":false,"potions_floor_spawned":[2,3,4,7,8,18,23,29,30,33,36],"killed_by":"Giant Head","ascension_level":4}}