{"host":"zksvs3x2ysy9npnz","time":1612816807,"event":{"mods":["Aspiration","BaseMod","Beaked The Cultist","BetterRewards","Clockwork Mod","Colored Map","Conspire","Downfall","Halation","Highlight Path","Hubris","Infinite Spire","Jedi Mod","Magitek Elite","Minty Spire (QoL Compilation)","Permanent Neow","Quick Restart","Relic Stats","Shop Mod","StSLib","The Runesmith","The Witch"],"gold_per_floor":[112,125,145,164,182,215,215,215,215,215,140,140,158,187,187,266,266,282,295,295,295,77,111,111,146,146,245,275,275,300,315,315,386,386,400,400,413,413,425,450,450,468,468,484,518,531,7,32,32,32],"floor_reached":51,"language":"FRA","playtime":3045,"items_purged":["beaked:Strike_Y","beaked:Defend_Y","beaked:MimicHuntress","beaked:Strike_Y"],"score":1428,"play_id":"cd2dc4d0-87d7-4041-8b7b-454fe6cf618b","local_time":"20210208214007","is_ascension_mode":true,"campfire_choices":[{"data":"beaked:Foresight","floor":7.0,"key":"SMITH"},{"data":"beaked:Insight","floor":10.0,"key":"SMITH"},{"data":"beaked:Ceremony","floor":12.0,"key":"SMITH"},{"data":"beaked:SurvivalInstinct","floor":15.0,"key":"SMITH"},{"data":"beaked:KnowThyFoe","floor":24.0,"key":"SMITH"},{"data":"beaked:ScreechingChant","floor":32.0,"key":"SMITH"},{"data":"infinitespire:TheBestDefense","floor":41.0,"key":"SMITH"},{"data":"infinitespire:Collect","floor":49,"key":"SMITH"}],"circlet_count":0,"master_deck":["AscendersBane","beaked:Strike_Y","beaked:Strike_Y","beaked:Strike_Y","beaked:Defend_Y","beaked:Defend_Y","beaked:Defend_Y","beaked:Ceremony","beaked:Ceremony+1","beaked:Ceremony","beaked:Insight+1","beaked:Foresight+1","beaked:Brace","beaked:SurvivalInstinct+1","beaked:KnowThyFoe+1","beaked:CursingBlood","beaked:Foresight+1","infinitespire:Collect+1","beaked:ScreechingChant+1","beaked:Foresight","beaked:ScreechingChant","beaked:WarriorEssence","beaked:BraceForImpact","infinitespire:TheBestDefense+1","beaked:Brace","beaked:HuntressSpirit","beaked:Evade+1","hubris:DuctTapeCard"],"relics":["beaked:BlessedCoat","aspiration:Nostalgia","infinitespire:DarkRift","aspiration:FrozenJewel","Bottled Tornado","aspiration:HummingbirdHeart","Genji_Glove","halation:EternalFortune","jedi:Pinwheel","halation:QuantumPhysicsTextbook","hubris:DuctTape","jedi:crownofsimplicity","hubris:Towel","Ancient Tea Set","jedi:paperlyon","hubris:Icosahedron","halation:PrussianBluePaint","jedi:leech","Mango","HandDrill","infinitespire:CheckeredPen","Runesmith:AutoHammer"],"acts_visited":["Exordium","TheCity","TheBeyond"],"potions_floor_usage":[50,50],"damage_taken":[{"damage":0.0,"enemies":"Small Slimes","floor":1.0,"turns":4.0},{"damage":1.0,"enemies":"Cultist","floor":2.0,"turns":3.0},{"damage":9.0,"enemies":"2 Louse","floor":3.0,"turns":4.0},{"damage":17.0,"enemies":"Looter","floor":4.0,"turns":3.0},{"damage":12.0,"enemies":"2 Fungi Beasts","floor":5.0,"turns":4.0},{"damage":10.0,"enemies":"Lagavulin","floor":6.0,"turns":7.0},{"damage":0.0,"enemies":"Lots of Slimes","floor":13.0,"turns":6.0},{"damage":14.0,"enemies":"Gremlin Nob","floor":14.0,"turns":6.0},{"damage":10.0,"enemies":"Hexaghost","floor":16.0,"turns":9.0},{"damage":4.0,"enemies":"Chosen","floor":18.0,"turns":10.0},{"damage":23.0,"enemies":"3 Byrds","floor":19.0,"turns":9.0},{"damage":15.0,"enemies":"Gremlin Leader","floor":23.0,"turns":5.0},{"damage":12.0,"enemies":"conspire:Head Lice","floor":25.0,"turns":7.0},{"damage":14.0,"enemies":"conspire:SneckoGhost","floor":28.0,"turns":5.0},{"damage":41.0,"enemies":"Nightmare","floor":30.0,"turns":8.0},{"damage":0.0,"enemies":"Snecko","floor":31.0,"turns":4.0},{"damage":21.0,"enemies":"hubris:MusketHawk","floor":33.0,"turns":8.0},{"damage":5.0,"enemies":"Orb Walker","floor":35.0,"turns":4.0},{"damage":31.0,"enemies":"3 Darklings","floor":37.0,"turns":6.0},{"damage":9.0,"enemies":"Jaw Worm Horde","floor":39.0,"turns":2.0},{"damage":32.0,"enemies":"Nightmare","floor":40.0,"turns":4.0},{"damage":20.0,"enemies":"Spire Growth","floor":42.0,"turns":6.0},{"damage":16.0,"enemies":"Maw","floor":44.0,"turns":6.0},{"damage":14.0,"enemies":"Nemesis","floor":45.0,"turns":7.0},{"damage":44.0,"enemies":"Sphere and 2 Shapes","floor":46.0,"turns":8.0},{"damage":10,"enemies":"Reptomancer","floor":48,"turns":9},{"damage":49,"enemies":"Donu and Deca","floor":50,"turns":6}],"seed_played":"8297713678888508290","potions_obtained":[{"floor":1.0,"key":"SpeedPotion"},{"floor":3.0,"key":"LiquidMemories"},{"floor":4.0,"key":"SkillPotion"},{"floor":14.0,"key":"PowerPotion"},{"floor":18.0,"key":"champ:CounterPotion"},{"floor":28.0,"key":"Guardian:BlockOnCardUsePotion"},{"floor":30.0,"key":"Slimebound:ThreeZeroPotion"},{"floor":36.0,"key":"beaked:MendingBrew"},{"floor":36.0,"key":"BlessingOfTheForge"}],"is_trial":false,"path_per_floor":["M","M","M","M","M","E","R","?","T","R","$","R","M","E","R","B",null,"M","M","AVR","?","$","E","R","E","T","?","E","?","NM","M","R","B",null,"M","?","M","?","M","NM","R","M","T","M","E","M","$","E","R","B",null],"character_chosen":"BEAKED_THE_CULTIST","items_purchased":["beaked:ScreechingChant","beaked:Windmill","HandDrill","infinitespire:CheckeredPen"],"campfire_rested":0,"item_purchase_floors":[22,22,47,47],"current_hp_per_floor":[45,45,44,36,38,41,41,41,41,41,41,41,45,41,41,43,45,45,45,45,48,48,36,36,48,48,48,48,48,30,46,46,47,48,48,48,33,33,38,26,26,47,47,48,62,62,62,62,62,62],"gold":32,"neow_bonus":"NOSTALGIA","is_daily":false,"chose_seed":false,"campfire_upgraded":8,"win_rate":0.0,"timestamp":1612816807,"path_taken":["M","M","M","M","M","E","R","?","T","R","$","R","?","E","R","BOSS","M","M","AVR","?","$","E","R","E","T","?","E","?","NM","M","R","BOSS","M","?","?","?","M","NM","R","M","T","M","E","M","$","E","R","BOSS"],"items_purchased_type":["Card","Card","Relic","Relic"],"build_version":"2020-12-22","purchased_purges":4,"victory":true,"max_hp_per_floor":[45,45,45,45,45,45,45,45,45,45,45,45,45,45,45,45,45,45,45,45,48,48,48,48,48,48,48,48,48,48,48,48,48,48,48,48,48,48,48,48,48,48,48,48,62,62,62,62,62,62],"relic_stats":{"counters":[27,160],"HandDrill":[4],"obtain_stats":[{"halation:QuantumPhysicsTextbook":25,"hubris:DuctTape":26,"aspiration:Nostalgia":0,"Mango":45,"aspiration:HummingbirdHeart":14,"jedi:crownofsimplicity":28,"infinitespire:CheckeredPen":47,"Bottled Tornado":9,"jedi:Pinwheel":23,"hubris:Towel":29,"beaked:BlessedCoat":17,"Ancient Tea Set":30,"aspiration:FrozenJewel":6,"jedi:leech":43,"infinitespire:DarkRift":0,"hubris:Icosahedron":38,"jedi:paperlyon":34,"halation:PrussianBluePaint":40,"halation:EternalFortune":21,"Genji_Glove":20,"HandDrill":47,"Runesmith:AutoHammer":48,"beaked:MendingPlumage":0},{"halation:QuantumPhysicsTextbook":13,"hubris:DuctTape":13,"aspiration:Nostalgia":0,"Mango":24,"aspiration:HummingbirdHeart":8,"jedi:crownofsimplicity":14,"infinitespire:CheckeredPen":25,"Bottled Tornado":6,"jedi:Pinwheel":12,"hubris:Towel":14,"beaked:BlessedCoat":9,"Ancient Tea Set":15,"aspiration:FrozenJewel":6,"jedi:leech":22,"infinitespire:DarkRift":0,"hubris:Icosahedron":19,"jedi:paperlyon":17,"halation:PrussianBluePaint":21,"halation:EternalFortune":11,"Genji_Glove":11,"HandDrill":25,"Runesmith:AutoHammer":26,"beaked:MendingPlumage":0},{"halation:QuantumPhysicsTextbook":77,"hubris:DuctTape":77,"aspiration:Nostalgia":0,"Mango":137,"aspiration:HummingbirdHeart":37,"jedi:crownofsimplicity":82,"infinitespire:CheckeredPen":145,"Bottled Tornado":25,"jedi:Pinwheel":70,"hubris:Towel":82,"beaked:BlessedCoat":46,"Ancient Tea Set":90,"aspiration:FrozenJewel":25,"jedi:leech":124,"infinitespire:DarkRift":0,"hubris:Icosahedron":112,"jedi:paperlyon":102,"halation:PrussianBluePaint":118,"halation:EternalFortune":65,"Genji_Glove":65,"HandDrill":145,"Runesmith:AutoHammer":154,"beaked:MendingPlumage":0}]},"card_choices":[{"not_picked":["beaked:WarriorEssence","beaked:Flinch","beaked:Resilience"],"picked":"SKIP","floor":1.0},{"not_picked":["beaked:TuckingFeathers","beaked:WarriorEssence"],"picked":"beaked:Insight","floor":2.0},{"not_picked":["beaked:ShadowFade","beaked:SurvivalInstinct"],"picked":"beaked:Windmill","floor":3.0},{"not_picked":["beaked:SurvivalInstinct","beaked:BraceForImpact"],"picked":"beaked:Foresight","floor":4.0},{"not_picked":["beaked:Redirect","beaked:Poke"],"picked":"beaked:MimicHuntress","floor":5.0},{"not_picked":["beaked:RuinSticks","beaked:DigDeep"],"picked":"beaked:Brace","floor":6.0},{"not_picked":["beaked:MimicWarrior","beaked:Windmill","beaked:Brace"],"picked":"SKIP","floor":13.0},{"not_picked":["beaked:Roost","beaked:WarriorSpirit"],"picked":"beaked:SurvivalInstinct","floor":14.0},{"not_picked":["beaked:ShadowFade","beaked:Sacrifice"],"picked":"beaked:KnowThyFoe","floor":16.0},{"not_picked":["beaked:WarriorEssence","beaked:Tradeoff"],"picked":"beaked:CursingBlood","floor":18.0},{"not_picked":["beaked:Negation+1","beaked:Flinch+1"],"picked":"beaked:Foresight+1","floor":19.0},{"not_picked":["beaked:MimicHuntress+1","beaked:FeelMyPain","beaked:Redirect"],"picked":"SKIP","floor":23.0},{"not_picked":["beaked:StunningBlow","beaked:Brace","beaked:SacrificialAttack"],"picked":"SKIP","floor":25.0},{"not_picked":["beaked:Resilience+1","beaked:VolatileMisfortune","beaked:SacrificialAttack"],"picked":"SKIP","floor":28.0},{"not_picked":["beaked:Tweet","beaked:Resilience"],"picked":"beaked:Foresight","floor":30.0},{"not_picked":["beaked:MachineSpirit","beaked:Redirect","beaked:Foresight"],"picked":"SKIP","floor":31.0},{"not_picked":["beaked:DarkPact","beaked:CheekyTricks"],"picked":"beaked:ScreechingChant","floor":33.0},{"not_picked":["beaked:SacrificialDive","beaked:Mantra"],"picked":"beaked:WarriorEssence","floor":35.0},{"not_picked":["beaked:Tradeoff","beaked:Insight"],"picked":"beaked:BraceForImpact","floor":37.0},{"not_picked":["beaked:Insight","beaked:BraceForImpact","beaked:Replenish+1"],"picked":"SKIP","floor":39.0},{"not_picked":["hubris:InfiniteBlow+72138","hubris:Rewind"],"picked":"infinitespire:TheBestDefense","floor":40.0},{"not_picked":["beaked:Tradeoff","beaked:WildInstinct","beaked:BloodForTheGods"],"picked":"SKIP","floor":40.0},{"not_picked":["beaked:Daydream","beaked:Foresight+1"],"picked":"beaked:Brace","floor":42.0},{"not_picked":["beaked:StickSmack","beaked:WildInstinct"],"picked":"beaked:HuntressSpirit","floor":44.0},{"not_picked":["beaked:TuckingFeathers","beaked:SurvivalInstinct"],"picked":"beaked:Evade+1","floor":45.0},{"not_picked":["beaked:VolatileMisfortune","beaked:WarriorSpirit","beaked:Tweet"],"picked":"SKIP","floor":46.0},{"not_picked":["beaked:Daydream","beaked:Evade+1","beaked:Foresight"],"picked":"SKIP","floor":48}],"player_experience":1867326,"relics_obtained":[{"floor":6.0,"key":"aspiration:FrozenJewel"},{"floor":9.0,"key":"Bottled Tornado"},{"floor":14.0,"key":"aspiration:HummingbirdHeart"},{"floor":23.0,"key":"jedi:Pinwheel"},{"floor":25.0,"key":"halation:QuantumPhysicsTextbook"},{"floor":26.0,"key":"hubris:DuctTape"},{"floor":28.0,"key":"jedi:crownofsimplicity"},{"floor":30.0,"key":"Ancient Tea Set"},{"floor":40.0,"key":"halation:PrussianBluePaint"},{"floor":43.0,"key":"jedi:leech"},{"floor":45.0,"key":"Mango"},{"floor":48,"key":"Runesmith:AutoHammer"}],"event_choices":[{"cards_removed":["beaked:Strike_Y"],"damage_healed":0.0,"max_hp_gain":0.0,"max_hp_loss":0.0,"gold_gain":0.0,"event_name":"Bonfire Elementals","player_choice":"Offered Basic","floor":8.0,"gold_loss":0.0,"damage_taken":0.0},{"damage_healed":0.0,"max_hp_gain":0.0,"max_hp_loss":0.0,"gold_gain":99.0,"event_name":"Nest","player_choice":"Stole From Cult","floor":27.0,"gold_loss":0.0,"damage_taken":0.0},{"damage_healed":0.0,"max_hp_gain":0.0,"max_hp_loss":0.0,"gold_gain":0.0,"event_name":"Lab","player_choice":"Got Potions","floor":36.0,"gold_loss":0.0,"damage_taken":0.0}],"is_beta":false,"boss_relics":[{"not_picked":["Runic Dome","halation:PlatinumPhoenix"],"picked":"beaked:BlessedCoat"},{"not_picked":["Runesmith:UraniumAnvil","jedi:hotpepper"],"picked":"jedi:paperlyon"}],"items_purged_floors":[11,20,22,47],"is_endless":false,"potions_floor_spawned":[1,3,4,14,18,28,30,37,39,42,46],"ascension_level":14}}