{"host":"bnpj5ln693dhfj4y","time":1612802743,"event":{"mods":["AchievementEnabler","BaseMod","Colored Map","Colored Powertips","DeckTracker","Highlight Path","Minty Spire (QoL Compilation)","Weighted Paths"],"gold_per_floor":[109,123,136,86,11,38,38,69,69,69,100,70,102,112,112,209,209,229,246,257,14,14,14,43,59,59,84,84,84,114,133,133,237,237,250,264,282,301,0,0,0],"floor_reached":40,"language":"ENG","playtime":2438,"items_purged":["Strike_R"],"score":689,"play_id":"36e1f035-b2f0-4c56-bccb-a0bc7edd18fb","local_time":"20210208174543","is_ascension_mode":true,"campfire_choices":[{"data":"Bash","floor":7,"key":"SMITH"},{"data":"Fire Breathing","floor":15,"key":"SMITH"},{"data":"Armaments","floor":23,"key":"SMITH"},{"data":"Whirlwind","floor":28,"key":"SMITH"},{"data":"Heavy Blade","floor":32,"key":"SMITH"}],"circlet_count":0,"master_deck":["Strike_R","Strike_R","Strike_R","Defend_R","Defend_R","Defend_R","Defend_R","Bash+1","Twin Strike","Ghostly Armor","Fire Breathing+1","Whirlwind+1","Cleave","Anger","Flex","Second Wind","Demon Form","CurseOfTheBell","Intimidate+1","Armaments+1","Rampage","Clothesline","Shrug It Off","Decay","Double Tap","Heavy Blade+1","Shrug It Off","Burning Pact+1","Flame Barrier+1","Body Slam+1"],"relics":["Coffee Dripper","Gremlin Horn","Lizard Tail","Mango","Kunai","Charon\u0027s Ashes","Pen Nib","Calling Bell","Anchor","Eternal Feather","Champion Belt","Paper Frog","MutagenicStrength","Lantern","Ornamental Fan","Bottled Flame","Self Forming Clay","Black Star","Red Mask"],"acts_visited":["Exordium","TheCity","TheBeyond"],"potions_floor_usage":[13,16,18,19,24,27,30,33,40],"damage_taken":[{"damage":0,"enemies":"Cultist","floor":1,"turns":2},{"damage":0,"enemies":"Small Slimes","floor":2,"turns":3},{"damage":4,"enemies":"2 Louse","floor":3,"turns":2},{"damage":35,"enemies":"Lagavulin","floor":6,"turns":8},{"damage":15,"enemies":"3 Sentries","floor":8,"turns":4},{"damage":16,"enemies":"Gremlin Nob","floor":11,"turns":4},{"damage":9,"enemies":"Lagavulin","floor":13,"turns":5},{"damage":8,"enemies":"Blue Slaver","floor":14,"turns":2},{"damage":14,"enemies":"Hexaghost","floor":16,"turns":7},{"damage":13,"enemies":"Chosen","floor":18,"turns":5},{"damage":8,"enemies":"2 Thieves","floor":19,"turns":4},{"damage":21,"enemies":"Snecko","floor":20,"turns":5},{"damage":0,"enemies":"Gremlin Leader","floor":24,"turns":3},{"damage":0,"enemies":"Cultist and Chosen","floor":25,"turns":4},{"damage":16,"enemies":"Slavers","floor":27,"turns":4},{"damage":0,"enemies":"Gremlin Leader","floor":30,"turns":4},{"damage":2,"enemies":"Chosen and Byrds","floor":31,"turns":3},{"damage":31,"enemies":"Collector","floor":33,"turns":7},{"damage":0,"enemies":"3 Darklings","floor":35,"turns":1},{"damage":6,"enemies":"Orb Walker","floor":36,"turns":4},{"damage":34,"enemies":"4 Shapes","floor":37,"turns":1},{"damage":0,"enemies":"Jaw Worm Horde","floor":38,"turns":1},{"damage":43,"enemies":"Nemesis","floor":40,"turns":7}],"seed_played":"8692136890420421695","potions_obtained":[{"floor":2,"key":"SpeedPotion"},{"floor":12,"key":"FearPotion"},{"floor":12,"key":"LiquidBronze"},{"floor":13,"key":"ElixirPotion"},{"floor":16,"key":"BloodPotion"},{"floor":18,"key":"SkillPotion"},{"floor":19,"key":"Explosive Potion"},{"floor":27,"key":"BlessingOfTheForge"},{"floor":30,"key":"Swift Potion"},{"floor":31,"key":"Swift Potion"},{"floor":33,"key":"LiquidMemories"},{"floor":36,"key":"SkillPotion"}],"is_trial":false,"path_per_floor":["M","M","M","?","$","E","R","E","T","?","E","?","E","M","R","B",null,"M","M","M","$","?","R","E","M","T","E","R","?","E","M","R","B",null,"M","M","M","M","?","E"],"character_chosen":"IRONCLAD","items_purchased":["Paper Frog"],"campfire_rested":0,"item_purchase_floors":[21],"current_hp_per_floor":[80,80,76,76,76,41,41,26,40,40,24,24,15,7,7,40,81,68,78,57,57,57,69,69,69,69,53,65,65,65,63,78,47,82,82,76,42,42,42,0,0],"gold":0,"neow_bonus":"BOSS_RELIC","is_daily":false,"chose_seed":false,"campfire_upgraded":5,"win_rate":0.0,"timestamp":1612802743,"path_taken":["M","M","M","?","$","E","R","E","T","?","E","?","E","?","R","BOSS","M","M","M","$","?","R","E","M","T","E","R","?","E","M","R","BOSS","M","M","M","M","?","E"],"items_purchased_type":["Relic"],"build_version":"2020-12-22","purchased_purges":1,"victory":false,"max_hp_per_floor":[80,80,80,80,80,80,80,80,94,94,94,94,94,94,94,94,94,94,94,94,94,94,94,94,94,94,94,94,94,94,94,94,94,94,94,94,94,94,94,94,94],"card_choices":[{"not_picked":["Clothesline","Feel No Pain"],"picked":"Twin Strike","floor":1},{"not_picked":["Searing Blow","Sword Boomerang"],"picked":"Ghostly Armor","floor":2},{"not_picked":["Body Slam","Perfected Strike"],"picked":"Fire Breathing","floor":3},{"not_picked":["Dual Wield","Metallicize"],"picked":"Whirlwind","floor":6},{"not_picked":["Immolate","Thunderclap"],"picked":"Cleave","floor":8},{"not_picked":["Cleave","Sword Boomerang"],"picked":"Anger","floor":11},{"not_picked":["Whirlwind","Combust"],"picked":"Flex","floor":13},{"not_picked":["Berserk","Anger"],"picked":"Second Wind","floor":14},{"not_picked":["Exhume","Reaper"],"picked":"Demon Form","floor":16},{"not_picked":["Sword Boomerang","Dark Embrace+1"],"picked":"Intimidate+1","floor":18},{"not_picked":["Cleave+1","Dropkick"],"picked":"Armaments","floor":19},{"not_picked":["Clash","Fire Breathing","Twin Strike"],"picked":"SKIP","floor":20},{"not_picked":["Thunderclap","Rupture+1"],"picked":"Rampage","floor":24},{"not_picked":["Cleave","Clash"],"picked":"Clothesline","floor":25},{"not_picked":["Clash","Havoc"],"picked":"Shrug It Off","floor":27},{"not_picked":["Pommel Strike","Searing Blow+1"],"picked":"Double Tap","floor":30},{"not_picked":["Second Wind","Armaments"],"picked":"Heavy Blade","floor":31},{"not_picked":["Heavy Blade","Clothesline+1"],"picked":"Shrug It Off","floor":35},{"not_picked":["Shrug It Off","Hemokinesis+1"],"picked":"Burning Pact+1","floor":36},{"not_picked":["Shrug It Off+1","Cleave+1"],"picked":"Flame Barrier+1","floor":37},{"not_picked":["Twin Strike+1","True Grit"],"picked":"Body Slam+1","floor":38}],"player_experience":362924,"relics_obtained":[{"floor":6,"key":"Gremlin Horn"},{"floor":8,"key":"Lizard Tail"},{"floor":9,"key":"Mango"},{"floor":11,"key":"Charon\u0027s Ashes"},{"floor":13,"key":"Pen Nib"},{"floor":17,"key":"Anchor"},{"floor":17,"key":"Eternal Feather"},{"floor":17,"key":"Champion Belt"},{"floor":24,"key":"Lantern"},{"floor":26,"key":"Ornamental Fan"},{"floor":27,"key":"Bottled Flame"},{"floor":30,"key":"Self Forming Clay"}],"event_choices":[{"cards_removed":["Strike_R"],"damage_healed":0,"gold_gain":0,"player_choice":"Card Removal","damage_taken":0,"max_hp_gain":0,"max_hp_loss":0,"event_name":"The Cleric","floor":4,"gold_loss":50},{"damage_healed":0,"gold_gain":0,"player_choice":"Searched \u00271\u0027 times","damage_taken":0,"relics_obtained":["Kunai"],"max_hp_gain":0,"max_hp_loss":0,"event_name":"Dead Adventurer","floor":10,"gold_loss":0},{"damage_healed":0,"gold_gain":0,"player_choice":"Bought 2 Potions","damage_taken":0,"max_hp_gain":0,"max_hp_loss":0,"event_name":"The Woman in Blue","floor":12,"gold_loss":0},{"damage_healed":0,"gold_gain":0,"player_choice":"Inject Mutagens","damage_taken":0,"relics_obtained":["MutagenicStrength"],"max_hp_gain":0,"max_hp_loss":0,"event_name":"Drug Dealer","floor":22,"gold_loss":0},{"damage_healed":0,"gold_gain":0,"player_choice":"Smashed Altar","damage_taken":0,"max_hp_gain":0,"max_hp_loss":0,"event_name":"Forgotten Altar","floor":29,"gold_loss":0,"cards_obtained":["Decay"]},{"damage_healed":0,"gold_gain":0,"player_choice":"Paid","damage_taken":0,"relics_obtained":["Red Mask"],"max_hp_gain":0,"max_hp_loss":0,"event_name":"Tomb of Lord Red Mask","floor":39,"gold_loss":301}],"is_beta":false,"boss_relics":[{"not_picked":["Philosopher\u0027s Stone","Runic Cube"],"picked":"Calling Bell"},{"not_picked":["Pandora\u0027s Box","Cursed Key"],"picked":"Black Star"}],"items_purged_floors":[5],"is_endless":false,"potions_floor_spawned":[2,13,16,18,19,27,30,31,33,36,38],"killed_by":"Nemesis","ascension_level":5}}