{"host":"0awa854l6bexpjrv","time":1612747144,"event":{"mods":["BaseMod","Block Reminder","Colored Map","Colored Powertips","Downfall","Highlight Path","Minty Spire (QoL Compilation)","Quick Restart","Rare Cards Sparkle","StSLib","SuperFastMode"],"gold_per_floor":[99,112,124,140,50,50,74,59,72,72,86,86,103,123,139,242,242,242,253,269,8,8,8,8],"floor_reached":22,"language":"ENG","playtime":2127,"items_purged":["sneckomod:Strike","sneckomod:Defend"],"score":180,"play_id":"a80d5190-b4d6-40b5-91a8-a57fa345889e","local_time":"20210207171904","is_ascension_mode":false,"campfire_choices":[{"data":"sneckomod:TailWhip","floor":1.0,"key":"SMITH"},{"data":"sneckomod:UnlimitedRolls","floor":10.0,"key":"SMITH"},{"floor":12.0,"key":"REST"},{"data":"Adrenaline","floor":18.0,"key":"SMITH"}],"circlet_count":0,"master_deck":["sneckomod:Defend","sneckomod:Defend","sneckomod:TailWhip+1","sneckomod:SnekBite+1","sneckomod:Unknown","sneckomod:Unknown","sneckomod:QuickMove","sneckomod:UnknownExhaust","sneckomod:UnknownUncommonAttack+1","sneckomod:CheapStock","sneckomod:UnlimitedRolls+1","sneckomod:UnknownDraw","sneckomod:QuickMove","sneckomod:Nope","sneckomod:UnknownWeak","Adrenaline+1","sneckomod:SoulCleanse+1","WindmillStrike","sneckomod:UnknownDexterity"],"relics":["sneckomod:SuperSneckoSoul","sneckomod:LoadedDie","Whetstone"],"acts_visited":["Exordium","TheCity"],"potions_floor_usage":[],"damage_taken":[{"damage":4.0,"enemies":"Small Slimes","floor":2.0,"turns":4.0},{"damage":0.0,"enemies":"Cultist","floor":3.0,"turns":4.0},{"damage":0.0,"enemies":"Jaw Worm","floor":4.0,"turns":3.0},{"damage":0.0,"enemies":"downfall:FleeingMerchant","floor":5.0,"turns":4.0},{"damage":0.0,"enemies":"downfall:FleeingMerchant","floor":8.0,"turns":4.0},{"damage":5.0,"enemies":"2 Fungi Beasts","floor":9.0,"turns":5.0},{"damage":8.0,"enemies":"Exordium Wildlife","floor":11.0,"turns":4.0},{"damage":7.0,"enemies":"3 Louse","floor":13.0,"turns":3.0},{"damage":0.0,"enemies":"Blue Slaver","floor":14.0,"turns":4.0},{"damage":13.0,"enemies":"Lots of Slimes","floor":15.0,"turns":4.0},{"damage":14.0,"enemies":"WA_ARCHETYPE_RETAIN","floor":16.0,"turns":6.0},{"damage":2.0,"enemies":"Shell Parasite","floor":19.0,"turns":4.0},{"damage":44,"enemies":"3 Byrds","floor":20,"turns":8},{"damage":7,"enemies":"downfall:FleeingMerchant","floor":21,"turns":4},{"damage":31,"enemies":"Shelled Parasite and Fungi","floor":22,"turns":5}],"seed_played":"2874149145157776831","potions_obtained":[{"floor":2.0,"key":"Dexterity Potion"},{"floor":4.0,"key":"Ancient Potion"},{"floor":13.0,"key":"ColorlessPotion"},{"floor":20,"key":"Explosive Potion"}],"is_trial":false,"path_per_floor":["R","M","M","M","$","?","T","$","M","R","M","R","M","M","M","B",null,"R","M","M","$","M"],"character_chosen":"THE_SNECKO","items_purchased":["Whetstone"],"campfire_rested":1,"item_purchase_floors":[21],"current_hp_per_floor":[81,77,77,77,77,77,77,77,72,72,64,81,74,74,61,47,81,81,79,35,28,0,0,0],"gold":8,"neow_bonus":"REMOVE_TWO","is_daily":false,"chose_seed":false,"campfire_upgraded":3,"win_rate":0.0,"timestamp":1612747144,"path_taken":["R","M","M","M","$","?","T","$","M","R","M","R","M","?","M","BOSS","R","M","M","?","M"],"items_purchased_type":["Relic"],"build_version":"2020-12-22","purchased_purges":2,"victory":false,"max_hp_per_floor":[81,81,81,81,81,81,81,81,81,81,81,81,81,81,81,81,81,81,81,81,81,81,81,81],"card_choices":[{"not_picked":["sneckomod:UnknownCommonSkill","sneckomod:RainOfDice"],"picked":"sneckomod:QuickMove","floor":2.0},{"not_picked":["sneckomod:UnknownClassPURPLE","sneckomod:SoulDraw"],"picked":"sneckomod:UnknownExhaust","floor":3.0},{"not_picked":["sneckomod:UnknownClassTHE_BRONZE_AUTOMATON","sneckomod:IronFang"],"picked":"sneckomod:UnknownStrike","floor":4.0},{"not_picked":["sneckomod:UnknownCommonSkill","sneckomod:UnknownX"],"picked":"sneckomod:UnknownUncommonAttack","floor":5.0},{"not_picked":["sneckomod:UnknownUncommonAttack","sneckomod:Unknown1Cost"],"picked":"sneckomod:CheapStock","floor":8.0},{"not_picked":["sneckomod:DiceBlock","sneckomod:UnknownClassGREEN"],"picked":"sneckomod:UnlimitedRolls","floor":9.0},{"not_picked":["sneckomod:RainOfDice","sneckomod:Memorize"],"picked":"sneckomod:UnknownDraw","floor":11.0},{"not_picked":["sneckomod:MixItUp","sneckomod:DiceCrush"],"picked":"sneckomod:QuickMove","floor":13.0},{"not_picked":["sneckomod:DefensiveFlair","sneckomod:SoulDraw"],"picked":"sneckomod:Nope","floor":14.0},{"not_picked":["sneckomod:Nope","sneckomod:UnknownStrike"],"picked":"sneckomod:UnknownWeak","floor":15.0},{"not_picked":["sneckomod:Transmogrify","sneckomod:UnlimitedRolls"],"picked":"sneckomod:UnknownRareSkill","floor":16.0},{"not_picked":["sneckomod:Nope","sneckomod:SoulDraw"],"picked":"sneckomod:Memorize+1","floor":19.0},{"not_picked":["sneckomod:UnknownClassTHE_BRONZE_AUTOMATON","sneckomod:SoulRoll"],"picked":"sneckomod:SoulCleanse+1","floor":20},{"not_picked":["sneckomod:QuickMove","sneckomod:UnknownCommonAttack"],"picked":"sneckomod:UnknownDexterity","floor":21}],"player_experience":737053,"relics_obtained":[{"floor":7.0,"key":"sneckomod:LoadedDie"}],"event_choices":[{"damage_healed":0.0,"max_hp_gain":0.0,"max_hp_loss":0.0,"gold_gain":0.0,"event_name":"NoteForYourself","player_choice":"Ignored","floor":6.0,"gold_loss":0.0,"damage_taken":0.0}],"is_beta":false,"boss_relics":[{"not_picked":["Busted Crown","Black Star"],"picked":"sneckomod:SuperSneckoSoul"}],"items_purged_floors":[5,21],"is_endless":false,"potions_floor_spawned":[2,4,13,14,20],"killed_by":"Shelled Parasite and Fungi","ascension_level":0}}