{"host":"v3qphhcqhwfpabne","time":1612801153,"event":{"mods":["100% Spire Juice","2.2 Compatiblity","AchievementEnabler","BaseMod","CapriCore","DeckTracker","KinomotoSakuraMod(ÙÊñýÜâ?)","Koishi","Marisa£¨Ùöéë¡¡Øª×âÞÞ£©","Minty Spire (QoL Compilation)","Permanent Neow","Prisma Mod","StSLib","Td1madao Mod","The Bug Knight","The Cursed","The Immortal","The Runesmith","WarShipGirlsR/??á´Ò³R mod"],"gold_per_floor":[116,132,147,147,166,166,192,208,231,196,113,127,139,155,155,155,155],"floor_reached":16,"language":"KOR","playtime":727,"items_purged":[],"score":117,"play_id":"c0c39485-9cac-4ac7-a36d-763494b880ce","local_time":"20210209011913","is_ascension_mode":true,"campfire_choices":[{"data":"Apotheosis","floor":6,"key":"SMITH"},{"data":"Whirlwind","floor":15,"key":"SMITH"}],"circlet_count":0,"master_deck":["Strike_R","Strike_R","Strike_R","Strike_R","Strike_R","Defend_R","Defend_R","Defend_R","Defend_R","Bash","Apotheosis+1","Warcry","Thunderclap","Ghostly Armor+1","Dropkick","Bandage Up+1","Whirlwind+1"],"relics":["Burning Blood","Toxic Egg 2","Anchor"],"acts_visited":["Exordium"],"potions_floor_usage":[16,16,16],"damage_taken":[{"damage":0,"enemies":"Small Slimes","floor":1,"turns":3},{"damage":0,"enemies":"Cultist","floor":2,"turns":3},{"damage":7,"enemies":"Jaw Worm","floor":3,"turns":5},{"damage":13,"enemies":"Red Slaver","floor":5,"turns":5},{"damage":42,"enemies":"3 Sentries","floor":7,"turns":8},{"damage":13,"enemies":"Blue Slaver","floor":8,"turns":4},{"damage":2,"enemies":"2 Fungi Beasts","floor":12,"turns":5},{"damage":27,"enemies":"Gremlin Gang","floor":13,"turns":4},{"damage":0,"enemies":"3 Louse","floor":14,"turns":2},{"damage":65,"enemies":"Hexaghost","floor":16,"turns":16}],"seed_played":"-2604264931491674111","potions_obtained":[{"floor":2,"key":"ElixirPotion"},{"floor":5,"key":"Swift Potion"},{"floor":7,"key":"LiquidMemories"}],"is_trial":false,"path_per_floor":["M","M","M","?","M","R","E","M","T","?","$","M","M","M","R","B"],"character_chosen":"IRONCLAD","items_purchased":["Bandage Up+1"],"campfire_rested":0,"item_purchase_floors":[11],"current_hp_per_floor":[62,68,67,80,73,73,37,30,30,50,50,60,45,57,57,0,0],"gold":155,"neow_bonus":"RANDOM_COLORLESS_2","is_daily":false,"chose_seed":false,"campfire_upgraded":2,"win_rate":0.0,"timestamp":1612801153,"path_taken":["M","M","M","?","M","R","E","?","T","?","$","M","M","M","R","BOSS"],"items_purchased_type":["Card"],"build_version":"2020-12-22","purchased_purges":0,"victory":false,"max_hp_per_floor":[80,80,80,80,80,80,80,80,80,80,80,80,80,80,80,80,80],"card_choices":[{"not_picked":["Thinking Ahead","Secret Weapon"],"picked":"Apotheosis","floor":0},{"not_picked":["Heavy Blade","Shockwave"],"picked":"Warcry","floor":1},{"not_picked":["True Grit","Twin Strike"],"picked":"Thunderclap","floor":2},{"not_picked":["Entrench","Ghostly Armor"],"picked":"Bloodletting","floor":3},{"not_picked":["Flex","Sword Boomerang","Dropkick"],"picked":"SKIP","floor":5},{"not_picked":["Twin Strike","Double Tap+1"],"picked":"Ghostly Armor+1","floor":7},{"not_picked":["Flame Barrier+1","Combust"],"picked":"Dropkick","floor":8},{"not_picked":["Pummel","Intimidate+1"],"picked":"Whirlwind","floor":12},{"not_picked":["Clothesline","Heavy Blade","Wild Strike"],"picked":"SKIP","floor":13},{"not_picked":["Entrench+1","Clash","Thunderclap"],"picked":"SKIP","floor":14}],"player_experience":118001,"relics_obtained":[{"floor":7,"key":"Toxic Egg 2"},{"floor":9,"key":"Anchor"}],"event_choices":[{"cards_removed":["Bloodletting"],"damage_healed":13,"gold_gain":0,"player_choice":"Offered Uncommon","damage_taken":0,"max_hp_gain":0,"max_hp_loss":0,"event_name":"Bonfire Elementals","floor":4,"gold_loss":0},{"damage_healed":20,"gold_gain":0,"player_choice":"Healed","damage_taken":0,"max_hp_gain":0,"max_hp_loss":0,"event_name":"The Cleric","floor":10,"gold_loss":35}],"is_beta":false,"boss_relics":[],"items_purged_floors":[],"is_endless":false,"potions_floor_spawned":[2,5,7],"killed_by":"Hexaghost","ascension_level":2}}