{"host":"bcpyscfajg8dk59p","time":1612803680,"event":{"mods":["AchievementEnabler","Act Like it!","Aspiration","BaseMod","BetterRewards","Colored Map","Colored Powertips","Conspire","Friendly Minions","Hubris","Infinite Spire","Ironclad Rager","Minty Spire (QoL Compilation)","Permanent Neow","Quarter Circle Forward PUNCH!","Rare Cards Sparkle","Replay The Spire","StSLib","SuperFastMode","Trackpad"],"gold_per_floor":[20,37,37,49,65,65,65,90,90,15,15,27,27,45,45,148,148,162,176,275,275,295,295,330,420,420,432,458,458,212,231,231,330,330,346,361,381,75,90,121,139,150,150,150,161,161,195,195,195,195],"floor_reached":51,"language":"ENG","playtime":2181,"items_purged":["infinitespire:Pacifist","Cold Snap","Cold Snap","hubris:PowerSurge+1","Parasite"],"score":944,"play_id":"ff30e2ca-f408-498c-a083-b2bd3d56eb3b","local_time":"20210208090120","is_ascension_mode":true,"campfire_choices":[{"data":"Zap","floor":7,"key":"SMITH"},{"data":"ReplayTheSpireMod:Calculation Training","floor":15,"key":"SMITH"},{"data":"Leap","floor":23,"key":"SMITH"},{"data":"Storm","floor":29,"key":"SMITH"},{"data":"Pot Of Greed","floor":44,"key":"SMITH"},{"data":"Pot Of Greed","floor":46,"key":"SMITH"},{"floor":49,"key":"REST"}],"circlet_count":0,"master_deck":["Zap+1","Dualcast","Ball Lightning","Ball Lightning","Leap+1","Leap+1","Leap+1","Leap","Sweeping Beam+1","ReplayTheSpireMod:Calculation Training+1","Storm+1","Electrodynamics+1","Defragment+1","Leap+1","Multi-Cast","Reboot","ICR:ChainLightning","ReplayTheSpireMod:Calculation Training+1","Pot Of Greed+1","Pot Of Greed+1","Self Repair+1","Storm+1"],"relics":["Cracked Core","trackpad:Mousetrap","DataDisk","Molten Egg 2","hubris:Towel","Inserter","Iron Hammer","Nuclear Battery","trackpad:IceCube","infinitespire:WardingShard","aspiration:ChemicalBlood","Guide Book","aspiration:PoetsPen_weak","trackpad:BiPhaseBiplane","Oddly Smooth Stone","Grinning Jar","Pet Ghost","Pocketwatch"],"acts_visited":["Exordium","TheCity","TheBeyond"],"potions_floor_usage":[13,33,33,41,47,50,50,50],"damage_taken":[{"damage":0,"enemies":"conspire:RoseBush","floor":1,"turns":3},{"damage":4,"enemies":"infinitespire:Voidling","floor":2,"turns":3},{"damage":2,"enemies":"2 Louse","floor":4,"turns":2},{"damage":0,"enemies":"2 Fungi Beasts","floor":5,"turns":3},{"damage":13,"enemies":"Replay:BlueRogue","floor":8,"turns":6},{"damage":0,"enemies":"Red Slaver","floor":12,"turns":2},{"damage":0,"enemies":"Blue Slaver","floor":14,"turns":2},{"damage":0,"enemies":"The Guardian","floor":16,"turns":7},{"damage":0,"enemies":"3 Byrds","floor":18,"turns":2},{"damage":6,"enemies":"Chosen","floor":19,"turns":3},{"damage":0,"enemies":"Centurion and Healer","floor":22,"turns":3},{"damage":0,"enemies":"Slavers","floor":24,"turns":3},{"damage":0,"enemies":"Shelled Parasite and Fungi","floor":27,"turns":3},{"damage":0,"enemies":"Replay:Snechameleon","floor":28,"turns":3},{"damage":0,"enemies":"3 Cultists","floor":31,"turns":1},{"damage":45,"enemies":"Champ","floor":33,"turns":6},{"damage":1,"enemies":"3 Shapes","floor":35,"turns":2},{"damage":0,"enemies":"3 Darklings","floor":36,"turns":2},{"damage":0,"enemies":"Transient","floor":37,"turns":5},{"damage":4,"enemies":"Writhing Mass","floor":39,"turns":4},{"damage":10,"enemies":"R_Hoarder","floor":40,"turns":6},{"damage":19,"enemies":"Maw","floor":41,"turns":5},{"damage":0,"enemies":"Sphere and 2 Shapes","floor":42,"turns":3},{"damage":0,"enemies":"Jaw Worm Horde","floor":45,"turns":2},{"damage":26,"enemies":"Reptomancer","floor":47,"turns":4},{"damage":0,"enemies":"hubris:GrandSnecko","floor":50,"turns":10}],"seed_played":"-3505503765323292643","potions_obtained":[{"floor":4,"key":"Strength Potion"},{"floor":12,"key":"FearPotion"},{"floor":13,"key":"PotionOfCapacity"},{"floor":13,"key":"Fruit Juice"},{"floor":13,"key":"qcfpunch:Challenger_Coin"},{"floor":18,"key":"SteroidPotion"},{"floor":24,"key":"LiquidMemories"},{"floor":33,"key":"Venom Potion"},{"floor":37,"key":"BlessingOfTheForge"},{"floor":41,"key":"Adrenaline Potion"},{"floor":41,"key":"Ancient Potion"},{"floor":42,"key":"Reflective Coating"}],"is_trial":false,"path_per_floor":["M","M","?","M","M","?","R","E","T","$","?","M","?","M","R","B",null,"M","M","?","AVR","M","R","E","?","T","M","E","R","$","M","R_BF","B",null,"M","M","M","$","M","E","M","M","T","R","M","R","E","AVR","R","B",null],"character_chosen":"DEFECT","items_purchased":["Guide Book","ICR:ChainLightning","trackpad:BiPhaseBiplane"],"campfire_rested":1,"item_purchase_floors":[30,38,38],"current_hp_per_floor":[50,50,50,48,48,34,34,21,21,21,21,21,26,26,26,26,73,73,67,67,67,67,67,67,55,55,55,55,55,55,55,73,28,73,72,72,72,72,68,63,44,44,44,44,44,44,28,28,49,59],"gold":195,"neow_bonus":"DEFECT_STORMLORD","is_daily":false,"chose_seed":false,"campfire_upgraded":6,"win_rate":0.0,"timestamp":1612803680,"path_taken":["M","M","?","?","M","?","R","E","T","$","?","M","?","?","R","BOSS","M","M","?","AVR","M","R","E","?","T","M","E","R","$","M","R_BF","BOSS","M","M","M","$","M","E","M","M","T","R","M","R","E","AVR","R","BOSS"],"items_purchased_type":["Relic","Card","Relic"],"build_version":"2020-12-22","purchased_purges":5,"victory":true,"max_hp_per_floor":[68,68,68,68,68,68,68,68,68,68,68,68,73,73,73,73,73,73,73,73,73,73,73,73,73,73,73,73,73,73,73,73,73,73,73,73,73,73,73,73,73,73,73,73,73,73,73,70,70,70],"card_choices":[{"not_picked":["Reinforced Body","ReplayGash"],"picked":"Gash","floor":1},{"not_picked":["Sunder","Stack","Turbo"],"picked":"SKIP","floor":2},{"not_picked":["ReplayTheSpireMod:Reroute Power","BasicCrystalCard","ReplayTheSpireMod:GoodbyeWorld"],"picked":"SKIP","floor":4},{"not_picked":["Gash","Steam"],"picked":"Sweeping Beam","floor":5},{"not_picked":["Darkness","BasicCrystalCard","Stack"],"picked":"SKIP","floor":8},{"not_picked":["Skim","Reprogram"],"picked":"ReplayTheSpireMod:Calculation Training","floor":12},{"not_picked":["Barrage+1","ReplaySort"],"picked":"Storm","floor":14},{"not_picked":["Creative AI","Core Surge+1"],"picked":"Electrodynamics","floor":16},{"not_picked":["ReplayTheSpireMod:GoodbyeWorld","Steam+1","Streamline+1"],"picked":"SKIP","floor":18},{"not_picked":["BasicCrystalCard","Sweeping Beam+1","Conserve Battery"],"picked":"SKIP","floor":19},{"not_picked":["Chill","Coolheaded","Beam Cell+1"],"picked":"SKIP","floor":22},{"not_picked":["Panic Button","Barrage+1"],"picked":"Defragment+1","floor":24},{"not_picked":["ReplaySort","Redo"],"picked":"hubris:PowerSurge","floor":27},{"not_picked":["ReplayRNGCard","Turbo"],"picked":"Leap+1","floor":28},{"not_picked":["FIFO Queue","Scrape+1","Reinforced Body"],"picked":"SKIP","floor":31},{"not_picked":["Electrodynamics","Hyperbeam+1"],"picked":"Multi-Cast","floor":33},{"not_picked":["Sweeping Beam+1","Turbo"],"picked":"Reboot","floor":35},{"not_picked":["ReplayTheSpireMod:System Scan","Coolheaded","Steam Power+1"],"picked":"SKIP","floor":36},{"not_picked":["Panic Button+1","Beam Cell+1","conspire:SharedLibrary"],"picked":"SKIP","floor":37},{"not_picked":["Stack","Undo+1","Blizzard+1"],"picked":"SKIP","floor":39},{"not_picked":["Stack","Undo+1","Blizzard+1"],"picked":"SKIP","floor":39},{"not_picked":["Skim","Steam"],"picked":"ReplayTheSpireMod:Calculation Training+1","floor":40},{"not_picked":["ReplayTheSpireMod:System Scan","Ball Lightning+1","conspire:SharedLibrary"],"picked":"SKIP","floor":41},{"not_picked":["Redo+1","Hyperbeam+1","Defragment"],"picked":"SKIP","floor":42},{"not_picked":["Defragment+1","Steam+1"],"picked":"Self Repair+1","floor":45},{"not_picked":["Barrage+1","Leap+1"],"picked":"Storm+1","floor":47}],"player_experience":458321,"relics_obtained":[{"floor":8,"key":"DataDisk"},{"floor":9,"key":"Molten Egg 2"},{"floor":24,"key":"trackpad:IceCube"},{"floor":26,"key":"infinitespire:WardingShard"},{"floor":28,"key":"aspiration:ChemicalBlood"},{"floor":40,"key":"Oddly Smooth Stone"},{"floor":43,"key":"Grinning Jar"},{"floor":47,"key":"Pet Ghost"}],"event_choices":[{"cards_removed":["Gash"],"damage_healed":0,"gold_gain":0,"player_choice":"Gave Card","damage_taken":0,"relics_obtained":["trackpad:Mousetrap"],"max_hp_gain":0,"max_hp_loss":0,"event_name":"WeMeetAgain","floor":3,"gold_loss":0},{"damage_healed":0,"gold_gain":0,"player_choice":"Entered Light","damage_taken":14,"max_hp_gain":0,"max_hp_loss":0,"event_name":"Shining Light","floor":6,"gold_loss":0,"cards_upgraded":["Leap","Leap"]},{"damage_healed":0,"gold_gain":0,"player_choice":"Got Potions","damage_taken":0,"max_hp_gain":0,"max_hp_loss":0,"event_name":"Lab","floor":13,"gold_loss":0},{"damage_healed":0,"gold_gain":99,"player_choice":"Stole From Cult","damage_taken":0,"max_hp_gain":0,"max_hp_loss":0,"event_name":"Nest","floor":20,"gold_loss":0},{"damage_healed":0,"gold_gain":90,"player_choice":"GOLD ","damage_taken":12,"max_hp_gain":0,"max_hp_loss":0,"event_name":"Knowing Skull","floor":25,"potions_obtained":[],"gold_loss":0,"cards_obtained":[]}],"is_beta":false,"boss_relics":[{"not_picked":["conspire:RunicOctahedron","Coffee Dripper"],"picked":"Inserter"},{"not_picked":["Honey Jar","FrozenCore"],"picked":"aspiration:PoetsPen_weak"}],"items_purged_floors":[10,21,30,38,48],"is_endless":false,"potions_floor_spawned":[4,12,18,22,24,37,39,41,42],"ascension_level":1}}