{"host":"mo324zvkdr1xwprd","time":1612792029,"event":{"mods":["BaseMod","Better Note","BetterRewards","Hermit","Highlight Path","Hubris","Minty Spire (QoL Compilation)","Quick Restart","Rare Cards Sparkle","Shop Mod","StSLib","The Cursed","The Hierophant"],"gold_per_floor":[110,125,125,145,145,179,179,179,179,198,223,236,270,287,287,369,369,388,416,13,42,42,100,100,159,237,237,303,349,398,452,452,558,558,610,610,675,675,739,814,645,729,729,804,874,874,941,324,324,324,324,324,324,41,127,127],"floor_reached":57,"language":"ENG","playtime":6354,"items_purged":[],"score":4384,"play_id":"9187b13a-7e06-4452-b928-8774c435e590","local_time":"20210208134709","is_ascension_mode":true,"campfire_choices":[{"floor":7.0,"key":"REST"},{"floor":15.0,"key":"RECALL"},{"data":"Apotheosis","floor":24,"key":"SMITH"},{"data":"TheCursedMod:SpitefulPray","floor":27,"key":"SMITH"},{"data":"TheCursedMod:SpitefulPray","floor":32,"key":"SMITH"},{"data":"TheCursedMod:CursedRelics","floor":46,"key":"SMITH"},{"data":"TheCursedMod:CircleOfCorruption","floor":49,"key":"SMITH"},{"data":"TheCursedMod:SurpriseAttack","floor":53,"key":"SMITH"}],"circlet_count":0,"master_deck":["AscendersBane","TheCursedMod:Strike_TheCursed+1","TheCursedMod:Strike_TheCursed+1","TheCursedMod:Strike_TheCursed+1","TheCursedMod:Strike_TheCursed+1","TheCursedMod:Defend_TheCursed+1","TheCursedMod:Defend_TheCursed+1","TheCursedMod:Defend_TheCursed+1","TheCursedMod:Defend_TheCursed+1","TheCursedMod:CursedWand+1","TheCursedMod:CleanUpWorkshop","TheCursedMod:Dregs","TheCursedMod:CircleOfCorruption+1","TheCursedMod:SmokeScreen","TheCursedMod:FuryStrike","TheCursedMod:DoubleShield","TheCursedMod:CursedBoomerang","TheCursedMod:CursedBlade","TheCursedMod:Torture","TheCursedMod:CursedShiv","TheCursedMod:CursedBlade","TheCursedMod:RapidMovement","TheCursedMod:HellsGateOpen","Apotheosis+1","TheCursedMod:SpitefulPray+1","TheCursedMod:CursedBlade","TheCursedMod:CursedStaff","TheCursedMod:SurpriseAttack+1","TheCursedMod:SurpriseAttack+1","TheCursedMod:SpitefulPray+1","TheCursedMod:CircleOfBlood","Pain","TheCursedMod:CursedSpellbook","TheCursedMod:CircleOfBlood","TheCursedMod:SpitefulPlan","TheCursedMod:CursedAmulet","TheCursedMod:TroublousMinions","hubris:Greed","TheCursedMod:ShockAndAwe","TheCursedMod:SurpriseAttack","hubris:Greed","TheCursedMod:CursedBlade","TheCursedMod:SpitefulPlan","hubris:Greed","TheCursedMod:Stigma","hubris:Greed","hubris:Greed","hubris:Greed","TheCursedMod:DemonSword","TheCursedMod:RapidMovement+1","hubris:Greed","TheCursedMod:CursedShiv","TheCursedMod:StingEye","TheCursedMod:ReleasedStrength+1","TheCursedMod:CircleOfCorruption+1","TheCursedMod:CursedRelics+1","hubris:Greed","TheCursedMod:RapidMovement+1","hubris:Greed","hubris:Greed","TheCursedMod:SpitefulStrike+1","TheCursedMod:CursedArmor+1","TheCursedMod:Torture+1","TheCursedMod:TroublousMinions+1","TheCursedMod:DoubleShield+1","TheCursedMod:CircleOfCorruption+1","TheCursedMod:SpreadPlague+1","TheCursedMod:SoulReap+1","TheCursedMod:SmokeScreen+1","TheCursedMod:SurpriseAttack","TheCursedMod:Stigma","TheCursedMod:SpitefulPray+1","Magnetism","TheCursedMod:VitalStrike","hubris:Greed","TheCursedMod:DemonSword"],"relics":["TheCursedMod:BlackMagic101","hubris:DeadTorch","hubris:MedicalManual","White Beast Statue","hubris:AstralHammer","Calipers","Pocketwatch","Frozen Eye","Peace Pipe","Dead Branch","hubris:Towel","hubris:Icosahedron","Toy Ornithopter","WarpedTongs","Happy Flower","Bag of Preparation","hubris:SphereOfDissonance","Black Star","Incense Burner","hubris:SlimyHat","Centennial Puzzle","Ornamental Fan","Toxic Egg 2","Mercury Hourglass","MealTicket","Pen Nib","hubris:Backtick","Ice Cream","StoneCalendar","Whetstone","TheCursedMod:Tack","Orrery","Bottled Tornado","Pear","hubris:CrystalStatue","hubris:PeanutButter","Bottled Lightning","HornCleat","hubris:Spice"],"acts_visited":["Exordium","TheCity","TheBeyond","TheEnding"],"potions_floor_usage":[18,23,28,29,33,33,37,42,50],"damage_taken":[{"damage":0.0,"enemies":"Cultist","floor":1.0,"turns":2.0},{"damage":0.0,"enemies":"Small Slimes","floor":2.0,"turns":2.0},{"damage":0.0,"enemies":"2 Louse","floor":4.0,"turns":2.0},{"damage":0.0,"enemies":"Lagavulin","floor":6.0,"turns":2.0},{"damage":5.0,"enemies":"Lots of Slimes","floor":10.0,"turns":3.0},{"damage":5.0,"enemies":"3 Sentries","floor":11.0,"turns":4.0},{"damage":0.0,"enemies":"Exordium Wildlife","floor":12.0,"turns":1.0},{"damage":4.0,"enemies":"Lagavulin","floor":13.0,"turns":3.0},{"damage":0.0,"enemies":"Looter","floor":14.0,"turns":1.0},{"damage":15.0,"enemies":"The Guardian","floor":16.0,"turns":4.0},{"damage":3,"enemies":"Shell Parasite","floor":18,"turns":2},{"damage":1,"enemies":"2 Thieves","floor":19,"turns":2},{"damage":3,"enemies":"Snake Plant","floor":21,"turns":1},{"damage":35,"enemies":"Gremlin Leader","floor":23,"turns":7},{"damage":0,"enemies":"Book of Stabbing","floor":25,"turns":2},{"damage":0,"enemies":"Slavers","floor":28,"turns":2},{"damage":15,"enemies":"Centurion and Healer","floor":29,"turns":2},{"damage":1,"enemies":"Chosen and Byrds","floor":30,"turns":1},{"damage":0,"enemies":"Sentry and Sphere","floor":31,"turns":1},{"damage":0,"enemies":"Automaton","floor":33,"turns":3},{"damage":0,"enemies":"3 Shapes","floor":35,"turns":2},{"damage":2,"enemies":"Mind Bloom Boss Battle","floor":37,"turns":2},{"damage":1,"enemies":"3 Darklings","floor":39,"turns":2},{"damage":0,"enemies":"Reptomancer","floor":40,"turns":1},{"damage":0,"enemies":"Giant Head","floor":42,"turns":3},{"damage":0,"enemies":"Writhing Mass","floor":45,"turns":1},{"damage":7,"enemies":"4 Shapes","floor":47,"turns":1},{"damage":13,"enemies":"Time Eater","floor":50,"turns":5},{"damage":0,"enemies":"hubris:GrandSnecko","floor":51,"turns":7},{"damage":2,"enemies":"Shield and Spear","floor":55,"turns":4},{"damage":0,"enemies":"The Heart","floor":56,"turns":5}],"seed_played":"6543368466426617201","potions_obtained":[{"floor":1.0,"key":"AttackPotion"},{"floor":2.0,"key":"Explosive Potion"},{"floor":4.0,"key":"Energy Potion"},{"floor":6.0,"key":"Strength Potion"},{"floor":10.0,"key":"SneckoOil"},{"floor":11.0,"key":"BlessingOfTheForge"},{"floor":12.0,"key":"Energy Potion"},{"floor":13.0,"key":"Block Potion"},{"floor":14.0,"key":"Fruit Juice"},{"floor":16.0,"key":"SkillPotion"},{"floor":18,"key":"Weak Potion"},{"floor":19,"key":"Ancient Potion"},{"floor":23,"key":"ColorlessPotion"},{"floor":25,"key":"Strength Potion"},{"floor":28,"key":"SkillPotion"},{"floor":29,"key":"SkillPotion"},{"floor":33,"key":"PowerPotion"},{"floor":35,"key":"TheCursedMod:DregsPotion"},{"floor":37,"key":"Regen Potion"},{"floor":39,"key":"FairyPotion"},{"floor":40,"key":"LiquidMemories"},{"floor":42,"key":"SkillPotion"},{"floor":47,"key":"AttackPotion"},{"floor":55,"key":"SpeedPotion"}],"is_trial":false,"path_per_floor":["M","M","?","M","?","E","R","?","T","M","E","M","E","M","R","B",null,"M","M","$","M","?","E","R","E","T","R","E","M","M","M","R","B",null,"M","?","?","?","M","E","$","E","T","T","M","R","M","$","R","B","B",null,"R","$","E","B",null],"character_chosen":"THE_CURSED","items_purchased":["Fruit Juice","TheCursedMod:FuryStrike","TheCursedMod:HellsGateOpen","TheCursedMod:DoubleShield","Calipers","TheCursedMod:CursedBoomerang","TheCursedMod:CursedBlade","Fruit Juice","Frozen Eye","TheCursedMod:Torture","TheCursedMod:CursedShiv","TheCursedMod:CursedBlade","TheCursedMod:RapidMovement","TheCursedMod:HellsGateOpen","Fruit Juice","Apotheosis","TheCursedMod:SpitefulPray","TheCursedMod:CursedBlade","TheCursedMod:CursedStaff","Incense Burner","TheCursedMod:SpitefulPlan","Orrery","hubris:PeanutButter","TheCursedMod:SpitefulPray+1","Magnetism","TheCursedMod:VitalStrike","Bottled Lightning"],"campfire_rested":1,"item_purchase_floors":[0,0,0,0,0,0,0,0,0,0,0,0,0,0,0,0,0,0,0,20,20,41,48,48,48,48,54],"current_hp_per_floor":[40,44,44,49,49,58,90,90,90,100,128,139,148,161,161,172,180,182,196,196,200,200,199,199,209,209,209,222,225,256,262,262,304,307,318,318,331,331,337,346,347,375,375,375,381,381,386,386,386,405,456,463,463,465,494,541],"gold":127,"neow_bonus":"","is_daily":false,"chose_seed":false,"campfire_upgraded":6,"win_rate":0.0,"timestamp":1612792029,"path_taken":["M","M","?","M","?","E","R","?","T","?","E","M","E","M","R","BOSS","M","M","$","M","?","E","R","E","T","R","E","M","M","M","R","BOSS","M","?","?","?","M","E","$","E","T","?","M","R","?","$","R","BOSS","BOSS","R","$","E","BOSS"],"items_purchased_type":["Potion","Card","Card","Card","Relic","Card","Card","Potion","Relic","Card","Card","Card","Card","Card","Potion","Card","Card","Card","Card","Relic","Card","Relic","Relic","Card","Card","Card","Relic"],"build_version":"2020-12-22","purchased_purges":0,"victory":true,"max_hp_per_floor":[89,93,93,98,98,107,107,107,107,116,132,139,152,161,161,182,182,185,196,196,200,200,231,231,241,241,241,249,262,274,280,280,308,308,319,319,331,331,338,347,347,375,375,375,381,381,386,386,386,414,465,465,465,465,494,541],"card_choices":[{"not_picked":["TheCursedMod:SpitefulStrike","TheCursedMod:CursedBoomerang"],"picked":"TheCursedMod:SurpriseAttack","floor":1.0},{"not_picked":["TheCursedMod:Torture","TheCursedMod:VitalStrike"],"picked":"TheCursedMod:SurpriseAttack","floor":2.0},{"not_picked":["TheCursedMod:ReleasedKnowledge","TheCursedMod:CircleOfCorruption"],"picked":"TheCursedMod:SpitefulPray","floor":4.0},{"not_picked":["TheCursedMod:RapidMovement","TheCursedMod:FleshFromBone"],"picked":"TheCursedMod:CircleOfBlood","floor":6.0},{"not_picked":["TheCursedMod:CircleOfFlame","TheCursedMod:SpitefulStrike"],"picked":"TheCursedMod:CursedSpellbook","floor":10.0},{"not_picked":["TheCursedMod:WearCloak","TheCursedMod:Torture"],"picked":"TheCursedMod:CircleOfBlood","floor":11.0},{"not_picked":["TheCursedMod:LuckyCharm","TheCursedMod:CursedAmulet"],"picked":"TheCursedMod:SpitefulPlan","floor":12.0},{"not_picked":["TheCursedMod:Obscuration","TheCursedMod:VitalStrike"],"picked":"TheCursedMod:CursedAmulet","floor":13.0},{"not_picked":["TheCursedMod:Stigma","TheCursedMod:SurpriseAttack"],"picked":"TheCursedMod:TroublousMinions","floor":14.0},{"not_picked":["TheCursedMod:ParallelWorld","TheCursedMod:DemonicPact"],"picked":"TheCursedMod:ShockAndAwe","floor":16.0},{"not_picked":["TheCursedMod:CursedMace","TheCursedMod:AbyssShockwave"],"picked":"TheCursedMod:SurpriseAttack","floor":18},{"not_picked":["TheCursedMod:VitalStrike","TheCursedMod:CircleOfFlame"],"picked":"TheCursedMod:CursedBlade","floor":19},{"not_picked":["TheCursedMod:Torture","TheCursedMod:AbyssShockwave"],"picked":"TheCursedMod:Stigma","floor":21},{"not_picked":["TheCursedMod:LuckyCharm","TheCursedMod:ReleasedKnowledge"],"picked":"TheCursedMod:DemonSword","floor":23},{"not_picked":["TheCursedMod:CircleOfFocus+1","TheCursedMod:UltimatePain+1"],"picked":"TheCursedMod:RapidMovement+1","floor":25},{"not_picked":["TheCursedMod:ReleasedKnowledge+1","TheCursedMod:RavingStaff"],"picked":"TheCursedMod:CursedShiv","floor":28},{"not_picked":["TheCursedMod:VitalStrike","TheCursedMod:Stigma"],"picked":"TheCursedMod:StingEye","floor":29},{"not_picked":["TheCursedMod:RavingStaff","TheCursedMod:ManaBullet"],"picked":"TheCursedMod:ReleasedStrength+1","floor":30},{"not_picked":["TheCursedMod:TacticalStrike","TheCursedMod:CircleOfAbyss+1"],"picked":"TheCursedMod:CircleOfCorruption+1","floor":31},{"not_picked":["TheCursedMod:ManaCirculation","TheCursedMod:CircleOfAbyss+1"],"picked":"TheCursedMod:CursedRelics","floor":33},{"not_picked":["TheCursedMod:LuckyCharm+1","TheCursedMod:TacticalStrike"],"picked":"TheCursedMod:RapidMovement+1","floor":35},{"not_picked":["TheCursedMod:CursedAmulet+1","TheCursedMod:TacticalStrike"],"picked":"TheCursedMod:SpitefulStrike+1","floor":37},{"not_picked":["TheCursedMod:SpitefulPlan","TheCursedMod:DemonicPact"],"picked":"TheCursedMod:CursedArmor+1","floor":39},{"not_picked":["TheCursedMod:TacticalStrike","TheCursedMod:ReleasedKnowledge+1"],"picked":"TheCursedMod:Torture+1","floor":40},{"not_picked":["TheCursedMod:DarkBarrier+1","TheCursedMod:SpitefulStrike"],"picked":"TheCursedMod:TroublousMinions+1","floor":41},{"not_picked":["TheCursedMod:TacticalStrike","TheCursedMod:RavingStaff"],"picked":"TheCursedMod:DoubleShield+1","floor":41},{"not_picked":["TheCursedMod:CursedArmor+1","TheCursedMod:VitalStrike+1"],"picked":"TheCursedMod:CircleOfCorruption+1","floor":41},{"not_picked":["TheCursedMod:WearCloak+1","TheCursedMod:BloodBarrier+1"],"picked":"TheCursedMod:SpreadPlague+1","floor":41},{"not_picked":["TheCursedMod:ReleasedStrength+1","TheCursedMod:TacticalStrike"],"picked":"TheCursedMod:SoulReap+1","floor":41},{"not_picked":["TheCursedMod:VitalStrike+1","TheCursedMod:CircleOfWindfury+1"],"picked":"TheCursedMod:SmokeScreen+1","floor":42},{"not_picked":["TheCursedMod:Stretching+1","TheCursedMod:AbyssShockwave"],"picked":"TheCursedMod:SurpriseAttack","floor":45},{"not_picked":["TheCursedMod:SoulCrush","TheCursedMod:SaltUponWound+1"],"picked":"TheCursedMod:Stigma","floor":47},{"not_picked":["TheCursedMod:CursedAmulet+1","TheCursedMod:ReleasedKnowledge+1"],"picked":"TheCursedMod:DemonSword","floor":55}],"player_experience":535866,"relics_obtained":[{"floor":6.0,"key":"Toy Ornithopter"},{"floor":9.0,"key":"Happy Flower"},{"floor":11.0,"key":"Bag of Preparation"},{"floor":13.0,"key":"hubris:SphereOfDissonance"},{"floor":23,"key":"hubris:SlimyHat"},{"floor":23,"key":"Centennial Puzzle"},{"floor":25,"key":"Ornamental Fan"},{"floor":25,"key":"Toxic Egg 2"},{"floor":26,"key":"Mercury Hourglass"},{"floor":28,"key":"MealTicket"},{"floor":28,"key":"Pen Nib"},{"floor":37,"key":"StoneCalendar"},{"floor":40,"key":"Whetstone"},{"floor":40,"key":"TheCursedMod:Tack"},{"floor":42,"key":"Bottled Tornado"},{"floor":42,"key":"Pear"},{"floor":44,"key":"hubris:CrystalStatue"},{"floor":55,"key":"HornCleat"},{"floor":55,"key":"hubris:Spice"}],"event_choices":[{"damage_healed":0.0,"max_hp_gain":0.0,"max_hp_loss":0.0,"gold_gain":0.0,"event_name":"Accursed Blacksmith","player_choice":"Rummage","floor":8.0,"gold_loss":0.0,"damage_taken":0.0,"relics_obtained":["WarpedTongs"],"cards_obtained":["Pain"]},{"damage_healed":0,"gold_gain":0,"player_choice":"Simplicity","damage_taken":0,"max_hp_gain":0,"max_hp_loss":0,"event_name":"Back to Basics","floor":22,"gold_loss":0,"cards_upgraded":["TheCursedMod:Strike_TheCursed","TheCursedMod:Strike_TheCursed","TheCursedMod:Strike_TheCursed","TheCursedMod:Strike_TheCursed","TheCursedMod:Defend_TheCursed","TheCursedMod:Defend_TheCursed","TheCursedMod:Defend_TheCursed","TheCursedMod:Defend_TheCursed"]},{"cards_removed":["TheCursedMod:HellsGateOpen"],"damage_healed":0,"gold_gain":0,"player_choice":"Removed Power","damage_taken":0,"max_hp_gain":0,"max_hp_loss":0,"event_name":"Falling","floor":36,"gold_loss":0},{"damage_healed":0,"gold_gain":0,"player_choice":"Fight","damage_taken":0,"max_hp_gain":0,"max_hp_loss":0,"event_name":"MindBloom","floor":37,"gold_loss":0},{"damage_healed":0,"gold_gain":0,"player_choice":"Ignored","damage_taken":0,"max_hp_gain":0,"max_hp_loss":0,"event_name":"Tomb of Lord Red Mask","floor":38,"gold_loss":0}],"is_beta":false,"boss_relics":[{"not_picked":["TheCursedMod:FourLeafCloverCharm","Snecko Eye"],"picked":"Black Star"},{"not_picked":["hubris:VirtuousBlindfold","hubris:RunicObelisk"],"picked":"hubris:Backtick"}],"items_purged_floors":[],"is_endless":false,"potions_floor_spawned":[1,2,4,6,10,11,12,13,14,16,18,19,21,23,25,28,29,30,31,33,35,37,39,40,42,45,47,55],"ascension_level":20}}