{"host":"x730sfaw5rd1mxd8","time":1612745369,"event":{"mods":["BaseMod","BetterRewards","Colored Powertips","Highlight Path","Minty Spire (QoL Compilation)","Relic Sorter","Relic Stats","Replay The Spire","StSLib"],"gold_per_floor":[109,384,398,416,426,458,487,487,510,510,543,543,570,599,611,695,707,737,749,771,382,382,410,410,441,464,477,495,526,526,543,543,622,622,639,349,369,383,396,428,479,510,536,586,616,627,647,672,672,672,672,672,672,133,161,161],"floor_reached":57,"language":"ENG","playtime":4760,"items_purged":["Strike_B","Strike_B","Strike_B","Strike_B","Defend_B","Zap"],"score":3204,"play_id":"a7147f34-a3f3-4b9d-81b9-3fa2c476e685","local_time":"20210207194929","is_ascension_mode":true,"campfire_choices":[{"floor":10,"key":"REST"},{"floor":12,"key":"REST"},{"data":"Loop","floor":15,"key":"SMITH"},{"data":"Consume","floor":24,"key":"SMITH"},{"floor":30,"key":"REST"},{"floor":32,"key":"REST"},{"floor":49,"key":"RECALL"},{"floor":53,"key":"DIG"}],"circlet_count":0,"master_deck":["AscendersBane","Defend_B","Defend_B","Defend_B","Dualcast","Glacier+1","Defragment+1","Chill","Barrage+1","FIFO Queue","Cold Snap","Barrage","Go for the Eyes","Rip and Tear","Coolheaded+1","White Noise","Loop+1","Glacier+1","Pot Of Greed","Pot Of Greed","Coolheaded","Core Surge","Blizzard+1","Pot Of Greed","Coolheaded","Consume+1","Go for the Eyes+1","Redo+1","ReplayTheSpireMod:Omega Cannon+1","Echo Form+1","Glacier+1","White Noise+1","Loop+1","Glacier","Defragment+1","FIFO Queue+1","Pot Of Greed","Capacitor+1"],"relics":["Cracked Core","InkBottle","Replay:Antivirus Software","Replay:Frozen Program","ReplayFunnel","Lizard Tail","Guide Book","Membership Card","ReplayTheSpireMod:Ninjato","Omamori","Emotion Chip","Shovel","Smiling Mask","Prayer Wheel","Odd Mushroom","Vajra","Grinning Jar","MawBank","Ring of Chaos","Frozen Egg 2","PreservedInsect","ClockworkSouvenir","Centennial Puzzle","Divine Protection","Replay:Bottled Flurry","Painkiller Herb","DataDisk","DollysMirror","Unceasing Top","Mercury Hourglass","Whetstone","War Paint","Carrot","Calipers","Medical Kit","Counterbalance","Toy Ornithopter"],"acts_visited":["Exordium","TheCity","TheBeyond","TheEnding"],"potions_floor_usage":[6,16,16,16,23,27,29,42,51,56],"damage_taken":[{"damage":12,"enemies":"Jaw Worm","floor":1,"turns":2},{"damage":0,"enemies":"Cultist","floor":3,"turns":3},{"damage":0,"enemies":"2 Louse","floor":4,"turns":3},{"damage":6,"enemies":"Looter","floor":5,"turns":3},{"damage":14,"enemies":"Gremlin Nob","floor":6,"turns":4},{"damage":44,"enemies":"The Mushroom Lair","floor":7,"turns":4},{"damage":0,"enemies":"Replay:BlueRogue","floor":11,"turns":9},{"damage":0,"enemies":"3 Sentries","floor":13,"turns":9},{"damage":0,"enemies":"Exordium Wildlife","floor":14,"turns":3},{"damage":16,"enemies":"Slime Boss","floor":16,"turns":10},{"damage":17,"enemies":"2 Thieves","floor":18,"turns":3},{"damage":0,"enemies":"3 Byrds","floor":20,"turns":4},{"damage":9,"enemies":"Slavers","floor":23,"turns":4},{"damage":3,"enemies":"Book of Stabbing","floor":25,"turns":5},{"damage":0,"enemies":"Snake Plant","floor":27,"turns":4},{"damage":0,"enemies":"Centurion and Healer","floor":28,"turns":10},{"damage":19,"enemies":"Slavers","floor":29,"turns":5},{"damage":0,"enemies":"Cultist and Chosen","floor":31,"turns":6},{"damage":7,"enemies":"Automaton","floor":33,"turns":11},{"damage":0,"enemies":"Orb Walker","floor":35,"turns":2},{"damage":0,"enemies":"3 Shapes","floor":37,"turns":6},{"damage":4,"enemies":"Transient","floor":38,"turns":6},{"damage":20,"enemies":"Jaw Worm Horde","floor":39,"turns":5},{"damage":7,"enemies":"R_Hoarder","floor":40,"turns":8},{"damage":9,"enemies":"2 Orb Walkers","floor":41,"turns":3},{"damage":2,"enemies":"Nemesis","floor":42,"turns":5},{"damage":7,"enemies":"Giant Head","floor":45,"turns":8},{"damage":6,"enemies":"3 Darklings","floor":46,"turns":5},{"damage":0,"enemies":"4 Shapes","floor":47,"turns":4},{"damage":0,"enemies":"R_Hoarder","floor":48,"turns":9},{"damage":1,"enemies":"Replay:Hell Engine","floor":50,"turns":11},{"damage":20,"enemies":"Awakened One","floor":51,"turns":10},{"damage":0,"enemies":"Shield and Spear","floor":55,"turns":5},{"damage":29,"enemies":"The Heart","floor":56,"turns":10}],"seed_played":"6817034210618627828","potions_obtained":[{"floor":4,"key":"DuplicationPotion"},{"floor":5,"key":"FocusPotion"},{"floor":7,"key":"Toxic Potion"},{"floor":14,"key":"EntropicBrew"},{"floor":16,"key":"PowerPotion"},{"floor":20,"key":"FairyPotion"},{"floor":23,"key":"Explosive Potion"},{"floor":25,"key":"SpeedPotion"},{"floor":28,"key":"SkillPotion"},{"floor":35,"key":"Cursed Concoction"},{"floor":41,"key":"Adrenaline Potion"},{"floor":45,"key":"SteroidPotion"},{"floor":47,"key":"DuplicationPotion"}],"is_trial":false,"path_per_floor":["M","?","M","M","M","E","?","?","T","R","E","R","E","M","R","B",null,"M","?","M","$","?","E","R","E","T","M","M","E","R","M","R","B",null,"?","T","?","?","?","E","?","E","T","?","E","?","?","E","T","B","B",null,"T","T","E","B",null],"character_chosen":"DEFECT","items_purchased":["Replay:Frozen Program","Glacier","Defragment","ReplayFunnel","Chill","Guide Book","Barrage","Membership Card","FIFO Queue","Cold Snap","ReplayTheSpireMod:Ninjato","Omamori","Barrage","Emotion Chip","Go for the Eyes","Rip and Tear","Coolheaded","Consume","Frozen Egg 2","PreservedInsect","ClockworkSouvenir","Echo Form+1","DataDisk","DollysMirror","Calipers","Medical Kit","Counterbalance","FocusPotion","PotionOfCapacity"],"campfire_rested":4,"item_purchase_floors":[0,0,0,0,0,0,0,0,0,0,0,0,0,0,0,0,0,21,21,21,21,36,36,36,54,54,54,54,54],"current_hp_per_floor":[52,52,52,52,46,32,35,9,9,30,30,51,51,51,51,35,62,45,45,45,45,45,36,36,33,33,33,33,14,35,35,56,49,66,66,66,66,62,42,35,26,24,24,24,17,11,11,11,11,10,21,59,59,59,59,35],"gold":161,"neow_bonus":"","is_daily":false,"chose_seed":false,"campfire_upgraded":2,"win_rate":0.0,"timestamp":1612745369,"path_taken":["M","?","?","M","M","E","?","?","T","R","E","R","E","M","R","BOSS","M","?","M","$","?","E","R","E","T","M","M","E","R","?","R","BOSS","?","T","?","?","?","E","?","E","T","?","E","?","?","E","T","BOSS","BOSS","T","T","E","BOSS"],"items_purchased_type":["Relic","Card","Card","Relic","Card","Relic","Card","Relic","Card","Card","Relic","Relic","Card","Relic","Card","Card","Card","Card","Relic","Relic","Relic","Card","Relic","Relic","Relic","Relic","Relic","Potion","Potion"],"build_version":"2020-12-22","purchased_purges":6,"victory":true,"max_hp_per_floor":[71,71,71,71,71,71,71,71,71,71,71,71,71,71,71,71,71,71,71,71,71,71,71,71,71,71,71,71,71,71,71,71,71,71,71,71,71,71,71,71,71,71,71,71,71,71,71,71,71,71,71,71,71,71,71,71],"relic_stats":{"counters":[364,1701],"PreservedInsect":1451,"Whetstone":["All For One","Gash","Barrage","ReplayTheSpireMod:Omega Cannon"],"War Paint":["Coolheaded","Glacier"],"Smiling Mask":113,"MawBank":96,"Medical Kit":[9],"Mercury Hourglass":[210],"Lizard Tail":35,"Emotion Chip":[68,29,39,0,0],"Centennial Puzzle":[39],"Shovel":1,"Prayer Wheel":12,"obtain_stats":[{"Golden Egg":26,"Vampiric Spirits":0,"Whetstone":55,"Ginger":43,"Boot":55,"Sling":55,"Blood Vial":20,"Replay:Wanted Poster":17,"Replay:Ringing Soul":0,"Sundial":29,"Replay:Bronze Core":17,"MealTicket":27,"Fusion Hammer":36,"Replay:Bottled Flurry":53,"Kunai":10,"Replay:Wax Seal":11,"Electric Blood":17,"Replay:Bottled Steam":43,"Pear":46,"Blue Candle":30,"Counterbalance":31,"Velvet Choker":17,"Tingsha":0,"Pen Nib":23,"Paper Crane":8,"Akabeko":28,"Cables":54,"SlaversCollar":17,"Snecko Scales":34,"Bird Faced Urn":12,"Mark of Pain":0,"StrikeDummy":6,"Unceasing Top":50,"Regal Pillow":0,"Lantern":28,"Carrot":41,"Singing Bowl":10,"Torii":0,"Magic Flower":11,"Painkiller Herb":19,"Bag of Preparation":55,"Replay:Multitool":44,"Cursed Key":34,"Smiling Mask":6,"Burning Blood":0,"Pet Ghost":23,"Replay:Rubber Ducky":55,"BranchBurnRelic":32,"Matryoshka":0,"Shovel":47,"Replay:Bottled Eggs":0,"InkBottle":27,"Inserter":17,"The Specimen":25,"Golden Idol":11,"Basket Of Snakes":39,"Circlet":0,"Thread and Needle":27,"The Courier":14,"PreservedInsect":22,"Geode":40,"Omamori":40,"Frozen Egg 2":0,"MawBank":31,"Nuclear Battery":34,"Busted Crown":17,"Ornamental Fan":55,"Orrery":0,"Turnip":46,"Art of War":40,"ReplayTheSpireMod:Ring of Challenge":38,"ReplayTheSpireMod:Lightbulb":0,"Toy Ornithopter":55,"Ice Cream":14,"Divine Protection":22,"Calipers":29,"Gremlin Horn":9,"Nilry\u0027s Codex":23,"CeramicFish":26,"Vajra":28,"Runic Capacitor":53,"Sozu":34,"Centennial Puzzle":9,"Lizard Tail":10,"Replay:Frozen Program":48,"DollysMirror":36,"Strawberry":28,"Prayer Wheel":0,"Iron Hammer":7,"Byrd Skull":11,"Girya":25,"Happy Flower":55,"Dead Branch":25,"Oddly Smooth Stone":26,"Ring of Chaos":47,"Letter Opener":48,"Replay:Kaleidoscope":0,"War Paint":23,"Question Card":8,"Du-Vu Doll":7,"OrangePellets":0,"Bottled Flame":15,"Replay:Baseball":0,"Shuriken":24,"Bronze Scales":12,"Simple Rune":55,"Onion Ring":40,"ReplayTheSpireMod:TigerMarble":6,"Grinning Jar":11,"Mirror":26,"Pocketwatch":0,"Meat on the Bone":38,"Darkstone Periapt":5,"ReplayFunnel":55,"ReplayTheSpireMod:Ring of Exchange":31,"Mango":6,"Snake Skull":29,"Incense Burner":45,"Juzu Bracelet":39,"ClockworkSouvenir":21,"Dream Catcher":43,"Nunchaku":24,"Replay:Bandana":10,"Emotion Chip":0,"Chameleon Ring":53,"Pantograph":23,"Gambling Chip":24,"Replay:Antivirus Software":43,"Cracked Core":0,"Red Skull":6,"Gremlin Food":44,"ReplayTheSpireMod:Ninjato":0,"Replay:Towering Pillar of Hats":10,"Quantum Egg":46,"Guide Book":0,"Replay:WaspNest":0,"Orichalcum":56,"Odd Mushroom":7,"Medical Kit":42,"White Beast Statue":0,"Mercury Hourglass":0,"Peace Pipe":39,"Strange Spoon":0,"Anchor":11,"CaptainsWheel":43,"Pondfish Scales":55,"DataDisk":0,"Snack Pack":8,"Bag of Marbles":31,"Membership Card":0,"FossilizedHelix":48},{"Golden Egg":166,"Vampiric Spirits":61,"Whetstone":91,"Ginger":327,"Boot":91,"Sling":91,"Blood Vial":26,"Replay:Wanted Poster":163,"Replay:Ringing Soul":237,"Sundial":254,"Replay:Bronze Core":134,"MealTicket":58,"Fusion Hammer":80,"Replay:Bottled Flurry":297,"Kunai":244,"Replay:Wax Seal":214,"Electric Blood":51,"Replay:Bottled Steam":119,"Pear":122,"Blue Candle":30,"Counterbalance":288,"Velvet Choker":216,"Tingsha":93,"Pen Nib":282,"Paper Crane":66,"Akabeko":167,"Cables":153,"SlaversCollar":24,"Snecko Scales":115,"Bird Faced Urn":22,"Mark of Pain":0,"StrikeDummy":98,"Unceasing Top":327,"Regal Pillow":93,"Lantern":199,"Carrot":326,"Singing Bowl":21,"Torii":154,"Magic Flower":49,"Painkiller Herb":72,"Bag of Preparation":91,"Replay:Multitool":120,"Cursed Key":31,"Smiling Mask":335,"Burning Blood":0,"Pet Ghost":56,"Replay:Rubber Ducky":91,"BranchBurnRelic":320,"Matryoshka":61,"Shovel":179,"Replay:Bottled Eggs":237,"InkBottle":141,"Inserter":193,"The Specimen":76,"Golden Idol":5,"Basket Of Snakes":82,"Circlet":0,"Thread and Needle":318,"The Courier":7,"PreservedInsect":11,"Geode":146,"Omamori":175,"Frozen Egg 2":14,"MawBank":79,"Nuclear Battery":257,"Busted Crown":8,"Ornamental Fan":91,"Orrery":209,"Turnip":38,"Art of War":36,"ReplayTheSpireMod:Ring of Challenge":81,"ReplayTheSpireMod:Lightbulb":154,"Toy Ornithopter":363,"Ice Cream":23,"Divine Protection":164,"Calipers":320,"Gremlin Horn":20,"Nilry\u0027s Codex":75,"CeramicFish":198,"Vajra":77,"Runic Capacitor":180,"Sozu":170,"Centennial Puzzle":5,"Lizard Tail":213,"Replay:Frozen Program":234,"DollysMirror":350,"Strawberry":13,"Prayer Wheel":93,"Iron Hammer":212,"Byrd Skull":66,"Girya":283,"Happy Flower":91,"Dead Branch":317,"Oddly Smooth Stone":57,"Ring of Chaos":122,"Letter Opener":264,"Replay:Kaleidoscope":267,"War Paint":139,"Question Card":188,"Du-Vu Doll":305,"OrangePellets":93,"Bottled Flame":70,"Replay:Baseball":93,"Shuriken":252,"Bronze Scales":6,"Simple Rune":91,"Onion Ring":205,"ReplayTheSpireMod:TigerMarble":158,"Grinning Jar":337,"Mirror":252,"Pocketwatch":41,"Meat on the Bone":117,"Darkstone Periapt":18,"ReplayFunnel":91,"ReplayTheSpireMod:Ring of Exchange":320,"Mango":19,"Snake Skull":78,"Incense Burner":87,"Juzu Bracelet":204,"ClockworkSouvenir":342,"Dream Catcher":37,"Nunchaku":75,"Replay:Bandana":100,"Emotion Chip":330,"Chameleon Ring":235,"Pantograph":12,"Gambling Chip":27,"Replay:Antivirus Software":261,"Cracked Core":0,"Red Skull":47,"Gremlin Food":87,"ReplayTheSpireMod:Ninjato":237,"Replay:Towering Pillar of Hats":66,"Quantum Egg":87,"Guide Book":93,"Replay:WaspNest":61,"Orichalcum":92,"Odd Mushroom":336,"Medical Kit":119,"White Beast Statue":182,"Mercury Hourglass":61,"Peace Pipe":146,"Strange Spoon":209,"Anchor":66,"CaptainsWheel":86,"Pondfish Scales":91,"DataDisk":126,"Snack Pack":48,"Bag of Marbles":225,"Membership Card":61,"FossilizedHelix":151},{"Golden Egg":701,"Vampiric Spirits":244,"Whetstone":364,"Ginger":1466,"Boot":364,"Sling":364,"Blood Vial":107,"Replay:Wanted Poster":686,"Replay:Ringing Soul":1108,"Sundial":1165,"Replay:Bronze Core":537,"MealTicket":230,"Fusion Hammer":315,"Replay:Bottled Flurry":1342,"Kunai":1129,"Replay:Wax Seal":964,"Electric Blood":208,"Replay:Bottled Steam":471,"Pear":484,"Blue Candle":123,"Counterbalance":1304,"Velvet Choker":978,"Tingsha":376,"Pen Nib":1280,"Paper Crane":257,"Akabeko":708,"Cables":637,"SlaversCollar":100,"Snecko Scales":459,"Bird Faced Urn":86,"Mark of Pain":0,"StrikeDummy":392,"Unceasing Top":1466,"Regal Pillow":376,"Lantern":864,"Carrot":1462,"Singing Bowl":82,"Torii":646,"Magic Flower":200,"Painkiller Herb":279,"Bag of Preparation":364,"Replay:Multitool":475,"Cursed Key":130,"Smiling Mask":1517,"Burning Blood":0,"Pet Ghost":224,"Replay:Rubber Ducky":364,"BranchBurnRelic":1432,"Matryoshka":244,"Shovel":766,"Replay:Bottled Eggs":1108,"InkBottle":568,"Inserter":829,"The Specimen":292,"Golden Idol":17,"Basket Of Snakes":325,"Circlet":0,"Thread and Needle":1426,"The Courier":25,"PreservedInsect":40,"Geode":594,"Omamori":747,"Frozen Egg 2":51,"MawBank":304,"Nuclear Battery":1176,"Busted Crown":30,"Ornamental Fan":364,"Orrery":932,"Turnip":156,"Art of War":146,"ReplayTheSpireMod:Ring of Challenge":318,"ReplayTheSpireMod:Lightbulb":646,"Toy Ornithopter":1691,"Ice Cream":93,"Divine Protection":690,"Calipers":1432,"Gremlin Horn":78,"Nilry\u0027s Codex":288,"CeramicFish":857,"Vajra":296,"Runic Capacitor":779,"Sozu":726,"Centennial Puzzle":17,"Lizard Tail":956,"Replay:Frozen Program":1086,"DollysMirror":1606,"Strawberry":48,"Prayer Wheel":376,"Iron Hammer":952,"Byrd Skull":257,"Girya":1284,"Happy Flower":364,"Dead Branch":1422,"Oddly Smooth Stone":226,"Ring of Chaos":484,"Letter Opener":1204,"Replay:Kaleidoscope":1226,"War Paint":559,"Question Card":811,"Du-Vu Doll":1373,"OrangePellets":376,"Bottled Flame":268,"Replay:Baseball":376,"Shuriken":1159,"Bronze Scales":20,"Simple Rune":364,"Onion Ring":895,"ReplayTheSpireMod:TigerMarble":663,"Grinning Jar":1530,"Mirror":1159,"Pocketwatch":170,"Meat on the Bone":463,"Darkstone Periapt":65,"ReplayFunnel":364,"ReplayTheSpireMod:Ring of Exchange":1432,"Mango":73,"Snake Skull":300,"Incense Burner":344,"Juzu Bracelet":888,"ClockworkSouvenir":1559,"Dream Catcher":151,"Nunchaku":288,"Replay:Bandana":399,"Emotion Chip":1502,"Chameleon Ring":1093,"Pantograph":44,"Gambling Chip":111,"Replay:Antivirus Software":1192,"Cracked Core":0,"Red Skull":189,"Gremlin Food":344,"ReplayTheSpireMod:Ninjato":1108,"Replay:Towering Pillar of Hats":257,"Quantum Egg":344,"Guide Book":376,"Replay:WaspNest":244,"Orichalcum":369,"Odd Mushroom":1521,"Medical Kit":471,"White Beast Statue":795,"Mercury Hourglass":244,"Peace Pipe":594,"Strange Spoon":932,"Anchor":257,"CaptainsWheel":341,"Pondfish Scales":364,"DataDisk":505,"Snack Pack":196,"Bag of Marbles":1023,"Membership Card":244,"FossilizedHelix":621}],"InkBottle":[23],"Unceasing Top":[16],"Toy Ornithopter":5},"card_choices":[{"not_picked":["Coolheaded","Cold Snap","Heatsinks"],"picked":"SKIP","floor":1},{"not_picked":["Undo","Barrage","Auto Shields"],"picked":"SKIP","floor":3},{"not_picked":["Streamline","ReplayGash"],"picked":"White Noise","floor":4},{"not_picked":["Reinforced Body","Hologram"],"picked":"Loop","floor":5},{"not_picked":["Stack","Rebound"],"picked":"ReplayTheSpireMod:Fabricate Wheel","floor":6},{"not_picked":["Leap","Time Bomb"],"picked":"Glacier","floor":7},{"not_picked":["Heatsinks","Electrodynamics","Auto Shields"],"picked":"SKIP","floor":11},{"not_picked":["Steam","Streamline","Conserve Battery"],"picked":"SKIP","floor":13},{"not_picked":["Leap","Cold Snap"],"picked":"Coolheaded","floor":14},{"not_picked":["Sunder","Lockon","BasicCrystalCard"],"picked":"SKIP","floor":14},{"not_picked":["Thunder Strike","Biased Cognition"],"picked":"Core Surge","floor":16},{"not_picked":["Leap","Hologram"],"picked":"Blizzard+1","floor":18},{"not_picked":["Auto Shields","Gash","Panic Button"],"picked":"SKIP","floor":18},{"not_picked":["Gash","White Noise"],"picked":"Coolheaded","floor":20},{"not_picked":["Darkness","Ball Lightning","BasicCrystalCard"],"picked":"SKIP","floor":20},{"not_picked":["Aggregate","Sunder+1","Panic Button+1"],"picked":"SKIP","floor":23},{"not_picked":["Auto Shields+1","Turbo"],"picked":"Go for the Eyes+1","floor":25},{"not_picked":["BasicCrystalCard+1","Fusion","Coolheaded"],"picked":"SKIP","floor":27},{"not_picked":["Panic Button","BasicCrystalCard+1","Compile Driver"],"picked":"SKIP","floor":27},{"not_picked":["Steam","ReplayTheSpireMod:Calculation Training","Reprogram"],"picked":"SKIP","floor":28},{"not_picked":["Auto Shields","Chill","ReplayTheSpireMod:GoodbyeWorld+1"],"picked":"SKIP","floor":28},{"not_picked":["Thunder Strike","Stack","Rebound+1"],"picked":"SKIP","floor":29},{"not_picked":["ReplayTheSpireMod:GoodbyeWorld+1","Lockon"],"picked":"Redo+1","floor":31},{"not_picked":["FTL","ReplayTheSpireMod:Reroute Power+1","Ball Lightning"],"picked":"SKIP","floor":31},{"not_picked":["Rainbow","Core Surge"],"picked":"ReplayTheSpireMod:Omega Cannon","floor":33},{"not_picked":["Redo","Rebound","Hello World+1"],"picked":"SKIP","floor":35},{"not_picked":["Leap","Barrage","Crystallizer+1"],"picked":"SKIP","floor":35},{"not_picked":["Rebound+1","Steam+1"],"picked":"White Noise+1","floor":37},{"not_picked":["Barrage","Stack+1","Force Field"],"picked":"SKIP","floor":37},{"not_picked":["Sweeping Beam+1","Leap","All For One"],"picked":"SKIP","floor":38},{"not_picked":["Gash","Conserve Battery+1","Ball Lightning"],"picked":"SKIP","floor":38},{"not_picked":["Steam","Scrape"],"picked":"Loop+1","floor":39},{"not_picked":["Coolheaded","Blizzard","Double Energy"],"picked":"SKIP","floor":39},{"not_picked":["Redo","ReplaySolidLightProjector","Panic Button+1"],"picked":"SKIP","floor":40},{"not_picked":["BasicCrystalCard","Streamline+1"],"picked":"Glacier","floor":41},{"not_picked":["BasicCrystalCard+1","Hologram","Fusion"],"picked":"SKIP","floor":42},{"not_picked":["ReplayTheSpireMod:System Scan","Coolheaded"],"picked":"Defragment+1","floor":45},{"not_picked":["Consume","Gash","Auto Shields+1"],"picked":"SKIP","floor":46},{"not_picked":["Go for the Eyes","Echo Form+1","Streamline+1"],"picked":"SKIP","floor":46},{"not_picked":["Steam","Turbo"],"picked":"FIFO Queue+1","floor":47},{"not_picked":["Rebound+1","Stack","Go for the Eyes"],"picked":"SKIP","floor":47},{"not_picked":["Turbo","Redo"],"picked":"Capacitor+1","floor":48},{"not_picked":["ReplayTheSpireMod:Calculation Training","Mirror Shield","Electrodynamics+1"],"picked":"SKIP","floor":55}],"player_experience":4107372,"relics_obtained":[{"floor":6,"key":"Smiling Mask"},{"floor":7,"key":"Odd Mushroom"},{"floor":9,"key":"Vajra"},{"floor":11,"key":"Grinning Jar"},{"floor":13,"key":"MawBank"},{"floor":23,"key":"Centennial Puzzle"},{"floor":25,"key":"Divine Protection"},{"floor":29,"key":"Replay:Bottled Flurry"},{"floor":40,"key":"Replay:Antivirus Software"},{"floor":41,"key":"Unceasing Top"},{"floor":42,"key":"Mercury Hourglass"},{"floor":43,"key":"Whetstone"},{"floor":45,"key":"InkBottle"},{"floor":48,"key":"War Paint"},{"floor":53,"key":"Carrot"},{"floor":55,"key":"Toy Ornithopter"}],"event_choices":[{"damage_healed":0,"gold_gain":275,"player_choice":"Desecrate","damage_taken":0,"max_hp_gain":0,"max_hp_loss":0,"event_name":"Golden Shrine","floor":2,"gold_loss":0,"cards_obtained":["Regret"]},{"damage_healed":0,"gold_gain":0,"player_choice":"Fought Mushrooms","damage_taken":0,"max_hp_gain":0,"max_hp_loss":0,"event_name":"Mushrooms","floor":7,"gold_loss":0},{"damage_healed":0,"gold_gain":0,"player_choice":"Fled","damage_taken":26,"max_hp_gain":0,"max_hp_loss":0,"event_name":"Scrap Ooze","floor":8,"gold_loss":0},{"damage_healed":0,"gold_gain":0,"player_choice":"Smashed Altar","damage_taken":0,"max_hp_gain":0,"max_hp_loss":0,"event_name":"Forgotten Altar","floor":19,"gold_loss":0,"cards_obtained":["Decay"]},{"damage_healed":0,"gold_gain":0,"player_choice":"0 cards matched","damage_taken":0,"max_hp_gain":0,"max_hp_loss":0,"event_name":"Match and Keep!","floor":22,"gold_loss":0,"cards_obtained":[]},{"damage_healed":0,"gold_gain":0,"player_choice":"Fight","damage_taken":0,"max_hp_gain":0,"max_hp_loss":0,"event_name":"Mysterious Sphere","floor":41,"gold_loss":0},{"damage_healed":0,"gold_gain":50,"player_choice":"Pray","damage_taken":0,"max_hp_gain":0,"max_hp_loss":0,"event_name":"Golden Shrine","floor":44,"gold_loss":0}],"is_beta":false,"boss_relics":[{"not_picked":["Runic Dome","Tiny House"],"picked":"Ring of Chaos"},{"not_picked":["Sozu","Runic Pyramid"],"picked":"Painkiller Herb"}],"items_purged_floors":[0,0,0,21,36,54],"is_endless":false,"potions_floor_spawned":[4,5,7,14,16,20,23,25,28,35,41,45,47,55],"ascension_level":20}}