{"host":"xp27heuvanyklt0b","time":1612786630,"event":{"mods":["100% Spire Juice","BaseMod","CapriCore","Koishi","Lobotomy","Minty Spire (QoL Compilation)","StSLib","The Immortal"],"gold_per_floor":[117,8,8,21,21,55,73,73,97,7,23,23,23,41,41,144,144,155,155,170,170,182,62,25,25,25],"floor_reached":25,"language":"KOR","playtime":853,"items_purged":[],"score":278,"play_id":"a20964d9-28cc-4dcb-b75c-a0b09f15c4be","local_time":"20210208211710","is_ascension_mode":false,"campfire_choices":[{"data":"Moonworks:UnpaidWork","floor":8,"key":"SMITH"},{"data":"Moonworks:IndiscriminateFireSupport","floor":13,"key":"SMITH"},{"floor":15,"key":"REST"},{"floor":23,"key":"REST"}],"circlet_count":0,"master_deck":["Moonworks:Strike","Moonworks:Strike","Moonworks:Strike","Moonworks:Strike","Moonworks:Defend","Moonworks:Defend","Moonworks:Defend","Moonworks:Defend","Moonworks:Ambush","Moonworks:LongDistanceShot","Moonworks:IndiscriminateFireSupport+1","Moonworks:AngelHand","Moonworks:UnpaidWork+1","Moonworks:JonathanRush","Moonworks:x16BigRocket","Moonworks:EvilMastermind","Moonworks:ImOnFire","Moonworks:StarBlastingFuse","Moonworks:CloudOfSeagulls+1","Moonworks:JonathanRush","Moonworks:JonathanRush+1","Moonworks:BeyondHell+1","Moonworks:Dash"],"relics":["Moonworks:BrokenBomb","Moonworks:Homemark","Nunchaku","Blood Vial","Runic Pyramid"],"acts_visited":["Exordium","TheCity"],"potions_floor_usage":[1,6],"damage_taken":[{"damage":6,"enemies":"Jaw Worm","floor":1,"turns":4},{"damage":8,"enemies":"Small Slimes","floor":2,"turns":3},{"damage":0,"enemies":"2 Louse","floor":4,"turns":2},{"damage":19,"enemies":"Lagavulin","floor":6,"turns":9},{"damage":6,"enemies":"Exordium Wildlife","floor":7,"turns":5},{"damage":5,"enemies":"Large Slime","floor":11,"turns":4},{"damage":9,"enemies":"Gremlin Gang","floor":14,"turns":3},{"damage":0,"enemies":"Slime Boss","floor":16,"turns":4},{"damage":20,"enemies":"Shell Parasite","floor":18,"turns":5},{"damage":30,"enemies":"2 Thieves","floor":20,"turns":4},{"damage":29,"enemies":"Sentry and Sphere","floor":22,"turns":5},{"damage":25,"enemies":"Snake Plant","floor":25,"turns":2}],"seed_played":"-1798969129874514827","potions_obtained":[{"floor":1,"key":"Fruit Juice"},{"floor":4,"key":"EssenceOfSteel"},{"floor":7,"key":"Dexterity Potion"},{"floor":16,"key":"Strength Potion"}],"is_trial":false,"path_per_floor":["M","M","?","M","$","E","M","R","T","?","M","?","R","M","R","B",null,"M","?","M","?","M","R","$","M"],"character_chosen":"THE_STARBREAKER","items_purchased":["Moonworks:Dash"],"campfire_rested":2,"item_purchase_floors":[24],"current_hp_per_floor":[65,57,62,62,62,43,37,37,37,37,34,34,34,27,49,51,76,56,56,28,28,1,23,23,0,0],"gold":25,"neow_bonus":"TEN_PERCENT_HP_BONUS","is_daily":false,"chose_seed":false,"campfire_upgraded":2,"win_rate":0.0,"timestamp":1612786630,"path_taken":["M","M","?","M","$","E","M","R","T","?","M","?","R","M","R","BOSS","M","?","M","?","?","R","$","M"],"items_purchased_type":["Card"],"build_version":"2020-12-22","purchased_purges":0,"victory":false,"max_hp_per_floor":[71,71,76,76,76,76,76,76,76,76,76,76,76,76,76,76,76,76,76,76,76,76,76,76,76,76],"card_choices":[{"not_picked":["Moonworks:ImOnFire","Moonworks:SakisCookie"],"picked":"Moonworks:IndiscriminateFireSupport","floor":1},{"not_picked":["Moonworks:WindyEnchantment","Moonworks:Assault"],"picked":"Moonworks:AngelHand","floor":2},{"not_picked":["Moonworks:DeployBits","Moonworks:FinalSurgery"],"picked":"Moonworks:UnpaidWork","floor":4},{"not_picked":["Moonworks:IndiscriminateFireSupport","Moonworks:NicePresent"],"picked":"Moonworks:JonathanRush","floor":6},{"not_picked":["Moonworks:DeployBits","Moonworks:JonathanRush"],"picked":"Moonworks:x16BigRocket","floor":7},{"not_picked":["Moonworks:LulusLuckyEgg","Moonworks:CloudOfSeagulls"],"picked":"Moonworks:EvilMastermind","floor":11},{"not_picked":["Moonworks:IndiscriminateFireSupport","Moonworks:LulusLuckyEgg"],"picked":"Moonworks:ImOnFire","floor":14},{"not_picked":["Moonworks:SubspaceTunnel","Moonworks:WeAreWaruda"],"picked":"Moonworks:StarBlastingFuse","floor":16},{"not_picked":["Moonworks:x16BigRocket","Moonworks:TreasureThief"],"picked":"Moonworks:CloudOfSeagulls","floor":18},{"not_picked":["Moonworks:StiffCrystal","Moonworks:IndiscriminateFireSupport"],"picked":"Moonworks:JonathanRush+1","floor":20},{"not_picked":["Moonworks:IndiscriminateFireSupport","Moonworks:BigMagnum"],"picked":"Moonworks:BeyondHell+1","floor":22}],"player_experience":179957,"relics_obtained":[{"floor":6,"key":"Nunchaku"},{"floor":9,"key":"Blood Vial"}],"event_choices":[{"damage_healed":0,"gold_gain":0,"player_choice":"Donut","damage_taken":0,"max_hp_gain":5,"max_hp_loss":0,"event_name":"Big Fish","floor":3,"gold_loss":0},{"damage_healed":0,"gold_gain":30,"player_choice":"Searched \u00271\u0027 times","damage_taken":0,"max_hp_gain":0,"max_hp_loss":0,"event_name":"Dead Adventurer","floor":10,"gold_loss":0},{"damage_healed":0,"gold_gain":0,"player_choice":"Ignored","damage_taken":0,"max_hp_gain":0,"max_hp_loss":0,"event_name":"Shining Light","floor":12,"gold_loss":0},{"damage_healed":0,"gold_gain":0,"player_choice":"Read","damage_taken":0,"max_hp_gain":0,"max_hp_loss":0,"event_name":"The Library","floor":19,"gold_loss":0,"cards_obtained":["Moonworks:JonathanRush"]},{"damage_healed":0,"gold_gain":0,"player_choice":"Upgraded","damage_taken":0,"max_hp_gain":0,"max_hp_loss":0,"event_name":"Upgrade Shrine","floor":21,"gold_loss":0,"cards_upgraded":["Moonworks:CloudOfSeagulls"]}],"is_beta":false,"boss_relics":[{"not_picked":["Runic Dome","Snecko Eye"],"picked":"Runic Pyramid"}],"items_purged_floors":[],"is_endless":false,"potions_floor_spawned":[1,4,7,16],"killed_by":"Snake Plant","ascension_level":0}}