{"host":"sutwlwo4qckeqch7","time":1612755429,"event":{"mods":["AchievementEnabler","BaseMod","BetterRewards","Colored Map","Marisa????????","Minty Spire (QoL Compilation)","StSLib"],"gold_per_floor":[115,41,41,54,19,19,51,64,88,88,88,115,126,202,202,299,299,319,319,319,27,39,39,74,74,74,106,120,120,120,120,120],"floor_reached":31,"language":"ENG","playtime":771,"items_purged":["Strike_G"],"score":400,"play_id":"d438f0f1-3010-4c46-9103-dd69c221fea6","local_time":"20210207213709","is_ascension_mode":true,"campfire_choices":[{"data":"Infinite Blades","floor":6,"key":"SMITH"},{"data":"Crippling Poison","floor":10,"key":"SMITH"},{"floor":15,"key":"DIG"},{"data":"Burst","floor":23,"key":"SMITH"},{"floor":25,"key":"REST"}],"circlet_count":0,"master_deck":["Strike_G+1","Strike_G+1","Strike_G+1","Strike_G+1","Defend_G+1","Defend_G+1","Defend_G+1","Defend_G+1","Defend_G+1","Survivor","Neutralize","Infinite Blades+1","Noxious Fumes","Flying Knee","Backflip","Crippling Poison+1","Bouncing Flask","Burst+1","Crippling Poison","Necronomicurse","Noxious Fumes","Deadly Poison","Dash+1"],"relics":["Ring of the Snake","NeowsBlessing","Bag of Preparation","Whetstone","Shovel","Bird Faced Urn","Sundial","Eternal Feather","Black Star","Necronomicon","Pear","Sling","Mango","Strawberry","Mummified Hand","Smiling Mask","Lizard Tail"],"acts_visited":["Exordium","TheCity"],"potions_floor_usage":[13,24,24],"damage_taken":[{"damage":0,"enemies":"Small Slimes","floor":1,"turns":1},{"damage":0,"enemies":"Jaw Worm","floor":4,"turns":1},{"damage":0,"enemies":"3 Sentries","floor":7,"turns":1},{"damage":0,"enemies":"2 Louse","floor":8,"turns":2},{"damage":14,"enemies":"Gremlin Nob","floor":12,"turns":4},{"damage":8,"enemies":"Blue Slaver","floor":13,"turns":3},{"damage":48,"enemies":"Slime Boss","floor":16,"turns":10},{"damage":15,"enemies":"Chosen","floor":18,"turns":5},{"damage":21,"enemies":"Shell Parasite","floor":22,"turns":6},{"damage":47,"enemies":"Slavers","floor":24,"turns":5},{"damage":66,"enemies":"Book of Stabbing","floor":27,"turns":6},{"damage":12,"enemies":"Cultist and Chosen","floor":28,"turns":6},{"damage":46,"enemies":"Gremlin Leader","floor":31,"turns":5}],"seed_played":"-8870893449891984396","potions_obtained":[{"floor":4,"key":"GamblersBrew"},{"floor":8,"key":"Swift Potion"},{"floor":12,"key":"ColorlessPotion"},{"floor":18,"key":"Weak Potion"},{"floor":22,"key":"Fire Potion"},{"floor":28,"key":"Dexterity Potion"}],"is_trial":false,"path_per_floor":["M","$","?","M","?","R","E","M","T","R","T","E","M","T","R","B",null,"M","?","T","$","M","R","E","R","T","E","M","?","?","E"],"character_chosen":"THE_SILENT","items_purchased":["Noxious Fumes","Noxious Fumes","Sling"],"campfire_rested":1,"item_purchase_floors":[2,21,21],"current_hp_per_floor":[70,70,56,56,70,70,70,70,70,70,70,56,52,52,52,8,70,57,41,51,51,34,46,24,66,66,2,42,42,42,0,0],"gold":120,"neow_bonus":"THREE_ENEMY_KILL","is_daily":false,"chose_seed":false,"campfire_upgraded":3,"win_rate":0.0,"timestamp":1612755429,"path_taken":["M","$","?","M","?","R","E","M","T","R","?","E","M","?","R","BOSS","M","?","?","$","M","R","E","R","T","E","?","?","?","E"],"items_purchased_type":["Card","Card","Relic"],"build_version":"2020-12-22","purchased_purges":1,"victory":false,"max_hp_per_floor":[70,70,70,70,70,70,70,70,70,70,70,70,70,70,70,70,70,70,70,80,80,80,80,101,101,101,101,101,101,101,101,101],"card_choices":[{"not_picked":["Dagger Spray","Dagger Throw"],"picked":"Infinite Blades","floor":1},{"not_picked":["Flying Knee","Masterful Stab","Escape Plan"],"picked":"SKIP","floor":4},{"not_picked":["Masterful Stab","Escape Plan"],"picked":"Flying Knee","floor":4},{"not_picked":["Escape Plan","PiercingWail"],"picked":"Backflip","floor":7},{"not_picked":["Well Laid Plans","Underhanded Strike"],"picked":"Crippling Poison","floor":8},{"not_picked":["Concentrate","Setup"],"picked":"Bouncing Flask","floor":12},{"not_picked":["Well Laid Plans","Dagger Throw","Deflect"],"picked":"SKIP","floor":13},{"not_picked":["Venomology","Tools of the Trade"],"picked":"Burst","floor":16},{"not_picked":["Terror","Backflip"],"picked":"Crippling Poison","floor":18},{"not_picked":["Backstab","Blur"],"picked":"Deadly Poison","floor":22},{"not_picked":["PiercingWail","Malaise","Dagger Spray+1"],"picked":"SKIP","floor":24},{"not_picked":["Caltrops","Outmaneuver","Riddle With Holes"],"picked":"SKIP","floor":27},{"not_picked":["Acrobatics+1","Skewer"],"picked":"Dash+1","floor":28}],"player_experience":182469,"relics_obtained":[{"floor":7,"key":"Bag of Preparation"},{"floor":9,"key":"Whetstone"},{"floor":11,"key":"Shovel"},{"floor":12,"key":"Bird Faced Urn"},{"floor":14,"key":"Sundial"},{"floor":15,"key":"Eternal Feather"},{"floor":19,"key":"Necronomicon"},{"floor":20,"key":"Pear"},{"floor":24,"key":"Mango"},{"floor":24,"key":"Strawberry"},{"floor":26,"key":"Mummified Hand"},{"floor":27,"key":"Smiling Mask"},{"floor":27,"key":"Lizard Tail"}],"event_choices":[{"damage_healed":0,"gold_gain":0,"player_choice":"Entered Light","damage_taken":14,"max_hp_gain":0,"max_hp_loss":0,"event_name":"Shining Light","floor":3,"gold_loss":0,"cards_upgraded":["Strike_G","Strike_G"]},{"damage_healed":17,"gold_gain":0,"player_choice":"Healed","damage_taken":0,"max_hp_gain":0,"max_hp_loss":0,"event_name":"The Cleric","floor":5,"gold_loss":35},{"damage_healed":0,"gold_gain":0,"player_choice":"Obtained Book","damage_taken":16,"max_hp_gain":0,"max_hp_loss":0,"event_name":"Cursed Tome","floor":19,"gold_loss":0},{"damage_healed":0,"gold_gain":0,"player_choice":"Ignored","damage_taken":0,"max_hp_gain":0,"max_hp_loss":0,"event_name":"Vampires","floor":29,"gold_loss":0},{"damage_healed":0,"gold_gain":0,"player_choice":"Simplicity","damage_taken":0,"max_hp_gain":0,"max_hp_loss":0,"event_name":"Back to Basics","floor":30,"gold_loss":0,"cards_upgraded":["Defend_G","Defend_G","Defend_G","Defend_G","Defend_G"]}],"is_beta":false,"boss_relics":[{"not_picked":["Empty Cage","Runic Pyramid"],"picked":"Black Star"}],"items_purged_floors":[21],"is_endless":false,"potions_floor_spawned":[4,8,12,18,22,28],"killed_by":"Gremlin Leader","ascension_level":3}}