{"host":"dscols65uipasqd2","time":1612754242,"event":{"mods":["2.2 Compatiblity","AchievementEnabler","Aspiration","BaseMod","Colored Powertips","Downfall","Energized Spire","GifTheSpireLib","Hermit","Hubris","Infinite Spire","JesterMod","Jorbs\u0027s Wanderer Trilogy","Marisa????????","Minty Spire (QoL Compilation)","Rare Cards Sparkle","Replay The Spire","StSLib","Stuff the Spire","The Cursed","The Disciple","The Hierophant","The Judge","The Jungle","The Runesmith","TheFirefly"],"gold_per_floor":[99,99,99,28,88,88,88,4,38,38,38,38,38,63,75,75,75,75],"floor_reached":16,"language":"ENG","playtime":604,"items_purged":[],"score":107,"play_id":"3c4953a9-3ab9-4794-bd5c-6d6fd9b939fe","local_time":"20210207221722","is_ascension_mode":true,"campfire_choices":[{"floor":1,"key":"RECALL"},{"data":"Slimebound:SlimeBarrage","floor":6,"key":"SMITH"},{"floor":13,"key":"REST"}],"circlet_count":0,"master_deck":["Slimebound:Strike_Slimebound","Slimebound:Strike_Slimebound","Slimebound:Strike_Slimebound","Slimebound:Tackle","Slimebound:Defend_Slimebound","Slimebound:Defend_Slimebound","Slimebound:Defend_Slimebound","Slimebound:Defend_Slimebound","Slimebound:Split","Slimebound:CorrosiveSpit","Slimebound:ComboTackle","Slimebound:SplitBruiser","Slimebound:HauntingLick","Slimebound:SlimeBarrage+1","ReplayTheSpireMod:Splinters","Slimebound:DouseInSlime","Slimebound:Prepare","Slimebound:TongueLash","Slimebound:RollThrough+1","Slimebound:Prepare","Runesmith:CraftFirestone"],"relics":["Slimebound:AbsorbEndCombat","downfall:HeartsMalice","Happy Flower","InkBottle","Kunai","aspiration:HiddenCompartment","downfall:BrokenWingStatue","aspiration:SeaSaltIceCream","aspiration:Nostalgia","m_RuneBlood"],"acts_visited":["Exordium"],"potions_floor_usage":[9,16,16,16],"damage_taken":[{"damage":0,"enemies":"Cultist","floor":2,"turns":1},{"damage":0,"enemies":"Small Slimes","floor":3,"turns":1},{"damage":0,"enemies":"downfall:FleeingMerchant","floor":4,"turns":1},{"damage":21,"enemies":"downfall:FleeingMerchant","floor":8,"turns":4},{"damage":29,"enemies":"3 Sentries","floor":9,"turns":5},{"damage":25,"enemies":"Gremlin Nob","floor":14,"turns":4},{"damage":3,"enemies":"2 Louse","floor":15,"turns":1},{"damage":18,"enemies":"DF_ARCHETYPE_STREAMLINE","floor":16,"turns":3}],"seed_played":"2475135665491441279","potions_obtained":[{"floor":5,"key":"Slimebound:SlimyTonguePotion"},{"floor":5,"key":"champ:CounterPotion"},{"floor":14,"key":"Toxic Potion"},{"floor":15,"key":"SpeedPotion"}],"is_trial":false,"path_per_floor":["R","M","M","$","?","R","T","$","E","?","?","?","R","E","M","B"],"character_chosen":"SLIMEBOUND","items_purchased":["Slimebound:SlimeBarrage","Slimebound:TongueLash"],"campfire_rested":1,"item_purchase_floors":[4,8],"current_hp_per_floor":[65,65,65,65,65,65,65,46,19,16,16,16,35,10,10,0,0,0],"gold":75,"neow_bonus":"THREE_ENEMY_KILL","is_daily":false,"chose_seed":false,"campfire_upgraded":1,"win_rate":0.0,"timestamp":1612754242,"path_taken":["R","M","M","$","?","R","T","$","E","?","?","?","R","E","M","BOSS"],"items_purchased_type":["Card","Card"],"build_version":"2020-12-22","purchased_purges":0,"victory":false,"max_hp_per_floor":[65,65,65,65,65,65,65,65,65,65,65,65,65,65,65,65,65,65],"card_choices":[{"not_picked":["Slimebound:Gluttony","Slimebound:GoopSpray"],"picked":"Slimebound:ComboTackle","floor":2},{"not_picked":["Slimebound:GoopSpray","Slimebound:SlimeBrawl"],"picked":"Slimebound:SplitBruiser","floor":3},{"not_picked":["Slimebound:RollThrough","Slimebound:Prepare"],"picked":"Slimebound:HauntingLick","floor":4},{"not_picked":["Slimebound:ItLooksTasty","Slimebound:FormOfPuddle"],"picked":"Slimebound:DouseInSlime","floor":5},{"not_picked":["Slimebound:Grow","Slimebound:SpikyOuterGoop"],"picked":"Slimebound:Prepare","floor":8},{"not_picked":["Slimebound:ComboTackle","Slimebound:Grow"],"picked":"Slimebound:RollThrough","floor":9},{"not_picked":["Slimebound:SlimeSpikes","Slimebound:Repurpose"],"picked":"Slimebound:Prepare","floor":14},{"not_picked":["Slimebound:ComboTackle","Slimebound:LeechEnergy"],"picked":"Runesmith:CraftFirestone","floor":15}],"player_experience":599136,"relics_obtained":[{"floor":5,"key":"Happy Flower"},{"floor":7,"key":"InkBottle"},{"floor":9,"key":"Kunai"},{"floor":14,"key":"aspiration:SeaSaltIceCream"}],"event_choices":[{"damage_healed":0,"gold_gain":0,"player_choice":"Success","damage_taken":3,"relics_obtained":["aspiration:HiddenCompartment"],"max_hp_gain":0,"max_hp_loss":0,"event_name":"Scrap Ooze","floor":10,"gold_loss":0}],"is_beta":false,"boss_relics":[],"items_purged_floors":[],"is_endless":false,"potions_floor_spawned":[14,15],"killed_by":"DF_ARCHETYPE_STREAMLINE","ascension_level":1}}