{"host":"g907ck67u7c3hrs6","time":1612745682,"event":{"mods":["BaseMod","Colored Map","DeckTracker","Highlight Path","Keyboard Shortcuts","Minty Spire (QoL Compilation)","Permanent Neow","Say the Spire","SuperFastMode"],"gold_per_floor":[139,204,204,204,223,223,286,286,364,364,364,408,446,221,240,240,415,415,434,453,472,472,222,222,285,285,335,335,335,460,504,548,548,698,698,717,717,246,265,334,397,397,441,441,460,460,529,83,83,83,83],"floor_reached":52,"language":"KOR","playtime":2802,"items_purged":["Regret","Shame","Normality"],"score":887,"play_id":"838ee6b1-28f5-4375-ad3c-1524c453851e","local_time":"20210208095442","daily_mods":["Shiny","Green Cards","Terminal"],"is_ascension_mode":false,"campfire_choices":[{"data":"Devotion","floor":6,"key":"SMITH"},{"data":"LessonLearned","floor":16,"key":"SMITH"},{"data":"LessonLearned","floor":24,"key":"SMITH"},{"data":"Wraith Form v2","floor":26,"key":"SMITH"},{"data":"A Thousand Cuts","floor":28,"key":"SMITH"},{"data":"Collect","floor":33,"key":"SMITH"},{"floor":42,"key":"REST"},{"floor":46,"key":"REST"},{"floor":50,"key":"REST"}],"circlet_count":0,"master_deck":["Venomology","Corpse Explosion+1","Malaise+1","Phantasmal Killer+1","Die Die Die+1","Adrenaline","Envenom","Burst","Wraith Form v2+1","Tools of the Trade+1","Night Terror+1","Unload+1","After Image+1","Bullet Time+1","Storm of Steel","Glass Knife+1","A Thousand Cuts+1","Grand Finale","Judgement","ConjureBlade","MasterReality","Brilliance+1","Devotion+1","Blasphemy+1","Ragnarok+1","LessonLearned+1","Scrawl+1","Vault","Alpha+1","Wish","Omniscience","Establishment","SpiritShield","DevaForm","DeusExMachina+1","FlyingSleeves+1","Cloak And Dagger","Injury","LessonLearned+1","Collect+1","Protect+1","Omniscience","Injury","Wish","Backflip+1","Grand Finale+1","Devotion+1","Infinite Blades","LessonLearned+1","Blade Dance+1","Protect+1","Master of Strategy","Panacea"],"relics":["PureWater","Darkstone Periapt","Golden Idol","Ancient Tea Set","Pen Nib","Calipers","Oddly Smooth Stone","Bag of Preparation","Cursed Key","Enchiridion","Pear","Bag of Marbles","Whetstone","Pantograph","Thread and Needle","Molten Egg 2","Fusion Hammer","Potion Belt","DollysMirror","MealTicket","Vajra","Frozen Eye"],"acts_visited":["Exordium","TheCity","TheBeyond"],"potions_floor_usage":[7,17,19,32,34,34,36,41,43,45,51,51,51],"damage_taken":[{"damage":3,"enemies":"Small Slimes","floor":1,"turns":4},{"damage":2,"enemies":"2 Louse","floor":2,"turns":4},{"damage":0,"enemies":"Jaw Worm","floor":5,"turns":1},{"damage":0,"enemies":"3 Sentries","floor":7,"turns":3},{"damage":11,"enemies":"Gremlin Gang","floor":12,"turns":7},{"damage":13,"enemies":"Lagavulin","floor":13,"turns":5},{"damage":6,"enemies":"Large Slime","floor":15,"turns":2},{"damage":0,"enemies":"Hexaghost","floor":17,"turns":10},{"damage":0,"enemies":"Chosen","floor":19,"turns":1},{"damage":0,"enemies":"3 Byrds","floor":20,"turns":3},{"damage":0,"enemies":"Centurion and Healer","floor":21,"turns":1},{"damage":14,"enemies":"Slavers","floor":25,"turns":6},{"damage":0,"enemies":"Colosseum Slavers","floor":30,"turns":1},{"damage":0,"enemies":"Colosseum Nobs","floor":30,"turns":1},{"damage":12,"enemies":"Snake Plant","floor":31,"turns":3},{"damage":0,"enemies":"Snecko","floor":32,"turns":3},{"damage":0,"enemies":"Champ","floor":34,"turns":13},{"damage":2,"enemies":"3 Darklings","floor":36,"turns":2},{"damage":9,"enemies":"3 Shapes","floor":39,"turns":1},{"damage":3,"enemies":"Spire Growth","floor":40,"turns":7},{"damage":6,"enemies":"Nemesis","floor":41,"turns":7},{"damage":7,"enemies":"4 Shapes","floor":43,"turns":3},{"damage":0,"enemies":"Jaw Worm Horde","floor":45,"turns":3},{"damage":2,"enemies":"Sphere and 2 Shapes","floor":47,"turns":6},{"damage":9,"enemies":"Time Eater","floor":51,"turns":8}],"seed_played":"-2425098010432476902","potions_obtained":[{"floor":1,"key":"ColorlessPotion"},{"floor":7,"key":"Strength Potion"},{"floor":34,"key":"SpeedPotion"},{"floor":36,"key":"EssenceOfSteel"},{"floor":41,"key":"PowerPotion"},{"floor":43,"key":"BlessingOfTheForge"}],"is_trial":false,"path_per_floor":["M","M","?","?","M","R","E","E","?","T","?","M","E","$","M","R","B",null,"M","M","M","?","$","R","E","R","T","R","?","?","M","M","R","B",null,"M","?","$","M","M","E","R","M","T","M","R","M","$","?","R","B",null],"character_chosen":"WATCHER","items_purchased":["Bag of Preparation","Pear","Potion Belt","DollysMirror","Infinite Blades","Master of Strategy","Frozen Eye"],"campfire_rested":3,"item_purchase_floors":[14,23,38,38,38,48,48],"current_hp_per_floor":[68,66,59,65,65,65,65,65,65,65,71,60,47,47,41,41,41,65,64,63,62,46,56,56,42,42,48,48,54,54,42,42,42,67,70,68,68,67,58,55,49,63,56,62,62,65,63,63,62,61,52],"gold":83,"neow_bonus":"","is_daily":true,"chose_seed":false,"campfire_upgraded":6,"win_rate":0.0,"timestamp":1612745682,"path_taken":["M","M","?","?","M","R","E","E","?","T","?","?","E","$","M","R","BOSS","M","M","?","?","$","R","E","R","T","R","?","?","?","M","R","BOSS","M","?","$","?","M","E","R","M","T","M","R","M","$","?","R","BOSS"],"items_purchased_type":["Relic","Relic","Relic","Relic","Card","Card","Relic"],"build_version":"2020-12-22","purchased_purges":3,"victory":true,"max_hp_per_floor":[70,69,68,73,72,71,70,69,68,67,72,71,70,69,68,67,66,65,64,63,62,61,70,69,68,67,72,71,76,75,74,73,72,71,70,69,68,67,66,65,64,63,62,67,66,65,64,63,62,61,60],"card_choices":[{"not_picked":["Caltrops","Endless Agony"],"picked":"FlyingSleeves","floor":1},{"not_picked":["LikeWater","PathToVictory"],"picked":"Cloak And Dagger","floor":2},{"not_picked":["FlurryOfBlows","Prepared","Reflex"],"picked":"SKIP","floor":5},{"not_picked":["Heel Hook","ForeignInfluence","CutThroughFate"],"picked":"SKIP","floor":7},{"not_picked":["CutThroughFate","Setup","FearNoEvil"],"picked":"SKIP","floor":12},{"not_picked":["ThirdEye","Halt","LikeWater"],"picked":"SKIP","floor":13},{"not_picked":["Setup","EmptyFist","Underhanded Strike"],"picked":"SKIP","floor":15},{"not_picked":["Grand Finale","Judgement"],"picked":"LessonLearned","floor":17},{"not_picked":["Outmaneuver","Crippling Poison"],"picked":"Collect","floor":19},{"not_picked":["Prepared","FollowUp+1"],"picked":"Protect","floor":20},{"not_picked":["FlurryOfBlows+1","Dagger Spray","Slice"],"picked":"SKIP","floor":21},{"not_picked":["Cloak And Dagger","Flechettes"],"picked":"Omniscience","floor":25},{"not_picked":["Evaluate","FlurryOfBlows+1","CutThroughFate+1"],"picked":"SKIP","floor":31},{"not_picked":["Setup","Protect","FearNoEvil+1"],"picked":"SKIP","floor":32},{"not_picked":["Setup","Protect","FearNoEvil+1"],"picked":"SKIP","floor":32},{"not_picked":["Establishment","MasterReality"],"picked":"Wish","floor":34},{"not_picked":["Halt+1","FlurryOfBlows+1"],"picked":"Backflip+1","floor":36},{"not_picked":["Protect","Weave+1","JustLucky+1"],"picked":"SKIP","floor":39},{"not_picked":["Dodge and Roll","Dagger Throw+1"],"picked":"LessonLearned+1","floor":40},{"not_picked":["Caltrops","Choke+1"],"picked":"Blade Dance+1","floor":41},{"not_picked":["FlurryOfBlows+1","ThirdEye","Nirvana+1"],"picked":"SKIP","floor":43},{"not_picked":["FlurryOfBlows+1","ThirdEye+1","Eviscerate+1"],"picked":"SKIP","floor":45},{"not_picked":["LikeWater+1","PiercingWail"],"picked":"Protect+1","floor":47},{"not_picked":["Dark Shackles","Violence"],"picked":"Panacea","floor":49}],"player_experience":265458,"relics_obtained":[{"floor":7,"key":"Ancient Tea Set"},{"floor":10,"key":"Pen Nib"},{"floor":13,"key":"Oddly Smooth Stone"},{"floor":22,"key":"Enchiridion"},{"floor":25,"key":"Bag of Marbles"},{"floor":27,"key":"Whetstone"},{"floor":30,"key":"Thread and Needle"},{"floor":30,"key":"Molten Egg 2"},{"floor":41,"key":"MealTicket"},{"floor":44,"key":"Vajra"}],"event_choices":[{"damage_healed":0,"gold_gain":0,"player_choice":"Success","damage_taken":7,"relics_obtained":["Darkstone Periapt"],"max_hp_gain":0,"max_hp_loss":0,"event_name":"Scrap Ooze","floor":3,"gold_loss":0},{"damage_healed":0,"gold_gain":0,"player_choice":"Take Wound","damage_taken":0,"relics_obtained":["Golden Idol"],"max_hp_gain":0,"max_hp_loss":0,"event_name":"Golden Idol","floor":4,"gold_loss":0,"cards_obtained":["Injury"]},{"damage_healed":0,"gold_gain":78,"player_choice":"Gained Gold","damage_taken":0,"max_hp_gain":0,"max_hp_loss":0,"event_name":"Golden Wing","floor":9,"gold_loss":0},{"damage_healed":0,"gold_gain":0,"player_choice":"Box","damage_taken":0,"relics_obtained":["Calipers"],"max_hp_gain":0,"max_hp_loss":0,"event_name":"Big Fish","floor":11,"gold_loss":0,"cards_obtained":["Regret"]},{"damage_healed":0,"gold_gain":0,"player_choice":"Obtained Book","damage_taken":16,"max_hp_gain":0,"max_hp_loss":0,"event_name":"Cursed Tome","floor":22,"gold_loss":0},{"damage_healed":0,"gold_gain":0,"player_choice":"Stole Relic","damage_taken":0,"relics_obtained":["Pantograph"],"max_hp_gain":0,"max_hp_loss":0,"event_name":"Addict","floor":29,"gold_loss":0,"cards_obtained":["Shame"]},{"damage_healed":0,"gold_gain":0,"player_choice":"Fight","damage_taken":0,"max_hp_gain":0,"max_hp_loss":0,"event_name":"Colosseum","floor":30,"gold_loss":0},{"damage_healed":0,"gold_gain":0,"player_choice":"Fought Nobs","damage_taken":0,"max_hp_gain":0,"max_hp_loss":0,"event_name":"Colosseum","floor":30,"gold_loss":0},{"damage_healed":0,"gold_gain":0,"cards_transformed":["Doppelganger"],"player_choice":"Transformed","damage_taken":0,"max_hp_gain":0,"max_hp_loss":0,"event_name":"Transmorgrifier","floor":37,"gold_loss":0,"cards_obtained":["Grand Finale"]},{"damage_healed":0,"gold_gain":0,"player_choice":"Memory 1","damage_taken":0,"max_hp_gain":0,"max_hp_loss":0,"event_name":"SensoryStone","floor":49,"gold_loss":0}],"is_beta":false,"boss_relics":[{"not_picked":["Ectoplasm","Black Star"],"picked":"Cursed Key"},{"not_picked":["Tiny House","Snecko Eye"],"picked":"Fusion Hammer"}],"items_purged_floors":[14,38,48],"is_endless":false,"potions_floor_spawned":[1,7,15,25,31,32,34,36,41,43,47],"ascension_level":0}}