{"host":"kig4ty9d1aubg29s","time":1612763704,"event":{"mods":["BaseMod","Minty Spire (QoL Compilation)","READ ME - Guardian Mod","READ ME - Snecko Mod","StSLib","The Cursed","The Gatherer","The Hierophant","The Runesmith"],"gold_per_floor":[116,41,41,41,57,57,90,165,188,218,218,245,245,256,256,334,334,348,348,365,377,389,389,389,389],"floor_reached":24,"language":"KOR","playtime":955,"items_purged":[],"score":396,"play_id":"185cb84b-b431-4f9e-9ef5-1053ef0cdc1a","local_time":"20210208145504","is_ascension_mode":true,"campfire_choices":[{"floor":6,"key":"REST"},{"floor":11,"key":"REST"},{"floor":13,"key":"REST"},{"data":"Infinite Blades","floor":15,"key":"SMITH"},{"floor":23,"key":"REST"}],"circlet_count":0,"master_deck":["AscendersBane","Strike_G","Strike_G","Strike_G","Strike_G","Strike_G","Defend_G","Defend_G","Defend_G","Defend_G","Defend_G","Survivor","Neutralize","Dagger Spray","Regret","Escape Plan","Backstab","Poisoned Stab","Sucker Punch","Leg Sweep","Infinite Blades+1","Heel Hook","Bullet Time","Prepared","Infinite Blades","Sucker Punch+1","Slice","Deadly Poison"],"relics":["Ring of the Snake","Pocketwatch","Lizard Tail","Matryoshka","Dream Catcher","Anchor","Thread and Needle","Blue Candle","WristBlade"],"acts_visited":["Exordium","TheCity"],"potions_floor_usage":[7,10,12,20,21,21,22,22],"damage_taken":[{"damage":8,"enemies":"Small Slimes","floor":1,"turns":4},{"damage":4,"enemies":"2 Louse","floor":5,"turns":2},{"damage":38,"enemies":"3 Sentries","floor":7,"turns":8},{"damage":21,"enemies":"Lagavulin","floor":10,"turns":6},{"damage":1,"enemies":"3 Sentries","floor":12,"turns":7},{"damage":1,"enemies":"Cultist","floor":14,"turns":3},{"damage":56,"enemies":"Hexaghost","floor":16,"turns":15},{"damage":11,"enemies":"Chosen","floor":18,"turns":4},{"damage":6,"enemies":"2 Thieves","floor":20,"turns":4},{"damage":18,"enemies":"Cultist and Chosen","floor":21,"turns":7},{"damage":5,"enemies":"3 Cultists","floor":22,"turns":6},{"damage":38,"enemies":"Gremlin Leader","floor":24,"turns":5}],"seed_played":"-5092842217539357529","potions_obtained":[{"floor":1,"key":"Regen Potion"},{"floor":7,"key":"CultistPotion"},{"floor":10,"key":"LiquidMemories"},{"floor":16,"key":"CultistPotion"},{"floor":18,"key":"EntropicBrew"},{"floor":20,"key":"SkillPotion"}],"is_trial":false,"path_per_floor":["M","?","?","?","M","R","E","?","T","E","R","E","R","M","R","B",null,"M","?","M","M","M","R","E"],"character_chosen":"THE_SILENT","items_purchased":[],"campfire_rested":4,"item_purchase_floors":[],"current_hp_per_floor":[51,51,51,51,47,66,43,32,32,11,30,29,48,47,47,26,56,45,39,33,15,10,29,0,0],"gold":389,"neow_bonus":"ONE_RARE_RELIC","is_daily":false,"chose_seed":false,"campfire_upgraded":1,"win_rate":0.0,"timestamp":1612763704,"path_taken":["M","?","?","?","M","R","E","?","T","E","R","E","R","M","R","BOSS","M","?","M","M","?","R","E"],"items_purchased_type":[],"build_version":"2020-12-22","purchased_purges":0,"victory":false,"max_hp_per_floor":[66,66,66,66,66,66,66,66,66,66,66,66,66,66,66,66,66,66,66,66,66,66,66,66,66],"card_choices":[{"not_picked":["Heel Hook","Flying Knee"],"picked":"Dagger Spray","floor":1},{"not_picked":["Finisher","Quick Slash"],"picked":"Escape Plan","floor":5},{"not_picked":["Tactician","Prepared"],"picked":"Backstab","floor":7},{"not_picked":["Masterful Stab","Expertise"],"picked":"Poisoned Stab","floor":10},{"not_picked":["Outmaneuver","Prepared"],"picked":"Sucker Punch","floor":11},{"not_picked":["Blade Dance","All Out Attack"],"picked":"Leg Sweep","floor":12},{"not_picked":["Skewer","Dash"],"picked":"Infinite Blades","floor":13},{"not_picked":["Choke","Dagger Throw"],"picked":"Heel Hook","floor":14},{"not_picked":["Tools of the Trade","Glass Knife"],"picked":"Bullet Time","floor":16},{"not_picked":["Expertise","Dodge and Roll"],"picked":"Prepared","floor":18},{"not_picked":["Slice","All Out Attack"],"picked":"Infinite Blades","floor":20},{"not_picked":["Concentrate","Well Laid Plans"],"picked":"Sucker Punch+1","floor":21},{"not_picked":["Prepared","Backflip"],"picked":"Slice","floor":22},{"not_picked":["Outmaneuver","Blur"],"picked":"Deadly Poison","floor":23}],"player_experience":1972188,"relics_obtained":[{"floor":7,"key":"Matryoshka"},{"floor":9,"key":"Dream Catcher"},{"floor":9,"key":"Anchor"},{"floor":10,"key":"Thread and Needle"},{"floor":12,"key":"Blue Candle"}],"event_choices":[{"cards_removed":["Pain"],"damage_healed":0,"gold_gain":0,"player_choice":"Card Removal","damage_taken":0,"max_hp_gain":0,"max_hp_loss":0,"event_name":"The Cleric","floor":2,"gold_loss":75},{"damage_healed":0,"gold_gain":0,"player_choice":"Ignored","damage_taken":0,"max_hp_gain":0,"max_hp_loss":0,"event_name":"Shining Light","floor":3,"gold_loss":0},{"damage_healed":0,"gold_gain":0,"player_choice":"Box","damage_taken":0,"relics_obtained":["Lizard Tail"],"max_hp_gain":0,"max_hp_loss":0,"event_name":"Big Fish","floor":4,"gold_loss":0,"cards_obtained":["Regret"]},{"damage_healed":0,"gold_gain":75,"player_choice":"Gather Gold","damage_taken":11,"max_hp_gain":0,"max_hp_loss":0,"event_name":"World of Goop","floor":8,"gold_loss":0},{"damage_healed":0,"gold_gain":0,"player_choice":"","damage_taken":6,"max_hp_gain":0,"max_hp_loss":0,"event_name":"Knowing Skull","floor":19,"potions_obtained":[],"gold_loss":0,"cards_obtained":[]}],"is_beta":false,"boss_relics":[{"not_picked":["Runic Pyramid","Pandora\u0027s Box"],"picked":"WristBlade"}],"items_purged_floors":[],"is_endless":false,"potions_floor_spawned":[1,7,10,16,18,20],"killed_by":"Gremlin Leader","ascension_level":17}}