{"host":"i0m6ffz3lpe3z1ky","time":1612804908,"event":{"mods":["Aspiration","BaseMod","Bestiary","BetterRewards","Colored Map","Conspire","Energized Spire","Highlight Path","Hubris","Ironclad Rager","Minty Spire (QoL Compilation)","Quick Restart","Reliquary","Shop Mod","Spicy Shops","StSLib","Thieving Mod"],"gold_per_floor":[110,27,37,37,37,37,71,71,71,84,134,148,148,164,164,238,238,249,264,264,264,264,293,293,293,293,293,293,293],"floor_reached":28,"language":"KOR","playtime":1106,"items_purged":[],"score":738,"play_id":"0266b974-52ff-410f-80be-10ec9a5b4e6b","local_time":"20210209022148","is_ascension_mode":true,"campfire_choices":[{"data":"Zap","floor":6.0,"key":"SMITH"},{"floor":8.0,"key":"RECALL"},{"data":"Amplify","floor":13.0,"key":"SMITH"},{"data":"Loop","floor":15.0,"key":"SMITH"},{"data":"Echo Form","floor":25,"key":"SMITH"},{"data":"Self Repair","floor":27,"key":"SMITH"}],"circlet_count":0,"master_deck":["AscendersBane","Strike_B","Strike_B","Defend_B","Defend_B","Defend_B","Zap+1","Dualcast","Loop+1","Panache","Capacitor","Self Repair+1","Loop+1","Amplify+1","Echo Form+1"],"relics":["Cracked Core","HandDrill","Regal Pillow","Thread and Needle","conspire:DeflatedDodgeball","conspire:Dentures","reliquary:TuningFork","Frozen Eye","Toolbox","Meat on the Bone","reliquary:Bookmark","aspiration:Lifesprig","reliquary:Conveyor","Lee\u0027s Waffle","Runic Capacitor","Unceasing Top","hubris:SphereOfDissonance","conspire:TopHat","Empty Cage","reliquary:ShortFuse","Sling","TheAbacus","Blood Vial","Strawberry","reliquary:TatteredRug","reliquary:JackalopeAntler"],"acts_visited":["Exordium","TheCity"],"potions_floor_usage":[],"damage_taken":[{"damage":0.0,"enemies":"Jaw Worm","floor":1.0,"turns":5.0},{"damage":2.0,"enemies":"Cultist","floor":3.0,"turns":4.0},{"damage":43.0,"enemies":"Lagavulin","floor":7.0,"turns":9.0},{"damage":0.0,"enemies":"2 Louse","floor":10.0,"turns":4.0},{"damage":52.0,"enemies":"Gremlin Nob","floor":11.0,"turns":6.0},{"damage":4.0,"enemies":"Blue Slaver","floor":12.0,"turns":3.0},{"damage":0.0,"enemies":"2 Fungi Beasts","floor":14.0,"turns":4.0},{"damage":31.0,"enemies":"Hexaghost","floor":16.0,"turns":8.0},{"damage":15.0,"enemies":"Spheric Guardian","floor":18.0,"turns":4.0},{"damage":28.0,"enemies":"Chosen","floor":19.0,"turns":6.0},{"damage":36,"enemies":"Book of Stabbing","floor":23,"turns":4},{"damage":54,"enemies":"Gremlin Leader","floor":28,"turns":2}],"seed_played":"5303974936238878538","potions_obtained":[{"floor":5.0,"key":"ThievingMod:ThievingPotion"}],"is_trial":false,"path_per_floor":["M","$","M","$","?","R","E","R","T","M","E","M","R","M","R","B",null,"M","M","$","?","?","E","?","R","T","R","E"],"character_chosen":"DEFECT","items_purchased":["ThievingMod:ThievingPotion","Runic Capacitor"],"campfire_rested":0,"item_purchase_floors":[0,2],"current_hp_per_floor":[65,65,70,70,70,70,46,46,46,53,27,42,42,56,56,44,70,62,60,67,67,67,52,52,52,52,52,0,0],"gold":293,"neow_bonus":"","is_daily":false,"chose_seed":false,"campfire_upgraded":5,"win_rate":0.0,"timestamp":1612804908,"path_taken":["M","$","M","$","?","R","E","R","T","M","E","?","R","M","R","BOSS","M","M","$","?","?","E","?","R","T","R","E"],"items_purchased_type":["Potion","Relic"],"build_version":"2020-12-22","purchased_purges":0,"victory":false,"max_hp_per_floor":[78,78,78,78,78,78,78,78,78,78,78,78,78,78,78,78,78,78,78,85,85,85,85,85,85,85,85,85,85],"card_choices":[{"not_picked":["Steam","Gash"],"picked":"Loop","floor":1.0},{"not_picked":["Reinforced Body","Redo","Undo"],"picked":"SKIP","floor":3.0},{"not_picked":["Hologram","Leap","Barrage"],"picked":"SKIP","floor":7.0},{"not_picked":["Hologram","Undo","Capacitor"],"picked":"SKIP","floor":10.0},{"not_picked":["Loop","Turbo","Undo"],"picked":"SKIP","floor":11.0},{"not_picked":["Amplify","Capacitor","Compile Driver"],"picked":"SKIP","floor":12.0},{"not_picked":["Capacitor","Compile Driver"],"picked":"Amplify","floor":12.0},{"not_picked":["Turbo","Hologram","Darkness"],"picked":"SKIP","floor":14.0},{"not_picked":["hubris:SpecializedCircuitry","hubris:Prefetch"],"picked":"Echo Form","floor":16.0},{"not_picked":["Streamline","Capacitor+1","Darkness"],"picked":"SKIP","floor":18.0},{"not_picked":["Stack","Redo","Glacier"],"picked":"SKIP","floor":19.0},{"not_picked":["Redo","Steam","Fusion+1"],"picked":"SKIP","floor":23}],"player_experience":534175,"relics_obtained":[{"floor":7.0,"key":"Unceasing Top"},{"floor":9.0,"key":"hubris:SphereOfDissonance"},{"floor":11.0,"key":"conspire:TopHat"},{"floor":23,"key":"reliquary:TatteredRug"},{"floor":26,"key":"reliquary:JackalopeAntler"}],"event_choices":[{"damage_healed":0.0,"max_hp_gain":0.0,"max_hp_loss":0.0,"gold_gain":0.0,"event_name":"Lab","player_choice":"Got Potions","floor":5.0,"gold_loss":0.0,"damage_taken":0.0},{"damage_healed":0.0,"max_hp_gain":0.0,"max_hp_loss":0.0,"gold_gain":0.0,"event_name":"Vampires","player_choice":"Ignored","floor":22.0,"gold_loss":0.0,"damage_taken":0.0},{"cards_removed":["Defend_B"],"damage_healed":0,"gold_gain":0,"player_choice":"Elegance","damage_taken":0,"max_hp_gain":0,"max_hp_loss":0,"event_name":"Back to Basics","floor":24,"gold_loss":0}],"is_beta":false,"boss_relics":[{"not_picked":["hubris:VirtuousBlindfold","Tiny House"],"picked":"Empty Cage"}],"items_purged_floors":[],"is_endless":false,"potions_floor_spawned":[1,7,10,12,16,23],"killed_by":"Gremlin Leader","ascension_level":20}}