{"host":"lehbxtjrpalkmwwj","time":1612799425,"event":{"mods":["Aspiration","BaseMod","Colored Map","Colored Powertips","Conspire","GungeonMod","KomeijiMod","Lobotomy","Minty Spire (QoL Compilation)","Quick Restart","Replay The Spire","Shop Mod","StSLib","The Cursed","The Poker Player","[IsaacMod]ÒÔÈö¼âËþ"],"gold_per_floor":[117,134,229,229,291,291,363,363,363,420,461,532,432,508,508,652,802,860,860,919,937,937,964,1026,1036,1111,1111,1139,1184,1184],"floor_reached":29,"language":"ZHS","playtime":937,"items_purged":["Languid"],"score":446,"play_id":"0a4a5189-e00a-4578-8835-8b9356afecf3","local_time":"20210208235025","is_ascension_mode":true,"campfire_choices":[{"floor":6.0,"key":"RECALL"},{"data":"EpicFetus","floor":8.0,"key":"SMITH"},{"data":"Demonic Infusion","floor":15.0,"key":"SMITH"},{"data":"Eclipse","floor":27,"key":"SMITH"}],"circlet_count":0,"master_deck":["Strike_R","Strike_R","Strike_R","Strike_R","Strike_R","Defend_R","Defend_R","Defend_R","Defend_R","Bash","EpicFetus+1","EpicFetus+1","Sword Boomerang","Infernal Blade","Demonic Infusion+1","Clash","Infernal Blade","ReplayTheSpireMod:Muscle Training","Intimidate","Impervious","Twin Strike","Ghostly","Anger","Eclipse+1","ReplayTheSpireMod:Splinters","Cleave","ReplayReversal+1","ReplayTheSpireMod:Muscle Training+1","Pommel Strike+1","Whirlwind+1","Bloodletting+1","Flex+1"],"relics":["Burning Blood","HushsDoor","SteamSale","aspiration:DSix","Orichalcum","ReplayTheSpireMod:Ring of Exchange","ReplayTheSpireMod:Ring of Challenge","DemoMod:ClearGuonStone","Bag of Marbles","SatanicBible","Odd Mushroom","PreservedInsect","ReplayTheSpireMod:CursedCoin","GuppysTail","RottenBaby","Gremlin Horn","Enchiridion","aspiration:Lifesprig","Chaos"],"acts_visited":["Exordium","TheCity"],"potions_floor_usage":[29,29],"damage_taken":[{"damage":12.0,"enemies":"2 Louse","floor":1.0,"turns":3.0},{"damage":10.0,"enemies":"Small Slimes","floor":2.0,"turns":4.0},{"damage":9.0,"enemies":"Jaw Worm","floor":5.0,"turns":3.0},{"damage":17.0,"enemies":"Gremlin Nob","floor":7.0,"turns":4.0},{"damage":15.0,"enemies":"2 Fungi Beasts","floor":10.0,"turns":4.0},{"damage":24.0,"enemies":"Lagavulin","floor":11.0,"turns":5.0},{"damage":14.0,"enemies":"The Mushroom Lair","floor":12.0,"turns":3.0},{"damage":0.0,"enemies":"Gremlin Nob","floor":14.0,"turns":3.0},{"damage":4.0,"enemies":"Fading Forest","floor":16.0,"turns":11.0},{"damage":17,"enemies":"2 Thieves","floor":18,"turns":3},{"damage":1,"enemies":"Spheric Guardian","floor":20,"turns":3},{"damage":4,"enemies":"Snake Plant","floor":21,"turns":3},{"damage":13,"enemies":"Book of Stabbing","floor":23,"turns":4},{"damage":19,"enemies":"Sentry and Sphere","floor":24,"turns":4},{"damage":7,"enemies":"Centurion and Healer","floor":25,"turns":3},{"damage":0,"enemies":"Gremlin Leader","floor":28,"turns":3},{"damage":21,"enemies":"Snake Plant","floor":29,"turns":3}],"seed_played":"2827877399845525511","potions_obtained":[{"floor":5.0,"key":"Block Potion"},{"floor":7.0,"key":"SkillPotion"},{"floor":10.0,"key":"conspire:TimeTravelPotion"},{"floor":16.0,"key":"LiquidBronze"},{"floor":18,"key":"Elixir"},{"floor":24,"key":"Toxic Potion"}],"is_trial":false,"path_per_floor":["M","M","?","?","M","R","E","R","T","M","E","?","?","E","R","B",null,"M","?","M","M","?","E","M","M","T","R","E","M"],"character_chosen":"IRONCLAD","items_purchased":["GuppysTail","RottenBaby"],"campfire_rested":0,"item_purchase_floors":[17,17],"current_hp_per_floor":[74,70,70,70,67,67,56,56,56,47,29,21,21,27,27,41,49,38,38,43,45,29,22,9,8,8,8,14,0,0],"gold":1184,"neow_bonus":"DSIX","is_daily":false,"chose_seed":false,"campfire_upgraded":3,"win_rate":0.0,"timestamp":1612799425,"path_taken":["M","M","?","?","M","R","E","R","T","M","E","?","?","E","R","BOSS","M","?","?","?","?","E","M","M","T","R","E","M"],"items_purchased_type":["Relic","Relic"],"build_version":"2020-12-22","purchased_purges":1,"victory":false,"max_hp_per_floor":[80,80,80,80,80,80,80,80,80,80,80,80,80,80,80,80,49,49,49,49,49,49,49,49,49,49,49,49,49,49],"card_choices":[{"not_picked":[],"picked":"EpicFetus","floor":0.0},{"not_picked":[],"picked":"EpicFetus","floor":0.0},{"not_picked":["Replay:Undeath\u0027s Touch","Havoc"],"picked":"Sword Boomerang","floor":1.0},{"not_picked":["Iron Wave","Shrug It Off"],"picked":"Infernal Blade","floor":2.0},{"not_picked":["Sword Boomerang","Perfected Strike"],"picked":"Demonic Infusion","floor":3.0},{"not_picked":["Abandon","Anger"],"picked":"Clash","floor":3.0},{"not_picked":["ReplayReversal","Warcry"],"picked":"Infernal Blade","floor":5.0},{"not_picked":["Massacre","conspire:Charge"],"picked":"ReplayTheSpireMod:Muscle Training","floor":7.0},{"not_picked":["Massacre","Body Slam"],"picked":"Intimidate","floor":10.0},{"not_picked":["Disarm","Massacre"],"picked":"Impervious","floor":11.0},{"not_picked":["Body Slam","Wild Strike"],"picked":"Twin Strike","floor":12.0},{"not_picked":["Armaments","ReplayTheSpireMod:Corrosion Curse"],"picked":"Anger","floor":14.0},{"not_picked":["Feed","Corruption"],"picked":"Eclipse","floor":16.0},{"not_picked":["ReplayTheSpireMod:Strike From Hell","True Grit"],"picked":"Cleave","floor":18},{"not_picked":["Body Slam","Anger+1"],"picked":"ReplayReversal+1","floor":20},{"not_picked":["Iron Wave","Perfected Strike"],"picked":"ReplayTheSpireMod:Muscle Training+1","floor":21},{"not_picked":["Cleave","Hemogenesis"],"picked":"Pommel Strike+1","floor":23},{"not_picked":["Uppercut","True Grit+1"],"picked":"Whirlwind+1","floor":24},{"not_picked":["Havoc","Body Slam"],"picked":"Bloodletting+1","floor":25},{"not_picked":["ReplayTheSpireMod:Corrosion Curse+1","Armaments"],"picked":"Flex+1","floor":28}],"player_experience":145610,"relics_obtained":[{"floor":3.0,"key":"Orichalcum"},{"floor":4.0,"key":"ReplayTheSpireMod:Ring of Exchange"},{"floor":4.0,"key":"ReplayTheSpireMod:Ring of Challenge"},{"floor":7.0,"key":"DemoMod:ClearGuonStone"},{"floor":11.0,"key":"Bag of Marbles"},{"floor":11.0,"key":"SatanicBible"},{"floor":12.0,"key":"Odd Mushroom"},{"floor":14.0,"key":"PreservedInsect"},{"floor":18,"key":"Gremlin Horn"},{"floor":22,"key":"Enchiridion"},{"floor":23,"key":"aspiration:Lifesprig"},{"floor":28,"key":"Chaos"}],"event_choices":[{"damage_healed":0.0,"max_hp_gain":0.0,"max_hp_loss":0.0,"gold_gain":0.0,"event_name":"Mushrooms","player_choice":"Fought Mushrooms","floor":12.0,"gold_loss":0.0,"damage_taken":0.0},{"damage_healed":0.0,"max_hp_gain":0.0,"max_hp_loss":0.0,"gold_gain":0.0,"event_name":"conspire:LoneGhost","player_choice":"Argue","floor":13.0,"gold_loss":0.0,"damage_taken":0.0},{"damage_healed":0,"gold_gain":0,"player_choice":"Obtained Book","damage_taken":16,"max_hp_gain":0,"max_hp_loss":0,"event_name":"Cursed Tome","floor":22,"gold_loss":0}],"is_beta":false,"boss_relics":[{"not_picked":["aspiration:KaomsHeart","Velvet Choker"],"picked":"ReplayTheSpireMod:CursedCoin"},{"not_picked":[]}],"items_purged_floors":[17],"is_endless":false,"potions_floor_spawned":[5,7,10,16,18,24,25,28],"killed_by":"Snake Plant","ascension_level":2}}