{"host":"8lno9xwgef3sjccz","time":1612743069,"event":{"mods":["AchievementEnabler","BaseMod","Minty Spire (QoL Compilation)","Relic Stats"],"gold_per_floor":[113,123,140,140,157,187,200,217,243,243,14,48,48,80,92,104,104],"floor_reached":16,"language":"ENG","playtime":914,"items_purged":["Defend_R"],"score":153,"play_id":"2d75a2e8-16a2-412e-b603-57cdbb18d7d7","local_time":"20210207191109","is_ascension_mode":true,"campfire_choices":[{"data":"Bash","floor":10,"key":"SMITH"},{"data":"Armaments","floor":13,"key":"SMITH"},{"floor":15,"key":"REST"}],"circlet_count":0,"master_deck":["Strike_R+1","Strike_R","Strike_R","Strike_R","Defend_R","Defend_R","Defend_R","Bash+1","Heavy Blade","Shrug It Off","Metallicize","Rage","Pommel Strike+1","Impervious","Armaments+1","Power Through"],"relics":["Burning Blood","Dream Catcher","Strawberry","Whetstone","Ancient Tea Set","MawBank"],"acts_visited":["Exordium"],"potions_floor_usage":[6,6,14],"damage_taken":[{"damage":7,"enemies":"Small Slimes","floor":1,"turns":4},{"damage":0,"enemies":"2 Louse","floor":2,"turns":2},{"damage":6,"enemies":"Jaw Worm","floor":3,"turns":4},{"damage":15,"enemies":"Lots of Slimes","floor":5,"turns":5},{"damage":9,"enemies":"3 Sentries","floor":6,"turns":10},{"damage":7,"enemies":"Blue Slaver","floor":7,"turns":4},{"damage":2,"enemies":"Looter","floor":8,"turns":3},{"damage":29,"enemies":"Lagavulin","floor":12,"turns":7},{"damage":18,"enemies":"Gremlin Nob","floor":14,"turns":5},{"damage":75,"enemies":"Hexaghost","floor":16,"turns":19}],"seed_played":"5633875568801720636","potions_obtained":[{"floor":2,"key":"Fire Potion"},{"floor":5,"key":"Block Potion"},{"floor":6,"key":"GamblersBrew"},{"floor":12,"key":"SmokeBomb"}],"is_trial":false,"path_per_floor":["M","M","M","?","M","E","M","M","T","R","$","E","R","E","R","B"],"character_chosen":"IRONCLAD","items_purchased":["Whetstone"],"campfire_rested":1,"item_purchase_floors":[11],"current_hp_per_floor":[87,88,88,81,72,69,68,72,79,79,79,56,56,44,72,0,0],"gold":104,"neow_bonus":"TEN_PERCENT_HP_BONUS","is_daily":false,"chose_seed":false,"campfire_upgraded":2,"win_rate":0.0,"timestamp":1612743069,"path_taken":["M","M","M","?","M","E","M","M","T","R","$","E","R","E","R","BOSS"],"items_purchased_type":["Relic"],"build_version":"2020-12-22","purchased_purges":1,"victory":false,"max_hp_per_floor":[88,88,88,88,88,88,88,88,95,95,95,95,95,95,95,95,95],"relic_stats":{"Dream Catcher":1,"counters":[10,63],"Whetstone":["Strike_R","Pommel Strike"],"MawBank":24,"obtain_stats":[{"Dream Catcher":6,"Strawberry":9,"Whetstone":11,"Ancient Tea Set":12,"MawBank":14,"Burning Blood":0},{"Dream Catcher":5,"Strawberry":7,"Whetstone":7,"Ancient Tea Set":8,"MawBank":9,"Burning Blood":0},{"Dream Catcher":25,"Strawberry":32,"Whetstone":32,"Ancient Tea Set":39,"MawBank":44,"Burning Blood":0}],"Burning Blood":49},"card_choices":[{"not_picked":["Clash","Iron Wave"],"picked":"Heavy Blade","floor":1},{"not_picked":["Pommel Strike","Sword Boomerang"],"picked":"Shrug It Off","floor":2},{"not_picked":["Infernal Blade","Headbutt"],"picked":"Metallicize","floor":3},{"not_picked":["Warcry","Sword Boomerang"],"picked":"Rage","floor":5},{"not_picked":["Whirlwind","Anger"],"picked":"Pommel Strike","floor":6},{"not_picked":["Searing Blow","Headbutt","Heavy Blade"],"picked":"SKIP","floor":7},{"not_picked":["Shrug It Off","Feel No Pain"],"picked":"Impervious","floor":8},{"not_picked":["Body Slam","Pommel Strike"],"picked":"Armaments","floor":12},{"not_picked":["Warcry","Flame Barrier","Sword Boomerang"],"picked":"SKIP","floor":14},{"not_picked":["Searing Blow","Heavy Blade"],"picked":"Power Through","floor":15}],"player_experience":109580,"relics_obtained":[{"floor":6,"key":"Dream Catcher"},{"floor":9,"key":"Strawberry"},{"floor":12,"key":"Ancient Tea Set"},{"floor":14,"key":"MawBank"}],"event_choices":[{"cards_removed":["Strike_R"],"damage_healed":0,"gold_gain":0,"player_choice":"Card Removal","damage_taken":7,"max_hp_gain":0,"max_hp_loss":0,"event_name":"Golden Wing","floor":4,"gold_loss":0}],"is_beta":false,"boss_relics":[],"items_purged_floors":[11],"is_endless":false,"potions_floor_spawned":[2,5,6,12],"killed_by":"Hexaghost","ascension_level":1}}