{"host":"1vzdexsn8vtq5lt7","time":1612759221,"event":{"mods":["Act Like it!","BaseMod","Colored Map","Colored Powertips","Conspire","Downfall","Easy Mod","Energized Spire","Minty Spire (QoL Compilation)","Quick Restart","Relic Stats","Replay The Spire","StSLib","SuperFastMode","TestMod","【功能Mod】Neow奖励","【功能Mod】混沌之环修复补丁","【功能Mod】精心准备","【遗物卡牌】REMEMod","没有小屋子和绿帽子啦"],"gold_per_floor":[117,136,61,136,136,161,161,191,259,82,96,126,140,170,170,266,266,279,76,91,102,27,27,59,78,105,137,149,180,30,40,40,144,144,160,91,91,103,119,146,146,181,204,114,141,141,161,196,196,196],"floor_reached":51,"language":"ZHS","playtime":1264,"items_purged":["Strike_P","Defend_P","Strike_P","Strike_P"],"score":1705,"play_id":"fa534496-2f16-4319-92c8-0bc75737eaa9","local_time":"20210208124021","is_ascension_mode":true,"campfire_choices":[{"data":"Hyperbeam","floor":7.0,"key":"SMITH"},{"data":"BattleHymn","floor":15.0,"key":"SMITH"},{"data":"Eruption","floor":23.0,"key":"SMITH"},{"data":"Fasting2","floor":32,"key":"SMITH"},{"data":"Adaptation","floor":41,"key":"SMITH"},{"data":"Ragnarok","floor":46,"key":"SMITH"},{"data":"Protect","floor":49,"key":"SMITH"}],"circlet_count":0,"master_deck":["EasyMod:card_1","AscendersBane","Eruption+1","Vigilance","Hyperbeam+1","TalkToTheHand+1","FlurryOfBlows","FollowUp","TalkToTheHand+1","Fasting2+1","FollowUp","BattleHymn+1","Protect+1","CurseOfTheBell","Perseverance+1","Wallop","FlyingSleeves+1","Consecrate","DeceiveReality+1","FlurryOfBlows","Ragnarok+1","TalkToTheHand+1","Adaptation+1"],"relics":["REME_ComplimentaryCards","testmod-TurbochargingSystem","Coffee Dripper","testmod-PortableAltar","Orichalcum","testmod-Antiphasic","Quantum Egg","EasyMod:Easy_7","Gremlin Horn","Calling Bell","Art of War","testmod-Motorcycle","StoneCalendar","Bronze Scales","Replay:Bottled Eggs","expansioncontent:StudyCardRelic","conspire:Boomerang","Iron Hammer","CeramicFish","EasyMod:Easy_1","conspire:TopHat","hexamod:BolsterEngine","StrikeDummy"],"acts_visited":["Exordium","TheCity","TheBeyond"],"potions_floor_usage":[33,33,35,40,47,50,50],"damage_taken":[{"damage":7.0,"enemies":"Jaw Worm","floor":1.0,"turns":4.0},{"damage":1.0,"enemies":"2 Louse","floor":2.0,"turns":2.0},{"damage":15.0,"enemies":"3 Sentries","floor":6.0,"turns":6.0},{"damage":1.0,"enemies":"Lagavulin","floor":8.0,"turns":2.0},{"damage":0.0,"enemies":"Cultist","floor":11.0,"turns":2.0},{"damage":0.0,"enemies":"Gremlin Nob","floor":12.0,"turns":2.0},{"damage":0.0,"enemies":"Exordium Wildlife","floor":13.0,"turns":1.0},{"damage":0.0,"enemies":"3 Sentries","floor":14.0,"turns":2.0},{"damage":0.0,"enemies":"Slime Boss","floor":16.0,"turns":3.0},{"damage":0.0,"enemies":"Chosen","floor":18.0,"turns":3.0},{"damage":0.0,"enemies":"2 Thieves","floor":20.0,"turns":2.0},{"damage":0.0,"enemies":"Sentry and Sphere","floor":21.0,"turns":2.0},{"damage":0.0,"enemies":"Book of Stabbing","floor":24.0,"turns":3.0},{"damage":0.0,"enemies":"Cultist and Chosen","floor":25.0,"turns":2.0},{"damage":2.0,"enemies":"Slavers","floor":27.0,"turns":3.0},{"damage":4.0,"enemies":"Snake Plant","floor":28.0,"turns":3.0},{"damage":0,"enemies":"REME_1_Revenger","floor":29,"turns":3},{"damage":1,"enemies":"conspire:HollyBat","floor":31,"turns":7},{"damage":2,"enemies":"Automaton","floor":33,"turns":8},{"damage":0,"enemies":"Orb Walker","floor":35,"turns":1},{"damage":0,"enemies":"3 Shapes","floor":38,"turns":3},{"damage":5,"enemies":"Sphere and 2 Shapes","floor":39,"turns":1},{"damage":0,"enemies":"Nemesis","floor":40,"turns":3},{"damage":0,"enemies":"Reptomancer","floor":42,"turns":3},{"damage":6,"enemies":"Nemesis","floor":45,"turns":3},{"damage":0,"enemies":"Transient","floor":47,"turns":5},{"damage":0,"enemies":"R_Hoarder","floor":48,"turns":5},{"damage":7,"enemies":"Time Eater","floor":50,"turns":4}],"seed_played":"4388092864391272019","potions_obtained":[{"floor":1.0,"key":"Languid Potion"},{"floor":8.0,"key":"testmod-SpacePotion"},{"floor":12.0,"key":"Fire Potion"},{"floor":13.0,"key":"EssenceOfSteel"},{"floor":20.0,"key":"SpeedPotion"},{"floor":21.0,"key":"BlessingOfTheForge"},{"floor":25.0,"key":"Elixir"},{"floor":27.0,"key":"Fire Potion"},{"floor":31,"key":"Elixir"},{"floor":33,"key":"Toxic Potion"},{"floor":35,"key":"Adrenaline Potion"},{"floor":39,"key":"SkillPotion"},{"floor":42,"key":"DuplicationPotion"}],"is_trial":false,"path_per_floor":["M","M","$","?","?","E","R","E","T","$","M","E","M","E","R","B",null,"M","$","M","M","?","R","E","M","T","E","M","E","$","M","R","B",null,"M","$","?","M","M","E","R","E","T","?","E","R","M","E","R","B",null],"character_chosen":"WATCHER","items_purchased":["Fasting2","Wallop","Adaptation"],"campfire_rested":0,"item_purchase_floors":[10,19,36],"current_hp_per_floor":[58,57,57,46,39,24,24,23,23,23,23,23,23,23,23,23,47,47,47,47,47,47,47,47,47,46,44,40,40,40,39,39,37,38,37,36,35,34,28,28,28,28,28,28,21,21,21,24,23,20],"gold":196,"neow_bonus":"BOSS_RELIC","is_daily":false,"chose_seed":false,"campfire_upgraded":7,"win_rate":0.0,"timestamp":1612759221,"path_taken":["M","M","$","?","?","E","R","E","T","?","M","E","?","E","R","BOSS","M","$","M","M","?","R","E","M","T","E","M","E","$","M","R","BOSS","M","$","?","M","?","E","R","E","T","?","E","R","M","E","R","BOSS"],"items_purchased_type":["Card","Card","Card"],"build_version":"2020-12-22","purchased_purges":4,"victory":true,"max_hp_per_floor":[71,70,69,68,67,66,65,64,63,62,61,60,59,58,57,56,55,54,53,52,51,50,49,48,47,46,45,44,43,42,41,40,39,38,37,36,35,34,33,32,31,30,29,28,27,26,25,24,23,27],"relic_stats":{"Gremlin Horn":[14,14],"counters":[28,88],"Bronze Scales":[102],"CeramicFish":0,"StoneCalendar":[52],"Art of War":[4],"Orichalcum":[60],"obtain_stats":[{"Gremlin Horn":14,"CeramicFish":43,"StoneCalendar":17,"testmod-PortableAltar":0,"expansioncontent:StudyCardRelic":34,"EasyMod:Easy_1":45,"conspire:TopHat":47,"EasyMod:Easy_7":12,"testmod-Motorcycle":17,"Iron Hammer":42,"Replay:Bottled Eggs":29,"testmod-TestBox":0,"Quantum Egg":9,"conspire:Boomerang":40,"testmod-TurbochargingSystem":0,"Orichalcum":6,"Calling Bell":17,"testmod-Antiphasic":8,"Bronze Scales":26,"Coffee Dripper":0,"Art of War":17,"PureWater":0,"hexamod:BolsterEngine":48,"StrikeDummy":48,"REME_ComplimentaryCards":0},{"Gremlin Horn":8,"CeramicFish":24,"StoneCalendar":9,"testmod-PortableAltar":0,"expansioncontent:StudyCardRelic":19,"EasyMod:Easy_1":25,"conspire:TopHat":26,"EasyMod:Easy_7":6,"testmod-Motorcycle":9,"Iron Hammer":24,"Replay:Bottled Eggs":17,"testmod-TestBox":0,"Quantum Egg":4,"conspire:Boomerang":23,"testmod-TurbochargingSystem":0,"Orichalcum":3,"Calling Bell":9,"testmod-Antiphasic":4,"Bronze Scales":14,"Coffee Dripper":0,"Art of War":9,"PureWater":0,"hexamod:BolsterEngine":27,"StrikeDummy":27,"REME_ComplimentaryCards":0},{"Gremlin Horn":21,"CeramicFish":71,"StoneCalendar":24,"testmod-PortableAltar":0,"expansioncontent:StudyCardRelic":60,"EasyMod:Easy_1":74,"conspire:TopHat":79,"EasyMod:Easy_7":18,"testmod-Motorcycle":24,"Iron Hammer":71,"Replay:Bottled Eggs":45,"testmod-TestBox":0,"Quantum Egg":14,"conspire:Boomerang":68,"testmod-TurbochargingSystem":0,"Orichalcum":12,"Calling Bell":24,"testmod-Antiphasic":14,"Bronze Scales":36,"Coffee Dripper":0,"Art of War":24,"PureWater":0,"hexamod:BolsterEngine":84,"StrikeDummy":84,"REME_ComplimentaryCards":0}]},"card_choices":[{"not_picked":["FlyingSleeves","REME_Repentance"],"picked":"TalkToTheHand","floor":1.0},{"not_picked":["ThirdEye","JustLucky"],"picked":"FlurryOfBlows","floor":2.0},{"not_picked":["Collect","Prostrate"],"picked":"FollowUp","floor":6.0},{"not_picked":["Vengeance","Devotion"],"picked":"TalkToTheHand","floor":8.0},{"not_picked":["Study","JustLucky"],"picked":"FollowUp","floor":11.0},{"not_picked":["ThirdEye","Pray","Worship"],"picked":"SKIP","floor":12.0},{"not_picked":["Sanctity","Prostrate"],"picked":"BattleHymn","floor":13.0},{"not_picked":["ConjureBlade","Crescendo"],"picked":"Protect","floor":14.0},{"not_picked":["FlyingSleeves","Meditate"],"picked":"Perseverance+1","floor":18.0},{"not_picked":["Crescendo","CrushJoints","Devotion"],"picked":"SKIP","floor":20.0},{"not_picked":["BowlingBash","Prostrate"],"picked":"FlyingSleeves+1","floor":21.0},{"not_picked":["ForeignInfluence","Replay:Battleflow"],"picked":"Consecrate","floor":24.0},{"not_picked":["PathToVictory","ClearTheMind"],"picked":"DeceiveReality","floor":25.0},{"not_picked":["WindmillStrike","Crescendo"],"picked":"FlurryOfBlows","floor":27.0},{"not_picked":["InnerPeace","Study","BattleHymn+1"],"picked":"SKIP","floor":28.0},{"not_picked":["Replay:ManipulateFuture","FlyingSleeves+1","PathToVictory"],"picked":"SKIP","floor":29},{"not_picked":["JustLucky","Prostrate","BattleHymn+1"],"picked":"SKIP","floor":31},{"not_picked":["Wish","MasterReality"],"picked":"Ragnarok","floor":33},{"not_picked":["DeceiveReality","Consecrate+1"],"picked":"TalkToTheHand+1","floor":35},{"not_picked":["ClearTheMind+1","Pray+1","Indignation"],"picked":"SKIP","floor":38},{"not_picked":["Halt+1","REME_Repentance+1","FlyingSleeves+1"],"picked":"SKIP","floor":39},{"not_picked":["Replay:BluntJabs","Nirvana","SignatureMove"],"picked":"SKIP","floor":40},{"not_picked":["ThirdEye","Indignation","SashWhip"],"picked":"SKIP","floor":42},{"not_picked":["FlurryOfBlows","JustLucky+1","PathToVictory"],"picked":"SKIP","floor":45},{"not_picked":["REME_Repentance","EmptyFist+1","Worship+1"],"picked":"SKIP","floor":47},{"not_picked":["Wireheading+1","Crescendo+1","SashWhip+1"],"picked":"SKIP","floor":48}],"player_experience":255671,"relics_obtained":[{"floor":6.0,"key":"Orichalcum"},{"floor":8.0,"key":"testmod-Antiphasic"},{"floor":9.0,"key":"Quantum Egg"},{"floor":12.0,"key":"EasyMod:Easy_7"},{"floor":14.0,"key":"Gremlin Horn"},{"floor":17.0,"key":"Art of War"},{"floor":17.0,"key":"testmod-Motorcycle"},{"floor":17.0,"key":"StoneCalendar"},{"floor":26.0,"key":"Bronze Scales"},{"floor":29,"key":"Replay:Bottled Eggs"},{"floor":40,"key":"conspire:Boomerang"},{"floor":42,"key":"Iron Hammer"},{"floor":43,"key":"CeramicFish"},{"floor":45,"key":"EasyMod:Easy_1"},{"floor":47,"key":"conspire:TopHat"},{"floor":48,"key":"hexamod:BolsterEngine"},{"floor":48,"key":"StrikeDummy"}],"event_choices":[{"damage_healed":0.0,"max_hp_gain":0.0,"max_hp_loss":0.0,"gold_gain":75.0,"event_name":"World of Goop","player_choice":"Gather Gold","floor":4.0,"gold_loss":0.0,"damage_taken":11.0},{"cards_removed":["Defend_P"],"damage_healed":0.0,"max_hp_gain":0.0,"max_hp_loss":0.0,"gold_gain":0.0,"event_name":"Golden Wing","player_choice":"Card Removal","floor":5.0,"gold_loss":0.0,"damage_taken":7.0},{"cards_removed":["Strike_P"],"damage_healed":0.0,"max_hp_gain":0.0,"max_hp_loss":0.0,"gold_gain":0.0,"event_name":"Beggar","player_choice":"Gave Gold","floor":22.0,"gold_loss":75.0,"damage_taken":0.0},{"cards_removed":["Defend_P"],"damage_healed":0,"gold_gain":0,"player_choice":"Purged","damage_taken":0,"max_hp_gain":0,"max_hp_loss":0,"event_name":"Purifier","floor":37,"gold_loss":0},{"cards_removed":["Defend_P"],"damage_healed":0,"gold_gain":0,"player_choice":"Upgrade and Remove","damage_taken":0,"max_hp_gain":0,"max_hp_loss":0,"event_name":"Designer","floor":44,"gold_loss":90,"cards_upgraded":["DeceiveReality"]}],"is_beta":false,"boss_relics":[{"not_picked":["Velvet Choker","Kintsugi"],"picked":"Calling Bell"},{"not_picked":["testmod-BatchProcessingSystem","energizedSpire:StickyHand"],"picked":"expansioncontent:StudyCardRelic"}],"items_purged_floors":[3,10,19,30],"is_endless":false,"potions_floor_spawned":[1,8,12,13,20,21,25,27,31,33,35,39,42],"ascension_level":10}}