{"host":"zrerxgu8lagrk16e","time":1612752931,"event":{"mods":["AchievementEnabler","BaseMod","Better Altar","Better Match","Better Note","Better Sensory Stone","Better Skull","Better Third Choice","BetterRewards","Colored Map","Colored Powertips","Minty Spire (QoL Compilation)","Quick Restart","Relic Stats","StSLib","slay the spire mod where everything is the same but ironclad has a cowboy hat"],"gold_per_floor":[11,11,29,29,29,58,76,110,137,62,82,108,108,123,123,218,218,238,238,257,257,274,292,305,331,331,357,376,395,422,440,440,538,538,553,568,580,39,56,90,90,124,124,143,196,196,228,37,37,37,37],"floor_reached":50,"language":"ENG","playtime":24036,"items_purged":["Strike_R"],"score":851,"play_id":"959f9688-a1f2-462c-9284-42eb08e4bd9d","local_time":"20210207215531","is_ascension_mode":true,"campfire_choices":[{"floor":15.0,"key":"REST"},{"data":"1","floor":32.0,"key":"LIFT"},{"data":"2","floor":41.0,"key":"LIFT"},{"floor":49.0,"key":"RECALL"}],"circlet_count":0,"master_deck":["Defend_R","Defend_R","Defend_R+1","Defend_R","Bash","Immolate","Cleave","Apotheosis+1","Thunderclap","Secret Weapon+1","Pummel","Inflame","Headbutt","Cleave","Iron Wave","Pummel","Limit Break+1","Ghostly Armor","Bite","Bite","Bite","Bite","Bite","Spot Weakness","Insight","Shockwave","Twin Strike","Pummel","Shrug It Off","Iron Wave+1","Offering","Double Tap","Headbutt+1","Violence","Clothesline+1","Dark Embrace","Burning Pact+1","Infernal Blade"],"relics":["Burning Blood","War Paint","Regal Pillow","Bag of Marbles","Ginger","Fusion Hammer","Darkstone Periapt","Girya","Smiling Mask","Akabeko","Busted Crown","Gambling Chip","Art of War","Bottled Flame","Lizard Tail","Boot","Membership Card"],"acts_visited":["Exordium","TheCity","TheBeyond"],"potions_floor_usage":[50,50,50],"damage_taken":[{"damage":12.0,"enemies":"Small Slimes","floor":1.0,"turns":4.0},{"damage":7.0,"enemies":"Jaw Worm","floor":3.0,"turns":2.0},{"damage":20.0,"enemies":"3 Sentries","floor":6.0,"turns":3.0},{"damage":0.0,"enemies":"Cultist","floor":7.0,"turns":2.0},{"damage":34.0,"enemies":"Lagavulin","floor":8.0,"turns":5.0},{"damage":0.0,"enemies":"Lots of Slimes","floor":11.0,"turns":1.0},{"damage":18.0,"enemies":"Gremlin Nob","floor":12.0,"turns":3.0},{"damage":5.0,"enemies":"Blue Slaver","floor":14.0,"turns":4.0},{"damage":19.0,"enemies":"Hexaghost","floor":16.0,"turns":5.0},{"damage":0.0,"enemies":"Spheric Guardian","floor":18.0,"turns":2.0},{"damage":13.0,"enemies":"3 Byrds","floor":20.0,"turns":3.0},{"damage":7.0,"enemies":"Cultist and Chosen","floor":22.0,"turns":4.0},{"damage":13.0,"enemies":"Shelled Parasite and Fungi","floor":23.0,"turns":2.0},{"damage":6.0,"enemies":"Snake Plant","floor":24.0,"turns":4.0},{"damage":34.0,"enemies":"Slavers","floor":25.0,"turns":2.0},{"damage":14.0,"enemies":"Gremlin Leader","floor":27.0,"turns":4.0},{"damage":12.0,"enemies":"Cultist and Chosen","floor":28.0,"turns":3.0},{"damage":0.0,"enemies":"3 Cultists","floor":29.0,"turns":3.0},{"damage":2.0,"enemies":"Book of Stabbing","floor":30.0,"turns":3.0},{"damage":0.0,"enemies":"Snake Plant","floor":31.0,"turns":2.0},{"damage":23.0,"enemies":"Champ","floor":33.0,"turns":7.0},{"damage":12.0,"enemies":"Orb Walker","floor":35.0,"turns":2.0},{"damage":0.0,"enemies":"3 Darklings","floor":36.0,"turns":2.0},{"damage":8.0,"enemies":"4 Shapes","floor":37.0,"turns":1.0},{"damage":16.0,"enemies":"Writhing Mass","floor":39.0,"turns":3.0},{"damage":15.0,"enemies":"Nemesis","floor":40.0,"turns":3.0},{"damage":6.0,"enemies":"Reptomancer","floor":42.0,"turns":2.0},{"damage":20.0,"enemies":"Maw","floor":44.0,"turns":3.0},{"damage":11.0,"enemies":"2 Orb Walkers","floor":45.0,"turns":2.0},{"damage":1.0,"enemies":"Giant Head","floor":47.0,"turns":5.0},{"damage":113,"enemies":"Time Eater","floor":50,"turns":7}],"seed_played":"-140718821104567637","potions_obtained":[{"floor":7.0,"key":"Fire Potion"},{"floor":8.0,"key":"SneckoOil"},{"floor":16.0,"key":"CultistPotion"},{"floor":18.0,"key":"Energy Potion"},{"floor":22.0,"key":"Swift Potion"},{"floor":27.0,"key":"AttackPotion"},{"floor":30.0,"key":"BloodPotion"},{"floor":35.0,"key":"Strength Potion"},{"floor":36.0,"key":"ColorlessPotion"},{"floor":44.0,"key":"Ancient Potion"},{"floor":45.0,"key":"SteroidPotion"}],"is_trial":false,"path_per_floor":["M","?","M","?","$","E","M","E","T","$","M","E","?","M","R","B",null,"M","?","M","?","M","M","M","E","T","E","M","M","E","M","R","B",null,"M","M","M","$","M","E","R","E","T","M","?","?","E","$","R","B"],"character_chosen":"IRONCLAD","items_purchased":["Violence","Gambling Chip","DuplicationPotion","Membership Card","DuplicationPotion"],"campfire_rested":1,"item_purchase_floors":[38,38,38,48,48],"current_hp_per_floor":[74,74,73,73,73,59,65,37,37,37,43,31,6,7,46,33,68,74,56,53,53,55,51,54,26,26,27,27,37,41,51,51,38,52,46,52,52,52,42,35,35,44,44,35,36,36,55,55,55,0,0],"gold":37,"neow_bonus":"THREE_RARE_CARDS","is_daily":false,"chose_seed":false,"campfire_upgraded":0,"win_rate":0.0,"timestamp":1612752931,"path_taken":["M","?","M","?","$","E","?","E","T","?","M","E","?","M","R","BOSS","M","?","M","?","M","M","M","E","T","E","M","?","E","M","R","BOSS","M","M","M","$","M","E","R","E","T","M","?","?","E","$","R","BOSS"],"items_purchased_type":["Card","Relic","Potion","Relic","Potion"],"build_version":"2020-12-22","purchased_purges":1,"victory":false,"max_hp_per_floor":[80,80,80,80,80,80,80,80,80,80,80,80,80,80,80,80,80,80,56,56,56,56,56,56,56,56,56,56,56,56,56,56,56,56,56,56,56,56,56,56,56,56,56,56,56,56,56,56,56,56,56],"relic_stats":{"Darkstone Periapt":0,"Regal Pillow":15,"counters":[31,98],"Ginger":[20],"War Paint":["Defend_R","Secret Weapon"],"Smiling Mask":0,"Boot":[0],"Burning Blood":180,"Lizard Tail":28,"Busted Crown":18,"Gambling Chip":[11],"Art of War":[0],"obtain_stats":[{"Darkstone Periapt":25,"Girya":26,"Regal Pillow":8,"Ginger":12,"War Paint":6,"Smiling Mask":27,"Boot":47,"Burning Blood":0,"Akabeko":30,"Bottled Flame":42,"Lizard Tail":45,"Busted Crown":34,"Gambling Chip":38,"Fusion Hammer":17,"Bag of Marbles":9,"Art of War":40,"Membership Card":48},{"Darkstone Periapt":15,"Girya":15,"Regal Pillow":5,"Ginger":7,"War Paint":3,"Smiling Mask":16,"Boot":30,"Burning Blood":0,"Akabeko":19,"Bottled Flame":27,"Lizard Tail":29,"Busted Crown":21,"Gambling Chip":24,"Fusion Hammer":9,"Bag of Marbles":5,"Art of War":26,"Membership Card":30},{"Darkstone Periapt":46,"Girya":46,"Regal Pillow":16,"Ginger":20,"War Paint":9,"Smiling Mask":50,"Boot":91,"Burning Blood":0,"Akabeko":59,"Bottled Flame":81,"Lizard Tail":86,"Busted Crown":68,"Gambling Chip":73,"Fusion Hammer":29,"Bag of Marbles":16,"Art of War":79,"Membership Card":91}]},"card_choices":[{"not_picked":["Impervious","Exhume"],"picked":"Immolate","floor":0.0},{"not_picked":["Twin Strike","Whirlwind"],"picked":"Cleave","floor":1.0},{"not_picked":["Clash","Sentinel"],"picked":"Thunderclap","floor":3.0},{"not_picked":["Jack Of All Trades","Impatience"],"picked":"Secret Weapon","floor":4.0},{"not_picked":["Disarm","Warcry"],"picked":"Pummel","floor":6.0},{"not_picked":["Battle Trance","Clothesline"],"picked":"Inflame","floor":7.0},{"not_picked":["Warcry","Sword Boomerang"],"picked":"Headbutt","floor":8.0},{"not_picked":["Reckless Charge","Flame Barrier"],"picked":"Cleave","floor":11.0},{"not_picked":["Armaments","Feel No Pain"],"picked":"Iron Wave","floor":12.0},{"not_picked":["Heavy Blade","Headbutt"],"picked":"Pummel","floor":14.0},{"not_picked":["Impervious","Immolate"],"picked":"Limit Break","floor":16.0},{"not_picked":["Havoc","Intimidate"],"picked":"Ghostly Armor","floor":18.0},{"not_picked":["Wild Strike","Shrug It Off"],"picked":"Spot Weakness","floor":20.0},{"not_picked":["Heavy Blade","Whirlwind+1","Entrench+1"],"picked":"SKIP","floor":22.0},{"not_picked":["Perfected Strike","Clothesline"],"picked":"Shockwave","floor":23.0},{"not_picked":["Clash","Body Slam+1"],"picked":"Twin Strike","floor":24.0},{"not_picked":["Second Wind","Combust"],"picked":"Pummel","floor":25.0},{"not_picked":["Perfected Strike+1","Second Wind","Seeing Red+1"],"picked":"SKIP","floor":27.0},{"not_picked":["Barricade","Clash","Anger"],"picked":"SKIP","floor":28.0},{"not_picked":["Anger","True Grit"],"picked":"Shrug It Off","floor":29.0},{"not_picked":["Seeing Red","Power Through+1"],"picked":"Iron Wave+1","floor":30.0},{"not_picked":["Second Wind","Disarm"],"picked":"Offering","floor":31.0},{"not_picked":["Juggernaut","Exhume"],"picked":"Double Tap","floor":33.0},{"not_picked":[],"picked":"Headbutt+1","floor":35.0},{"not_picked":["Fire Breathing"],"picked":"SKIP","floor":36.0},{"not_picked":["Shrug It Off+1"],"picked":"SKIP","floor":37.0},{"not_picked":[],"picked":"Clothesline+1","floor":39.0},{"not_picked":["Dark Embrace"],"picked":"SKIP","floor":40.0},{"not_picked":[],"picked":"Dark Embrace","floor":40.0},{"not_picked":["Iron Wave+1"],"picked":"SKIP","floor":42.0},{"not_picked":["Wild Strike+1"],"picked":"SKIP","floor":44.0},{"not_picked":[],"picked":"Burning Pact+1","floor":45.0},{"not_picked":[],"picked":"Infernal Blade","floor":47.0}],"player_experience":193873,"relics_obtained":[{"floor":6.0,"key":"War Paint"},{"floor":8.0,"key":"Regal Pillow"},{"floor":9.0,"key":"Bag of Marbles"},{"floor":12.0,"key":"Ginger"},{"floor":25.0,"key":"Darkstone Periapt"},{"floor":26.0,"key":"Girya"},{"floor":27.0,"key":"Smiling Mask"},{"floor":30.0,"key":"Akabeko"},{"floor":40.0,"key":"Art of War"},{"floor":42.0,"key":"Bottled Flame"},{"floor":45.0,"key":"Lizard Tail"},{"floor":47.0,"key":"Boot"}],"event_choices":[{"damage_healed":74.0,"max_hp_gain":0.0,"max_hp_loss":80.0,"gold_gain":0.0,"event_name":"betterThird:BetterShining","player_choice":"Embrace","floor":2.0,"gold_loss":0.0,"damage_taken":0.0},{"damage_healed":0.0,"max_hp_gain":0.0,"max_hp_loss":0.0,"gold_gain":1.0,"event_name":"betterStone:BetterStone","player_choice":"1","floor":4.0,"gold_loss":0.0,"damage_taken":0.0},{"damage_healed":0.0,"max_hp_gain":0.0,"max_hp_loss":0.0,"gold_gain":0.0,"event_name":"betterThird:BetterScrap","player_choice":"LEAVE","floor":13.0,"gold_loss":0.0,"damage_taken":25.0,"cards_obtained":["Calculated Gamble"]},{"damage_healed":0.0,"max_hp_gain":0.0,"max_hp_loss":24.0,"gold_gain":0.0,"event_name":"Vampires","player_choice":"Became a vampire","floor":19.0,"gold_loss":0.0,"damage_taken":0.0,"cards_obtained":["Bite","Bite","Bite","Bite","Bite"]},{"damage_healed":0.0,"max_hp_gain":0.0,"max_hp_loss":0.0,"gold_gain":0.0,"event_name":"betterThird:BetterWriting","player_choice":"Insight","floor":21.0,"gold_loss":0.0,"damage_taken":0.0,"cards_obtained":["Insight"]},{"damage_healed":0.0,"max_hp_gain":0.0,"max_hp_loss":0.0,"gold_gain":0.0,"event_name":"Mysterious Sphere","player_choice":"Fight","floor":45.0,"gold_loss":0.0,"damage_taken":0.0},{"damage_healed":0.0,"max_hp_gain":0.0,"max_hp_loss":0.0,"gold_gain":0.0,"event_name":"Upgrade Shrine","player_choice":"Upgraded","floor":46.0,"gold_loss":0.0,"damage_taken":0.0,"cards_upgraded":["Limit Break"]}],"is_beta":false,"boss_relics":[{"not_picked":["Coffee Dripper","Cursed Key"],"picked":"Fusion Hammer"},{"not_picked":["Sozu","Astrolabe"],"picked":"Busted Crown"}],"items_purged_floors":[10],"is_endless":false,"potions_floor_spawned":[7,8,16,18,22,27,30,35,36,42,44,45],"killed_by":"Time Eater","ascension_level":5}}