{"host":"l2dnabsh5e0fsksb","time":1612750288,"event":{"mods":["2.2 Compatiblity","BaseMod","Downfall","Minty Spire (QoL Compilation)","Quick Restart","StSLib"],"gold_per_floor":[99,99,99,99,99,134,159,59,70,70,81,81,101,251,261,332,332,132,145,145,157,157,186,186,186,221,121,31,62,62,62,119,192,192,192,211,226,252,252,280,280,280,190,201,214,15,15,68,83,83,83,114,58,58,58,58,58],"floor_reached":56,"language":"ENG","playtime":2795,"items_purged":["Writhe","bronze:Goto"],"score":1625,"play_id":"5387a415-6b91-49f5-b3f3-903482c5ddd8","local_time":"20210208124128","is_ascension_mode":true,"campfire_choices":[{"floor":1.0,"key":"RECALL"},{"floor":12.0,"key":"REST"},{"data":"bronze:Verify","floor":18.0,"key":"SMITH"},{"floor":27.0,"key":"REST"},{"data":"bronze:HardenedForm","floor":30.0,"key":"SMITH"},{"data":"bronze:ChosenStrike","floor":35.0,"key":"SMITH"},{"data":"bronze:Repulsor","floor":42,"key":"SMITH"},{"floor":47,"key":"REST"},{"data":"bronze:Boost","floor":54,"key":"SMITH"}],"circlet_count":0,"master_deck":["AscendersBane","bronze:Strike","bronze:Strike","bronze:Strike","bronze:Strike","bronze:Defend","bronze:Defend","bronze:Defend","bronze:Defend","bronze:Replicate+1","bronze:Constructor","bronze:OilSpill","bronze:OilSpill","bronze:Repulsor+1","bronze:ChosenStrike+1","bronze:Separator","bronze:Deprecate","bronze:Frontload","bronze:Verify+1","bronze:Iterate","bronze:OilSpill+1","bronze:Return+1","bronze:BronzeOrb","bronze:Repair","bronze:HardenedForm+1","bronze:Boost+1","bronze:InfiniteLoop","bronze:Iterate+1","bronze:MaxOutput+1","expansioncontent:LastStand","expansioncontent:Chronoboost","expansioncontent:Chronoboost","bronze:Backtrace+1","bronze:Philosophize","bronze:FineTuning","bronze:InfiniteBeams","bronze:Shell","bronze:Return","bronze:BuggyMess+1","bronze:Boost"],"relics":["bronze:PlatinumCore","downfall:HeartsMalice","downfall:ShatteredFragment","Du-Vu Doll","Dead Branch","Bag of Preparation","downfall:HeartBlessingRed","downfall:HeartBlessingBlue","Mummified Hand","Pear","Question Card","Orichalcum","downfall:HeartBlessingGreen","Kunai","downfall:KnowingSkull","bronze:MakeshiftBattery","Dream Catcher","bronze:CableSpool","Boot","Thread and Needle","Regal Pillow","Nunchaku","Whetstone"],"acts_visited":["Exordium","TheCity","TheBeyond","TheEnding"],"potions_floor_usage":[40,50,56,56],"damage_taken":[{"damage":0.0,"enemies":"Small Slimes","floor":2.0,"turns":1.0},{"damage":0.0,"enemies":"2 Louse","floor":3.0,"turns":1.0},{"damage":0.0,"enemies":"3 Sentries","floor":6.0,"turns":1.0},{"damage":0.0,"enemies":"downfall:FleeingMerchant","floor":8.0,"turns":4.0},{"damage":2.0,"enemies":"Jaw Worm","floor":9.0,"turns":2.0},{"damage":7.0,"enemies":"Exordium Wildlife","floor":11.0,"turns":3.0},{"damage":3.0,"enemies":"Large Slime","floor":13.0,"turns":3.0},{"damage":0.0,"enemies":"3 Louse","floor":15.0,"turns":2.0},{"damage":25.0,"enemies":"SI_SHIV_ARCHETYPE","floor":16.0,"turns":8.0},{"damage":1.0,"enemies":"3 Byrds","floor":19.0,"turns":4.0},{"damage":35.0,"enemies":"Centurion and Healer","floor":21.0,"turns":5.0},{"damage":18.0,"enemies":"Slavers","floor":23.0,"turns":4.0},{"damage":23.0,"enemies":"Book of Stabbing","floor":26.0,"turns":3.0},{"damage":0.0,"enemies":"downfall:FleeingMerchant","floor":28.0,"turns":4.0},{"damage":0.0,"enemies":"Slavers","floor":29.0,"turns":7.0},{"damage":3.0,"enemies":"Cultist and Chosen","floor":32.0,"turns":3.0},{"damage":0.0,"enemies":"WA_ARCHETYPE_CALM","floor":33.0,"turns":3.0},{"damage":0.0,"enemies":"3 Shapes","floor":36.0,"turns":2.0},{"damage":8.0,"enemies":"3 Darklings","floor":37.0,"turns":3.0},{"damage":20,"enemies":"Giant Head","floor":40,"turns":6},{"damage":0,"enemies":"downfall:FleeingMerchant","floor":43,"turns":1},{"damage":5,"enemies":"4 Shapes","floor":44,"turns":4},{"damage":0,"enemies":"Transient","floor":45,"turns":6},{"damage":0,"enemies":"Jaw Worm Horde","floor":49,"turns":3},{"damage":37,"enemies":"DF_ARCHETYPE_ORBS","floor":50,"turns":5},{"damage":1,"enemies":"downfall:CharBossMerchant","floor":52,"turns":6},{"damage":0,"enemies":"downfall:NeowBoss","floor":55,"turns":9},{"damage":86,"enemies":"downfall:NeowBossFinal","floor":56,"turns":5}],"seed_played":"5729700491719849281","potions_obtained":[{"floor":6.0,"key":"hexamod:SoulburnPotion"},{"floor":9.0,"key":"Strength Potion"},{"floor":11.0,"key":"SkillPotion"},{"floor":20.0,"key":"CultistPotion"},{"floor":23.0,"key":"Regen Potion"},{"floor":33.0,"key":"Strength Potion"},{"floor":45,"key":"Weak Potion"},{"floor":49,"key":"FearPotion"}],"is_trial":false,"path_per_floor":["R","M","M","?","?","E","T","$","M","T","M","R","M","?","M","B",null,"R","M","?","M","?","E","T","?","E","R","$","E","R","?","M","B",null,"R","M","M","?","?","E","T","R","$","M","M","$","R","T","M","B",null,"E","$","R","B","B"],"character_chosen":"THE_AUTOMATON","items_purchased":["bronze:Repulsor","Thread and Needle","Regal Pillow","bronze:Shell","Energy Potion"],"campfire_rested":3,"item_purchase_floors":[8,43,46,46,53],"current_hp_per_floor":[57,57,57,36,31,31,31,31,29,29,22,40,37,37,37,12,50,60,59,59,24,24,16,16,16,2,26,26,33,33,19,16,16,66,66,73,72,72,62,49,49,49,49,51,58,58,83,83,83,53,76,82,82,82,83,0,0],"gold":58,"neow_bonus":"THREE_ENEMY_KILL","is_daily":false,"chose_seed":false,"campfire_upgraded":5,"win_rate":0.0,"timestamp":1612750288,"path_taken":["R","M","M","?","?","E","T","$","M","?","M","R","M","?","M","BOSS","R","M","?","M","?","E","T","?","E","R","$","E","R","?","M","BOSS","R","M","?","?","?","E","T","R","$","M","M","?","R","?","M","BOSS","E","$","R","BOSS","BOSS"],"items_purchased_type":["Card","Relic","Relic","Card","Potion"],"build_version":"2020-12-22","purchased_purges":2,"victory":false,"max_hp_per_floor":[63,63,63,63,63,63,63,63,63,63,63,63,63,63,63,63,63,73,73,73,73,73,83,83,83,83,83,83,83,83,83,83,83,83,83,83,83,83,83,83,83,83,83,83,83,83,83,83,83,83,83,83,83,83,83,83,83],"card_choices":[{"not_picked":["bronze:Deprecate","bronze:WildBeam"],"picked":"bronze:Constructor","floor":2.0},{"not_picked":["bronze:Overheat","bronze:Deprecate"],"picked":"bronze:OilSpill","floor":3.0},{"not_picked":["bronze:NullPointer","bronze:Allocate","bronze:Shield"],"picked":"SKIP","floor":6.0},{"not_picked":["bronze:BuggyMess","bronze:DelayedSlice"],"picked":"bronze:OilSpill","floor":8.0},{"not_picked":["bronze:FineTuning","bronze:CloningBeam"],"picked":"bronze:ChosenStrike","floor":9.0},{"not_picked":["bronze:Overload","bronze:DigitalCarnage"],"picked":"bronze:Separator","floor":11.0},{"not_picked":["bronze:WildBeam","bronze:Constructor"],"picked":"bronze:Deprecate","floor":13.0},{"not_picked":["bronze:BuggyMess","bronze:Separator"],"picked":"bronze:Frontload","floor":15.0},{"not_picked":["bronze:BurnOut","bronze:HardenedForm"],"picked":"bronze:Verify","floor":16.0},{"not_picked":["bronze:Overheat","bronze:WildBeam"],"picked":"bronze:Iterate","floor":19.0},{"not_picked":["bronze:Turbo","bronze:Invalidate"],"picked":"bronze:OilSpill+1","floor":21.0},{"not_picked":["bronze:Optimize","bronze:Shield"],"picked":"bronze:Return+1","floor":23.0},{"not_picked":["bronze:Deprecate","bronze:OilSpill","bronze:BuggyMess"],"picked":"bronze:BronzeOrb","floor":26.0},{"not_picked":["bronze:CloningBeam","bronze:Library","bronze:Invalidate"],"picked":"bronze:Repair","floor":28.0},{"not_picked":["bronze:Safeguard","bronze:TinkerersToolbox","bronze:Refactor"],"picked":"bronze:HardenedForm","floor":29.0},{"not_picked":["bronze:CutThrough","bronze:BugBarrage","bronze:DelayedSlice"],"picked":"bronze:Boost","floor":32.0},{"not_picked":["bronze:ShipIt","bronze:TinkerersToolbox","bronze:ThunderWave"],"picked":"bronze:InfiniteLoop","floor":33.0},{"not_picked":["bronze:Turbo","bronze:DelayedGuard","bronze:Branch"],"picked":"bronze:Iterate","floor":36.0},{"not_picked":["bronze:DelayedGuard","bronze:ChosenStrike","bronze:Allocate"],"picked":"bronze:MaxOutput+1","floor":37.0},{"not_picked":["expansioncontent:PolyBeam","expansioncontent:Hexaburn"],"picked":"expansioncontent:LastStand","floor":39.0},{"not_picked":["expansioncontent:YouAreMine","expansioncontent:LastStand"],"picked":"expansioncontent:Chronoboost","floor":39.0},{"not_picked":["expansioncontent:AwakenDeath","expansioncontent:LastStand"],"picked":"expansioncontent:Chronoboost","floor":39.0},{"not_picked":["bronze:BitShift","bronze:Assembly","bronze:BuggyMess"],"picked":"bronze:Backtrace+1","floor":40},{"not_picked":["bronze:Constructor","bronze:Break","bronze:Safeguard"],"picked":"bronze:Philosophize","floor":43},{"not_picked":["bronze:Philosophize","bronze:Deprecate","bronze:BronzeOrb"],"picked":"bronze:FineTuning","floor":44},{"not_picked":["bronze:Constructor+1","bronze:Deprecate","bronze:Turbo"],"picked":"bronze:InfiniteBeams","floor":45},{"not_picked":["bronze:Backtrace+1","bronze:Allocate","bronze:BronzeArmor"],"picked":"bronze:Return","floor":47},{"not_picked":["bronze:FineTuning+1","bronze:Safeguard","bronze:Invalidate"],"picked":"bronze:BuggyMess+1","floor":49},{"not_picked":["bronze:Flail+1","bronze:Deprecate+1","bronze:Branch"],"picked":"bronze:Boost","floor":52}],"player_experience":1912690,"relics_obtained":[{"floor":6.0,"key":"Dead Branch"},{"floor":7.0,"key":"Bag of Preparation"},{"floor":23.0,"key":"Pear"},{"floor":24.0,"key":"Question Card"},{"floor":26.0,"key":"Orichalcum"},{"floor":29.0,"key":"Kunai"},{"floor":38.0,"key":"Dream Catcher"},{"floor":40,"key":"bronze:CableSpool"},{"floor":41,"key":"Boot"},{"floor":48,"key":"Nunchaku"},{"floor":52,"key":"Whetstone"}],"event_choices":[{"damage_healed":0.0,"max_hp_gain":0.0,"max_hp_loss":0.0,"gold_gain":0.0,"event_name":"Scrap Ooze","player_choice":"Success","floor":5.0,"gold_loss":0.0,"damage_taken":5.0,"relics_obtained":["Du-Vu Doll"]}],"is_beta":false,"boss_relics":[{"not_picked":["Busted Crown","Snecko Eye"],"picked":"bronze:PlatinumCore"},{"not_picked":["Calling Bell","Pandora\u0027s Box"],"picked":"bronze:MakeshiftBattery"}],"items_purged_floors":[28,43],"is_endless":false,"potions_floor_spawned":[6,9,11,15,23,33,45,49],"killed_by":"downfall:NeowBossFinal","ascension_level":18}}