{"host":"psytf3wd8ccrk52d","time":1612753546,"event":{"mods":["Astrologer","Bartender","BaseMod","Better Third Choice","CapriCore","CatGirl Mod","Colored Map","Dio Mod","Downfall","Ekko","Friendly Minions","Hermit","JesterMod","Mathematician","Minty Spire (QoL Compilation)","Replay The Spire","Robot Space Explorer","SIMod","Shade Mod","Shop Mod","Spire Arcade","StSLib","The Alterego","The Fake Hero","The Immortal","The Marked","The Problem Sleuth","The Sage","The Spell Scribe","The Vixen","TheFirefly","TheVacant","Yohane!"],"gold_per_floor":[519,519,534,546,546,546,350,350,350],"floor_reached":8,"language":"ENG","playtime":216,"items_purged":[],"score":46,"play_id":"2845ef56-a29e-434f-9102-01e78a52e9fe","local_time":"20210208030546","is_ascension_mode":false,"campfire_choices":[],"circlet_count":0,"master_deck":["luka_mod:StrikeLukaOne","luka_mod:StrikeLukaTwo","luka_mod:StrikeLukaThree","luka_mod:StrikeLukaFour","luka_mod:StrikeLukaFive","luka_mod:StrikeLukaSix","luka_mod:Salt","luka_mod:Guard","luka_mod:Wait","luka_mod:Edging","luka_mod:FlailWildly","luka_mod:Meditation","luka_mod:Surrender","luka_mod:FireSlash","luka_mod:FireSlash","luka_mod:Granberia","luka_mod:Undine+1","luka_mod:BladeOfRagingFire","luka_mod:DeathSwordChaosStar"],"relics":["luka_mod:KeepsakeRing","NeowsBlessing"],"acts_visited":["Exordium"],"potions_floor_usage":[],"damage_taken":[{"damage":0,"enemies":"Jaw Worm","floor":1,"turns":1},{"damage":0,"enemies":"Cultist","floor":3,"turns":1},{"damage":0,"enemies":"2 Louse","floor":4,"turns":1},{"damage":45,"enemies":"3 Sentries","floor":8,"turns":7}],"seed_played":"3334459898859328923","potions_obtained":[{"floor":3,"key":"FearPotion"}],"is_trial":false,"path_per_floor":["M","?","M","M","PTL","PTL","$","E"],"character_chosen":"LUKA_CLASS","items_purchased":["luka_mod:Undine+1","luka_mod:BladeOfRagingFire","luka_mod:DeathSwordChaosStar"],"campfire_rested":0,"item_purchase_floors":[7,7,7],"current_hp_per_floor":[40,40,40,40,40,40,40,0,0],"gold":350,"neow_bonus":"THREE_ENEMY_KILL","is_daily":false,"chose_seed":false,"campfire_upgraded":0,"win_rate":0.0,"timestamp":1612753546,"path_taken":["M","?","M","M","PTL","PTL","?","E"],"items_purchased_type":["Card","Card","Card"],"build_version":"2020-12-22","purchased_purges":0,"victory":false,"max_hp_per_floor":[40,40,40,40,40,40,40,40,40],"card_choices":[{"not_picked":["luka_mod:DemonSkullBeheading","luka_mod:ThunderThrust"],"picked":"luka_mod:FireSlash","floor":1},{"not_picked":["luka_mod:AlicesGuard","luka_mod:DemonDecapitation"],"picked":"luka_mod:FireSlash","floor":3},{"not_picked":["luka_mod:LightningSwordFlash","luka_mod:Overexert"],"picked":"luka_mod:Granberia","floor":4}],"player_experience":80405,"relics_obtained":[],"event_choices":[{"damage_healed":0,"gold_gain":0,"player_choice":"Bought 0 Potions","damage_taken":0,"max_hp_gain":0,"max_hp_loss":0,"event_name":"The Woman in Blue","floor":2,"gold_loss":0}],"is_beta":false,"boss_relics":[],"items_purged_floors":[],"is_endless":false,"potions_floor_spawned":[3],"killed_by":"3 Sentries","ascension_level":0}}