{"host":"w3q5ijqu8eoknil3","time":1612808904,"event":{"mods":["AchievementEnabler","BaseMod","Block Reminder","Colored Map","Colored Powertips","Curses Come First","Dark Map","Minty Spire (QoL Compilation)","Quick Restart","Relic Stats","StSLib","ojb\u0027s Better Paths Mod","ojb\u0027s Info Mod","slay the spire mod where everything is the same but ironclad has a cowboy hat"],"gold_per_floor":[112,112,112,132,132,142,176,186,186,216,56,56,2,19,19,93,93,104,121,134,151,161,161,177,206,255,225,66,82,82,82,82],"floor_reached":31,"language":"ENG","playtime":761,"items_purged":["Strike_G"],"score":573,"play_id":"06e15326-fceb-46d1-96b4-0ff5e06995a4","local_time":"20210208182824","is_ascension_mode":true,"campfire_choices":[{"data":"All Out Attack","floor":12,"key":"SMITH"},{"floor":15,"key":"REST"},{"data":"All Out Attack","floor":23,"key":"SMITH"},{"data":"Choke","floor":30,"key":"SMITH"}],"circlet_count":0,"master_deck":["AscendersBane","Defend_G","Defend_G","Defend_G","Defend_G","Defend_G","Survivor","Neutralize","All Out Attack+1","Flying Knee","Wraith Form v2","Masterful Stab","Poisoned Stab","Poisoned Stab","All Out Attack+1","Blade Dance","Masterful Stab","Bullet Time","Phantasmal Killer+1","Caltrops+1","PiercingWail+1","Dagger Spray+1","Flying Knee","Choke+1","Skewer","Corpse Explosion","Setup+1","Underhanded Strike+1","Eviscerate","Caltrops"],"relics":["Ring of the Snake","NeowsBlessing","Tiny Chest","Gambling Chip","Pear","Bag of Preparation","ClockworkSouvenir","Astrolabe","Question Card","Art of War"],"acts_visited":["Exordium","TheCity"],"potions_floor_usage":[7,7,10,20,24,25,31,31],"damage_taken":[{"damage":0,"enemies":"Jaw Worm","floor":1,"turns":1},{"damage":0,"enemies":"Small Slimes","floor":4,"turns":1},{"damage":0,"enemies":"Cultist","floor":6,"turns":1},{"damage":12,"enemies":"3 Sentries","floor":7,"turns":7},{"damage":12,"enemies":"Blue Slaver","floor":8,"turns":4},{"damage":30,"enemies":"Gremlin Nob","floor":10,"turns":4},{"damage":0,"enemies":"3 Louse","floor":14,"turns":1},{"damage":27,"enemies":"Slime Boss","floor":16,"turns":10},{"damage":0,"enemies":"Spheric Guardian","floor":18,"turns":3},{"damage":2,"enemies":"Chosen","floor":19,"turns":4},{"damage":0,"enemies":"Snake Plant","floor":20,"turns":2},{"damage":0,"enemies":"3 Cultists","floor":21,"turns":2},{"damage":31,"enemies":"Shelled Parasite and Fungi","floor":22,"turns":2},{"damage":0,"enemies":"Chosen and Byrds","floor":24,"turns":3},{"damage":0,"enemies":"Slavers","floor":25,"turns":1},{"damage":0,"enemies":"Sentry and Sphere","floor":29,"turns":2},{"damage":40,"enemies":"Book of Stabbing","floor":31,"turns":3}],"seed_played":"-1684097314841687155","potions_obtained":[{"floor":1,"key":"Poison Potion"},{"floor":6,"key":"LiquidMemories"},{"floor":8,"key":"Explosive Potion"},{"floor":16,"key":"ColorlessPotion"},{"floor":20,"key":"Strength Potion"},{"floor":21,"key":"BlessingOfTheForge"},{"floor":27,"key":"SkillPotion"},{"floor":27,"key":"Strength Potion"}],"is_trial":false,"path_per_floor":["M","?","T","M","?","M","E","M","T","E","$","R","$","M","R","B",null,"M","M","M","M","M","R","M","E","T","?","$","M","R","E"],"character_chosen":"THE_SILENT","items_purchased":["ClockworkSouvenir","Blade Dance","Eviscerate"],"campfire_rested":1,"item_purchase_floors":[11,13,28],"current_hp_per_floor":[59,59,59,59,59,59,47,35,45,15,15,15,15,15,37,10,60,60,58,58,58,27,27,27,27,27,27,27,27,27,0,0],"gold":82,"neow_bonus":"THREE_ENEMY_KILL","is_daily":false,"chose_seed":false,"campfire_upgraded":3,"win_rate":0.0,"timestamp":1612808904,"path_taken":["M","?","?","M","?","M","E","M","T","E","?","R","$","M","R","BOSS","M","M","M","M","M","R","M","E","T","?","$","M","R","E"],"items_purchased_type":["Relic","Card","Card"],"build_version":"2020-12-22","purchased_purges":1,"victory":false,"max_hp_per_floor":[66,66,66,66,66,66,66,66,76,76,76,76,76,76,76,76,76,76,76,76,76,76,76,76,76,76,76,76,76,76,76,76],"relic_stats":{"counters":[17,51],"Gambling Chip":[28],"Astrolabe":["Phantasmal Killer","Caltrops","PiercingWail"],"Tiny Chest":0,"Bag of Preparation":[22],"Art of War":[0],"Question Card":1,"obtain_stats":[{"Pear":9,"NeowsBlessing":0,"Gambling Chip":7,"Astrolabe":17,"Tiny Chest":3,"Bag of Preparation":10,"Art of War":26,"Question Card":25,"Ring of the Snake":0,"ClockworkSouvenir":11},{"Pear":5,"NeowsBlessing":0,"Gambling Chip":4,"Astrolabe":8,"Tiny Chest":1,"Bag of Preparation":6,"Art of War":15,"Question Card":15,"Ring of the Snake":0,"ClockworkSouvenir":6},{"Pear":14,"NeowsBlessing":0,"Gambling Chip":10,"Astrolabe":29,"Tiny Chest":1,"Bag of Preparation":18,"Art of War":46,"Question Card":46,"Ring of the Snake":0,"ClockworkSouvenir":18}],"Ring of the Snake":[34]},"card_choices":[{"not_picked":["Dodge and Roll","Quick Slash"],"picked":"All Out Attack","floor":1},{"not_picked":["Prepared","Blur"],"picked":"Flying Knee","floor":4},{"not_picked":["Dagger Throw","Bane"],"picked":"Masterful Stab","floor":6},{"not_picked":["Quick Slash","Noxious Fumes"],"picked":"Poisoned Stab","floor":7},{"not_picked":["Choke","Accuracy"],"picked":"Poisoned Stab","floor":8},{"not_picked":["Dodge and Roll","All Out Attack","Dagger Throw"],"picked":"SKIP","floor":10},{"not_picked":["Dodge and Roll","Dagger Throw"],"picked":"All Out Attack","floor":10},{"not_picked":["Outmaneuver","Prepared"],"picked":"Masterful Stab","floor":14},{"not_picked":["Doppelganger","Grand Finale"],"picked":"Bullet Time","floor":16},{"not_picked":["Dodge and Roll","Backflip"],"picked":"Dagger Spray+1","floor":18},{"not_picked":["Cloak And Dagger","Reflex"],"picked":"Flying Knee","floor":19},{"not_picked":["Noxious Fumes","Backstab"],"picked":"Choke","floor":20},{"not_picked":["Cloak And Dagger","Deadly Poison"],"picked":"Skewer","floor":21},{"not_picked":["Dagger Spray","Crippling Poison"],"picked":"Corpse Explosion","floor":22},{"not_picked":["Quick Slash","Noxious Fumes"],"picked":"Setup+1","floor":24},{"not_picked":["Sucker Punch","Deflect+1"],"picked":"Underhanded Strike+1","floor":25},{"not_picked":["Cloak And Dagger","Dagger Throw","Slice"],"picked":"Caltrops","floor":29}],"player_experience":1040557,"relics_obtained":[{"floor":3,"key":"Tiny Chest"},{"floor":7,"key":"Gambling Chip"},{"floor":9,"key":"Pear"},{"floor":10,"key":"Bag of Preparation"},{"floor":25,"key":"Question Card"},{"floor":26,"key":"Art of War"}],"event_choices":[{"damage_healed":0,"gold_gain":0,"player_choice":"Ignored","damage_taken":0,"max_hp_gain":0,"max_hp_loss":0,"event_name":"Liars Game","floor":2,"gold_loss":0},{"damage_healed":0,"gold_gain":0,"cards_transformed":["Strike_G"],"player_choice":"Change","damage_taken":0,"max_hp_gain":0,"max_hp_loss":0,"event_name":"Living Wall","floor":5,"gold_loss":0,"cards_obtained":["Wraith Form v2"]},{"damage_healed":0,"gold_gain":0,"player_choice":"Bought 2 Potions","damage_taken":0,"max_hp_gain":0,"max_hp_loss":0,"event_name":"The Woman in Blue","floor":27,"gold_loss":0}],"is_beta":false,"boss_relics":[{"not_picked":["Sozu","Fusion Hammer"],"picked":"Astrolabe"}],"items_purged_floors":[28],"is_endless":false,"potions_floor_spawned":[1,6,8,16,20,21,22],"killed_by":"Book of Stabbing","ascension_level":19}}