{"host":"jleefzi2bpdiggb4","time":1612826406,"event":{"mods":["AchievementEnabler","BaseMod","Colored Map","Highlight Path","Infinite Spire","Minty Spire (QoL Compilation)","Relic Stats","StSLib","UnlockEverythingMod"],"gold_per_floor":[109,109,109,34,34,34,48,48,75,101,101,1,25,38,38,157,157,177,177,52,52,52,92,92,128,128,128,144,182,182,106,106,235,235,251,266,290,133,466,466,500,513,513,539,539,559,559,572,572,673,673,669,110,285,285,283,295,295,295,375,375,389,68,80,83,83,165,165,171,171,177,183,187,187,209,210,234,230,303,319,317,334,334,426,426,420,425,425,468,468,488,488,515,563,585,588,602,602,602,602,696,746,758,556,831,831,841,841,854,660,660,660,684,684,332,342,342,437,437,437,437],"floor_reached":120,"language":"ENG","playtime":5914,"items_purged":["Strike_G","Strike_G","Strike_G","Strike_G","Strike_G","Defend_G","Bane+1","Cloak And Dagger+1","Regret","Noxious Fumes+1","Discovery+1"],"score":3149,"play_id":"a9f7d9fb-f526-499f-b2b5-63ca5de3972d","local_time":"20210208182006","is_ascension_mode":true,"campfire_choices":[{"data":"Blur","floor":6.0,"key":"SMITH"},{"data":"Noxious Fumes","floor":8.0,"key":"SMITH"},{"data":"Malaise","floor":15.0,"key":"SMITH"},{"floor":24.0,"key":"REST"},{"data":"infinitespire:NeuralNetwork","floor":30.0,"key":"SMITH"},{"data":"Catalyst","floor":32.0,"key":"SMITH"},{"data":"Calculated Gamble","floor":40.0,"key":"SMITH"},{"data":"Neutralize","floor":45.0,"key":"SMITH"},{"data":"infinitespire:Neurotoxin","floor":49.0,"key":"SMITH"},{"data":"Adrenaline","floor":58.0,"key":"SMITH"},{"data":"Bane","floor":61.0,"key":"SMITH"},{"data":"Burst","floor":66.0,"key":"SMITH"},{"data":"Catalyst","floor":74.0,"key":"SMITH"},{"data":"A Thousand Cuts","floor":83.0,"key":"SMITH"},{"data":"Corpse Explosion","floor":92.0,"key":"SMITH"},{"data":"Deflect","floor":98.0,"key":"SMITH"},{"data":"Survivor","floor":100.0,"key":"SMITH"},{"floor":108.0,"key":"REST"},{"floor":112.0,"key":"REST"},{"floor":117.0,"key":"REST"}],"circlet_count":0,"master_deck":["Survivor+1","Neutralize+1","Blur+1","Malaise+1","Calculated Gamble+1","infinitespire:NeuralNetwork+1","Footwork+1","Catalyst+1","Adrenaline+1","Deadly Poison+1","infinitespire:Neurotoxin+1","Burst+1","Corpse Explosion+1","Deflect+1","Catalyst+1"],"relics":["Ring of the Serpent","Omamori","MealTicket","White Beast Statue","HoveringKite","Happy Flower","Lantern","Regal Pillow","infinitespire:Beetle Shell","OrangePellets","Black Star","Dream Catcher","Blood Vial","TwistedFunnel","infinitespire:ShieldingShard","War Paint","Paper Crane","Calipers","Art of War","SacredBark","infinitespire:EmpoweringShard","Frozen Eye","infinitespire:Lucky Rock","Boot","StrikeDummy","Bag of Marbles","Potion Belt","Snake Skull","infinitespire:Eraser","Smiling Mask","Pandora\u0027s Box","Juzu Bracelet","Nunchaku","Singing Bowl","infinitespire:PuzzleCube","FossilizedHelix","Pantograph","Pocketwatch","PreservedInsect","Bag of Preparation","Centennial Puzzle","Calling Bell","Akabeko","Incense Burner","infinitespire:BottledMercury","Toolbox","Empty Cage","Gambling Chip","Tiny Chest","Oddly Smooth Stone","Shuriken","Strawberry","StoneCalendar","Ancient Tea Set","Tiny House","ClockworkSouvenir","Orichalcum","Pen Nib","infinitespire:Satchel","Vajra","Letter Opener","Blue Candle","Bronze Scales","CeramicFish","Philosopher\u0027s Stone"],"acts_visited":["Exordium","TheCity","TheBeyond","Exordium","TheCity","TheBeyond","Exordium","TheCity"],"potions_floor_usage":[],"damage_taken":[{"damage":0.0,"enemies":"2 Louse","floor":1.0,"turns":3.0},{"damage":0.0,"enemies":"Small Slimes","floor":7.0,"turns":4.0},{"damage":22.0,"enemies":"3 Sentries","floor":10.0,"turns":9.0},{"damage":0.0,"enemies":"infinitespire:Voidling","floor":13.0,"turns":5.0},{"damage":0.0,"enemies":"3 Louse","floor":14.0,"turns":4.0},{"damage":0.0,"enemies":"The Guardian","floor":16.0,"turns":9.0},{"damage":6.0,"enemies":"Shell Parasite","floor":18.0,"turns":9.0},{"damage":39.0,"enemies":"Slavers","floor":23.0,"turns":7.0},{"damage":14.0,"enemies":"Gremlin Leader","floor":25.0,"turns":8.0},{"damage":3.0,"enemies":"Spheric Guardian","floor":28.0,"turns":5.0},{"damage":19.0,"enemies":"Nightmare","floor":29.0,"turns":11.0},{"damage":3.0,"enemies":"Champ","floor":33.0,"turns":14.0},{"damage":6.0,"enemies":"3 Shapes","floor":35.0,"turns":5.0},{"damage":0.0,"enemies":"3 Darklings","floor":36.0,"turns":6.0},{"damage":9.0,"enemies":"Writhing Mass","floor":37.0,"turns":7.0},{"damage":7.0,"enemies":"Giant Head","floor":41.0,"turns":7.0},{"damage":0.0,"enemies":"Spire Growth","floor":42.0,"turns":4.0},{"damage":15.0,"enemies":"Reptomancer","floor":44.0,"turns":6.0},{"damage":0.0,"enemies":"Jaw Worm Horde","floor":46.0,"turns":4.0},{"damage":0.0,"enemies":"Sphere and 2 Shapes","floor":48.0,"turns":4.0},{"damage":4.0,"enemies":"Awakened One","floor":50.0,"turns":11.0},{"damage":0.0,"enemies":"Cultist","floor":52.0,"turns":3.0},{"damage":0.0,"enemies":"2 Louse","floor":55.0,"turns":1.0},{"damage":0.0,"enemies":"Jaw Worm","floor":56.0,"turns":2.0},{"damage":5.0,"enemies":"Gremlin Nob","floor":57.0,"turns":3.0},{"damage":0.0,"enemies":"Lagavulin","floor":62.0,"turns":3.0},{"damage":0.0,"enemies":"Gremlin Nob","floor":64.0,"turns":2.0},{"damage":0.0,"enemies":"3 Louse","floor":65.0,"turns":2.0},{"damage":10.0,"enemies":"Hexaghost","floor":67.0,"turns":3.0},{"damage":11.0,"enemies":"Shell Parasite","floor":69.0,"turns":3.0},{"damage":0.0,"enemies":"3 Byrds","floor":71.0,"turns":2.0},{"damage":0.0,"enemies":"Centurion and Healer","floor":72.0,"turns":3.0},{"damage":0.0,"enemies":"Snake Plant","floor":73.0,"turns":2.0},{"damage":0.0,"enemies":"Book of Stabbing","floor":75.0,"turns":2.0},{"damage":0.0,"enemies":"Snecko","floor":76.0,"turns":3.0},{"damage":0.0,"enemies":"Centurion and Healer","floor":78.0,"turns":2.0},{"damage":20.0,"enemies":"Colosseum Slavers","floor":79.0,"turns":2.0},{"damage":0.0,"enemies":"Colosseum Nobs","floor":79.0,"turns":2.0},{"damage":0.0,"enemies":"Gremlin Leader","floor":80.0,"turns":2.0},{"damage":0.0,"enemies":"3 Cultists","floor":81.0,"turns":2.0},{"damage":0.0,"enemies":"Slavers","floor":82.0,"turns":1.0},{"damage":0.0,"enemies":"Collector","floor":84.0,"turns":2.0},{"damage":0.0,"enemies":"3 Darklings","floor":86.0,"turns":2.0},{"damage":0.0,"enemies":"3 Shapes","floor":87.0,"turns":1.0},{"damage":0.0,"enemies":"2 Orb Walkers","floor":89.0,"turns":1.0},{"damage":0.0,"enemies":"Reptomancer","floor":91.0,"turns":1.0},{"damage":0.0,"enemies":"Nemesis","floor":93.0,"turns":1.0},{"damage":0.0,"enemies":"Giant Head","floor":95.0,"turns":1.0},{"damage":0.0,"enemies":"Transient","floor":96.0,"turns":1.0},{"damage":0.0,"enemies":"Maw","floor":97.0,"turns":1.0},{"damage":0.0,"enemies":"Donu and Deca","floor":101.0,"turns":1.0},{"damage":0.0,"enemies":"2 Louse","floor":103.0,"turns":1.0},{"damage":0.0,"enemies":"Jaw Worm","floor":107.0,"turns":1.0},{"damage":0.0,"enemies":"Cultist","floor":109.0,"turns":1.0},{"damage":0.0,"enemies":"Lagavulin","floor":113.0,"turns":1.0},{"damage":0.0,"enemies":"Looter","floor":116.0,"turns":1.0},{"damage":0.0,"enemies":"Slime Boss","floor":118.0,"turns":1.0},{"damage":0,"enemies":"2 Thieves","floor":120,"turns":1}],"seed_played":"4922158927732207960","potions_obtained":[{"floor":1.0,"key":"EssenceOfSteel"},{"floor":13.0,"key":"FearPotion"},{"floor":14.0,"key":"Explosive Potion"},{"floor":16.0,"key":"PowerPotion"},{"floor":25.0,"key":"BlessingOfTheForge"},{"floor":28.0,"key":"LiquidBronze"},{"floor":35.0,"key":"CunningPotion"},{"floor":36.0,"key":"EntropicBrew"},{"floor":37.0,"key":"CultistPotion"},{"floor":41.0,"key":"DuplicationPotion"},{"floor":42.0,"key":"Weak Potion"},{"floor":44.0,"key":"SkillPotion"},{"floor":48.0,"key":"SkillPotion"},{"floor":50.0,"key":"Explosive Potion"},{"floor":52.0,"key":"Weak Potion"},{"floor":56.0,"key":"LiquidBronze"},{"floor":62.0,"key":"Block Potion"},{"floor":64.0,"key":"Dexterity Potion"},{"floor":65.0,"key":"GamblersBrew"},{"floor":69.0,"key":"Regen Potion"},{"floor":96.0,"key":"Ancient Potion"}],"is_trial":false,"path_per_floor":["M","?","?","$","?","R","M","R","T","E","?","$","M","M","R","B",null,"M","?","$","?","T","E","R","E","T","AVR","M","NM","R","$","R","B",null,"M","M","M","$","?","R","E","M","T","E","R","M","?","M","R","B",null,"M","$","?","M","M","E","R","?","T","R","E","$","E","M","R","B",null,"M","T","M","M","M","R","E","M","T","M","?","E","M","E","R","B",null,"M","M","AVR","?","$","E","R","E","T","E","M","M","R","?","R","B",null,"M","$","?","AVR","M","R","M","$","T","R","E","T","$","M","R","B",null,"M"],"character_chosen":"THE_SILENT","items_purchased":["Catalyst","TwistedFunnel","infinitespire:EmpoweringShard","Frozen Eye","Snake Skull","ClockworkSouvenir","Pen Nib","Bronze Scales","CeramicFish"],"campfire_rested":4,"item_purchase_floors":[31,38,53,53,63,104,110,115,115],"current_hp_per_floor":[70,70,70,70,70,70,70,70,70,48,31,46,46,46,46,46,70,64,64,70,70,70,31,67,53,53,53,50,31,31,46,46,45,70,64,66,59,70,70,70,63,65,65,52,52,54,54,56,56,54,70,70,70,70,70,70,65,65,65,65,65,67,70,70,70,70,60,70,59,59,61,63,65,65,69,73,73,76,60,64,68,72,72,86,86,88,90,92,94,94,96,96,98,105,107,109,111,111,113,113,115,122,124,124,124,124,126,128,130,130,130,132,134,134,134,136,138,140,140,140,140],"gold":437,"neow_bonus":"RANDOM_COLORLESS","is_daily":false,"chose_seed":false,"campfire_upgraded":16,"win_rate":0.0,"timestamp":1612826406,"path_taken":["M","?","?","$","?","R","?","R","T","E","?","$","M","M","R","BOSS","M","?","?","?","?","E","R","E","T","AVR","?","NM","R","$","R","BOSS","M","M","M","$","?","R","E","M","T","E","R","M","?","?","R","BOSS","M","$","?","M","M","E","R","?","T","R","E","$","E","M","R","BOSS","M","?","M","M","M","R","E","M","T","M","?","E","M","E","R","BOSS","M","M","AVR","?","$","E","R","E","T","E","M","M","R","?","R","BOSS","M","$","?","AVR","M","R","M","?","T","R","E","?","$","M","R","BOSS","M"],"items_purchased_type":["Card","Relic","Relic","Relic","Relic","Relic","Relic","Relic","Relic"],"build_version":"2020-12-22","purchased_purges":11,"victory":false,"max_hp_per_floor":[70,70,70,70,70,70,70,70,70,70,70,70,70,70,70,70,70,70,70,70,70,70,70,70,70,70,70,70,70,70,70,70,70,70,70,70,70,70,70,70,70,70,70,70,70,70,70,70,70,70,70,70,70,70,70,70,70,70,70,70,70,70,70,70,70,70,70,70,70,70,70,70,70,70,72,74,74,76,78,80,82,84,84,86,86,88,90,92,94,94,96,96,98,105,107,109,111,111,113,113,115,122,124,124,124,124,126,128,130,130,130,132,134,134,134,136,138,140,140,140,140],"relic_stats":{"Regal Pillow":15,"Singing Bowl":58,"CeramicFish":0,"HoveringKite":[66],"StoneCalendar":[0],"Snake Skull":[171],"Juzu Bracelet":0,"Bag of Preparation":[32],"Boot":[1],"Smiling Mask":525,"Blood Vial":37,"Dream Catcher":3,"Nunchaku":[3],"Centennial Puzzle":[0],"Pantograph":12,"Gambling Chip":[77],"MealTicket":50,"Tiny Chest":1,"Happy Flower":[54],"counters":[57,205],"Blue Candle":[0],"PreservedInsect":460,"Pen Nib":[0],"Letter Opener":[10],"War Paint":["Cloak And Dagger","Defend_G"],"Orichalcum":[30],"OrangePellets":[12],"Shuriken":[0],"Bronze Scales":[0],"Pandora\u0027s Box":["Masterful Stab","Deflect","Catalyst"],"Black Star":13,"Art of War":[11],"obtain_stats":[{"TwistedFunnel":38,"infinitespire:BottledMercury":85,"Calipers":44,"Tiny House":102,"CeramicFish":115,"HoveringKite":17,"Vajra":113,"Boot":57,"Blood Vial":29,"Centennial Puzzle":82,"infinitespire:ShieldingShard":41,"Strawberry":94,"MealTicket":9,"Philosopher\u0027s Stone":119,"Happy Flower":21,"Blue Candle":114,"Oddly Smooth Stone":91,"infinitespire:Beetle Shell":25,"Pen Nib":110,"Letter Opener":113,"War Paint":41,"Paper Crane":43,"Akabeko":85,"OrangePellets":27,"Shuriken":93,"Bronze Scales":115,"Pandora\u0027s Box":68,"Black Star":27,"infinitespire:EmpoweringShard":53,"StrikeDummy":60,"Ring of the Serpent":34,"infinitespire:PuzzleCube":77,"Pocketwatch":80,"Lantern":22,"Regal Pillow":23,"Singing Bowl":75,"SacredBark":51,"StoneCalendar":95,"Snake Skull":63,"Juzu Bracelet":70,"Bag of Preparation":82,"Incense Burner":85,"Smiling Mask":64,"Empty Cage":88,"Ancient Tea Set":95,"ClockworkSouvenir":104,"Frozen Eye":53,"Dream Catcher":29,"Nunchaku":75,"Pantograph":79,"Gambling Chip":89,"Toolbox":88,"Tiny Chest":91,"infinitespire:Eraser":64,"Ring of the Snake":0,"Potion Belt":62,"Golden Idol":11,"PreservedInsect":80,"Omamori":5,"infinitespire:Lucky Rock":57,"Orichalcum":106,"White Beast Statue":10,"Calling Bell":85,"infinitespire:Satchel":111,"Art of War":44,"Bag of Marbles":62,"FossilizedHelix":79},{"TwistedFunnel":15,"infinitespire:BottledMercury":42,"Calipers":18,"Tiny House":51,"CeramicFish":55,"HoveringKite":6,"Vajra":55,"Boot":25,"Blood Vial":11,"Centennial Puzzle":41,"infinitespire:ShieldingShard":16,"Strawberry":47,"MealTicket":2,"Philosopher\u0027s Stone":57,"Happy Flower":7,"Blue Candle":55,"Oddly Smooth Stone":46,"infinitespire:Beetle Shell":9,"Pen Nib":54,"Letter Opener":55,"War Paint":16,"Paper Crane":17,"Akabeko":42,"OrangePellets":9,"Shuriken":47,"Bronze Scales":55,"Pandora\u0027s Box":29,"Black Star":9,"infinitespire:EmpoweringShard":22,"StrikeDummy":25,"Ring of the Serpent":12,"infinitespire:PuzzleCube":35,"Pocketwatch":39,"Lantern":7,"Regal Pillow":8,"Singing Bowl":34,"SacredBark":21,"StoneCalendar":48,"Snake Skull":26,"Juzu Bracelet":30,"Bag of Preparation":41,"Incense Burner":42,"Smiling Mask":27,"Empty Cage":44,"Ancient Tea Set":48,"ClockworkSouvenir":52,"Frozen Eye":22,"Dream Catcher":11,"Nunchaku":34,"Pantograph":38,"Gambling Chip":45,"Toolbox":44,"Tiny Chest":46,"infinitespire:Eraser":27,"Ring of the Snake":0,"Potion Belt":26,"Golden Idol":3,"PreservedInsect":39,"Omamori":1,"infinitespire:Lucky Rock":25,"Orichalcum":52,"White Beast Statue":3,"Calling Bell":42,"infinitespire:Satchel":54,"Art of War":18,"Bag of Marbles":26,"FossilizedHelix":38},{"TwistedFunnel":106,"infinitespire:BottledMercury":189,"Calipers":123,"Tiny House":199,"CeramicFish":203,"HoveringKite":34,"Vajra":203,"Boot":151,"Blood Vial":74,"Centennial Puzzle":187,"infinitespire:ShieldingShard":113,"Strawberry":195,"MealTicket":7,"Philosopher\u0027s Stone":205,"Happy Flower":43,"Blue Candle":203,"Oddly Smooth Stone":194,"infinitespire:Beetle Shell":58,"Pen Nib":202,"Letter Opener":203,"War Paint":113,"Paper Crane":117,"Akabeko":189,"OrangePellets":58,"Shuriken":195,"Bronze Scales":203,"Pandora\u0027s Box":161,"Black Star":58,"infinitespire:EmpoweringShard":145,"StrikeDummy":151,"Ring of the Serpent":88,"infinitespire:PuzzleCube":176,"Pocketwatch":184,"Lantern":43,"Regal Pillow":50,"Singing Bowl":173,"SacredBark":142,"StoneCalendar":196,"Snake Skull":154,"Juzu Bracelet":164,"Bag of Preparation":187,"Incense Burner":189,"Smiling Mask":156,"Empty Cage":192,"Ancient Tea Set":196,"ClockworkSouvenir":200,"Frozen Eye":145,"Dream Catcher":74,"Nunchaku":173,"Pantograph":182,"Gambling Chip":193,"Toolbox":192,"Tiny Chest":194,"infinitespire:Eraser":156,"Ring of the Snake":0,"Potion Belt":154,"Golden Idol":16,"PreservedInsect":184,"Omamori":3,"infinitespire:Lucky Rock":151,"Orichalcum":200,"White Beast Statue":16,"Calling Bell":189,"infinitespire:Satchel":202,"Art of War":123,"Bag of Marbles":154,"FossilizedHelix":182}],"Pocketwatch":[2]},"card_choices":[{"not_picked":["Dramatic Entrance","Forethought"],"picked":"Discovery","floor":0.0},{"not_picked":["Acrobatics","Backflip"],"picked":"Blur","floor":1.0},{"not_picked":["Endless Agony","Bane"],"picked":"Noxious Fumes","floor":7.0},{"not_picked":["Infinite Blades","Masterful Stab"],"picked":"Cloak And Dagger","floor":10.0},{"not_picked":["Acrobatics","Dagger Throw"],"picked":"Bane","floor":13.0},{"not_picked":["Dagger Throw","Dodge and Roll","Malaise"],"picked":"SKIP","floor":14.0},{"not_picked":["Dagger Throw","Dodge and Roll"],"picked":"Malaise","floor":14.0},{"not_picked":["Slice","Calculated Gamble","Finisher+1"],"picked":"SKIP","floor":18.0},{"not_picked":["Slice","Finisher+1"],"picked":"Calculated Gamble","floor":18.0},{"not_picked":["Heel Hook","Bane+1","Noxious Fumes"],"picked":"SKIP","floor":23.0},{"not_picked":["Skewer+1","Outmaneuver","Footwork"],"picked":"SKIP","floor":25.0},{"not_picked":["Blade Dance","All Out Attack"],"picked":"Footwork+1","floor":28.0},{"not_picked":["Prepared+1","Backstab","Deadly Poison"],"picked":"SKIP","floor":29.0},{"not_picked":["A Thousand Cuts","Doppelganger"],"picked":"Adrenaline","floor":33.0},{"not_picked":["Quick Slash+1","Dagger Throw","Slice+1"],"picked":"SKIP","floor":35.0},{"not_picked":["Poisoned Stab+1","Blade Dance+1","Dodge and Roll"],"picked":"SKIP","floor":36.0},{"not_picked":["Finisher+1","Blade Dance+1","PiercingWail"],"picked":"SKIP","floor":37.0},{"not_picked":["Slice","Leg Sweep","Deadly Poison+1"],"picked":"SKIP","floor":41.0},{"not_picked":["Slice","Leg Sweep"],"picked":"Deadly Poison+1","floor":41.0},{"not_picked":["Dagger Spray+1","Setup+1","Catalyst"],"picked":"SKIP","floor":42.0},{"not_picked":["Blade Dance","Doppelganger","Prepared"],"picked":"SKIP","floor":44.0},{"not_picked":["Well Laid Plans+1","Escape Plan","Prepared+1"],"picked":"SKIP","floor":46.0},{"not_picked":["Prepared","Bane+1","Cloak And Dagger+1"],"picked":"SKIP","floor":48.0},{"not_picked":["Bane","Sucker Punch","Poisoned Stab"],"picked":"SKIP","floor":52.0},{"not_picked":["Prepared","Reflex","Slice"],"picked":"SKIP","floor":56.0},{"not_picked":["Underhanded Strike","Concentrate","Escape Plan"],"picked":"SKIP","floor":57.0},{"not_picked":["Dodge and Roll","All Out Attack"],"picked":"Burst","floor":62.0},{"not_picked":["Slice","Outmaneuver","PiercingWail"],"picked":"SKIP","floor":64.0},{"not_picked":["Deflect","Flying Knee"],"picked":"A Thousand Cuts","floor":65.0},{"not_picked":["Glass Knife","Die Die Die"],"picked":"Corpse Explosion","floor":67.0},{"not_picked":["Concentrate","Bane","Flying Knee+1"],"picked":"SKIP","floor":69.0},{"not_picked":["Underhanded Strike","Flying Knee","Sucker Punch+1"],"picked":"SKIP","floor":71.0},{"not_picked":["Doppelganger","Slice","Cloak And Dagger"],"picked":"SKIP","floor":72.0},{"not_picked":["Flying Knee","Leg Sweep","Noxious Fumes"],"picked":"SKIP","floor":73.0},{"not_picked":["Dagger Throw","Cloak And Dagger","Terror+1"],"picked":"Singing Bowl","floor":75.0},{"not_picked":["Poisoned Stab","Prepared+1","PiercingWail"],"picked":"Singing Bowl","floor":76.0},{"not_picked":["Blade Dance","Underhanded Strike+1","PiercingWail"],"picked":"Singing Bowl","floor":78.0},{"not_picked":["Bouncing Flask+1","Blade Dance","Dagger Spray"],"picked":"Singing Bowl","floor":79.0},{"not_picked":["PiercingWail","Blade Dance","Caltrops"],"picked":"Singing Bowl","floor":80.0},{"not_picked":["Dagger Spray","Well Laid Plans","Underhanded Strike"],"picked":"Singing Bowl","floor":81.0},{"not_picked":["Bane","Masterful Stab+1","Caltrops"],"picked":"Singing Bowl","floor":82.0},{"not_picked":["Grand Finale","Envenom","Adrenaline"],"picked":"Singing Bowl","floor":84.0},{"not_picked":["Well Laid Plans","Underhanded Strike","Backflip+1"],"picked":"Singing Bowl","floor":86.0},{"not_picked":["Riddle With Holes","Dagger Throw+1","Calculated Gamble"],"picked":"Singing Bowl","floor":87.0},{"not_picked":["infinitespire:SealOfDarkness+","infinitespire:SevenWalls","infinitespire:Menacing"],"picked":"Singing Bowl","floor":88.0},{"not_picked":["Dagger Spray","Backflip","Blade Dance+1"],"picked":"Singing Bowl","floor":89.0},{"not_picked":["Acrobatics+1","A Thousand Cuts","Dash+1"],"picked":"Singing Bowl","floor":91.0},{"not_picked":["Dash+1","Dagger Spray","Bane"],"picked":"Singing Bowl","floor":93.0},{"not_picked":["Dagger Spray+1","Accuracy","Crippling Poison+1"],"picked":"Singing Bowl","floor":95.0},{"not_picked":["Deadly Poison","Setup","Outmaneuver"],"picked":"Singing Bowl","floor":96.0},{"not_picked":["Deadly Poison","Expertise","Outmaneuver+1"],"picked":"Singing Bowl","floor":97.0},{"not_picked":["Mind Blast","Secret Technique","Swift Strike"],"picked":"Singing Bowl","floor":99.0},{"not_picked":["Tools of the Trade","Phantasmal Killer","Doppelganger"],"picked":"Singing Bowl","floor":101.0},{"not_picked":["Underhanded Strike","Prepared+1","Choke+1"],"picked":"Singing Bowl","floor":102.0},{"not_picked":["Deadly Poison","Dodge and Roll","Acrobatics"],"picked":"Singing Bowl","floor":103.0},{"not_picked":["Eviscerate","Backstab","Outmaneuver"],"picked":"Singing Bowl","floor":107.0},{"not_picked":["Deflect","Concentrate","Blade Dance"],"picked":"Singing Bowl","floor":108.0},{"not_picked":["PiercingWail","Prepared","Outmaneuver"],"picked":"Singing Bowl","floor":109.0},{"not_picked":["Dagger Throw","Prepared","Slice"],"picked":"Singing Bowl","floor":112.0},{"not_picked":["Eviscerate","Underhanded Strike","PiercingWail"],"picked":"Singing Bowl","floor":113.0},{"not_picked":["Burst","Blade Dance","Reflex"],"picked":"Singing Bowl","floor":116.0},{"not_picked":["Tactician","Quick Slash","Deadly Poison"],"picked":"Singing Bowl","floor":117.0},{"not_picked":["After Image","Corpse Explosion","Glass Knife"],"picked":"Singing Bowl","floor":118.0}],"player_experience":106001,"relics_obtained":[{"floor":9.0,"key":"MealTicket"},{"floor":10.0,"key":"White Beast Statue"},{"floor":22.0,"key":"Lantern"},{"floor":23.0,"key":"Regal Pillow"},{"floor":25.0,"key":"infinitespire:Beetle Shell"},{"floor":29.0,"key":"Dream Catcher"},{"floor":29.0,"key":"Blood Vial"},{"floor":41.0,"key":"infinitespire:ShieldingShard"},{"floor":41.0,"key":"War Paint"},{"floor":43.0,"key":"Paper Crane"},{"floor":44.0,"key":"Calipers"},{"floor":44.0,"key":"Art of War"},{"floor":57.0,"key":"infinitespire:Lucky Rock"},{"floor":57.0,"key":"Boot"},{"floor":60.0,"key":"StrikeDummy"},{"floor":62.0,"key":"Bag of Marbles"},{"floor":62.0,"key":"Potion Belt"},{"floor":64.0,"key":"infinitespire:Eraser"},{"floor":64.0,"key":"Smiling Mask"},{"floor":70.0,"key":"Juzu Bracelet"},{"floor":75.0,"key":"Nunchaku"},{"floor":75.0,"key":"Singing Bowl"},{"floor":77.0,"key":"infinitespire:PuzzleCube"},{"floor":79.0,"key":"FossilizedHelix"},{"floor":79.0,"key":"Pantograph"},{"floor":80.0,"key":"Pocketwatch"},{"floor":80.0,"key":"PreservedInsect"},{"floor":82.0,"key":"Bag of Preparation"},{"floor":82.0,"key":"Centennial Puzzle"},{"floor":85.0,"key":"Akabeko"},{"floor":85.0,"key":"Incense Burner"},{"floor":85.0,"key":"infinitespire:BottledMercury"},{"floor":89.0,"key":"Gambling Chip"},{"floor":91.0,"key":"Tiny Chest"},{"floor":91.0,"key":"Oddly Smooth Stone"},{"floor":93.0,"key":"Shuriken"},{"floor":94.0,"key":"Strawberry"},{"floor":95.0,"key":"StoneCalendar"},{"floor":95.0,"key":"Ancient Tea Set"},{"floor":111.0,"key":"infinitespire:Satchel"},{"floor":113.0,"key":"Vajra"},{"floor":113.0,"key":"Letter Opener"},{"floor":114.0,"key":"Blue Candle"}],"event_choices":[{"damage_healed":0.0,"max_hp_gain":0.0,"max_hp_loss":0.0,"gold_gain":0.0,"event_name":"Living Wall","player_choice":"Grow","floor":2.0,"gold_loss":0.0,"damage_taken":0.0,"cards_upgraded":["Discovery"]},{"damage_healed":0.0,"max_hp_gain":0.0,"max_hp_loss":0.0,"gold_gain":0.0,"event_name":"WeMeetAgain","player_choice":"Gave Potion","floor":5.0,"gold_loss":0.0,"damage_taken":0.0,"relics_obtained":["Omamori"]},{"damage_healed":0.0,"max_hp_gain":0.0,"max_hp_loss":0.0,"gold_gain":0.0,"event_name":"Golden Idol","player_choice":"Take Damage","floor":11.0,"gold_loss":0.0,"damage_taken":17.0,"relics_obtained":["Golden Idol"]},{"damage_healed":0.0,"max_hp_gain":0.0,"max_hp_loss":0.0,"gold_gain":0.0,"event_name":"The Woman in Blue","player_choice":"Bought 0 Potions","floor":19.0,"gold_loss":0.0,"damage_taken":0.0},{"damage_healed":0.0,"max_hp_gain":0.0,"max_hp_loss":0.0,"gold_gain":0.0,"event_name":"The Mausoleum","player_choice":"Opened","floor":21.0,"gold_loss":0.0,"damage_taken":0.0,"relics_obtained":["Happy Flower"]},{"damage_healed":0.0,"max_hp_gain":0.0,"max_hp_loss":0.0,"gold_gain":333.0,"event_name":"The Moai Head","player_choice":"Gave Idol","floor":39.0,"relics_lost":["Golden Idol"],"gold_loss":0.0,"damage_taken":0.0},{"damage_healed":0.0,"max_hp_gain":0.0,"max_hp_loss":0.0,"gold_gain":0.0,"event_name":"Match and Keep!","player_choice":"1 cards matched","floor":47.0,"gold_loss":0.0,"damage_taken":0.0,"cards_obtained":["infinitespire:Neurotoxin"]},{"damage_healed":0.0,"max_hp_gain":0.0,"max_hp_loss":0.0,"gold_gain":175.0,"event_name":"Liars Game","player_choice":"AGREE","floor":54.0,"gold_loss":0.0,"damage_taken":0.0,"cards_obtained":["Doubt"]},{"cards_removed":["Defend_G"],"damage_healed":0.0,"max_hp_gain":0.0,"max_hp_loss":0.0,"gold_gain":0.0,"event_name":"Bonfire Elementals","player_choice":"Offered Basic","floor":59.0,"gold_loss":0.0,"damage_taken":0.0},{"damage_healed":0.0,"max_hp_gain":0.0,"max_hp_loss":0.0,"gold_gain":0.0,"event_name":"Colosseum","player_choice":"Fight","floor":79.0,"gold_loss":0.0,"damage_taken":0.0},{"damage_healed":0.0,"max_hp_gain":0.0,"max_hp_loss":0.0,"gold_gain":0.0,"event_name":"Colosseum","player_choice":"Fought Nobs","floor":79.0,"gold_loss":0.0,"damage_taken":0.0},{"damage_healed":0.0,"max_hp_gain":0.0,"max_hp_loss":0.0,"gold_gain":0.0,"event_name":"Mysterious Sphere","player_choice":"Fight","floor":89.0,"gold_loss":0.0,"damage_taken":0.0},{"damage_healed":0.0,"max_hp_gain":0.0,"max_hp_loss":0.0,"gold_gain":0.0,"event_name":"SensoryStone","player_choice":"Memory 1","floor":99.0,"gold_loss":0.0,"damage_taken":0.0},{"damage_healed":0.0,"max_hp_gain":0.0,"max_hp_loss":0.0,"gold_gain":275.0,"event_name":"Golden Shrine","player_choice":"Desecrate","floor":105.0,"gold_loss":0.0,"damage_taken":0.0,"cards_obtained":["Regret"]}],"is_beta":false,"boss_relics":[{"not_picked":["Busted Crown","WristBlade"],"picked":"HoveringKite"},{"not_picked":["Empty Cage","Velvet Choker"],"picked":"Ring of the Serpent"},{"not_picked":["Runic Dome","Tiny House"],"picked":"SacredBark"},{"not_picked":["Runic Dome","Astrolabe"],"picked":"Pandora\u0027s Box"},{"not_picked":["SlaversCollar","infinitespire:Cupcake"],"picked":"Calling Bell"},{"not_picked":["Coffee Dripper","Fusion Hammer"],"picked":"Tiny House"},{"not_picked":["Snecko Eye","Coffee Dripper"],"picked":"Philosopher\u0027s Stone"}],"items_purged_floors":[4,12,20,27,53,63,88,104,106,110,115],"is_endless":true,"potions_floor_spawned":[1,13,14,16,18,23,25,28,29,33,35,36,37,41,42,44,46,48,50,52,55,56,57,62,64,65,67,69,71,72,73,75,76,78,79,79,80,81,82,84,86,87,89,91,93,95,96,97,101,103,107,109,113,116,118],"killed_by":"2 Thieves","ascension_level":1}}