{"host":"rw1trt79hfpl7pom","time":1612789680,"event":{"mods":["BaseMod","Bestiary","Colored Map","Minty Spire (QoL Compilation)","Relic Stats","StSLib","SuperFastMode"],"gold_per_floor":[112,130,130,142,142,175,175,210,263,284,284,299,342,415,415,511,511,535,36,50,50,64,104,123,157,157,157,207,207,251,266,266,357,657,673,698,37,62,80,113,113,154,154,197,197,241,265,9,9,9,9,9,9,9,53,53],"floor_reached":57,"language":"ENG","playtime":4265,"items_purged":["Strike_G+1","Strike_G+1"],"score":3200,"play_id":"2f51665f-74e6-46d3-880f-d28048474f44","local_time":"20210208050800","is_ascension_mode":true,"campfire_choices":[{"data":"Predator","floor":7.0,"key":"SMITH"},{"data":"Footwork","floor":15.0,"key":"SMITH"},{"data":"Wraith Form v2","floor":29,"key":"SMITH"},{"data":"Footwork","floor":32,"key":"SMITH"},{"floor":49,"key":"RECALL"},{"data":"Catalyst","floor":53,"key":"SMITH"}],"circlet_count":0,"master_deck":["AscendersBane","Strike_G+1","Strike_G+1","Defend_G+1","Defend_G+1","Defend_G+1","Defend_G+1","Defend_G+1","Survivor","Neutralize","Dagger Spray+1","Footwork+1","Predator+1","Predator","Footwork+1","Blur","Blade Dance","Wraith Form v2+1","Flechettes+1","Dash","Backstab+1","PiercingWail+1","Leg Sweep","Venomology","Calculated Gamble","Leg Sweep","Envenom+1","CurseOfTheBell","Crippling Poison+1","PiercingWail","Noxious Fumes+1","Blur+1","Leg Sweep","Noxious Fumes+1","Well Laid Plans+1","Dodge and Roll+1","Catalyst+1","PiercingWail","Deadly Poison","Catalyst+1","Footwork+1","Blur"],"relics":["Philosopher\u0027s Stone","Golden Idol","Ninja Scroll","Centennial Puzzle","Whetstone","Pocketwatch","Mummified Hand","SacredBark","Bird Faced Urn","Frozen Eye","Frozen Egg 2","Thread and Needle","PreservedInsect","Calling Bell","Strawberry","Letter Opener","Old Coin","Toy Ornithopter","Bag of Marbles","Orrery","StoneCalendar","Paper Crane","Oddly Smooth Stone","StrikeDummy","Ancient Tea Set","CeramicFish","Snake Skull"],"acts_visited":["Exordium","TheCity","TheBeyond","TheEnding"],"potions_floor_usage":[31,33,33,36,38,39,40,42,46,47,50,51,55,56,56,56],"damage_taken":[{"damage":0.0,"enemies":"2 Louse","floor":1.0,"turns":3.0},{"damage":0.0,"enemies":"Cultist","floor":2.0,"turns":4.0},{"damage":1.0,"enemies":"Jaw Worm","floor":4.0,"turns":5.0},{"damage":9.0,"enemies":"3 Sentries","floor":6.0,"turns":7.0},{"damage":6.0,"enemies":"Gremlin Nob","floor":8.0,"turns":3.0},{"damage":0.0,"enemies":"3 Louse","floor":10.0,"turns":2.0},{"damage":1.0,"enemies":"Red Slaver","floor":12.0,"turns":2.0},{"damage":1.0,"enemies":"Lagavulin","floor":13.0,"turns":8.0},{"damage":4.0,"enemies":"3 Sentries","floor":14.0,"turns":4.0},{"damage":35.0,"enemies":"Hexaghost","floor":16.0,"turns":13.0},{"damage":1.0,"enemies":"Chosen","floor":18.0,"turns":5.0},{"damage":16.0,"enemies":"3 Byrds","floor":20.0,"turns":6.0},{"damage":6.0,"enemies":"Shelled Parasite and Fungi","floor":22.0,"turns":6.0},{"damage":28.0,"enemies":"Book of Stabbing","floor":23.0,"turns":8.0},{"damage":15.0,"enemies":"Snake Plant","floor":24.0,"turns":7.0},{"damage":7.0,"enemies":"Gremlin Leader","floor":25.0,"turns":8.0},{"damage":0,"enemies":"Book of Stabbing","floor":30,"turns":8},{"damage":0,"enemies":"Centurion and Healer","floor":31,"turns":4},{"damage":35,"enemies":"Champ","floor":33,"turns":25},{"damage":2,"enemies":"Orb Walker","floor":35,"turns":4},{"damage":0,"enemies":"3 Shapes","floor":36,"turns":6},{"damage":0,"enemies":"Sphere and 2 Shapes","floor":38,"turns":7},{"damage":3,"enemies":"Maw","floor":39,"turns":7},{"damage":5,"enemies":"Giant Head","floor":40,"turns":9},{"damage":0,"enemies":"Reptomancer","floor":42,"turns":6},{"damage":20,"enemies":"Nemesis","floor":44,"turns":7},{"damage":0,"enemies":"Giant Head","floor":46,"turns":7},{"damage":1,"enemies":"Jaw Worm Horde","floor":47,"turns":5},{"damage":0,"enemies":"Donu and Deca","floor":50,"turns":10},{"damage":43,"enemies":"Awakened One","floor":51,"turns":17},{"damage":30,"enemies":"Shield and Spear","floor":55,"turns":8},{"damage":48,"enemies":"The Heart","floor":56,"turns":7}],"seed_played":"7575936387818719295","potions_obtained":[{"floor":2.0,"key":"AttackPotion"},{"floor":3.0,"key":"PowerPotion"},{"floor":8.0,"key":"Strength Potion"},{"floor":12.0,"key":"Dexterity Potion"},{"floor":24.0,"key":"BlessingOfTheForge"},{"floor":30,"key":"LiquidMemories"},{"floor":33,"key":"LiquidBronze"},{"floor":39,"key":"Dexterity Potion"},{"floor":46,"key":"Fruit Juice"},{"floor":47,"key":"PowerPotion"}],"is_trial":false,"path_per_floor":["M","M","?","M","?","E","R","E","T","M","?","M","E","?","R","B",null,"M","$","M","?","M","E","M","E","T","?","?","R","E","M","R","B",null,"M","M","$","M","M","E","T","E","T","E","?","E","M","$","R","B","B",null,"R","$","E","B",null],"character_chosen":"THE_SILENT","items_purchased":["Bird Faced Urn","Frozen Eye","Noxious Fumes+1","Toy Ornithopter","Bag of Marbles","Orrery","Footwork+1","Blur"],"campfire_rested":0,"item_purchase_floors":[19,19,37,37,37,37,48,48],"current_hp_per_floor":[59,59,59,58,58,49,49,43,43,43,48,47,46,42,42,7,51,50,50,40,40,40,18,9,8,8,21,21,21,27,33,33,4,57,61,69,69,72,72,67,67,72,72,64,64,72,82,82,82,82,60,77,77,77,68,51],"gold":53,"neow_bonus":"BOSS_RELIC","is_daily":false,"chose_seed":false,"campfire_upgraded":5,"win_rate":0.0,"timestamp":1612789680,"path_taken":["M","M","?","?","?","E","R","E","T","M","?","M","E","?","R","BOSS","M","$","M","?","M","E","M","E","T","?","?","R","E","M","R","BOSS","M","M","$","M","M","E","?","E","T","E","?","E","M","$","R","BOSS","BOSS","R","$","E","BOSS"],"items_purchased_type":["Relic","Relic","Card","Relic","Relic","Relic","Card","Card"],"build_version":"2020-12-22","purchased_purges":2,"victory":true,"max_hp_per_floor":[66,66,66,66,60,60,60,60,60,60,65,65,65,65,65,65,65,65,65,65,65,65,65,65,65,65,65,65,65,65,65,65,65,72,72,72,72,72,72,72,72,72,72,72,72,72,82,82,82,82,82,82,82,82,82,82],"relic_stats":{"counters":[32,228],"Golden Idol":250,"CeramicFish":27,"StoneCalendar":[240],"PreservedInsect":448,"Snake Skull":[18],"Whetstone":["Strike_G","Dagger Spray"],"Letter Opener":[198],"Centennial Puzzle":[57],"Mummified Hand":[158],"Bird Faced Urn":[135],"obtain_stats":[{"SacredBark":17,"CeramicFish":46,"StoneCalendar":40,"Snake Skull":55,"Whetstone":9,"Ancient Tea Set":44,"Old Coin":34,"Frozen Eye":19,"Centennial Puzzle":8,"Ninja Scroll":6,"Mummified Hand":14,"Strawberry":34,"Philosopher\u0027s Stone":0,"Ring of the Snake":0,"Golden Idol":5,"Oddly Smooth Stone":42,"Thread and Needle":25,"PreservedInsect":30,"Letter Opener":34,"Frozen Egg 2":23,"Paper Crane":41,"Calling Bell":34,"Bird Faced Urn":19,"Orrery":37,"Bag of Marbles":37,"StrikeDummy":43,"Toy Ornithopter":37,"Pocketwatch":13},{"SacredBark":10,"CeramicFish":27,"StoneCalendar":24,"Snake Skull":31,"Whetstone":5,"Ancient Tea Set":26,"Old Coin":19,"Frozen Eye":11,"Centennial Puzzle":5,"Ninja Scroll":4,"Mummified Hand":8,"Strawberry":19,"Philosopher\u0027s Stone":0,"Ring of the Snake":0,"Golden Idol":3,"Oddly Smooth Stone":25,"Thread and Needle":16,"PreservedInsect":17,"Letter Opener":19,"Frozen Egg 2":14,"Paper Crane":24,"Calling Bell":19,"Bird Faced Urn":11,"Orrery":21,"Bag of Marbles":21,"StrikeDummy":25,"Toy Ornithopter":21,"Pocketwatch":8},{"SacredBark":51,"CeramicFish":181,"StoneCalendar":161,"Snake Skull":221,"Whetstone":22,"Ancient Tea Set":174,"Old Coin":128,"Frozen Eye":56,"Centennial Puzzle":22,"Ninja Scroll":19,"Mummified Hand":34,"Strawberry":128,"Philosopher\u0027s Stone":0,"Ring of the Snake":0,"Golden Idol":12,"Oddly Smooth Stone":167,"Thread and Needle":91,"PreservedInsect":99,"Letter Opener":128,"Frozen Egg 2":76,"Paper Crane":161,"Calling Bell":128,"Bird Faced Urn":56,"Orrery":138,"Bag of Marbles":138,"StrikeDummy":167,"Toy Ornithopter":138,"Pocketwatch":34}],"Toy Ornithopter":32,"Pocketwatch":[234]},"card_choices":[{"not_picked":["Prepared","Flying Knee"],"picked":"Dagger Spray","floor":1.0},{"not_picked":["Dagger Throw","Glass Knife"],"picked":"Footwork","floor":2.0},{"not_picked":["Bane","Outmaneuver"],"picked":"Predator","floor":4.0},{"not_picked":["Quick Slash","Deflect"],"picked":"Predator","floor":6.0},{"not_picked":["Terror","Quick Slash"],"picked":"Footwork","floor":8.0},{"not_picked":["Deadly Poison","Quick Slash"],"picked":"Blur","floor":10.0},{"not_picked":["Dagger Spray","Outmaneuver","Doppelganger"],"picked":"SKIP","floor":12.0},{"not_picked":["Caltrops","Cloak And Dagger"],"picked":"Blade Dance","floor":13.0},{"not_picked":["Night Terror","Grand Finale"],"picked":"Wraith Form v2","floor":16.0},{"not_picked":["Flying Knee","Deflect"],"picked":"Flechettes+1","floor":18.0},{"not_picked":["Deflect","Bane"],"picked":"Dash","floor":20.0},{"not_picked":["Endless Agony","PiercingWail"],"picked":"Backstab+1","floor":22.0},{"not_picked":["Blur","Deflect"],"picked":"PiercingWail+1","floor":23.0},{"not_picked":["Glass Knife","Caltrops+1"],"picked":"Leg Sweep","floor":24.0},{"not_picked":["Heel Hook","Blur"],"picked":"Venomology","floor":25.0},{"not_picked":["Deflect+1","Sucker Punch"],"picked":"Calculated Gamble","floor":30},{"not_picked":["Slice","Distraction"],"picked":"Leg Sweep","floor":31},{"not_picked":["Bullet Time","Burst"],"picked":"Envenom+1","floor":33},{"not_picked":["Flying Knee","Dagger Spray+1"],"picked":"Crippling Poison+1","floor":35},{"not_picked":["Cloak And Dagger","Setup"],"picked":"PiercingWail","floor":36},{"not_picked":["Backflip","Flechettes"],"picked":"Blur+1","floor":37},{"not_picked":["PiercingWail","Flechettes"],"picked":"Leg Sweep","floor":37},{"not_picked":["Unload","Skewer"],"picked":"Noxious Fumes+1","floor":38},{"not_picked":["Underhanded Strike","Prepared+1"],"picked":"Well Laid Plans+1","floor":39},{"not_picked":["Bane","Phantasmal Killer"],"picked":"Dodge and Roll+1","floor":40},{"not_picked":["Underhanded Strike","PiercingWail"],"picked":"Catalyst","floor":42},{"not_picked":["Quick Slash+1","Dagger Throw"],"picked":"PiercingWail","floor":44},{"not_picked":["Skewer","Grand Finale","Accuracy+1"],"picked":"SKIP","floor":46},{"not_picked":["Outmaneuver+1","Setup+1"],"picked":"Catalyst+1","floor":47},{"not_picked":["Underhanded Strike","Unload","Deadly Poison"],"picked":"SKIP","floor":55}],"player_experience":2645114,"relics_obtained":[{"floor":6.0,"key":"Ninja Scroll"},{"floor":8.0,"key":"Centennial Puzzle"},{"floor":9.0,"key":"Whetstone"},{"floor":13.0,"key":"Pocketwatch"},{"floor":23.0,"key":"Frozen Egg 2"},{"floor":25.0,"key":"Thread and Needle"},{"floor":30,"key":"PreservedInsect"},{"floor":34,"key":"Strawberry"},{"floor":34,"key":"Letter Opener"},{"floor":34,"key":"Old Coin"},{"floor":40,"key":"StoneCalendar"},{"floor":41,"key":"Paper Crane"},{"floor":42,"key":"Oddly Smooth Stone"},{"floor":43,"key":"StrikeDummy"},{"floor":44,"key":"Ancient Tea Set"},{"floor":46,"key":"CeramicFish"},{"floor":55,"key":"Snake Skull"}],"event_choices":[{"damage_healed":0.0,"max_hp_gain":0.0,"max_hp_loss":0.0,"gold_gain":0.0,"event_name":"Lab","player_choice":"Got Potions","floor":3.0,"gold_loss":0.0,"damage_taken":0.0},{"damage_healed":0.0,"max_hp_gain":0.0,"max_hp_loss":6.0,"gold_gain":0.0,"event_name":"Golden Idol","player_choice":"Lose Max HP","floor":5.0,"gold_loss":0.0,"damage_taken":0.0,"relics_obtained":["Golden Idol"]},{"damage_healed":0.0,"max_hp_gain":5.0,"max_hp_loss":0.0,"gold_gain":0.0,"event_name":"Big Fish","player_choice":"Donut","floor":11.0,"gold_loss":0.0,"damage_taken":0.0},{"damage_healed":0.0,"max_hp_gain":0.0,"max_hp_loss":0.0,"gold_gain":0.0,"event_name":"Dead Adventurer","player_choice":"Searched \u00272\u0027 times","floor":14.0,"gold_loss":0.0,"damage_taken":0.0,"relics_obtained":["Mummified Hand"]},{"damage_healed":0.0,"max_hp_gain":0.0,"max_hp_loss":0.0,"gold_gain":0.0,"event_name":"Back to Basics","player_choice":"Simplicity","floor":21.0,"gold_loss":0.0,"damage_taken":0.0,"cards_upgraded":["Strike_G","Strike_G","Strike_G","Strike_G","Defend_G","Defend_G","Defend_G","Defend_G","Defend_G"]},{"damage_healed":13,"gold_gain":0,"player_choice":"Heal","damage_taken":0,"max_hp_gain":0,"max_hp_loss":0,"event_name":"The Library","floor":27,"gold_loss":0},{"damage_healed":0,"gold_gain":50,"player_choice":"Pray","damage_taken":0,"max_hp_gain":0,"max_hp_loss":0,"event_name":"Golden Shrine","floor":28,"gold_loss":0},{"damage_healed":0,"gold_gain":0,"cards_transformed":["Strike_G"],"player_choice":"Transformed","damage_taken":0,"max_hp_gain":0,"max_hp_loss":0,"event_name":"Transmorgrifier","floor":45,"gold_loss":0,"cards_obtained":["Deadly Poison"]}],"is_beta":false,"boss_relics":[{"not_picked":["Tiny House","Fusion Hammer"],"picked":"SacredBark"},{"not_picked":["Velvet Choker","Pandora\u0027s Box"],"picked":"Calling Bell"}],"items_purged_floors":[37,48],"is_endless":false,"potions_floor_spawned":[2,4,8,12,24,30,31,33,35,39,42,44,46,47,55],"ascension_level":20}}