{"host":"rq7gz685gkaokql0","time":1612745763,"event":{"mods":["BaseMod","Hubris","Infinite Spire","Minty Spire (QoL Compilation)","Replay The Spire","StSLib"],"gold_per_floor":[109,123,143,218,233,261,261,273,319,319,352,502,502,520,520,593,593,603,32,48,48,48,74,74,92,115,115,115,130,162,162,162,235,285,295,309,309,309,322,422,422],"floor_reached":40,"language":"ENG","playtime":1582,"items_purged":["Doubt"],"score":1197,"play_id":"acadbb25-b3b6-48fd-8fbb-f13b73ef8f81","local_time":"20210207145603","is_ascension_mode":true,"campfire_choices":[{"floor":7,"key":"REST"},{"floor":13,"key":"REST"},{"data":"Noxious Fumes","floor":15,"key":"SMITH"},{"floor":27,"key":"REST"},{"data":"Terror","floor":32,"key":"SMITH"}],"circlet_count":0,"master_deck":["AscendersBane","Strike_G","Strike_G","Strike_G","Strike_G","Strike_G","Defend_G","Defend_G","Defend_G","Defend_G","Survivor","Neutralize","Draining Mist","Terror+1","Blade Dance","Flying Knee","Bouncing Flask","Dagger Spray+1","ReplayTheSpireMod:From All Sides","Noxious Fumes+1","ReplayTheSpireMod:Necrosis","Poisoned Stab","Dash","Dagger Spray+1","infinitespire:DeathsTouch","infinitespire:SevenWalls","Slice","Toxin Wave","hubris:Sniper","Dash+1","Pain","A Thousand Cuts","Bane+1","Infinite Blades","Leg Sweep+1","Backstab+1"],"relics":["NeowsBlessing","hubris:ToyBattleship","Orichalcum","Sizzling Blood","infinitespire:Golems Mask","hubris:GrandSneckoEye","infinitespire:Lychee Nut","HandDrill","hubris:Icosahedron","Oddly Smooth Stone","Du-Vu Doll","hubris:TenFootPole","Letter Opener","WarpedTongs","Tiny House","Snack Pack"],"acts_visited":["Exordium","TheCity","TheBeyond"],"potions_floor_usage":[6,11,16,23,30,40,40],"damage_taken":[{"damage":0,"enemies":"Cultist","floor":1,"turns":1},{"damage":0,"enemies":"2 Louse","floor":2,"turns":1},{"damage":0,"enemies":"Jaw Worm","floor":3,"turns":1},{"damage":10,"enemies":"3 Louse","floor":5,"turns":4},{"damage":8,"enemies":"Gremlin Nob","floor":6,"turns":3},{"damage":6,"enemies":"Blue Slaver","floor":8,"turns":4},{"damage":22,"enemies":"3 Sentries","floor":11,"turns":9},{"damage":0,"enemies":"Large Slime","floor":14,"turns":4},{"damage":17,"enemies":"The Guardian","floor":16,"turns":9},{"damage":7,"enemies":"3 Byrds","floor":18,"turns":4},{"damage":15,"enemies":"Shell Parasite","floor":20,"turns":2},{"damage":26,"enemies":"Nightmare","floor":23,"turns":5},{"damage":3,"enemies":"Cultist and Chosen","floor":25,"turns":5},{"damage":2,"enemies":"Snecko","floor":29,"turns":3},{"damage":5,"enemies":"Gremlin Leader","floor":30,"turns":6},{"damage":12,"enemies":"Pondfish","floor":33,"turns":8},{"damage":0,"enemies":"3 Shapes","floor":35,"turns":3},{"damage":32,"enemies":"3 Darklings","floor":36,"turns":3},{"damage":38,"enemies":"Spire Growth","floor":39,"turns":5},{"damage":23,"enemies":"Nightmare","floor":40,"turns":4}],"seed_played":"-6926174050325937850","potions_obtained":[{"floor":2,"key":"SteroidPotion"},{"floor":5,"key":"EssenceOfSteel"},{"floor":11,"key":"PowerPotion"},{"floor":16,"key":"Regen Potion"},{"floor":25,"key":"ColorlessPotion"},{"floor":29,"key":"Venom Potion"},{"floor":33,"key":"Elixir"},{"floor":34,"key":"Reflective Coating"}],"is_trial":false,"path_per_floor":["M","M","M","?","M","E","R","M","T","?","E","?","R","M","R","B",null,"M","$","M","?","?","NM","AVR","M","T","R","?","M","E","?","R","B",null,"M","M","T","?","M","NM"],"character_chosen":"THE_SILENT","items_purchased":["infinitespire:Lychee Nut","HandDrill"],"campfire_rested":3,"item_purchase_floors":[19,19],"current_hp_per_floor":[59,59,59,48,38,30,49,43,43,47,29,29,50,54,54,41,63,60,52,43,43,30,28,28,35,35,52,52,57,56,56,56,49,60,62,37,37,37,11,0,0],"gold":422,"neow_bonus":"THREE_ENEMY_KILL","is_daily":false,"chose_seed":false,"campfire_upgraded":2,"win_rate":0.0,"timestamp":1612745763,"path_taken":["M","M","?","?","M","E","R","M","T","?","E","?","R","M","R","BOSS","M","$","M","?","?","NM","AVR","M","T","R","?","M","E","?","R","BOSS","M","M","?","?","M","NM"],"items_purchased_type":["Relic","Relic"],"build_version":"2020-12-22","purchased_purges":1,"victory":false,"max_hp_per_floor":[66,66,66,66,66,66,66,66,66,70,70,70,70,70,70,70,70,70,52,52,52,57,57,57,57,57,57,57,57,57,57,57,57,62,62,62,62,62,62,62,62],"card_choices":[{"not_picked":["Dagger Throw","Deflect"],"picked":"Draining Mist","floor":1},{"not_picked":["Fluid Movement","Sucker Punch"],"picked":"Terror","floor":2},{"not_picked":["Cloak And Dagger","Hidden Blade"],"picked":"Blade Dance","floor":3},{"not_picked":["Backflip","Eviscerate"],"picked":"Flying Knee","floor":5},{"not_picked":["Dodge and Roll","Outmaneuver"],"picked":"Bouncing Flask","floor":6},{"not_picked":["Deflect","Sucker Punch"],"picked":"Dagger Spray","floor":8},{"not_picked":["Noxious Fumes","Deflect"],"picked":"ReplayTheSpireMod:From All Sides","floor":11},{"not_picked":["ReplayTheSpireMod:The Works","Reflex"],"picked":"Noxious Fumes","floor":14},{"not_picked":["Doppelganger","ReplayTheSpireMod:From All Sides"],"picked":"ReplayTheSpireMod:Necrosis","floor":16},{"not_picked":["Prepared","Choke"],"picked":"Poisoned Stab","floor":18},{"not_picked":["Hidden Blade","Slice"],"picked":"Dash","floor":20},{"not_picked":["Blade Dance","Skewer+1"],"picked":"Dagger Spray+1","floor":23},{"not_picked":["infinitespire:SealOfDarkness+","infinitespire:UltimateForm"],"picked":"infinitespire:DeathsTouch","floor":23},{"not_picked":["Concentrate","Dodge and Roll"],"picked":"Slice","floor":25},{"not_picked":["Sucker Punch","Underhanded Strike"],"picked":"hubris:Sniper","floor":29},{"not_picked":["Deflect","Bouncing Flask"],"picked":"Dash+1","floor":30},{"not_picked":["Adrenaline","Phantasmal Killer"],"picked":"A Thousand Cuts","floor":33},{"not_picked":["Sucker Punch","Acrobatics"],"picked":"Bane+1","floor":34},{"not_picked":["Dagger Throw+1","Heel Hook"],"picked":"Infinite Blades","floor":35},{"not_picked":["Escape Plan+1","Concentrate"],"picked":"Leg Sweep+1","floor":36},{"not_picked":["Draining Mist","Hidden Blade"],"picked":"Backstab+1","floor":39}],"player_experience":1266819,"relics_obtained":[{"floor":6,"key":"hubris:ToyBattleship"},{"floor":9,"key":"Orichalcum"},{"floor":11,"key":"infinitespire:Golems Mask"},{"floor":23,"key":"Oddly Smooth Stone"},{"floor":26,"key":"hubris:TenFootPole"},{"floor":30,"key":"Letter Opener"},{"floor":37,"key":"Snack Pack"}],"event_choices":[{"damage_healed":0,"gold_gain":75,"player_choice":"Gather Gold","damage_taken":11,"max_hp_gain":0,"max_hp_loss":0,"event_name":"World of Goop","floor":4,"gold_loss":0},{"damage_healed":0,"gold_gain":150,"player_choice":"AGREE","damage_taken":0,"max_hp_gain":0,"max_hp_loss":0,"event_name":"Liars Game","floor":12,"gold_loss":0,"cards_obtained":["Doubt"]},{"damage_healed":0,"gold_gain":0,"player_choice":"Shed Blood","damage_taken":18,"max_hp_gain":5,"max_hp_loss":0,"event_name":"Forgotten Altar","floor":22,"gold_loss":0},{"damage_healed":0,"gold_gain":0,"player_choice":"Rummage","damage_taken":0,"relics_obtained":["WarpedTongs"],"max_hp_gain":0,"max_hp_loss":0,"event_name":"Accursed Blacksmith","floor":31,"gold_loss":0,"cards_obtained":["Pain"]},{"cards_removed":["Defend_G"],"damage_healed":0,"gold_gain":0,"player_choice":"Removed Skill","damage_taken":0,"max_hp_gain":0,"max_hp_loss":0,"event_name":"Falling","floor":38,"gold_loss":0}],"is_beta":false,"boss_relics":[{"not_picked":["Fusion Hammer","hubris:VirtuousBlindfold"],"picked":"hubris:GrandSneckoEye"},{"not_picked":["Runic Pyramid","hubris:BlackHole"],"picked":"Tiny House"}],"items_purged_floors":[19],"is_endless":true,"potions_floor_spawned":[2,5,11,16,25,29,33,36,39],"killed_by":"Nightmare","ascension_level":20}}