{"host":"4lch21uqe3ag08cj","time":1612747559,"event":{"mods":["AchievementEnabler","BaseMod","Block Reminder","Colored Map","Colored Powertips","Minty Spire (QoL Compilation)","Permanent Neow","Relic Stats"],"gold_per_floor":[115,135,146,71,89,119,119,134,134,159,159,174,205,215,215,314,314,328,328,344,362,38,38,73,73,127,141,141,170,20,53,53,53,53],"floor_reached":33,"language":"ENG","playtime":2376,"items_purged":["Defend_G","Strike_G"],"score":410,"play_id":"decfd81b-a17f-49b6-9fd8-ee7dad2c11a7","local_time":"20210207222559","is_ascension_mode":true,"campfire_choices":[{"data":"Doppelganger","floor":7,"key":"SMITH"},{"data":"Blade Dance","floor":11,"key":"SMITH"},{"floor":15,"key":"REST"},{"data":"Leg Sweep","floor":23,"key":"SMITH"},{"data":"Crippling Poison","floor":32,"key":"SMITH"}],"circlet_count":0,"master_deck":["Defend_G","Defend_G","Defend_G","Defend_G","Survivor","Neutralize","Doppelganger+1","Sucker Punch","Sucker Punch","Backflip","Quick Slash","Leg Sweep+1","Blade Dance+1","Die Die Die","Quick Slash+1","Endless Agony","Storm of Steel","Well Laid Plans","Bite","Bite","Bite+1","Bite","Bite","Crippling Poison+1","Burst","Cloak And Dagger+1"],"relics":["Ring of the Snake","Smiling Mask","Pear","Incense Burner","Snecko Eye","Orichalcum","Gremlin Horn","Whetstone","Medical Kit","Art of War"],"acts_visited":["Exordium","TheCity"],"potions_floor_usage":[10,10,13,16,24,24,29,29,33],"damage_taken":[{"damage":0,"enemies":"Small Slimes","floor":1,"turns":4},{"damage":1,"enemies":"2 Louse","floor":2,"turns":3},{"damage":1,"enemies":"Jaw Worm","floor":3,"turns":4},{"damage":14,"enemies":"Exordium Wildlife","floor":5,"turns":5},{"damage":24,"enemies":"3 Sentries","floor":6,"turns":13},{"damage":0,"enemies":"Looter","floor":8,"turns":3},{"damage":17,"enemies":"Gremlin Nob","floor":10,"turns":5},{"damage":14,"enemies":"Exordium Thugs","floor":12,"turns":4},{"damage":8,"enemies":"Lagavulin","floor":13,"turns":5},{"damage":0,"enemies":"Blue Slaver","floor":14,"turns":3},{"damage":3,"enemies":"Slime Boss","floor":16,"turns":11},{"damage":0,"enemies":"Shell Parasite","floor":18,"turns":5},{"damage":0,"enemies":"3 Byrds","floor":20,"turns":3},{"damage":10,"enemies":"Centurion and Healer","floor":21,"turns":6},{"damage":5,"enemies":"Gremlin Leader","floor":24,"turns":6},{"damage":9,"enemies":"Chosen and Byrds","floor":27,"turns":6},{"damage":21,"enemies":"Slavers","floor":29,"turns":9},{"damage":8,"enemies":"Book of Stabbing","floor":31,"turns":7},{"damage":91,"enemies":"Collector","floor":33,"turns":14}],"seed_played":"6596165385585545606","potions_obtained":[{"floor":3,"key":"GamblersBrew"},{"floor":8,"key":"ColorlessPotion"},{"floor":12,"key":"PowerPotion"},{"floor":13,"key":"GhostInAJar"},{"floor":16,"key":"Block Potion"},{"floor":21,"key":"Energy Potion"},{"floor":24,"key":"GamblersBrew"},{"floor":29,"key":"CunningPotion"},{"floor":31,"key":"FairyPotion"}],"is_trial":false,"path_per_floor":["M","M","M","$","M","E","R","M","T","E","R","M","E","M","R","B",null,"M","?","M","M","$","R","E","?","T","M","?","E","$","E","R","B"],"character_chosen":"THE_SILENT","items_purchased":["Well Laid Plans","Orichalcum","PowerPotion","Medical Kit"],"campfire_rested":1,"item_purchase_floors":[22,22,22,30],"current_hp_per_floor":[70,69,68,68,54,30,30,30,40,23,23,11,5,7,31,30,80,80,80,80,70,70,70,67,67,67,72,57,48,48,50,50,15,15],"gold":53,"neow_bonus":"ONE_RANDOM_RARE_CARD","is_daily":false,"chose_seed":false,"campfire_upgraded":4,"win_rate":0.0,"timestamp":1612747559,"path_taken":["M","M","M","$","M","E","R","M","T","E","R","M","E","M","R","BOSS","M","?","M","M","$","R","E","?","T","M","?","E","?","E","R","BOSS"],"items_purchased_type":["Card","Relic","Potion","Relic"],"build_version":"2020-12-22","purchased_purges":2,"victory":false,"max_hp_per_floor":[70,70,70,70,70,70,70,70,80,80,80,80,80,80,80,80,80,80,80,80,80,80,80,80,80,80,80,85,85,85,85,85,85,85],"relic_stats":{"Gremlin Horn":[9,9],"counters":[19,116],"Snecko Eye":[114,114,127,98],"Art of War":[1],"Whetstone":["Bite","Quick Slash"],"Orichalcum":[72],"Smiling Mask":50,"Medical Kit":[3],"obtain_stats":[{"Blood Vial":10,"Pear":9,"Gremlin Horn":24,"Snecko Eye":17,"Incense Burner":13,"Art of War":31,"Whetstone":29,"Orichalcum":22,"Smiling Mask":6,"Medical Kit":30,"Ring of the Snake":0},{"Blood Vial":7,"Pear":6,"Gremlin Horn":15,"Snecko Eye":11,"Incense Burner":9,"Art of War":18,"Whetstone":17,"Orichalcum":14,"Smiling Mask":5,"Medical Kit":17,"Ring of the Snake":0},{"Blood Vial":37,"Pear":32,"Gremlin Horn":80,"Snecko Eye":60,"Incense Burner":46,"Art of War":102,"Whetstone":95,"Orichalcum":74,"Smiling Mask":29,"Medical Kit":95,"Ring of the Snake":0}],"Ring of the Snake":[38]},"card_choices":[{"not_picked":["Acrobatics","Slice"],"picked":"Sucker Punch","floor":1},{"not_picked":["Caltrops","Dodge and Roll"],"picked":"Sucker Punch","floor":2},{"not_picked":["Slice","Prepared","Finisher"],"picked":"SKIP","floor":3},{"not_picked":["Flying Knee","Choke"],"picked":"Backflip","floor":5},{"not_picked":["All Out Attack","PiercingWail"],"picked":"Quick Slash","floor":6},{"not_picked":["Flying Knee","Deflect"],"picked":"Leg Sweep","floor":8},{"not_picked":["Flying Knee","Escape Plan"],"picked":"Blade Dance","floor":10},{"not_picked":["Bane","Caltrops"],"picked":"Die Die Die","floor":12},{"not_picked":["Flying Knee","All Out Attack"],"picked":"Quick Slash","floor":13},{"not_picked":["Flying Knee","Reflex"],"picked":"Endless Agony","floor":14},{"not_picked":["Tools of the Trade","Doppelganger"],"picked":"Storm of Steel","floor":16},{"not_picked":["Deadly Poison","Sucker Punch","Flying Knee"],"picked":"SKIP","floor":18},{"not_picked":["Prepared+1","Terror","Deflect"],"picked":"SKIP","floor":20},{"not_picked":["Dagger Spray","Underhanded Strike","Deflect"],"picked":"SKIP","floor":21},{"not_picked":["Blade Dance","Endless Agony","Underhanded Strike+1"],"picked":"SKIP","floor":24},{"not_picked":["Acrobatics","Dodge and Roll"],"picked":"Crippling Poison","floor":27},{"not_picked":["Underhanded Strike+1","Leg Sweep"],"picked":"Burst","floor":29},{"not_picked":["Dagger Throw","Acrobatics"],"picked":"Cloak And Dagger+1","floor":31}],"player_experience":50875,"relics_obtained":[{"floor":6,"key":"Smiling Mask"},{"floor":9,"key":"Pear"},{"floor":10,"key":"Blood Vial"},{"floor":13,"key":"Incense Burner"},{"floor":24,"key":"Gremlin Horn"},{"floor":29,"key":"Whetstone"},{"floor":31,"key":"Art of War"}],"event_choices":[{"cards_removed":["Strike_G"],"damage_healed":0,"gold_gain":0,"player_choice":"Elegance","damage_taken":0,"max_hp_gain":0,"max_hp_loss":0,"event_name":"Back to Basics","floor":19,"gold_loss":0},{"damage_healed":0,"gold_gain":0,"player_choice":"Became a vampire (Vial)","damage_taken":0,"max_hp_gain":0,"max_hp_loss":0,"event_name":"Vampires","floor":25,"relics_lost":["Blood Vial"],"gold_loss":0,"cards_obtained":["Bite","Bite","Bite","Bite","Bite"]},{"damage_healed":0,"gold_gain":0,"player_choice":"Shed Blood","damage_taken":20,"max_hp_gain":5,"max_hp_loss":0,"event_name":"Forgotten Altar","floor":28,"gold_loss":0}],"is_beta":false,"boss_relics":[{"not_picked":["Ectoplasm","Black Star"],"picked":"Snecko Eye"}],"items_purged_floors":[4,22],"is_endless":false,"potions_floor_spawned":[3,8,12,13,16,21,24,29,31],"killed_by":"Collector","ascension_level":2}}