{"host":"ewns8ifhbubwkcum","time":1612823878,"event":{"mods":["BaseMod","Block Reminder","Colored Map","Colored Powertips","Downfall","Highlight Path","Minty Spire (QoL Compilation)","Permanent Neow","Quick Restart","Random Character Button","StSLib"],"gold_per_floor":[99,112,123,298,298,298,323,338,358,88,88,113,13,40,52,52,52,52],"floor_reached":16,"language":"ENG","playtime":1120,"items_purged":["Doubt"],"score":138,"play_id":"bc209ecf-2c70-40fc-a7f4-d8a3cfa4c500","local_time":"20210208163758","is_ascension_mode":true,"campfire_choices":[{"data":"Slimebound:OozeBath","floor":1.0,"key":"SMITH"},{"data":"Slimebound:HungryTackle","floor":6.0,"key":"SMITH"},{"data":"Slimebound:CorrosiveSpit","floor":13,"key":"SMITH"}],"circlet_count":0,"master_deck":["Slimebound:Strike_Slimebound","Slimebound:Strike_Slimebound","Slimebound:Strike_Slimebound","Slimebound:Tackle","Slimebound:Defend_Slimebound","Slimebound:Defend_Slimebound","Slimebound:Defend_Slimebound","Slimebound:Defend_Slimebound","Slimebound:Split+1","Slimebound:CorrosiveSpit+1","Clumsy","Slimebound:OozeBath+1","Slimebound:HungryTackle+1","Slimebound:Replication+1","Slimebound:LeechingTouch","Slimebound:LivingWall","Slimebound:FlameTackle","Slimebound:LeechEnergy","hexamod:ThirdSeal","Metallicize","sneckomod:UnknownStrike","Acrobatics"],"relics":["Slimebound:AbsorbEndCombat","PrismaticShard","Bronze Scales","downfall:HeartBlessingBlue","Smiling Mask"],"acts_visited":["Exordium"],"potions_floor_usage":[12,16],"damage_taken":[{"damage":0.0,"enemies":"Small Slimes","floor":2.0,"turns":4.0},{"damage":6.0,"enemies":"Cultist","floor":3.0,"turns":3.0},{"damage":9.0,"enemies":"2 Louse","floor":8.0,"turns":4.0},{"damage":13.0,"enemies":"Blue Slaver","floor":9.0,"turns":4.0},{"damage":0.0,"enemies":"downfall:FleeingMerchant","floor":10.0,"turns":4.0},{"damage":24,"enemies":"3 Sentries","floor":12,"turns":8},{"damage":20,"enemies":"Gremlin Nob","floor":14,"turns":4},{"damage":24,"enemies":"2 Fungi Beasts","floor":15,"turns":4},{"damage":17,"enemies":"IC_STATUS_ARCHETYPE","floor":16,"turns":2}],"seed_played":"-6692646233800140163","potions_obtained":[{"floor":8.0,"key":"SkillPotion"},{"floor":9.0,"key":"sneckomod:MuddlingPotion"},{"floor":15,"key":"hexamod:SoulburnPotion"}],"is_trial":false,"path_per_floor":["R","M","M","?","?","R","T","M","M","$","?","E","R","E","M","B"],"character_chosen":"SLIMEBOUND","items_purchased":["Slimebound:LeechEnergy","PrismaticShard"],"campfire_rested":0,"item_purchase_floors":[10,10],"current_hp_per_floor":[65,65,61,61,61,61,61,54,47,51,51,31,41,27,7,0,0,0],"gold":52,"neow_bonus":"THREE_RARE_CARDS","is_daily":false,"chose_seed":false,"campfire_upgraded":3,"win_rate":0.0,"timestamp":1612823878,"path_taken":["R","M","M","?","?","R","T","?","M","$","?","E","R","E","M","BOSS"],"items_purchased_type":["Card","Relic"],"build_version":"2020-12-22","purchased_purges":1,"victory":false,"max_hp_per_floor":[65,65,65,65,65,65,65,65,65,65,65,65,75,75,75,75,75,75],"card_choices":[{"not_picked":["Slimebound:TagTeam","Slimebound:SlimeSlap"],"picked":"Slimebound:OozeBath","floor":0.0},{"not_picked":["Slimebound:SamplingLick","Slimebound:ForwardTackle"],"picked":"Slimebound:HungryTackle","floor":2.0},{"not_picked":["Slimebound:Grow","Slimebound:SlimeSpikes"],"picked":"Slimebound:Replication","floor":3.0},{"not_picked":["Slimebound:ViciousTackle","Slimebound:ItLooksTasty"],"picked":"Slimebound:LeechingTouch","floor":8.0},{"not_picked":["Slimebound:RejuvenatingLick","Slimebound:GoopTackle"],"picked":"Slimebound:LivingWall","floor":9.0},{"not_picked":["Slimebound:GoopTackle","Slimebound:RejuvenatingLick"],"picked":"Slimebound:FlameTackle","floor":10.0},{"not_picked":["hexamod:InspiringFlames","Slimebound:OneTwoCombo"],"picked":"hexamod:ThirdSeal","floor":12},{"not_picked":["Slimebound:ItLooksTasty","Crescendo"],"picked":"Metallicize","floor":14},{"not_picked":["hexamod:HeatMetal","sneckomod:UnknownClassBLUE"],"picked":"sneckomod:UnknownStrike","floor":14},{"not_picked":["Deadly Poison","Redo"],"picked":"Acrobatics","floor":15},{"not_picked":["Slimebound:SplitBruiser","Blood for Blood","sneckomod:Unknown0Cost"],"picked":"SKIP","floor":15}],"player_experience":1158105,"relics_obtained":[{"floor":12,"key":"Bronze Scales"},{"floor":14,"key":"Smiling Mask"}],"event_choices":[{"cards_removed":["downfall:Bewildered"],"damage_healed":0.0,"max_hp_gain":0.0,"max_hp_loss":0.0,"gold_gain":0.0,"event_name":"The Cleric","player_choice":"Card Removal","floor":11.0,"gold_loss":0.0,"damage_taken":0.0}],"is_beta":false,"boss_relics":[],"items_purged_floors":[10],"is_endless":false,"potions_floor_spawned":[8,9,15],"killed_by":"IC_STATUS_ARCHETYPE","ascension_level":5}}