{"host":"r6jigiblrojhp6xe","time":1612776121,"event":{"mods":["AchievementEnabler","BaseMod","DeckTracker","Hermit","Minty Spire (QoL Compilation)","Quick Restart","Rare Cards Sparkle","Relic Stats","StSLib","SuperFastMode","everything is the same but u backflip on backflip"],"gold_per_floor":[54,94,44,100,173,226,71,71,71,71,135,170,170,189,189,189,189],"floor_reached":16,"language":"KOR","playtime":377,"items_purged":[],"score":135,"play_id":"255833ab-d3f1-4149-ba4d-c03b48a6a0f6","local_time":"20210208182201","is_ascension_mode":true,"campfire_choices":[{"data":"HandOfGreed","floor":8,"key":"SMITH"},{"data":"hermit:Glare","floor":13,"key":"SMITH"},{"data":"hermit:Snapshot","floor":15,"key":"SMITH"}],"circlet_count":0,"master_deck":["hermit:Strike_Hermit","hermit:Strike_Hermit","hermit:Strike_Hermit","hermit:Strike_Hermit","hermit:Defend_Hermit","hermit:Defend_Hermit","hermit:Defend_Hermit","hermit:Snapshot+1","hermit:Covet","HandOfGreed+1","hermit:Glare+1","hermit:HeroicBravado"],"relics":["hermit:Momento","InkBottle","Gremlin Horn"],"acts_visited":["Exordium"],"potions_floor_usage":[],"damage_taken":[{"damage":1,"enemies":"Small Slimes","floor":1,"turns":4},{"damage":7,"enemies":"Jaw Worm","floor":2,"turns":3},{"damage":7,"enemies":"2 Louse","floor":4,"turns":4},{"damage":10,"enemies":"Gremlin Gang","floor":5,"turns":6},{"damage":25,"enemies":"Lagavulin","floor":6,"turns":5},{"damage":3,"enemies":"Exordium Thugs","floor":11,"turns":4},{"damage":9,"enemies":"Looter","floor":12,"turns":3},{"damage":5,"enemies":"Blue Slaver","floor":14,"turns":3},{"damage":6,"enemies":"Hexaghost","floor":16,"turns":7}],"seed_played":"-4937981410647366727","potions_obtained":[{"floor":1,"key":"Explosive Potion"},{"floor":2,"key":"hermit:Tonic"},{"floor":11,"key":"Ancient Potion"}],"is_trial":false,"path_per_floor":["M","M","?","M","M","E","$","R","T","?","M","M","R","M","R","B"],"character_chosen":"HERMIT","items_purchased":["hermit:HeroicBravado"],"campfire_rested":0,"item_purchase_floors":[7],"current_hp_per_floor":[67,60,60,53,43,18,18,18,18,23,20,11,11,6,6,0,0],"gold":189,"neow_bonus":"RANDOM_COLORLESS_2","is_daily":false,"chose_seed":false,"campfire_upgraded":3,"win_rate":0.0,"timestamp":1612776121,"path_taken":["M","M","?","M","M","E","$","R","T","?","M","M","R","M","R","BOSS"],"items_purchased_type":["Card"],"build_version":"2020-12-22","purchased_purges":0,"victory":false,"max_hp_per_floor":[75,75,75,75,75,75,75,75,75,80,80,80,80,80,80,80,80],"relic_stats":{"Gremlin Horn":[1,1],"counters":[9,39],"obtain_stats":[{"Gremlin Horn":9,"hermit:Momento":0,"InkBottle":6},{"Gremlin Horn":5,"hermit:Momento":0,"InkBottle":5},{"Gremlin Horn":22,"hermit:Momento":0,"InkBottle":22}],"InkBottle":[5]},"card_choices":[{"not_picked":["Metamorphosis","Secret Weapon"],"picked":"HandOfGreed","floor":0},{"not_picked":["hermit:SprayPray","hermit:Snipe","hermit:Feint"],"picked":"SKIP","floor":1},{"not_picked":["hermit:LoneWolf","hermit:TakeAim","hermit:Glare"],"picked":"SKIP","floor":2},{"not_picked":["hermit:LoneWolf","hermit:TakeAim"],"picked":"hermit:Glare","floor":2},{"not_picked":["hermit:Quickdraw","hermit:HoleUp","hermit:Grudge"],"picked":"SKIP","floor":4},{"not_picked":["hermit:Vantage","hermit:Grudge","hermit:Headshot"],"picked":"SKIP","floor":5},{"not_picked":["hermit:DeadMansHand","hermit:Snipe","hermit:NoHoldsBarred"],"picked":"SKIP","floor":6},{"not_picked":["hermit:Grudge","hermit:Purgatory","hermit:SprayPray"],"picked":"SKIP","floor":11},{"not_picked":["hermit:ShadowCloak","hermit:LowProfile","hermit:Headshot"],"picked":"SKIP","floor":12},{"not_picked":["hermit:Cheat","hermit:HighCaliber","hermit:Determination"],"picked":"SKIP","floor":14}],"player_experience":607290,"relics_obtained":[{"floor":6,"key":"InkBottle"},{"floor":9,"key":"Gremlin Horn"}],"event_choices":[{"cards_removed":["hermit:Defend_Hermit"],"damage_healed":0,"gold_gain":0,"player_choice":"Card Removal","damage_taken":0,"max_hp_gain":0,"max_hp_loss":0,"event_name":"The Cleric","floor":3,"gold_loss":50},{"damage_healed":0,"gold_gain":0,"player_choice":"Donut","damage_taken":0,"max_hp_gain":5,"max_hp_loss":0,"event_name":"Big Fish","floor":10,"gold_loss":0}],"is_beta":false,"boss_relics":[],"items_purged_floors":[],"is_endless":false,"potions_floor_spawned":[1,2,11,12],"killed_by":"Hexaghost","ascension_level":6}}