{"host":"51f0ad793vly1w6u","time":1612789804,"event":{"mods":["BaseMod","Colored Map","DeckTracker","Minty Spire (QoL Compilation)","Replay The Spire","StSLib","SuperFastMode"],"gold_per_floor":[113,113,126,140,140,140,167,184,184,194,221,234,234,234],"floor_reached":13,"language":"KOR","playtime":291,"items_purged":[],"score":116,"play_id":"ea8d24d3-a91c-4105-847a-153dc81a4fa5","local_time":"20210208221004","is_ascension_mode":true,"campfire_choices":[{"data":"Dualcast","floor":6.0,"key":"SMITH"}],"circlet_count":0,"master_deck":["Strike_B","Strike_B","Strike_B","Strike_B","Defend_B","Defend_B","Defend_B","Defend_B","Zap+1","Dualcast+1","Reboot","Panic Button","Reinforced Body","Cold Snap","ReplayTheSpireMod:Calculation Training","Hologram","Self Repair","Auto Shields+1"],"relics":["Cracked Core","Toy Ornithopter","Replay:Accelerometer","Replay:Baseball","Toxic Egg 2"],"acts_visited":["Exordium"],"potions_floor_usage":[12],"damage_taken":[{"damage":2.0,"enemies":"Jaw Worm","floor":1.0,"turns":4.0},{"damage":1.0,"enemies":"2 Louse","floor":3.0,"turns":3.0},{"damage":0.0,"enemies":"Small Slimes","floor":4.0,"turns":3.0},{"damage":1.0,"enemies":"Replay:BlueRogue","floor":7.0,"turns":7.0},{"damage":4.0,"enemies":"Looter","floor":8.0,"turns":3.0},{"damage":3.0,"enemies":"3 Louse","floor":10.0,"turns":3.0},{"damage":21.0,"enemies":"Lagavulin","floor":11.0,"turns":7.0},{"damage":0,"enemies":"Exordium Wildlife","floor":12,"turns":3},{"damage":37,"enemies":"Gremlin Nob","floor":13,"turns":5}],"seed_played":"6787629485001742790","potions_obtained":[{"floor":3.0,"key":"PotionOfCapacity"},{"floor":4.0,"key":"Languid Potion"},{"floor":10.0,"key":"Cursed Concoction"},{"floor":11.0,"key":"SkillPotion"}],"is_trial":false,"path_per_floor":["M","?","M","M","?","R","E","M","T","M","E","M","E"],"character_chosen":"DEFECT","items_purchased":[],"campfire_rested":0,"item_purchase_floors":[],"current_hp_per_floor":[73,73,72,72,54,54,53,49,49,46,32,37,0,0],"gold":234,"neow_bonus":"ONE_RANDOM_RARE_CARD","is_daily":false,"chose_seed":false,"campfire_upgraded":1,"win_rate":0.0,"timestamp":1612789804,"path_taken":["M","?","M","M","?","R","E","M","T","M","E","M","E"],"items_purchased_type":[],"build_version":"2020-12-22","purchased_purges":0,"victory":false,"max_hp_per_floor":[75,75,75,75,75,75,75,75,75,75,75,75,75,75],"card_choices":[{"not_picked":["Steam","Turbo"],"picked":"Panic Button","floor":1.0},{"not_picked":["Compile Driver","Streamline"],"picked":"Reinforced Body","floor":3.0},{"not_picked":["Aggregate","Turbo"],"picked":"Cold Snap","floor":4.0},{"not_picked":["Mirror Shield","Coolheaded"],"picked":"ReplayTheSpireMod:Calculation Training","floor":7.0},{"not_picked":["Storm","Rebound"],"picked":"Hologram","floor":8.0},{"not_picked":["Stack","Go for the Eyes"],"picked":"Self Repair","floor":10.0},{"not_picked":["Time Bomb+1","Rebound"],"picked":"Auto Shields+1","floor":11.0},{"not_picked":["Streamline","Heatsinks","Beam Cell"],"picked":"SKIP","floor":12}],"player_experience":1451708,"relics_obtained":[{"floor":7.0,"key":"Replay:Accelerometer"},{"floor":9.0,"key":"Replay:Baseball"},{"floor":11.0,"key":"Toxic Egg 2"}],"event_choices":[{"damage_healed":0.0,"max_hp_gain":0.0,"max_hp_loss":0.0,"gold_gain":0.0,"event_name":"Living Wall","player_choice":"Grow","floor":2.0,"gold_loss":0.0,"damage_taken":0.0,"cards_upgraded":["Zap"]},{"damage_healed":0.0,"max_hp_gain":0.0,"max_hp_loss":0.0,"gold_gain":0.0,"event_name":"Scrap Ooze","player_choice":"Success","floor":5.0,"gold_loss":0.0,"damage_taken":18.0,"relics_obtained":["Toy Ornithopter"]}],"is_beta":false,"boss_relics":[],"items_purged_floors":[],"is_endless":false,"potions_floor_spawned":[3,4,10,11],"killed_by":"Gremlin Nob","ascension_level":4}}