{"host":"lehbxtjrpalkmwwj","time":1612803032,"event":{"mods":["Aspiration","BaseMod","Colored Map","Colored Powertips","Conspire","GungeonMod","KomeijiMod","Lobotomy","Minty Spire (QoL Compilation)","Quick Restart","Replay The Spire","Shop Mod","StSLib","The Cursed","The Poker Player","[IsaacMod]ÒÔÈö¼âËþ"],"gold_per_floor":[112,12,51,149,149,206,206,241,241,281,341,360,386,444,444,546,546,581,581,425,473,490,522,522,568,568,568,597,597,607,632,632,756,756,796,796,809,829,829,829],"floor_reached":39,"language":"ZHS","playtime":989,"items_purged":[],"score":1077,"play_id":"1d556ea7-4104-4305-abdb-90a2e870e5e1","local_time":"20210209005032","is_ascension_mode":true,"campfire_choices":[{"floor":7.0,"key":"RECALL"},{"data":"EpicFetus","floor":15.0,"key":"SMITH"},{"data":"Berserk","floor":27.0,"key":"SMITH"},{"data":"Limit Break","floor":29.0,"key":"SMITH"},{"data":"Infernal Blade","floor":32.0,"key":"SMITH"}],"circlet_count":0,"master_deck":["Strike_R+1","Strike_R+1","Strike_R+1","Strike_R+1","Strike_R+1","Defend_R+1","Defend_R+1","Defend_R+1","Defend_R+1","Bash+1","EpicFetus+1","Perfected Strike+1","conspire:SpireCoStock+1","conspire:SpireCoStock+1","Sword Boomerang+1","Intimidate+1","Heavy Blade+1","conspire:HitWhereItHurts+1","Combust+1","Replay:Undeath\u0027s Touch+1","Uppercut+1","Twin Strike+1","Berserk+1","AbeCurse","Infernal Blade+1","Anger+1","Warcry+1","ReplayTheSpireMod:Limb From Limb+1","Limit Break+1","Heavy Blade+1","Run Through+1","Barricade+1","Intimidate+1","Shrug It Off+1","Twin Strike+1"],"relics":["Burning Blood","HushsDoor","GuppysHead","aspiration:Nostalgia","PokerPlayerMod:DeckCase","Garlic","Kunai","Eternal Feather","Whetstone","Abe\u0027s Treasure","GuppysCollar","GuppysPaw","Toolbox","AnarchistCookbook","aspiration:ChemicalBlood","aspiration:Stabinomicon","Meat on the Bone","DemoMod:GlassGuonStoneRelic","Black Star","Mark of the Bloom"],"acts_visited":["Exordium","TheCity","TheBeyond"],"potions_floor_usage":[35],"damage_taken":[{"damage":16.0,"enemies":"2 Louse","floor":1.0,"turns":3.0},{"damage":18.0,"enemies":"Small Slimes","floor":3.0,"turns":3.0},{"damage":21.0,"enemies":"3 Sentries","floor":6.0,"turns":4.0},{"damage":12.0,"enemies":"Gremlin Nob","floor":8.0,"turns":3.0},{"damage":7.0,"enemies":"Jaw Worm","floor":10.0,"turns":3.0},{"damage":5.0,"enemies":"Red Slaver","floor":11.0,"turns":3.0},{"damage":0.0,"enemies":"Exordium Wildlife","floor":12.0,"turns":2.0},{"damage":0.0,"enemies":"Blue Slaver","floor":13.0,"turns":3.0},{"damage":0.0,"enemies":"3 Sentries","floor":14.0,"turns":3.0},{"damage":0.0,"enemies":"Slime Boss","floor":16.0,"turns":4.0},{"damage":0.0,"enemies":"Chosen","floor":18.0,"turns":3.0},{"damage":0.0,"enemies":"Spheric Guardian","floor":21.0,"turns":3.0},{"damage":0.0,"enemies":"3 Cultists","floor":22.0,"turns":3.0},{"damage":0.0,"enemies":"Book of Stabbing","floor":23.0,"turns":3.0},{"damage":0.0,"enemies":"Gremlin Leader","floor":25.0,"turns":4.0},{"damage":0.0,"enemies":"Book of Stabbing","floor":28.0,"turns":2.0},{"damage":0.0,"enemies":"Snake Plant","floor":30.0,"turns":3.0},{"damage":0.0,"enemies":"Slavers","floor":31.0,"turns":2.0},{"damage":0.0,"enemies":"Pondfish","floor":33.0,"turns":4.0},{"damage":0,"enemies":"Orb Walker","floor":35,"turns":2},{"damage":0,"enemies":"3 Darklings","floor":37,"turns":2},{"damage":0,"enemies":"Maw","floor":38,"turns":4}],"seed_played":"8110734998178168223","potions_obtained":[{"floor":3.0,"key":"HeartOfIron"},{"floor":11.0,"key":"DistilledChaos"},{"floor":12.0,"key":"Strength Potion"},{"floor":13.0,"key":"SkillPotion"},{"floor":25.0,"key":"Fire Potion"},{"floor":28.0,"key":"Dexterity Potion"},{"floor":28.0,"key":"Dexterity Potion"},{"floor":31.0,"key":"LifebloodPotion"},{"floor":31.0,"key":"FairyPotion"},{"floor":33.0,"key":"EssenceOfSteel"},{"floor":38,"key":"Fire Potion"}],"is_trial":false,"path_per_floor":["M","?","M","?","?","E","R","E","T","M","M","M","M","E","R","B",null,"M","?","$","M","M","E","$","E","T","R","E","R","M","E","R","B",null,"M","?","M","M","?"],"character_chosen":"IRONCLAD","items_purchased":["GuppysCollar","GuppysPaw","FairyPotion","Toolbox"],"campfire_rested":0,"item_purchase_floors":[17,17,17,20],"current_hp_per_floor":[70,70,58,43,43,28,28,22,22,21,22,28,34,40,52,58,1,1,1,1,1,1,1,1,1,1,1,1,1,1,1,1,6,6,6,6,6,6,0,0],"gold":829,"neow_bonus":"NOSTALGIA","is_daily":false,"chose_seed":false,"campfire_upgraded":4,"win_rate":0.0,"timestamp":1612803032,"path_taken":["M","?","M","?","?","E","R","E","T","M","M","M","M","E","R","BOSS","M","?","$","?","M","E","?","E","T","R","E","R","M","E","R","BOSS","M","?","M","M","?"],"items_purchased_type":["Relic","Relic","Potion","Relic"],"build_version":"2020-12-22","purchased_purges":0,"victory":false,"max_hp_per_floor":[80,80,80,80,80,80,80,80,80,80,80,80,80,80,80,80,1,1,1,1,1,1,1,1,1,1,1,1,1,1,1,1,6,6,6,6,6,6,6,6],"card_choices":[{"not_picked":[],"picked":"EpicFetus","floor":0.0},{"not_picked":["Twin Strike","Clash"],"picked":"Perfected Strike","floor":1.0},{"not_picked":["Cleave","Armaments"],"picked":"Sword Boomerang","floor":3.0},{"not_picked":["Havoc","Anger"],"picked":"Intimidate","floor":6.0},{"not_picked":["Bomb","Flex"],"picked":"Heavy Blade","floor":8.0},{"not_picked":["Combust","ReplayReversal"],"picked":"conspire:HitWhereItHurts","floor":10.0},{"not_picked":["Blood for Blood","Bloodletting"],"picked":"Combust","floor":11.0},{"not_picked":["Massacre","Entrench"],"picked":"Replay:Undeath\u0027s Touch","floor":12.0},{"not_picked":["Bloodletting","Massacre"],"picked":"Uppercut","floor":13.0},{"not_picked":["Fire Breathing","Sever Soul"],"picked":"Twin Strike","floor":14.0},{"not_picked":["Replay:Many Hands","conspire:HitWhereItHurts"],"picked":"Berserk","floor":16.0},{"not_picked":["Sword Boomerang","Seeing Red"],"picked":"Infernal Blade","floor":18.0},{"not_picked":["Cleave","Life Link","Abandon"],"picked":"SKIP","floor":21.0},{"not_picked":["Shrug It Off","Flex"],"picked":"Anger","floor":22.0},{"not_picked":["Rampage","Bloodletting"],"picked":"Warcry+1","floor":23.0},{"not_picked":["Evolve","Replay:Undeath\u0027s Touch"],"picked":"ReplayTheSpireMod:Limb From Limb+1","floor":25.0},{"not_picked":["Reaper","Inflame+1"],"picked":"Limit Break","floor":28.0},{"not_picked":["Reckless Charge+1","Shrug It Off"],"picked":"Heavy Blade+1","floor":30.0},{"not_picked":["Iron Wave","Flex"],"picked":"Run Through+1","floor":31.0},{"not_picked":["conspire:Purge","Hemogenesis"],"picked":"Barricade","floor":33.0},{"not_picked":["Replay:Undeath\u0027s Touch","Warcry"],"picked":"Intimidate+1","floor":35},{"not_picked":["Abandon+1","Warcry"],"picked":"Shrug It Off+1","floor":37},{"not_picked":["Anger","Run Through+1"],"picked":"Twin Strike+1","floor":38}],"player_experience":148886,"relics_obtained":[{"floor":6.0,"key":"Garlic"},{"floor":8.0,"key":"Kunai"},{"floor":9.0,"key":"Eternal Feather"},{"floor":14.0,"key":"Whetstone"},{"floor":23.0,"key":"AnarchistCookbook"},{"floor":25.0,"key":"aspiration:ChemicalBlood"},{"floor":28.0,"key":"aspiration:Stabinomicon"},{"floor":31.0,"key":"Meat on the Bone"}],"event_choices":[{"damage_healed":0.0,"max_hp_gain":0.0,"max_hp_loss":0.0,"gold_gain":0.0,"event_name":"conspire:Investor","player_choice":"Invest 2","floor":2.0,"gold_loss":0.0,"damage_taken":0.0},{"damage_healed":0.0,"max_hp_gain":0.0,"max_hp_loss":0.0,"gold_gain":0.0,"event_name":"The Woman in Blue","player_choice":"Bought 0 Potions","floor":5.0,"gold_loss":0.0,"damage_taken":0.0},{"damage_healed":0.0,"max_hp_gain":0.0,"max_hp_loss":0.0,"gold_gain":0.0,"event_name":"Beggar","player_choice":"Ignored","floor":19.0,"gold_loss":0.0,"damage_taken":0.0},{"damage_healed":0,"gold_gain":0,"player_choice":"Upgrade","damage_taken":0,"relics_obtained":["Mark of the Bloom"],"max_hp_gain":0,"max_hp_loss":0,"event_name":"MindBloom","floor":36,"gold_loss":0,"cards_upgraded":["Strike_R","Strike_R","Strike_R","Strike_R","Defend_R","Defend_R","Defend_R","Defend_R","Bash","Perfected Strike","conspire:SpireCoStock","conspire:SpireCoStock","Sword Boomerang","Intimidate","Heavy Blade","conspire:HitWhereItHurts","Combust","Replay:Undeath\u0027s Touch","Twin Strike","Anger","Barricade"]}],"is_beta":false,"boss_relics":[{"not_picked":["Pandora\u0027s Box","Runic Dome"],"picked":"Abe\u0027s Treasure"},{"not_picked":[]},{"not_picked":["Replay:Grab Bag","Mark of Pain"],"picked":"Black Star"},{"not_picked":[]}],"items_purged_floors":[],"is_endless":false,"potions_floor_spawned":[3,11,12,13,25,28,33,35,38],"ascension_level":2}}