{"host":"lv71j503waqnafdc","time":1612797862,"event":{"mods":["Act Like it!","Arknights","BaseMod","Hermit","Jorbs\u0027s Wanderer Trilogy","Minty Spire (QoL Compilation)","Replay The Spire","StSLib","The Cursed"],"gold_per_floor":[117,127,127,138,138,166,177,177,224,238,248,248,248,339,339,437,437,456,456,472,472,482,512,523,543,568,568,202,212,242,260,260,365,365,379,379,424,474,491,503,529,47,47,47,47,67,67,67,67,67],"floor_reached":51,"language":"ZHS","playtime":2698,"items_purged":[],"score":1019,"play_id":"10754ea8-ea15-4494-ba1f-156e6368fa37","local_time":"20210208232422","is_ascension_mode":false,"campfire_choices":[{"floor":8,"key":"REST"},{"data":"ats:Soul Rend","floor":13,"key":"SMITH"},{"floor":15,"key":"REST"},{"data":"ats:Part Time Job","floor":27,"key":"SMITH"},{"floor":32,"key":"REST"},{"floor":45,"key":"REST"},{"floor":47,"key":"REST"},{"floor":49,"key":"REST"}],"circlet_count":0,"master_deck":["ats:Strike C","ats:Strike G","ats:Strike S","ats:Strike V","ats:Armor Crushing Shot","ats:Defend","ats:Defend","ats:Defend","ats:Emotion Absorption","ats:Consecutive Shot Auto","ats:Poison Spread","ats:Hook Shot","ats:Soul Rend+1","ats:Cat Scratch+1","ats:Cat Scratch+1","ats:Shell Defense","ats:True Silver Slash+1","ats:Guard Mode","ats:Part Time Job+1","ats:Wolf Pack+1","ats:Blood Oath+1","ats:Guard Mode+1","Iron Wave+1","ats:Poison Spread+1","ats:Sword Rain+1","ats:Closed Bolt Burst Fire+1","ats:Mental Burst+1","ats:Spore Proliferation","Crow Ritual","ats:Disruption Kick+1","ats:Thermite Blade+1","ats:Very Hot Blade+1","ats:Dogmatic Field","ats:Neurotoxin","ats:Overload+1","ats:Assault Order","ats:Overload+1","ats:Soul Absorption","ats:Flexible Camouflage+1","ats:Burning Ground","ats:Ignite+1","Crow Ritual","Enlightenment","Mayhem","ReplayTheSpireMod:Splinters","ats:Hammer On+1"],"relics":["ats:Sanity","FaceOfCleric","ats:Originium","Molten Egg 2","Replay:Baseball","Nunchaku","SlaversCollar","PreservedInsect","Lantern","Lee\u0027s Waffle","Blood Vial","Cursed Key","StoneCalendar","Unceasing Top","Mercury Hourglass","ReplayTheSpireMod:ShopPack","Mummified Hand","Iron Hammer"],"acts_visited":["Exordium","TheCity","TheBeyond"],"potions_floor_usage":[6,16,18,23,33,33,33,35,38,41,50],"damage_taken":[{"damage":2,"enemies":"Small Slimes","floor":1,"turns":4},{"damage":4,"enemies":"Cultist","floor":2,"turns":4},{"damage":0,"enemies":"2 Louse","floor":4,"turns":2},{"damage":37,"enemies":"3 Sentries","floor":6,"turns":7},{"damage":16,"enemies":"Lots of Slimes","floor":7,"turns":5},{"damage":5,"enemies":"Blue Slaver","floor":10,"turns":4},{"damage":10,"enemies":"Looter","floor":11,"turns":3},{"damage":71,"enemies":"Hexaghost","floor":16,"turns":16},{"damage":27,"enemies":"Spheric Guardian","floor":18,"turns":5},{"damage":0,"enemies":"3 Byrds","floor":20,"turns":5},{"damage":51,"enemies":"3 Cultists","floor":22,"turns":6},{"damage":8,"enemies":"Replay:Snechameleon","floor":23,"turns":6},{"damage":8,"enemies":"Snecko","floor":24,"turns":5},{"damage":23,"enemies":"Centurion and Healer","floor":25,"turns":9},{"damage":10,"enemies":"3 Cultists","floor":29,"turns":4},{"damage":10,"enemies":"Slavers","floor":30,"turns":2},{"damage":26,"enemies":"Shelled Parasite and Fungi","floor":31,"turns":5},{"damage":79,"enemies":"Pondfish","floor":33,"turns":12},{"damage":31,"enemies":"3 Darklings","floor":35,"turns":7},{"damage":78,"enemies":"2 Orb Walkers","floor":37,"turns":9},{"damage":0,"enemies":"Mind Bloom Boss Battle","floor":38,"turns":4},{"damage":29,"enemies":"3 Shapes","floor":39,"turns":3},{"damage":28,"enemies":"Jaw Worm Horde","floor":40,"turns":4},{"damage":31,"enemies":"Reptomancer","floor":41,"turns":6},{"damage":46,"enemies":"Maw","floor":46,"turns":8},{"damage":108,"enemies":"Time Eater","floor":50,"turns":11}],"seed_played":"-5950730479465128860","potions_obtained":[{"floor":2,"key":"AttackPotion"},{"floor":6,"key":"ats:Emergency Sanity Potion"},{"floor":11,"key":"Adrenaline Potion"},{"floor":16,"key":"Adrenaline Potion"},{"floor":20,"key":"Reflective Coating"},{"floor":29,"key":"AttackPotion"},{"floor":30,"key":"LiquidMemories"},{"floor":33,"key":"Adrenaline Potion"},{"floor":37,"key":"FearPotion"},{"floor":38,"key":"Dexterity Potion"},{"floor":46,"key":"ColorlessPotion"}],"is_trial":false,"path_per_floor":["M","M","?","M","?","E","M","R","T","M","M","?","R","?","R","B",null,"M","?","M","?","M","E","M","M","T","R","$","M","E","M","R","B",null,"M","?","?","?","M","M","E","$","T","?","R","M","R","$","R","B",null],"character_chosen":"DOCTOR_CLASS","items_purchased":["ats:Spore Proliferation","Lee\u0027s Waffle","Crow Ritual","ReplayTheSpireMod:ShopPack","ats:Burning Ground","Mummified Hand","ats:Ignite+1"],"campfire_rested":6,"item_purchase_floors":[28,28,28,42,42,42,42],"current_hp_per_floor":[63,59,59,60,60,26,11,37,37,39,30,52,52,30,57,17,92,73,73,79,79,69,67,65,64,64,64,102,94,85,67,98,48,106,100,100,53,91,67,42,24,24,24,24,57,37,70,70,103,89],"gold":67,"neow_bonus":"TWENTY_PERCENT_HP_BONUS","is_daily":false,"chose_seed":false,"campfire_upgraded":2,"win_rate":0.0,"timestamp":1612797862,"path_taken":["M","M","?","?","?","E","M","R","T","M","?","?","R","?","R","BOSS","M","?","?","?","M","E","M","M","T","R","?","?","E","M","R","BOSS","M","?","?","?","?","M","E","$","T","?","R","M","R","?","R","BOSS"],"items_purchased_type":["Card","Relic","Card","Relic","Card","Relic","Card"],"build_version":"2020-12-22","purchased_purges":0,"victory":true,"max_hp_per_floor":[86,86,86,87,87,88,89,89,89,90,91,91,91,91,91,92,92,93,93,94,91,92,93,94,95,95,95,102,103,104,105,105,106,106,107,107,108,109,110,111,112,112,112,112,112,113,113,113,113,114],"card_choices":[{"not_picked":["ats:Assault Order","ats:Healing Strengthening"],"picked":"ats:Consecutive Shot Auto","floor":1},{"not_picked":["ats:Closed Bolt Burst Fire","ats:Blood Oath"],"picked":"ats:Poison Spread","floor":2},{"not_picked":["ats:Curse Doll","ats:Assault Order"],"picked":"ats:Hook Shot","floor":4},{"not_picked":["ats:Serious Mode","ats:Assault Order"],"picked":"ats:Cat Scratch+1","floor":6},{"not_picked":["ats:Curse Doll","ats:Flexible Camouflage"],"picked":"ats:Cat Scratch+1","floor":7},{"not_picked":["ats:Counter Healing Mode","ats:Beaten Up"],"picked":"ats:Shell Defense","floor":10},{"not_picked":["ats:Assault Order","ats:Counter Healing Mode"],"picked":"ats:True Silver Slash+1","floor":11},{"not_picked":["ats:Absolute Focus","ats:Flame Of Heaven"],"picked":"ats:Guard Mode","floor":14},{"not_picked":["ats:Cat Scratch+1","ats:Leaping Hammer+1"],"picked":"ats:Part Time Job","floor":14},{"not_picked":["ats:Ambush","ats:Calcification"],"picked":"ats:Wolf Pack+1","floor":16},{"not_picked":["ats:Thorns","ats:Serious Mode+1"],"picked":"ats:Blood Oath+1","floor":18},{"not_picked":["ats:Collapsing Strike+1","ats:Leaping Hammer+1"],"picked":"ats:Guard Mode+1","floor":20},{"not_picked":["ats:Assault Order","ats:Flexible Camouflage"],"picked":"ats:Poison Spread+1","floor":22},{"not_picked":["ats:Very Hot Blade+1","ats:Composite Medical Shells"],"picked":"ats:Sword Rain+1","floor":23},{"not_picked":["ats:Hammer On+1","ats:Shell Defense"],"picked":"ats:Closed Bolt Burst Fire+1","floor":24},{"not_picked":["ats:Charging Defense+1","ats:Guard Mode+1"],"picked":"ats:Mental Burst+1","floor":25},{"not_picked":["ats:Poison Spread+1","ats:Guard Mode"],"picked":"ats:Disruption Kick+1","floor":29},{"not_picked":["ats:Soul Absorption","ats:Powerful Strike+1"],"picked":"ats:Thermite Blade+1","floor":30},{"not_picked":["ats:Composite Medical Shells","ats:Guard Mode"],"picked":"ats:Very Hot Blade+1","floor":31},{"not_picked":["ats:Wolf Pack+1","ats:Disruption Kick+1"],"picked":"ats:Dogmatic Field","floor":33},{"not_picked":["ats:Explosion Area Strengthen+1","ats:Phantom+1"],"picked":"ats:Neurotoxin","floor":35},{"not_picked":["ats:Closed Bolt Burst Fire+1","ats:Apocalypse+1"],"picked":"ats:Overload+1","floor":37},{"not_picked":["ats:Closed Bolt Burst Fire+1","ats:Spore Proliferation+1"],"picked":"ats:Assault Order","floor":38},{"not_picked":["ats:Shell Defense","ats:Poison Spread+1"],"picked":"ats:Overload+1","floor":39},{"not_picked":["ats:Closed Bolt Burst Fire+1","ats:Flame Of Heaven"],"picked":"ats:Soul Absorption","floor":40},{"not_picked":["ats:Literary Storm","ats:Powerful Strike+1"],"picked":"ats:Flexible Camouflage+1","floor":41},{"not_picked":["Violence","Chrysalis"],"picked":"Crow Ritual","floor":42},{"not_picked":["Poisoned Strike","PanicButton"],"picked":"Enlightenment","floor":42},{"not_picked":["Deep Breath","Panache"],"picked":"Mayhem","floor":42},{"not_picked":["ats:Thermite Blade+1","ats:Absolute Focus"],"picked":"ats:Hammer On+1","floor":46}],"player_experience":261962,"relics_obtained":[{"floor":6,"key":"ats:Originium"},{"floor":6,"key":"Molten Egg 2"},{"floor":9,"key":"Replay:Baseball"},{"floor":14,"key":"Nunchaku"},{"floor":23,"key":"ats:Originium"},{"floor":23,"key":"PreservedInsect"},{"floor":26,"key":"Lantern"},{"floor":30,"key":"ats:Originium"},{"floor":30,"key":"Blood Vial"},{"floor":37,"key":"StoneCalendar"},{"floor":38,"key":"Unceasing Top"},{"floor":41,"key":"ats:Originium"},{"floor":41,"key":"Mercury Hourglass"},{"floor":43,"key":"Iron Hammer"}],"event_choices":[{"damage_healed":0,"gold_gain":0,"player_choice":"Trade","damage_taken":0,"relics_obtained":["FaceOfCleric"],"max_hp_gain":0,"max_hp_loss":0,"event_name":"FaceTrader","floor":3,"gold_loss":0},{"damage_healed":0,"gold_gain":0,"player_choice":"1 cards matched","damage_taken":0,"max_hp_gain":0,"max_hp_loss":0,"event_name":"Match and Keep!","floor":5,"gold_loss":0,"cards_obtained":["ats:Soul Rend"]},{"damage_healed":22,"gold_gain":0,"player_choice":"Healed and dodged fight","damage_taken":0,"max_hp_gain":0,"max_hp_loss":0,"event_name":"Mushrooms","floor":12,"gold_loss":0,"cards_obtained":["Parasite"]},{"damage_healed":0,"gold_gain":0,"player_choice":"Bought 0 Potions","damage_taken":0,"max_hp_gain":0,"max_hp_loss":0,"event_name":"The Woman in Blue","floor":19,"gold_loss":0},{"cards_removed":["Parasite"],"damage_healed":0,"gold_gain":0,"player_choice":"Took Card","damage_taken":0,"max_hp_gain":0,"max_hp_loss":0,"event_name":"NoteForYourself","floor":21,"gold_loss":0,"cards_obtained":["Iron Wave"]},{"damage_healed":0,"gold_gain":0,"player_choice":"Ignored","damage_taken":0,"max_hp_gain":0,"max_hp_loss":0,"event_name":"Tomb of Lord Red Mask","floor":36,"gold_loss":0},{"damage_healed":0,"gold_gain":0,"player_choice":"Fight","damage_taken":0,"max_hp_gain":0,"max_hp_loss":0,"event_name":"Mysterious Sphere","floor":37,"gold_loss":0},{"damage_healed":0,"gold_gain":0,"player_choice":"Fight","damage_taken":0,"max_hp_gain":0,"max_hp_loss":0,"event_name":"MindBloom","floor":38,"gold_loss":0},{"cards_removed":["ats:Defend"],"damage_healed":0,"gold_gain":0,"player_choice":"Removed Skill","damage_taken":0,"max_hp_gain":0,"max_hp_loss":0,"event_name":"Falling","floor":44,"gold_loss":0}],"is_beta":false,"boss_relics":[{"not_picked":["Snecko Eye","Replay:Wanted Poster"],"picked":"SlaversCollar"},{"not_picked":["Philosopher\u0027s Stone","Runic Pyramid"],"picked":"Cursed Key"}],"items_purged_floors":[],"is_endless":false,"potions_floor_spawned":[2,6,11,16,20,29,30,33,37,38,46],"ascension_level":0}}