{"host":"abo8h6rpy4i6n2au","time":1612785513,"event":{"mods":["AchievementEnabler","Act Like it!","Aspiration","BaseMod","Better Altar","Better Match","Better Note","Better Sensory Stone","Better Skull","Better Third Choice","BetterRewards","Colored Map","Colored Powertips","Conspire","DeckTracker","Energized Spire","Gensokyo","GungeonMod","Hallownest","Hermit","Highlight Path","HololiveMod","Hubris","Jedi Mod","Jorbs\u0027s Wanderer Trilogy","Marisa????????","Minty Spire (QoL Compilation)","Remilia??????","Shop Mod","StSLib","The Bug Knight","The Cursed","The Hierophant","The Jungle","The Kombatant","The Necromancer","The Runesmith","The Senshi","The Servant 0.9.4","Yuri Mod"],"gold_per_floor":[111,124,124,138,148,112,112,112,112,112,112,112,112,112,112,112,112],"floor_reached":16,"language":"ENG","playtime":956,"items_purged":[],"score":92,"play_id":"27f42d70-f875-459a-a423-742c665acede","local_time":"20210208125833","is_ascension_mode":false,"campfire_choices":[{"data":"ScarletCoffin","floor":7,"key":"SMITH"},{"floor":11,"key":"REST"},{"floor":15,"key":"REST"}],"circlet_count":0,"master_deck":["Strike_RM+1","Strike_RM","Strike_RM","Strike_RM","Defend_RM","Defend_RM","Defend_RM","Defend_RM","RedMoon+1","ScarletShoot","BloodAndWine+1","MastersStateliness","TwelveNightmare","ScarletCoffin+1","Stigmanizer","DiffusionOfMisfortune"],"relics":["ScarletHat","NeowsBlessing","DemoMod:MonsterBlood","Oddly Smooth Stone","DemoMod:PoisonVial","Anchor","jedi:ominousloannote","Chemical X","jedi:fakemustache","Omamori"],"acts_visited":["Gensokyo:Gensokyo"],"potions_floor_usage":[13,16,16,16],"damage_taken":[{"damage":0,"enemies":"Gensokyo:Python","floor":1,"turns":1},{"damage":0,"enemies":"Gensokyo:Gryphon","floor":2,"turns":1},{"damage":0,"enemies":"Gensokyo:3_Fairies","floor":4,"turns":2},{"damage":8,"enemies":"Gensokyo:CorruptedTreant","floor":5,"turns":7},{"damage":0,"enemies":"Gensokyo:Gryphon_and_Rabbit","floor":13,"turns":10},{"damage":0,"enemies":"Gensokyo:2_Rabbits","floor":14,"turns":3},{"damage":64,"enemies":"Gensokyo:Yukari","floor":16,"turns":14}],"seed_played":"-5455413106978077041","potions_obtained":[{"floor":1,"key":"DestinyDice"},{"floor":5,"key":"FearPotion"},{"floor":13,"key":"PowerPotion"},{"floor":13,"key":"Explosive Potion"},{"floor":14,"key":"SpeedPotion"}],"is_trial":false,"path_per_floor":["M","M","?","M","M","COS","R","$","T","?","R","?","M","M","R","B"],"character_chosen":"REMILIA","items_purchased":[],"campfire_rested":2,"item_purchase_floors":[],"current_hp_per_floor":[75,75,9,9,1,11,11,11,11,3,27,27,30,33,57,0,0],"gold":112,"neow_bonus":"THREE_ENEMY_KILL","is_daily":false,"chose_seed":false,"campfire_upgraded":1,"win_rate":0.0,"timestamp":1612785513,"path_taken":["M","M","?","M","?","COS","R","$","T","?","R","?","M","M","R","BOSS"],"items_purchased_type":[],"build_version":"2020-12-22","purchased_purges":0,"victory":false,"max_hp_per_floor":[75,75,82,82,82,82,82,82,82,82,82,82,82,82,82,82,82],"card_choices":[{"not_picked":["NightDance","DiffusionOfMisfortune"],"picked":"BloodAndWine","floor":1},{"not_picked":["UnstableMagic","BlasphemousPunishment"],"picked":"MastersStateliness","floor":2},{"not_picked":["RedRainbow","BlasphemousPunishment"],"picked":"TwelveNightmare","floor":4},{"not_picked":["ScarletDream","DiffusionOfMisfortune"],"picked":"ScarletCoffin","floor":5},{"not_picked":["NightDance","ScarletDream"],"picked":"Stigmanizer","floor":13},{"not_picked":["ScarletNetherworld","MastersStateliness"],"picked":"DiffusionOfMisfortune","floor":14}],"player_experience":126159,"relics_obtained":[{"floor":9,"key":"Omamori"}],"event_choices":[{"damage_healed":0,"gold_gain":0,"player_choice":"RE RE RE RE ","damage_taken":81,"relics_obtained":["DemoMod:MonsterBlood","Oddly Smooth Stone","DemoMod:PoisonVial","Anchor"],"max_hp_gain":0,"max_hp_loss":0,"event_name":"betterSkull:BetterSkull","floor":3,"gold_loss":0,"cards_upgraded":[]}],"is_beta":false,"boss_relics":[],"items_purged_floors":[],"is_endless":false,"potions_floor_spawned":[1,5,13,14],"killed_by":"Gensokyo:Yukari","ascension_level":0}}