{"host":"z16h96csw6gsetxl","time":1612752698,"event":{"mods":["BaseMod","BetterRewards","Minty Spire (QoL Compilation)","Quick Restart"],"gold_per_floor":[110,129,50,50,68,100,116,133,133,133,133],"floor_reached":10,"language":"ZHS","playtime":814,"items_purged":["Defend_G"],"score":84,"play_id":"75f6e5a5-df5e-46b2-9293-f302d75761b3","local_time":"20210208105138","is_ascension_mode":true,"campfire_choices":[],"circlet_count":0,"master_deck":["Strike_G","Strike_G","Strike_G","Strike_G","Strike_G","Defend_G","Defend_G","Defend_G","Survivor","Neutralize","Backstab","Infinite Blades","Prepared","Infinite Blades","Deflect","After Image","Masterful Stab","Escape Plan"],"relics":["Ring of the Snake","Shuriken","Lizard Tail","Sling","Prayer Wheel","Darkstone Periapt"],"acts_visited":["Exordium"],"potions_floor_usage":[10],"damage_taken":[{"damage":0,"enemies":"Cultist","floor":1,"turns":3},{"damage":1,"enemies":"Jaw Worm","floor":2,"turns":2},{"damage":10,"enemies":"Small Slimes","floor":5,"turns":3},{"damage":23,"enemies":"3 Sentries","floor":6,"turns":5},{"damage":0,"enemies":"Looter","floor":7,"turns":4},{"damage":2,"enemies":"Lots of Slimes","floor":8,"turns":4},{"damage":0,"enemies":"Lagavulin","floor":10,"turns":5}],"seed_played":"6118415186188340342","potions_obtained":[{"floor":1,"key":"Ancient Potion"},{"floor":5,"key":"Swift Potion"}],"is_trial":false,"path_per_floor":["M","M","$","?","M","E","M","M","T","E"],"character_chosen":"THE_SILENT","items_purchased":["Shuriken","Backstab","Sling","Infinite Blades"],"campfire_rested":0,"item_purchase_floors":[0,0,0,3],"current_hp_per_floor":[38,37,37,37,27,4,4,2,2,2,2],"gold":133,"neow_bonus":"","is_daily":false,"chose_seed":false,"campfire_upgraded":0,"win_rate":0.0,"timestamp":1612752698,"path_taken":["M","?","$","?","M","E","M","?","T","E"],"items_purchased_type":["Relic","Card","Relic","Card"],"build_version":"2020-12-22","purchased_purges":1,"victory":false,"max_hp_per_floor":[70,70,70,70,70,70,70,70,70,70,70],"card_choices":[{"not_picked":["Bouncing Flask","Acrobatics"],"picked":"Infinite Blades","floor":1},{"not_picked":["Reflex","Dagger Throw"],"picked":"Prepared","floor":2},{"not_picked":["Slice","Crippling Poison"],"picked":"Deflect","floor":5},{"not_picked":["Quick Slash","Choke","Flying Knee"],"picked":"SKIP","floor":6},{"not_picked":["Prepared","Reflex"],"picked":"After Image","floor":7},{"not_picked":["Acrobatics","Well Laid Plans","Dagger Throw"],"picked":"SKIP","floor":7},{"not_picked":["Deadly Poison","Dagger Spray"],"picked":"Masterful Stab","floor":8},{"not_picked":["Reflex","Finisher"],"picked":"Escape Plan","floor":8}],"player_experience":91995,"relics_obtained":[{"floor":6,"key":"Prayer Wheel"},{"floor":9,"key":"Darkstone Periapt"}],"event_choices":[{"cards_removed":["Defend_G"],"damage_healed":0,"gold_gain":0,"player_choice":"Offered Basic","damage_taken":0,"max_hp_gain":0,"max_hp_loss":0,"event_name":"Bonfire Elementals","floor":4,"gold_loss":0}],"is_beta":false,"boss_relics":[],"items_purged_floors":[0],"is_endless":false,"potions_floor_spawned":[1,5],"killed_by":"Lagavulin","ascension_level":4}}