{"host":"6pfj0wha12yu6wq3","time":1612789025,"event":{"mods":["AchievementEnabler","BaseMod","Colored Map","Colored Powertips","Curses Come First","DeckTracker","Minty Spire (QoL Compilation)","RNG Fix","Relic Sorter","Relic Stats","StSLib","UnlockEverythingMod","ojb\u0027s Better Paths Mod","ojb\u0027s Info Mod"],"gold_per_floor":[109,167,206,206,265,298,298,336,407,407,466,14,53,92,92,195,195,215,215,254,254,278,308,308,324,324,43,53,72,72,125,125,203,203,222,222,261,261,329,379,379,379,403,403,457,519,79,106,106,106,131,131,131,31,89,89],"floor_reached":57,"language":"ENG","playtime":6863,"items_purged":["Defend_G","Pain"],"score":3180,"play_id":"1c173a78-b95f-4d77-ae74-c7ce2d6fad28","local_time":"20210208075705","is_ascension_mode":true,"campfire_choices":[{"floor":7.0,"key":"REST"},{"data":"HandOfGreed","floor":10.0,"key":"SMITH"},{"data":"Blade Dance","floor":15.0,"key":"SMITH"},{"data":"Wraith Form v2","floor":24.0,"key":"SMITH"},{"floor":30.0,"key":"REST"},{"data":"Tools of the Trade","floor":32.0,"key":"SMITH"},{"floor":41.0,"key":"RECALL"},{"data":"Burst","floor":44.0,"key":"SMITH"},{"data":"Phantasmal Killer","floor":49.0,"key":"SMITH"},{"data":"Calculated Gamble","floor":53,"key":"SMITH"}],"circlet_count":0,"master_deck":["AscendersBane","Survivor","Neutralize","HandOfGreed+1","Blade Dance+1","Poisoned Stab","Tools of the Trade+1","Backflip","Wraith Form v2+1","Dash","Blur+1","RitualDagger","Backflip","Calculated Gamble+1","Tools of the Trade","Phantasmal Killer+1","Dagger Spray","Burst+1","Deflect","After Image","Storm of Steel","Dodge and Roll","Unload","Bullet Time+1","Backflip+1","Backflip","Cloak And Dagger+1","Tools of the Trade"],"relics":["Ring of the Snake","Sundial","Happy Flower","InkBottle","Pen Nib","StrikeDummy","Lantern","FossilizedHelix","HoveringKite","Nilry\u0027s Codex","Ninja Scroll","Pandora\u0027s Box","HornCleat","WarpedTongs","War Paint","MawBank","Frozen Eye","Kunai","Frozen Egg 2","Incense Burner"],"acts_visited":["Exordium","TheCity","TheBeyond","TheEnding"],"potions_floor_usage":[56],"damage_taken":[{"damage":4.0,"enemies":"Cultist","floor":1.0,"turns":4.0},{"damage":0.0,"enemies":"2 Louse","floor":2.0,"turns":5.0},{"damage":1.0,"enemies":"Small Slimes","floor":3.0,"turns":3.0},{"damage":9.0,"enemies":"3 Louse","floor":5.0,"turns":5.0},{"damage":17.0,"enemies":"Lagavulin","floor":6.0,"turns":4.0},{"damage":1.0,"enemies":"2 Fungi Beasts","floor":8.0,"turns":4.0},{"damage":11.0,"enemies":"Gremlin Nob","floor":11.0,"turns":3.0},{"damage":0.0,"enemies":"Looter","floor":13.0,"turns":1.0},{"damage":0.0,"enemies":"Red Slaver","floor":14.0,"turns":3.0},{"damage":6.0,"enemies":"Hexaghost","floor":16.0,"turns":7.0},{"damage":0.0,"enemies":"Shell Parasite","floor":18.0,"turns":2.0},{"damage":5.0,"enemies":"3 Byrds","floor":20.0,"turns":4.0},{"damage":0.0,"enemies":"Gremlin Leader","floor":23.0,"turns":6.0},{"damage":0.0,"enemies":"Centurion and Healer","floor":25.0,"turns":5.0},{"damage":0.0,"enemies":"Snecko","floor":28.0,"turns":3.0},{"damage":5.0,"enemies":"Snake Plant","floor":29.0,"turns":3.0},{"damage":9.0,"enemies":"Slavers","floor":31.0,"turns":4.0},{"damage":0.0,"enemies":"Automaton","floor":33.0,"turns":13.0},{"damage":0.0,"enemies":"Orb Walker","floor":35.0,"turns":2.0},{"damage":0.0,"enemies":"3 Shapes","floor":37.0,"turns":3.0},{"damage":0.0,"enemies":"Sphere and 2 Shapes","floor":39.0,"turns":6.0},{"damage":0.0,"enemies":"Giant Head","floor":40.0,"turns":6.0},{"damage":0.0,"enemies":"Reptomancer","floor":45.0,"turns":5.0},{"damage":0.0,"enemies":"Giant Head","floor":48.0,"turns":6.0},{"damage":48,"enemies":"Time Eater","floor":50,"turns":20},{"damage":4,"enemies":"Donu and Deca","floor":51,"turns":4},{"damage":0,"enemies":"Shield and Spear","floor":55,"turns":24},{"damage":12,"enemies":"The Heart","floor":56,"turns":9}],"seed_played":"-3914594865687029273","potions_obtained":[{"floor":5.0,"key":"FearPotion"},{"floor":11.0,"key":"EssenceOfSteel"},{"floor":13.0,"key":"BlessingOfTheForge"},{"floor":14.0,"key":"Fire Potion"},{"floor":28.0,"key":"AttackPotion"},{"floor":29.0,"key":"Swift Potion"},{"floor":33.0,"key":"Block Potion"},{"floor":37.0,"key":"BlessingOfTheForge"},{"floor":40.0,"key":"LiquidMemories"}],"is_trial":false,"path_per_floor":["M","M","M","?","M","E","R","M","T","R","E","$","M","M","R","B",null,"M","?","M","?","T","E","R","M","T","$","M","M","R","E","R","B",null,"M","?","M","?","M","E","R","?","T","R","E","?","$","E","R","B","B",null,"R","$","E","B",null],"character_chosen":"THE_SILENT","items_purchased":["FossilizedHelix","Strength Potion","Ninja Scroll","Frozen Eye","Kunai"],"campfire_rested":2,"item_purchase_floors":[12,12,27,47,47],"current_hp_per_floor":[40,40,39,32,23,6,25,24,24,24,13,13,13,13,13,7,51,51,30,25,19,19,19,19,19,19,19,19,14,33,24,24,24,56,56,56,56,56,56,56,56,56,56,56,56,56,56,56,56,8,4,51,51,51,51,39],"gold":89,"neow_bonus":"RANDOM_COLORLESS_2","is_daily":false,"chose_seed":false,"campfire_upgraded":7,"win_rate":0.0,"timestamp":1612789025,"path_taken":["M","M","?","?","M","E","R","M","T","R","E","$","?","M","R","BOSS","M","?","M","?","?","E","R","?","T","$","?","M","R","E","R","BOSS","M","?","M","?","M","E","R","?","T","R","E","?","$","E","R","BOSS","BOSS","R","$","E","BOSS"],"items_purchased_type":["Relic","Potion","Relic","Relic","Relic"],"build_version":"2020-12-22","purchased_purges":2,"victory":true,"max_hp_per_floor":[66,66,66,66,66,66,66,66,66,66,66,66,66,66,66,66,66,66,66,66,66,66,66,66,66,66,66,66,66,66,66,66,66,66,66,66,66,66,66,66,66,66,66,66,66,66,66,66,66,66,66,66,66,66,66,66],"relic_stats":{"Happy Flower":[32],"counters":[28,164],"HoveringKite":[104],"Pen Nib":[53],"War Paint":["Backflip","Bullet Time"],"MawBank":24,"WarpedTongs":[65],"Sundial":[22],"Pandora\u0027s Box":["Dagger Spray","Burst","Deflect","After Image","Storm of Steel","Dodge and Roll","Unload","Bullet Time"],"Kunai":[65],"obtain_stats":[{"Lantern":11,"Happy Flower":31,"Nilry\u0027s Codex":19,"HoveringKite":17,"Pen Nib":6,"Incense Burner":55,"War Paint":43,"Frozen Egg 2":48,"MawBank":45,"WarpedTongs":42,"Frozen Eye":47,"HornCleat":40,"Sundial":23,"Ninja Scroll":27,"Pandora\u0027s Box":34,"Kunai":47,"StrikeDummy":9,"FossilizedHelix":12,"InkBottle":26,"Ring of the Snake":0},{"Lantern":7,"Happy Flower":17,"Nilry\u0027s Codex":11,"HoveringKite":10,"Pen Nib":5,"Incense Burner":27,"War Paint":22,"Frozen Egg 2":24,"MawBank":23,"WarpedTongs":22,"Frozen Eye":23,"HornCleat":22,"Sundial":13,"Ninja Scroll":14,"Pandora\u0027s Box":18,"Kunai":23,"StrikeDummy":6,"FossilizedHelix":7,"InkBottle":14,"Ring of the Snake":0},{"Lantern":28,"Happy Flower":66,"Nilry\u0027s Codex":41,"HoveringKite":39,"Pen Nib":21,"Incense Burner":155,"War Paint":96,"Frozen Egg 2":107,"MawBank":101,"WarpedTongs":96,"Frozen Eye":101,"HornCleat":96,"Sundial":51,"Ninja Scroll":56,"Pandora\u0027s Box":79,"Kunai":101,"StrikeDummy":25,"FossilizedHelix":28,"InkBottle":56,"Ring of the Snake":0}],"InkBottle":[75],"Ring of the Snake":[56]},"card_choices":[{"not_picked":["Sadistic Nature","The Bomb"],"picked":"HandOfGreed","floor":0.0},{"not_picked":["Choke","Sucker Punch"],"picked":"Dagger Spray","floor":1.0},{"not_picked":["Bane","Backflip"],"picked":"Blade Dance","floor":2.0},{"not_picked":["Sucker Punch","Dagger Spray","Grand Finale"],"picked":"SKIP","floor":3.0},{"not_picked":["Prepared","Acrobatics"],"picked":"Poisoned Stab","floor":5.0},{"not_picked":["Quick Slash","Deadly Poison"],"picked":"Tools of the Trade","floor":6.0},{"not_picked":["Bane","Riddle With Holes","Quick Slash"],"picked":"SKIP","floor":8.0},{"not_picked":["Concentrate","Poisoned Stab","Predator"],"picked":"SKIP","floor":11.0},{"not_picked":["Sucker Punch","Choke","Quick Slash"],"picked":"SKIP","floor":13.0},{"not_picked":["Dagger Throw","PiercingWail"],"picked":"Backflip","floor":14.0},{"not_picked":["Die Die Die","Tools of the Trade"],"picked":"Wraith Form v2","floor":16.0},{"not_picked":["Expertise","Flying Knee+1"],"picked":"Dash","floor":18.0},{"not_picked":["Caltrops","Deflect"],"picked":"Blur+1","floor":20.0},{"not_picked":["Quick Slash","Blade Dance"],"picked":"Backflip","floor":23.0},{"not_picked":["Dagger Throw","Prepared","Bane"],"picked":"SKIP","floor":25.0},{"not_picked":["Poisoned Stab","Infinite Blades+1","Slice"],"picked":"SKIP","floor":28.0},{"not_picked":["Outmaneuver","Caltrops"],"picked":"Calculated Gamble","floor":29.0},{"not_picked":["Deadly Poison","Catalyst"],"picked":"Tools of the Trade","floor":31.0},{"not_picked":["Envenom","Tools of the Trade"],"picked":"Phantasmal Killer","floor":33.0},{"not_picked":["Poisoned Stab","Flying Knee"],"picked":"Backflip","floor":35.0},{"not_picked":["Escape Plan+1","Dagger Spray"],"picked":"Backflip","floor":37.0},{"not_picked":["Backflip","Bane"],"picked":"Cloak And Dagger+1","floor":39.0},{"not_picked":["All Out Attack","Deflect"],"picked":"Tools of the Trade","floor":40.0},{"not_picked":["Crippling Poison","Endless Agony+1","Flying Knee"],"picked":"SKIP","floor":45.0},{"not_picked":["Eviscerate","Sucker Punch","Quick Slash"],"picked":"SKIP","floor":48.0},{"not_picked":["Dagger Spray","All Out Attack","Quick Slash"],"picked":"SKIP","floor":55}],"player_experience":684140,"relics_obtained":[{"floor":6.0,"key":"Pen Nib"},{"floor":9.0,"key":"StrikeDummy"},{"floor":11.0,"key":"Lantern"},{"floor":19.0,"key":"Nilry\u0027s Codex"},{"floor":23.0,"key":"Sundial"},{"floor":26.0,"key":"InkBottle"},{"floor":31.0,"key":"Happy Flower"},{"floor":40.0,"key":"HornCleat"},{"floor":43.0,"key":"War Paint"},{"floor":45.0,"key":"MawBank"},{"floor":48.0,"key":"Frozen Egg 2"},{"floor":55,"key":"Incense Burner"}],"event_choices":[{"cards_removed":["Defend_G"],"damage_healed":0.0,"max_hp_gain":0.0,"max_hp_loss":0.0,"gold_gain":0.0,"event_name":"Golden Wing","player_choice":"Card Removal","floor":4.0,"gold_loss":0.0,"damage_taken":7.0},{"damage_healed":0.0,"max_hp_gain":0.0,"max_hp_loss":0.0,"gold_gain":0.0,"event_name":"Cursed Tome","player_choice":"Obtained Book","floor":19.0,"gold_loss":0.0,"damage_taken":21.0},{"damage_healed":0.0,"max_hp_gain":0.0,"max_hp_loss":0.0,"gold_gain":0.0,"event_name":"Nest","player_choice":"Joined the Cult","floor":21.0,"gold_loss":0.0,"damage_taken":6.0,"cards_obtained":["RitualDagger"]},{"damage_healed":0.0,"max_hp_gain":0.0,"max_hp_loss":0.0,"gold_gain":0.0,"event_name":"Tomb of Lord Red Mask","player_choice":"Ignored","floor":36.0,"gold_loss":0.0,"damage_taken":0.0},{"cards_removed":["Dagger Spray"],"damage_healed":0.0,"max_hp_gain":0.0,"max_hp_loss":0.0,"gold_gain":0.0,"event_name":"Falling","player_choice":"Removed Attack","floor":38.0,"gold_loss":0.0,"damage_taken":0.0},{"damage_healed":0.0,"max_hp_gain":0.0,"max_hp_loss":0.0,"gold_gain":0.0,"event_name":"Accursed Blacksmith","player_choice":"Rummage","floor":42.0,"gold_loss":0.0,"damage_taken":0.0,"relics_obtained":["WarpedTongs"],"cards_obtained":["Pain"]},{"damage_healed":0.0,"max_hp_gain":0.0,"max_hp_loss":0.0,"gold_gain":50.0,"event_name":"Golden Shrine","player_choice":"Pray","floor":46.0,"gold_loss":0.0,"damage_taken":0.0}],"is_beta":false,"boss_relics":[{"not_picked":["Busted Crown","Philosopher\u0027s Stone"],"picked":"HoveringKite"},{"not_picked":["Calling Bell","Black Star"],"picked":"Pandora\u0027s Box"}],"items_purged_floors":[12,54],"is_endless":false,"potions_floor_spawned":[5,11,13,14,28,29,33,37,39,40],"ascension_level":20}}