{"host":"gopu3kmfaoww0llm","time":1612796803,"event":{"mods":["BaseMod","DeckTracker","Minty Spire (QoL Compilation)","Quick Restart","StSLib","SuperFastMode"],"gold_per_floor":[119,130,205,33,51,86,86,121,148,148,190,190,190,220,220,319,319,354,364,76,119,157,157,192,242,242,293,310,310,220,273,273,346,346,365,415,415,415,456,456,487,487,487,519,207,233,233,253,253,253,253,253,253,12,39,39],"floor_reached":57,"language":"KOR","playtime":1604,"items_purged":["Weave+1","BowlingBash","Defend_P","Defend_P"],"score":3453,"play_id":"a276d2b7-146d-4280-9d4b-39c3bfd0f736","local_time":"20210209000643","is_ascension_mode":true,"campfire_choices":[{"data":"Eruption","floor":7.0,"key":"SMITH"},{"floor":10.0,"key":"REST"},{"data":"Adaptation","floor":15.0,"key":"SMITH"},{"floor":23.0,"key":"REST"},{"floor":29.0,"key":"REST"},{"data":"MentalFortress","floor":32.0,"key":"SMITH"},{"floor":40.0,"key":"RECALL"},{"floor":49,"key":"REST"},{"data":"Adaptation","floor":53,"key":"SMITH"}],"circlet_count":0,"master_deck":["AscendersBane","Defend_P+1","Eruption+1","Vigilance+1","WheelKick+1","Adaptation+1","Tantrum+1","Wish","Swivel+1","Halt+1","MentalFortress+1","ClearTheMind+1","Adaptation+1","LessonLearned+1","InnerPeace+1"],"relics":["PureWater","Vajra","Oddly Smooth Stone","Orichalcum","Centennial Puzzle","Happy Flower","Astrolabe","Membership Card","Toy Ornithopter","Mummified Hand","Boot","Akabeko","Busted Crown","Pocketwatch","Blood Vial","CaptainsWheel","FossilizedHelix","OrangePellets","Letter Opener","ClockworkSouvenir","Strawberry","Whetstone"],"acts_visited":["Exordium","TheCity","TheBeyond","TheEnding"],"potions_floor_usage":[41,56,56],"damage_taken":[{"damage":6.0,"enemies":"2 Louse","floor":1.0,"turns":3.0},{"damage":4.0,"enemies":"Small Slimes","floor":2.0,"turns":3.0},{"damage":0.0,"enemies":"Cultist","floor":5.0,"turns":2.0},{"damage":22.0,"enemies":"3 Sentries","floor":6.0,"turns":10.0},{"damage":0.0,"enemies":"Gremlin Nob","floor":8.0,"turns":2.0},{"damage":7.0,"enemies":"Blue Slaver","floor":11.0,"turns":2.0},{"damage":12.0,"enemies":"3 Sentries","floor":14.0,"turns":4.0},{"damage":12.0,"enemies":"Slime Boss","floor":16.0,"turns":6.0},{"damage":5.0,"enemies":"Spheric Guardian","floor":18.0,"turns":3.0},{"damage":9.0,"enemies":"Shell Parasite","floor":19.0,"turns":2.0},{"damage":11.0,"enemies":"Centurion and Healer","floor":21.0,"turns":8.0},{"damage":12.0,"enemies":"Shelled Parasite and Fungi","floor":22.0,"turns":5.0},{"damage":5.0,"enemies":"Book of Stabbing","floor":24.0,"turns":3.0},{"damage":9.0,"enemies":"Gremlin Leader","floor":27.0,"turns":6.0},{"damage":13.0,"enemies":"Snake Plant","floor":28.0,"turns":4.0},{"damage":1.0,"enemies":"Book of Stabbing","floor":31.0,"turns":3.0},{"damage":9.0,"enemies":"Automaton","floor":33.0,"turns":5.0},{"damage":21.0,"enemies":"3 Darklings","floor":35.0,"turns":3.0},{"damage":2.0,"enemies":"Mind Bloom Boss Battle","floor":36.0,"turns":7.0},{"damage":1.0,"enemies":"Orb Walker","floor":39.0,"turns":3.0},{"damage":15,"enemies":"Reptomancer","floor":41,"turns":5},{"damage":0,"enemies":"Giant Head","floor":44,"turns":4},{"damage":0,"enemies":"Nemesis","floor":46,"turns":8},{"damage":12,"enemies":"Jaw Worm Horde","floor":48,"turns":2},{"damage":0,"enemies":"Donu and Deca","floor":50,"turns":3},{"damage":0,"enemies":"Awakened One","floor":51,"turns":5},{"damage":0,"enemies":"Shield and Spear","floor":55,"turns":3},{"damage":0,"enemies":"The Heart","floor":56,"turns":6}],"seed_played":"1006615415099851644","potions_obtained":[{"floor":5.0,"key":"PowerPotion"},{"floor":6.0,"key":"LiquidBronze"},{"floor":11.0,"key":"BlessingOfTheForge"},{"floor":14.0,"key":"BlessingOfTheForge"},{"floor":21.0,"key":"SkillPotion"},{"floor":24.0,"key":"BottledMiracle"},{"floor":28.0,"key":"Dexterity Potion"},{"floor":33.0,"key":"LiquidMemories"},{"floor":41,"key":"Weak Potion"},{"floor":47,"key":"FearPotion"}],"is_trial":false,"path_per_floor":["M","M","?","$","M","E","R","E","T","R","M","?","?","E","R","B",null,"M","M","$","M","M","R","E","?","T","E","M","R","$","E","R","B",null,"M","?","?","?","M","R","E","?","T","E","$","E","?","M","R","B","B",null,"R","$","E","B",null],"character_chosen":"WATCHER","items_purchased":["Vajra","MentalFortress","Membership Card","Adaptation","FossilizedHelix","OrangePellets","ClockworkSouvenir","Strawberry"],"campfire_rested":4,"item_purchase_floors":[4,20,20,30,45,45,54,54],"current_hp_per_floor":[55,51,40,40,40,18,18,18,18,36,29,29,34,22,22,10,53,48,39,39,28,16,36,31,31,31,27,14,34,34,33,33,24,56,35,33,33,33,32,32,22,22,22,24,24,26,26,16,35,37,39,58,58,65,67,71],"gold":39,"neow_bonus":"REMOVE_TWO","is_daily":false,"chose_seed":false,"campfire_upgraded":4,"win_rate":0.0,"timestamp":1612796803,"path_taken":["M","M","?","$","M","E","R","E","T","R","M","?","?","E","R","BOSS","M","M","$","M","M","R","E","?","T","E","M","R","?","E","R","BOSS","M","?","?","?","M","R","E","?","T","E","$","E","?","?","R","BOSS","BOSS","R","$","E","BOSS"],"items_purchased_type":["Relic","Card","Relic","Card","Relic","Relic","Relic","Relic"],"build_version":"2020-12-22","purchased_purges":4,"victory":true,"max_hp_per_floor":[62,62,62,62,62,62,62,62,62,62,62,62,67,67,67,67,67,67,67,67,67,67,67,67,67,67,67,67,67,67,67,67,67,67,67,67,64,64,64,64,64,64,64,64,64,64,64,64,64,64,64,64,64,71,71,71],"card_choices":[{"not_picked":["ClearTheMind","FlyingSleeves"],"picked":"WheelKick","floor":1.0},{"not_picked":["ReachHeaven","SashWhip","PathToVictory"],"picked":"SKIP","floor":2.0},{"not_picked":["Halt","Scrawl"],"picked":"Adaptation","floor":5.0},{"not_picked":["EmptyBody","EmptyFist"],"picked":"Tantrum","floor":6.0},{"not_picked":["SandsOfTime","Wallop"],"picked":"Wish","floor":8.0},{"not_picked":["Meditate","Wireheading","JustLucky"],"picked":"SKIP","floor":11.0},{"not_picked":["EmptyFist","Evaluate"],"picked":"BowlingBash","floor":14.0},{"not_picked":["Evaluate","LikeWater","PathToVictory"],"picked":"SKIP","floor":18.0},{"not_picked":["Tantrum","BattleHymn"],"picked":"Halt","floor":19.0},{"not_picked":["Tantrum","BowlingBash","Consecrate"],"picked":"SKIP","floor":21.0},{"not_picked":["ClearTheMind","FlyingSleeves","Blasphemy"],"picked":"SKIP","floor":22.0},{"not_picked":["FlyingSleeves","BowlingBash+1","EmptyBody"],"picked":"SKIP","floor":24.0},{"not_picked":["Collect","FlurryOfBlows+1","Consecrate"],"picked":"SKIP","floor":27.0},{"not_picked":["Consecrate","WreathOfFlame"],"picked":"ClearTheMind+1","floor":28.0},{"not_picked":["JustLucky","FlurryOfBlows+1","Wallop"],"picked":"SKIP","floor":31.0},{"not_picked":["JustLucky","FlurryOfBlows+1","Wallop"],"picked":"SKIP","floor":31.0},{"not_picked":["Judgement","DevaForm"],"picked":"LessonLearned","floor":33.0},{"not_picked":["PathToVictory"],"picked":"SKIP","floor":35.0},{"not_picked":[],"picked":"InnerPeace+1","floor":36.0},{"not_picked":["PathToVictory"],"picked":"SKIP","floor":39.0},{"not_picked":["Meditate"],"picked":"SKIP","floor":41},{"not_picked":["Wallop"],"picked":"SKIP","floor":44},{"not_picked":["CutThroughFate"],"picked":"SKIP","floor":46},{"not_picked":["Consecrate"],"picked":"SKIP","floor":48},{"not_picked":["Indignation"],"picked":"SKIP","floor":55}],"player_experience":2914633,"relics_obtained":[{"floor":6.0,"key":"Oddly Smooth Stone"},{"floor":8.0,"key":"Orichalcum"},{"floor":9.0,"key":"Centennial Puzzle"},{"floor":14.0,"key":"Happy Flower"},{"floor":24.0,"key":"Toy Ornithopter"},{"floor":26.0,"key":"Mummified Hand"},{"floor":27.0,"key":"Boot"},{"floor":31.0,"key":"Akabeko"},{"floor":36.0,"key":"Pocketwatch"},{"floor":41,"key":"Blood Vial"},{"floor":44,"key":"CaptainsWheel"},{"floor":46,"key":"Letter Opener"},{"floor":55,"key":"Whetstone"}],"event_choices":[{"damage_healed":0.0,"max_hp_gain":0.0,"max_hp_loss":0.0,"gold_gain":75.0,"event_name":"World of Goop","player_choice":"Gather Gold","floor":3.0,"gold_loss":0.0,"damage_taken":11.0},{"damage_healed":0.0,"max_hp_gain":0.0,"max_hp_loss":0.0,"gold_gain":0.0,"event_name":"Liars Game","player_choice":"Ignored","floor":12.0,"gold_loss":0.0,"damage_taken":0.0},{"damage_healed":0.0,"max_hp_gain":5.0,"max_hp_loss":0.0,"gold_gain":0.0,"event_name":"Big Fish","player_choice":"Donut","floor":13.0,"gold_loss":0.0,"damage_taken":0.0},{"damage_healed":0.0,"max_hp_gain":0.0,"max_hp_loss":0.0,"gold_gain":100.0,"event_name":"The Joust","player_choice":"Bet on Murderer","floor":25.0,"gold_loss":50.0,"damage_taken":0.0},{"damage_healed":0.0,"max_hp_gain":0.0,"max_hp_loss":0.0,"gold_gain":0.0,"event_name":"MindBloom","player_choice":"Fight","floor":36.0,"gold_loss":0.0,"damage_taken":0.0},{"damage_healed":0.0,"max_hp_gain":0.0,"max_hp_loss":3.0,"gold_gain":0.0,"event_name":"Winding Halls","player_choice":"Max HP","floor":37.0,"gold_loss":0.0,"damage_taken":0.0},{"damage_healed":0.0,"max_hp_gain":0.0,"max_hp_loss":0.0,"gold_gain":0.0,"event_name":"Tomb of Lord Red Mask","player_choice":"Ignored","floor":38.0,"gold_loss":0.0,"damage_taken":0.0},{"cards_removed":["ConjureBlade"],"damage_healed":0,"gold_gain":0,"player_choice":"Removed Skill","damage_taken":0,"max_hp_gain":0,"max_hp_loss":0,"event_name":"Falling","floor":42,"gold_loss":0},{"damage_healed":0,"gold_gain":0,"player_choice":"Got Potions","damage_taken":0,"max_hp_gain":0,"max_hp_loss":0,"event_name":"Lab","floor":47,"gold_loss":0}],"is_beta":false,"boss_relics":[{"not_picked":["Empty Cage","Ectoplasm"],"picked":"Astrolabe"},{"not_picked":["Runic Dome","SacredBark"],"picked":"Busted Crown"}],"items_purged_floors":[20,30,45,54],"is_endless":false,"potions_floor_spawned":[5,6,11,14,21,24,28,33,36,39,41],"ascension_level":20}}