{"host":"6pfj0wha12yu6wq3","time":1612760411,"event":{"mods":["AchievementEnabler","BaseMod","Colored Map","Colored Powertips","Curses Come First","DeckTracker","Minty Spire (QoL Compilation)","RNG Fix","Relic Sorter","Relic Stats","StSLib","UnlockEverythingMod","ojb\u0027s Better Paths Mod","ojb\u0027s Info Mod"],"gold_per_floor":[113,38,38,38,58,58,102,102,102,102,139,139,148,80,80,160,160,186,208,46,46,46,46,46],"floor_reached":23,"language":"ENG","playtime":829,"items_purged":["Defend_G"],"score":436,"play_id":"e917afa3-9968-42c9-a7b7-7795e4a7170d","local_time":"20210208000011","is_ascension_mode":true,"campfire_choices":[{"floor":6,"key":"REST"},{"data":"Flying Knee","floor":8,"key":"SMITH"},{"data":"Dagger Throw","floor":10,"key":"SMITH"},{"data":"Caltrops","floor":15,"key":"SMITH"}],"circlet_count":0,"master_deck":["AscendersBane","Strike_G","Strike_G+1","Strike_G","Strike_G","Strike_G","Defend_G","Defend_G","Defend_G","Defend_G","Survivor+1","Neutralize+1","Dagger Throw+1","Flying Knee+1","Predator","Regret","Caltrops+1","After Image","Tactician","Escape Plan"],"relics":["Ring of the Snake","NeowsBlessing","CeramicFish","White Beast Statue","MealTicket","Gremlin Horn","Black Star","Frozen Eye"],"acts_visited":["Exordium","TheCity"],"potions_floor_usage":[16,18],"damage_taken":[{"damage":0,"enemies":"2 Louse","floor":1,"turns":1},{"damage":0,"enemies":"Jaw Worm","floor":5,"turns":1},{"damage":0,"enemies":"Gremlin Nob","floor":7,"turns":1},{"damage":20,"enemies":"3 Sentries","floor":11,"turns":8},{"damage":47,"enemies":"Hexaghost","floor":16,"turns":9},{"damage":29,"enemies":"Shell Parasite","floor":18,"turns":6},{"damage":36,"enemies":"Chosen","floor":19,"turns":5},{"damage":6,"enemies":"Sentry and Sphere","floor":23,"turns":2}],"seed_played":"1785882849466843340","potions_obtained":[{"floor":1,"key":"FairyPotion"},{"floor":11,"key":"EssenceOfSteel"},{"floor":16,"key":"SpeedPotion"},{"floor":18,"key":"Explosive Potion"},{"floor":19,"key":"FearPotion"}],"is_trial":false,"path_per_floor":["M","$","?","?","M","R","E","R","T","R","E","$","?","$","R","B",null,"M","M","$","?","?","M"],"character_chosen":"THE_SILENT","items_purchased":["Caltrops","Frozen Eye"],"campfire_rested":1,"item_purchase_floors":[14,20],"current_hp_per_floor":[59,59,39,39,39,58,58,58,58,58,38,53,53,66,66,19,54,25,8,23,23,5,0,0],"gold":46,"neow_bonus":"THREE_ENEMY_KILL","is_daily":false,"chose_seed":false,"campfire_upgraded":3,"win_rate":0.0,"timestamp":1612760411,"path_taken":["M","$","?","?","M","R","E","R","T","R","E","?","?","$","R","BOSS","M","M","$","?","?","?"],"items_purchased_type":["Card","Relic"],"build_version":"2020-12-22","purchased_purges":1,"victory":false,"max_hp_per_floor":[66,66,66,66,66,66,66,66,66,66,66,66,66,66,66,66,66,66,66,66,66,71,71,71],"relic_stats":{"Gremlin Horn":[1,1],"counters":[8,33],"CeramicFish":63,"MealTicket":43,"Black Star":0,"obtain_stats":[{"Frozen Eye":20,"NeowsBlessing":0,"Gremlin Horn":13,"CeramicFish":7,"MealTicket":11,"Black Star":17,"White Beast Statue":9,"Ring of the Snake":0},{"Frozen Eye":7,"NeowsBlessing":0,"Gremlin Horn":4,"CeramicFish":3,"MealTicket":4,"Black Star":5,"White Beast Statue":3,"Ring of the Snake":0},{"Frozen Eye":31,"NeowsBlessing":0,"Gremlin Horn":11,"CeramicFish":3,"MealTicket":11,"Black Star":20,"White Beast Statue":3,"Ring of the Snake":0}],"Ring of the Snake":[16]},"card_choices":[{"not_picked":["Catalyst","Acrobatics","PiercingWail"],"picked":"SKIP","floor":1},{"not_picked":["Sucker Punch","Setup"],"picked":"Dagger Throw","floor":5},{"not_picked":["Acrobatics","Flechettes"],"picked":"Flying Knee","floor":7},{"not_picked":["Poisoned Stab","Backflip"],"picked":"Predator","floor":11},{"not_picked":["Glass Knife","Doppelganger"],"picked":"After Image","floor":16},{"not_picked":["Predator","Dagger Spray"],"picked":"Tactician","floor":18},{"not_picked":["Caltrops","Tactician"],"picked":"Escape Plan","floor":19}],"player_experience":671058,"relics_obtained":[{"floor":7,"key":"CeramicFish"},{"floor":9,"key":"White Beast Statue"},{"floor":11,"key":"MealTicket"}],"event_choices":[{"damage_healed":0,"gold_gain":0,"player_choice":"Entered Light","damage_taken":20,"max_hp_gain":0,"max_hp_loss":0,"event_name":"Shining Light","floor":3,"gold_loss":0,"cards_upgraded":["Survivor","Strike_G"]},{"damage_healed":0,"gold_gain":0,"player_choice":"Upgraded","damage_taken":0,"max_hp_gain":0,"max_hp_loss":0,"event_name":"Upgrade Shrine","floor":4,"gold_loss":0,"cards_upgraded":["Neutralize"]},{"damage_healed":0,"gold_gain":0,"player_choice":"Box","damage_taken":0,"relics_obtained":["Gremlin Horn"],"max_hp_gain":0,"max_hp_loss":0,"event_name":"Big Fish","floor":13,"gold_loss":0,"cards_obtained":["Regret"]},{"damage_healed":0,"gold_gain":0,"player_choice":"Ignored","damage_taken":0,"max_hp_gain":0,"max_hp_loss":0,"event_name":"N\u0027loth","floor":21,"gold_loss":0},{"damage_healed":0,"gold_gain":0,"player_choice":"Shed Blood","damage_taken":23,"max_hp_gain":5,"max_hp_loss":0,"event_name":"Forgotten Altar","floor":22,"gold_loss":0}],"is_beta":false,"boss_relics":[{"not_picked":["Ring of the Serpent","Ectoplasm"],"picked":"Black Star"}],"items_purged_floors":[2],"is_endless":false,"potions_floor_spawned":[1,11,16,18,19],"killed_by":"Sentry and Sphere","ascension_level":20}}