{"host":"nptej036rrbiurf5","time":1612763172,"event":{"mods":["BaseMod","Colored Map","Colored Powertips","DeckTracker","Minty Spire (QoL Compilation)","StSLib","SuperFastMode"],"gold_per_floor":[112,129,139,158,175,175,185,185,212,227,240,271,287,301,301,400,400,412,412,463,478,235,235,263,282,308,319,319,94,94,114,114,218,218,238,538,399,416,434,434,461,461,461,461,487,487,362,380,380,380],"floor_reached":51,"language":"KOR","playtime":1352,"items_purged":["Strike_R","Strike_R","Strike_R"],"score":808,"play_id":"18b3ee12-7ed5-452b-950f-cb0316db2c2c","local_time":"20210208144612","is_ascension_mode":false,"campfire_choices":[{"data":"Body Slam","floor":6.0,"key":"SMITH"},{"data":"Entrench","floor":8.0,"key":"SMITH"},{"data":"Juggernaut","floor":15.0,"key":"SMITH"},{"data":"Finesse","floor":23.0,"key":"SMITH"},{"data":"Impervious","floor":28.0,"key":"SMITH"},{"data":"Corruption","floor":30.0,"key":"SMITH"},{"floor":32.0,"key":"REST"},{"data":"Feel No Pain","floor":40.0,"key":"SMITH"},{"data":"Dark Embrace","floor":42.0,"key":"SMITH"},{"data":"Burning Pact","floor":44.0,"key":"SMITH"},{"data":"Second Wind","floor":46.0,"key":"SMITH"},{"data":"Impervious","floor":49.0,"key":"SMITH"}],"circlet_count":0,"master_deck":["Strike_R","Defend_R","Defend_R","Defend_R","Defend_R","Bash","Entrench+1","Body Slam+1","Clash","Metallicize","Juggernaut+1","Shrug It Off","Impervious+1","Finesse+1","Ghostly Armor","Second Wind+1","Body Slam+1","Shrug It Off+1","Corruption+1","Battle Trance","Burning Pact+1","Impervious+1","True Grit+1","Feel No Pain+1","Dark Embrace+1"],"relics":["Burning Blood","Potion Belt"],"acts_visited":["Exordium","TheCity","TheBeyond"],"potions_floor_usage":[50,50],"damage_taken":[{"damage":11.0,"enemies":"Jaw Worm","floor":1.0,"turns":2.0},{"damage":8.0,"enemies":"Small Slimes","floor":2.0,"turns":3.0},{"damage":15.0,"enemies":"Cultist","floor":3.0,"turns":4.0},{"damage":2.0,"enemies":"2 Fungi Beasts","floor":4.0,"turns":4.0},{"damage":8.0,"enemies":"Blue Slaver","floor":5.0,"turns":5.0},{"damage":0.0,"enemies":"Large Slime","floor":7.0,"turns":4.0},{"damage":0.0,"enemies":"2 Fungi Beasts","floor":10.0,"turns":4.0},{"damage":14.0,"enemies":"Exordium Wildlife","floor":11.0,"turns":3.0},{"damage":2.0,"enemies":"Lagavulin","floor":12.0,"turns":6.0},{"damage":10.0,"enemies":"Lots of Slimes","floor":13.0,"turns":4.0},{"damage":0.0,"enemies":"2 Fungi Beasts","floor":14.0,"turns":3.0},{"damage":18.0,"enemies":"Slime Boss","floor":16.0,"turns":8.0},{"damage":14.0,"enemies":"Spheric Guardian","floor":18.0,"turns":6.0},{"damage":0.0,"enemies":"3 Byrds","floor":21.0,"turns":4.0},{"damage":16.0,"enemies":"Slavers","floor":24.0,"turns":7.0},{"damage":21.0,"enemies":"Centurion and Healer","floor":25.0,"turns":6.0},{"damage":18.0,"enemies":"Snake Plant","floor":27.0,"turns":4.0},{"damage":14.0,"enemies":"Sentry and Sphere","floor":31.0,"turns":6.0},{"damage":37.0,"enemies":"Champ","floor":33.0,"turns":13.0},{"damage":0.0,"enemies":"3 Shapes","floor":35.0,"turns":4.0},{"damage":9.0,"enemies":"3 Darklings","floor":38.0,"turns":4.0},{"damage":4.0,"enemies":"Jaw Worm Horde","floor":39.0,"turns":4.0},{"damage":14.0,"enemies":"Reptomancer","floor":41.0,"turns":4.0},{"damage":0.0,"enemies":"Nemesis","floor":45.0,"turns":1.0},{"damage":0.0,"enemies":"Maw","floor":48.0,"turns":4.0},{"damage":78,"enemies":"Awakened One","floor":50,"turns":7}],"seed_played":"1156039260331359388","potions_obtained":[{"floor":1.0,"key":"GamblersBrew"},{"floor":3.0,"key":"Ancient Potion"},{"floor":10.0,"key":"DistilledChaos"},{"floor":12.0,"key":"AttackPotion"},{"floor":13.0,"key":"Fire Potion"},{"floor":14.0,"key":"Block Potion"},{"floor":18.0,"key":"Block Potion"},{"floor":24.0,"key":"SteroidPotion"},{"floor":35.0,"key":"ElixirPotion"},{"floor":39.0,"key":"Energy Potion"},{"floor":41.0,"key":"BlessingOfTheForge"},{"floor":48.0,"key":"SneckoOil"}],"is_trial":false,"path_per_floor":["M","M","M","M","M","R","M","R","T","M","M","E","M","M","R","B",null,"M","?","T","M","$","R","E","M","T","M","R","$","R","M","R","B",null,"M","?","$","M","M","R","E","R","T","R","E","R","$","M","R","B",null],"character_chosen":"IRONCLAD","items_purchased":["Finesse","Ghostly Armor","Corruption","Battle Trance","Feel No Pain"],"campfire_rested":1,"item_purchase_floors":[22,22,29,29,37],"current_hp_per_floor":[75,73,64,68,66,66,72,72,72,78,70,74,70,76,76,64,80,72,72,72,78,78,78,68,53,53,41,41,41,41,33,57,26,80,80,80,80,77,79,79,71,71,71,71,77,77,77,80,80,8],"gold":380,"neow_bonus":"REMOVE_CARD","is_daily":false,"chose_seed":false,"campfire_upgraded":11,"win_rate":0.0,"timestamp":1612763172,"path_taken":["M","M","M","M","M","R","M","R","T","M","M","E","M","M","R","BOSS","M","?","?","M","$","R","E","M","T","M","R","$","R","M","R","BOSS","M","?","$","M","M","R","E","R","T","R","E","R","$","M","R","BOSS"],"items_purchased_type":["Card","Card","Card","Card","Card"],"build_version":"2020-12-22","purchased_purges":3,"victory":true,"max_hp_per_floor":[80,80,80,80,80,80,80,80,80,80,80,80,80,80,80,80,80,80,80,80,80,80,80,80,80,80,80,80,80,80,80,80,80,80,80,80,80,80,80,80,80,80,80,80,80,80,80,80,80,80],"card_choices":[{"not_picked":["Burning Pact","Evolve"],"picked":"Entrench","floor":1.0},{"not_picked":["Bloodletting","Whirlwind"],"picked":"Body Slam","floor":2.0},{"not_picked":["Headbutt","Cleave"],"picked":"Clash","floor":3.0},{"not_picked":["True Grit","Armaments"],"picked":"Metallicize","floor":4.0},{"not_picked":["Evolve","Body Slam"],"picked":"Juggernaut","floor":5.0},{"not_picked":["Uppercut","Heavy Blade","Dropkick"],"picked":"SKIP","floor":7.0},{"not_picked":["Clothesline","Heavy Blade"],"picked":"Shrug It Off","floor":10.0},{"not_picked":["Warcry","Flex","Havoc"],"picked":"SKIP","floor":11.0},{"not_picked":["Sever Soul","Thunderclap","Seeing Red"],"picked":"SKIP","floor":12.0},{"not_picked":["Iron Wave","Rage","Thunderclap"],"picked":"SKIP","floor":13.0},{"not_picked":["Disarm","Spot Weakness"],"picked":"Impervious","floor":14.0},{"not_picked":["Havoc","Anger","Entrench"],"picked":"SKIP","floor":18.0},{"not_picked":["Heavy Blade","Sever Soul","Clothesline"],"picked":"SKIP","floor":21.0},{"not_picked":["Perfected Strike","Pommel Strike+1"],"picked":"Second Wind","floor":24.0},{"not_picked":["Pommel Strike+1","Blood for Blood+1"],"picked":"Body Slam+1","floor":25.0},{"not_picked":["Body Slam","Disarm"],"picked":"Shrug It Off+1","floor":27.0},{"not_picked":["Iron Wave","Twin Strike"],"picked":"Burning Pact","floor":31.0},{"not_picked":["Juggernaut","Reaper"],"picked":"Impervious","floor":33.0},{"not_picked":["Wild Strike","Anger"],"picked":"True Grit+1","floor":35.0},{"not_picked":["Armaments","Headbutt+1","Sword Boomerang"],"picked":"SKIP","floor":38.0},{"not_picked":["Pummel+1","Evolve","Infernal Blade+1"],"picked":"SKIP","floor":39.0},{"not_picked":["Evolve","Feed"],"picked":"Dark Embrace","floor":41.0},{"not_picked":["Immolate","Anger+1","Fiend Fire"],"picked":"SKIP","floor":45.0},{"not_picked":["Iron Wave+1","Clothesline+1","Flex+1"],"picked":"SKIP","floor":48.0}],"player_experience":909510,"relics_obtained":[{"floor":41.0,"key":"Potion Belt"}],"event_choices":[{"damage_healed":0.0,"max_hp_gain":0.0,"max_hp_loss":0.0,"gold_gain":0.0,"event_name":"The Mausoleum","player_choice":"Ignored","floor":19.0,"gold_loss":0.0,"damage_taken":0.0},{"damage_healed":0.0,"max_hp_gain":0.0,"max_hp_loss":0.0,"gold_gain":300.0,"event_name":"Wheel of Change","player_choice":"Gold","floor":36.0,"gold_loss":0.0,"damage_taken":0.0}],"is_beta":false,"boss_relics":[{"not_picked":["Tiny House","Pandora\u0027s Box","Coffee Dripper"]},{"not_picked":["SlaversCollar","Runic Dome","Snecko Eye"]}],"items_purged_floors":[22,37,47],"is_endless":false,"potions_floor_spawned":[1,3,10,12,13,14,18,24,35,39,41,48],"ascension_level":0}}