{"host":"ktoxvvst1mwxww91","time":1612794836,"event":{"mods":["BaseMod","Downfall","Hermit","Minty Spire (QoL Compilation)","StSLib","The Hierophant"],"gold_per_floor":[119,129,129,149,167,167,197,197,197,525,525,550,550,569,569,672,672,685,685,584,595,614,614,713,713,713,713,9,9,28,38,38,135,135,155,175,12,12,66,0,32,32,100,150,49,69,82,112,112,112],"floor_reached":51,"language":"ENG","playtime":2281,"items_purged":["hermit:Strike_Hermit","hermit:Strike_Hermit","Decay"],"score":1105,"play_id":"c23cfb9f-508b-49f1-8379-611a99a82410","local_time":"20210208153356","is_ascension_mode":true,"campfire_choices":[{"data":"hermit:FatalDesire","floor":6,"key":"SMITH"},{"data":"hermit:Snapshot","floor":8,"key":"SMITH"},{"floor":11,"key":"REST"},{"floor":13,"key":"REST"},{"floor":15,"key":"REST"},{"data":"hermit:FlashPowder","floor":23,"key":"SMITH"},{"data":"hermit:ShadowCloak","floor":32,"key":"SMITH"},{"data":"hermit:ShadowCloak","floor":42,"key":"SMITH"},{"data":"hermit:FlashPowder","floor":49,"key":"SMITH"}],"circlet_count":0,"master_deck":["AscendersBane","hermit:Snapshot+1","hermit:Covet","hermit:TrackingShot","hermit:ShadowCloak+1","hermit:Deadeye","hermit:FatalDesire+1","hermit:Deadeye","hermit:GoldenBullet","hermit:Ricochet","hermit:FlashPowder+1","hermit:FatalDesire","hermit:Headshot","hermit:HoleUp","hermit:Roulette+1","hermit:Feint","hermit:FromBeyond","hermit:LowProfile+1","hermit:ShadowCloak+1","hermit:HeroicBravado","hermit:Ricochet","hermit:DeadMansHand","hermit:Combo","hermit:HighCaliber","hermit:Purgatory","hermit:ShadowCloak+1","hermit:Ricochet","hermit:FlashPowder+1","hermit:FlashPowder+1","Writhe","hermit:HoleUp+1","hermit:Gambit","hermit:Determination","hermit:DeadOrAlive","hermit:Quickdraw+1","hermit:Spite+1"],"relics":["hermit:Momento","NeowsBlessing","Shuriken","Question Card","Old Coin","Gremlin Horn","Coffee Dripper","FossilizedHelix","Mercury Hourglass","Bird Faced Urn","Frozen Eye","Pandora\u0027s Box","Membership Card","Mango","Red Mask","Meat on the Bone","Pantograph","Pocketwatch"],"acts_visited":["Exordium","TheCity","TheBeyond"],"potions_floor_usage":[7,7,7,7,7,12,16,22,31,33,39,41,50],"damage_taken":[{"damage":0,"enemies":"Small Slimes","floor":1,"turns":1},{"damage":0,"enemies":"Cultist","floor":2,"turns":1},{"damage":0,"enemies":"Jaw Worm","floor":4,"turns":1},{"damage":8,"enemies":"3 Louse","floor":5,"turns":4},{"damage":0,"enemies":"3 Sentries","floor":7,"turns":8},{"damage":32,"enemies":"Gremlin Nob","floor":10,"turns":4},{"damage":43,"enemies":"3 Sentries","floor":12,"turns":6},{"damage":19,"enemies":"Large Slime","floor":14,"turns":5},{"damage":5,"enemies":"Hexaghost","floor":16,"turns":9},{"damage":26,"enemies":"Chosen","floor":18,"turns":6},{"damage":8,"enemies":"Spheric Guardian","floor":21,"turns":6},{"damage":7,"enemies":"Centurion and Healer","floor":22,"turns":6},{"damage":6,"enemies":"Snake Plant","floor":30,"turns":2},{"damage":20,"enemies":"Chosen and Byrds","floor":31,"turns":4},{"damage":3,"enemies":"Collector","floor":33,"turns":17},{"damage":25,"enemies":"3 Darklings","floor":35,"turns":4},{"damage":2,"enemies":"Orb Walker","floor":36,"turns":5},{"damage":40,"enemies":"2 Orb Walkers","floor":39,"turns":5},{"damage":1,"enemies":"Reptomancer","floor":41,"turns":8},{"damage":7,"enemies":"Mind Bloom Boss Battle","floor":44,"turns":8},{"damage":16,"enemies":"Transient","floor":46,"turns":5},{"damage":0,"enemies":"Maw","floor":47,"turns":8},{"damage":6,"enemies":"4 Shapes","floor":48,"turns":5},{"damage":43,"enemies":"Donu and Deca","floor":50,"turns":11}],"seed_played":"-8615117388382242272","potions_obtained":[{"floor":1,"key":"Dexterity Potion"},{"floor":2,"key":"EntropicBrew"},{"floor":10,"key":"sneckomod:MuddlingPotion"},{"floor":14,"key":"DuplicationPotion"},{"floor":21,"key":"SkillPotion"},{"floor":30,"key":"hexamod:SoulburnPotion"},{"floor":31,"key":"SpeedPotion"},{"floor":35,"key":"champ:CounterPotion"},{"floor":39,"key":"SteroidPotion"},{"floor":41,"key":"SteroidPotion"},{"floor":44,"key":"FairyPotion"},{"floor":48,"key":"SmokeBomb"}],"is_trial":false,"path_per_floor":["M","M","?","M","M","R","E","R","T","E","R","E","R","M","R","B",null,"M","?","$","M","M","R","?","T","T","?","$","?","M","M","R","B",null,"M","M","$","?","?","?","E","R","T","?","$","M","M","M","R","B",null],"character_chosen":"HERMIT","items_purchased":["hermit:HoleUp","Bird Faced Urn","hermit:FromBeyond","Frozen Eye","Membership Card","hermit:FlashPowder","hermit:Determination"],"campfire_rested":3,"item_purchase_floors":[20,28,28,28,37,37,45],"current_hp_per_floor":[68,68,68,68,60,60,60,60,60,28,50,7,29,10,32,27,63,37,37,37,29,22,22,22,22,22,22,22,22,18,4,4,9,59,46,56,56,75,57,57,68,68,68,88,88,77,89,89,89,58],"gold":112,"neow_bonus":"THREE_ENEMY_KILL","is_daily":false,"chose_seed":false,"campfire_upgraded":6,"win_rate":0.0,"timestamp":1612794836,"path_taken":["M","M","?","M","M","R","E","R","T","E","R","E","R","?","R","BOSS","M","?","$","M","M","R","?","?","T","?","$","?","M","M","R","BOSS","M","M","$","?","?","?","E","R","T","?","?","M","M","M","R","BOSS"],"items_purchased_type":["Card","Relic","Card","Relic","Relic","Card","Card"],"build_version":"2020-12-22","purchased_purges":3,"victory":true,"max_hp_per_floor":[75,75,75,75,75,75,75,75,75,75,75,75,75,75,75,75,75,75,75,75,75,75,75,75,75,75,75,75,75,75,75,75,75,75,75,75,75,75,89,89,89,89,89,89,89,89,89,89,89,89],"card_choices":[{"not_picked":["hermit:TakeAim","hermit:Vantage"],"picked":"hermit:TrackingShot","floor":1},{"not_picked":["hermit:Snipe","hermit:TrackingShot"],"picked":"hermit:ShadowCloak","floor":2},{"not_picked":["hermit:Ricochet","hermit:CalledShot"],"picked":"hermit:Deadeye","floor":4},{"not_picked":["hermit:TrackingShot","hermit:Determination"],"picked":"hermit:FatalDesire","floor":5},{"not_picked":["hermit:DeadMansHand","hermit:Purgatory"],"picked":"hermit:Deadeye","floor":7},{"not_picked":["hermit:Glare","hermit:CalledShot","hermit:WideOpen"],"picked":"hermit:GoldenBullet","floor":10},{"not_picked":["hermit:LoneWolf","hermit:Roulette","hermit:HighCaliber"],"picked":"hermit:Ricochet","floor":12},{"not_picked":["hermit:CursedWeapon","hermit:Combo","hermit:BigShot"],"picked":"hermit:FlashPowder","floor":14},{"not_picked":["hermit:FromBeyond","hermit:Magnum","hermit:Dissolve"],"picked":"hermit:FatalDesire","floor":16},{"not_picked":["hermit:Horror","hermit:TrackingShot","hermit:FullyLoaded+1"],"picked":"hermit:Headshot","floor":18},{"not_picked":["hermit:Snipe","hermit:Combo","hermit:BigShot+1"],"picked":"hermit:Roulette+1","floor":21},{"not_picked":["hermit:Misfire","hermit:CalledShot","hermit:Desperado"],"picked":"hermit:Feint","floor":22},{"not_picked":["hermit:Coalescence","hermit:BodyArmor","hermit:EyeOfTheStorm"],"picked":"hermit:LowProfile+1","floor":30},{"not_picked":["hermit:CalledShot","hermit:SprayPray","hermit:Grudge"],"picked":"hermit:ShadowCloak","floor":31},{"not_picked":["hermit:BlackWind","hermit:Dissolve","hermit:HighNoon"],"picked":"hermit:HeroicBravado","floor":33},{"not_picked":["hermit:Brawl","hermit:Coalescence","hermit:Headshot"],"picked":"hermit:Ricochet","floor":35},{"not_picked":["hermit:Brawl+1","hermit:Headshot","hermit:Deadeye+1"],"picked":"hermit:FlashPowder+1","floor":36},{"not_picked":["hermit:LoneWolf+1","hermit:TakeAim+1","hermit:Malice"],"picked":"hermit:HoleUp+1","floor":39},{"not_picked":["hermit:Brawl","hermit:Horror+1","hermit:SprayPray+1"],"picked":"hermit:Gambit","floor":41},{"not_picked":["hermit:ItchyTrigger+1","hermit:Dive","hermit:BodyArmor+1"],"picked":"hermit:DeadOrAlive","floor":46},{"not_picked":["hermit:Headshot+1","hermit:Desperado","hermit:LowProfile+1"],"picked":"hermit:Quickdraw+1","floor":47},{"not_picked":["hermit:Maintenance","hermit:Showdown","hermit:ItchyTrigger+1"],"picked":"hermit:Spite+1","floor":48}],"player_experience":1102856,"relics_obtained":[{"floor":7,"key":"Shuriken"},{"floor":9,"key":"Question Card"},{"floor":10,"key":"Old Coin"},{"floor":12,"key":"Gremlin Horn"},{"floor":25,"key":"FossilizedHelix"},{"floor":26,"key":"Mercury Hourglass"},{"floor":39,"key":"Mango"},{"floor":41,"key":"Meat on the Bone"},{"floor":43,"key":"Pantograph"},{"floor":44,"key":"Pocketwatch"}],"event_choices":[{"damage_healed":0,"gold_gain":0,"player_choice":"Upgraded","damage_taken":0,"max_hp_gain":0,"max_hp_loss":0,"event_name":"Upgrade Shrine","floor":3,"gold_loss":0,"cards_upgraded":["hermit:ShadowCloak"]},{"damage_healed":0,"gold_gain":0,"player_choice":"Smashed Altar","damage_taken":0,"max_hp_gain":0,"max_hp_loss":0,"event_name":"Forgotten Altar","floor":19,"gold_loss":0,"cards_obtained":["Decay"]},{"damage_healed":0,"gold_gain":99,"player_choice":"Stole From Cult","damage_taken":0,"max_hp_gain":0,"max_hp_loss":0,"event_name":"Nest","floor":24,"gold_loss":0},{"damage_healed":0,"gold_gain":0,"player_choice":"Ignored","damage_taken":0,"max_hp_gain":0,"max_hp_loss":0,"event_name":"Cursed Tome","floor":27,"gold_loss":0},{"damage_healed":19,"gold_gain":0,"player_choice":"Writhe","damage_taken":0,"max_hp_gain":0,"max_hp_loss":0,"event_name":"Winding Halls","floor":38,"gold_loss":0,"cards_obtained":["Writhe"]},{"damage_healed":0,"gold_gain":0,"player_choice":"Fight","damage_taken":0,"max_hp_gain":0,"max_hp_loss":0,"event_name":"Mysterious Sphere","floor":39,"gold_loss":0},{"damage_healed":0,"gold_gain":0,"player_choice":"Paid","damage_taken":0,"relics_obtained":["Red Mask"],"max_hp_gain":0,"max_hp_loss":0,"event_name":"Tomb of Lord Red Mask","floor":40,"gold_loss":66},{"damage_healed":0,"gold_gain":0,"player_choice":"Fight","damage_taken":0,"max_hp_gain":0,"max_hp_loss":0,"event_name":"MindBloom","floor":44,"gold_loss":0}],"is_beta":false,"boss_relics":[{"not_picked":["Fusion Hammer","Runic Pyramid"],"picked":"Coffee Dripper"},{"not_picked":["hermit:BartenderGlass","Empty Cage"],"picked":"Pandora\u0027s Box"}],"items_purged_floors":[20,28,45],"is_endless":false,"potions_floor_spawned":[1,2,10,14,21,30,31,35,39,41,44,48],"ascension_level":10}}