{"host":"xb2tau8pgi8aflss","time":1612792894,"event":{"mods":["AchievementEnabler","BaseMod","Hermit","Minty Spire (QoL Compilation)","StSLib","SuperFastMode"],"gold_per_floor":[117,117,186,150,169,202,212,240,292,292,324,324,353,371,371,474,474,492,462,442,447,447],"floor_reached":21,"language":"KOR","playtime":689,"items_purged":[],"score":278,"play_id":"353502af-2570-4502-b520-ac0eb5b21eaa","local_time":"20210208230134","is_ascension_mode":true,"campfire_choices":[{"data":"hermit:EternalForm","floor":10,"key":"SMITH"},{"floor":12,"key":"REST"},{"floor":15,"key":"REST"}],"circlet_count":0,"master_deck":["hermit:Strike_Hermit","hermit:Strike_Hermit","hermit:Strike_Hermit","hermit:Strike_Hermit","hermit:Defend_Hermit","hermit:Defend_Hermit","hermit:Defend_Hermit","hermit:Defend_Hermit","hermit:Snapshot","hermit:Covet","hermit:ItchyTrigger","hermit:BigShot","hermit:Vantage","hermit:GhostlyPresence","hermit:Dive","hermit:EternalForm+1","hermit:EyeOfTheStorm","hermit:Roughhouse","hermit:Scavenge","hermit:Roughhouse"],"relics":["hermit:Momento","NeowsBlessing","Question Card","MealTicket","Kunai","Omamori","Bottled Flame","Mummified Hand","Cursed Key"],"acts_visited":["Exordium","TheCity"],"potions_floor_usage":[19,21],"damage_taken":[{"damage":0,"enemies":"2 Louse","floor":1,"turns":1},{"damage":0,"enemies":"Small Slimes","floor":5,"turns":1},{"damage":0,"enemies":"Gremlin Nob","floor":6,"turns":1},{"damage":0,"enemies":"Cultist","floor":7,"turns":3},{"damage":37,"enemies":"Lagavulin","floor":8,"turns":9},{"damage":59,"enemies":"Gremlin Nob","floor":11,"turns":7},{"damage":17,"enemies":"Lagavulin","floor":13,"turns":8},{"damage":2,"enemies":"Exordium Wildlife","floor":14,"turns":4},{"damage":15,"enemies":"The Guardian","floor":16,"turns":10},{"damage":11,"enemies":"3 Byrds","floor":18,"turns":8},{"damage":30,"enemies":"2 Thieves","floor":19,"turns":5},{"damage":34,"enemies":"Shelled Parasite and Fungi","floor":21,"turns":4}],"seed_played":"2368323804968773617","potions_obtained":[{"floor":1,"key":"Explosive Potion"},{"floor":7,"key":"FairyPotion"},{"floor":8,"key":"Dexterity Potion"},{"floor":16,"key":"hermit:BlackBile"},{"floor":20,"key":"BlessingOfTheForge"}],"is_trial":false,"path_per_floor":["M","?","?","$","M","E","M","E","T","R","E","R","E","M","R","B",null,"M","M","?","M"],"character_chosen":"HERMIT","items_purchased":["hermit:BigShot"],"campfire_rested":2,"item_purchase_floors":[4],"current_hp_per_floor":[75,68,68,68,68,68,68,31,31,31,9,31,14,12,34,19,75,64,34,34,0,0],"gold":447,"neow_bonus":"THREE_ENEMY_KILL","is_daily":false,"chose_seed":false,"campfire_upgraded":1,"win_rate":0.0,"timestamp":1612792894,"path_taken":["M","?","?","$","M","E","M","E","T","R","E","R","E","M","R","BOSS","M","M","?","M"],"items_purchased_type":["Card"],"build_version":"2020-12-22","purchased_purges":0,"victory":false,"max_hp_per_floor":[75,75,75,75,75,75,75,75,75,75,75,75,75,75,75,75,75,75,75,75,75,75],"card_choices":[{"not_picked":["hermit:Feint","hermit:Headshot"],"picked":"hermit:ItchyTrigger","floor":1},{"not_picked":["hermit:LowProfile","hermit:Misfire","hermit:Manifest"],"picked":"hermit:Vantage","floor":5},{"not_picked":["hermit:Malice","hermit:Roughhouse","hermit:Shortfuse"],"picked":"hermit:GhostlyPresence","floor":6},{"not_picked":["hermit:Malice","hermit:LowProfile","hermit:Headshot"],"picked":"hermit:Dive","floor":7},{"not_picked":["hermit:BodyArmor","hermit:Desperado","hermit:Virtue"],"picked":"hermit:EternalForm","floor":8},{"not_picked":["hermit:HoleUp","hermit:Vantage","hermit:Dive"],"picked":"hermit:EyeOfTheStorm","floor":11},{"not_picked":["hermit:LowProfile","hermit:Misfire","hermit:Virtue"],"picked":"hermit:Roughhouse","floor":13},{"not_picked":["hermit:HighCaliber","hermit:Feint","hermit:Manifest"],"picked":"hermit:Scavenge","floor":14},{"not_picked":["hermit:BlackWind","hermit:Reprieve","hermit:Adapt"],"picked":"hermit:Roughhouse","floor":16},{"not_picked":["hermit:Malice","hermit:Headshot","hermit:Vantage","hermit:BodyArmor"],"picked":"SKIP","floor":18},{"not_picked":["hermit:LoneWolf+1","hermit:PistolWhip+1","hermit:TakeCover","hermit:Vantage"],"picked":"SKIP","floor":19}],"player_experience":816098,"relics_obtained":[{"floor":6,"key":"MealTicket"},{"floor":8,"key":"Kunai"},{"floor":9,"key":"Omamori"},{"floor":11,"key":"Bottled Flame"},{"floor":13,"key":"Mummified Hand"}],"event_choices":[{"damage_healed":0,"gold_gain":0,"player_choice":"Success","damage_taken":7,"relics_obtained":["Question Card"],"max_hp_gain":0,"max_hp_loss":0,"event_name":"Scrap Ooze","floor":2,"gold_loss":0},{"damage_healed":0,"gold_gain":69,"player_choice":"Gained Gold","damage_taken":0,"max_hp_gain":0,"max_hp_loss":0,"event_name":"Golden Wing","floor":3,"gold_loss":0},{"damage_healed":0,"gold_gain":0,"player_choice":"Bought 1 Potion","damage_taken":0,"max_hp_gain":0,"max_hp_loss":0,"event_name":"The Woman in Blue","floor":20,"gold_loss":0}],"is_beta":false,"boss_relics":[{"not_picked":["Empty Cage","Snecko Eye"],"picked":"Cursed Key"}],"items_purged_floors":[],"is_endless":false,"potions_floor_spawned":[1,7,8,16,18],"killed_by":"Shelled Parasite and Fungi","ascension_level":4}}