{"host":"dctolzh6htjtakpc","time":1612819927,"event":{"mods":["2.2 Compatiblity","AchievementEnabler","AlwaysNeverKeys","BaseMod","Block Reminder","DeckTracker","Defuse TimeMaze Blight","Minty Spire (QoL Compilation)","Permanent Neow","Quick Restart","StSLib","SuperFastMode"],"gold_per_floor":[110,110,110,38,138,138,173,186,186,186,15,15,26,38,38,140,140,155,254,272,272,292,317,317,327,403,403,418,447,251,281,281,380,380,393,66,111,111,128,128,153,153,206,206,231,231,106,0,0,0],"floor_reached":51,"language":"ENG","playtime":2337,"items_purged":["Strike_G","Defend_G","Defend_G+1"],"score":1340,"play_id":"78893242-7d0f-455f-9ebb-923e014b3d51","local_time":"20210208163207","is_ascension_mode":true,"campfire_choices":[{"data":"Calculated Gamble","floor":6,"key":"SMITH"},{"data":"Reflex","floor":10,"key":"SMITH"},{"data":"Panache","floor":12,"key":"SMITH"},{"data":"Reflex","floor":15,"key":"SMITH"},{"data":"Calculated Gamble","floor":24,"key":"SMITH"},{"data":"Backflip","floor":27,"key":"SMITH"},{"floor":32,"key":"REST"},{"data":"Defend_G","floor":40,"key":"PURGE"},{"data":"Strike_G+1","floor":42,"key":"PURGE"},{"data":"Defend_G+1","floor":44,"key":"PURGE"},{"floor":49,"key":"REST"}],"circlet_count":0,"master_deck":["AscendersBane","Survivor","Neutralize","Blade Dance+1","Wraith Form v2+1","Finisher+1","Calculated Gamble+1","Reflex+1","Blade Dance","Panache+1","Reflex+1","Storm of Steel","Calculated Gamble+1","Backflip+1","Calculated Gamble+1","Concentrate","Backflip","Tactician"],"relics":["Astrolabe","Strawberry","Toy Ornithopter","Sozu","Letter Opener","Ornamental Fan","Pantograph","Pocketwatch","WristBlade","War Paint","Peace Pipe","Gremlin Horn","Pen Nib","White Beast Statue","Red Mask"],"acts_visited":["Exordium","TheCity","TheBeyond"],"potions_floor_usage":[16,33],"damage_taken":[{"damage":2,"enemies":"Jaw Worm","floor":1,"turns":4},{"damage":13,"enemies":"Lagavulin","floor":7,"turns":8},{"damage":0,"enemies":"2 Louse","floor":8,"turns":2},{"damage":0,"enemies":"Small Slimes","floor":13,"turns":2},{"damage":0,"enemies":"Exordium Thugs","floor":14,"turns":3},{"damage":4,"enemies":"Slime Boss","floor":16,"turns":7},{"damage":23,"enemies":"Chosen","floor":18,"turns":5},{"damage":0,"enemies":"3 Byrds","floor":20,"turns":2},{"damage":1,"enemies":"Snecko","floor":22,"turns":5},{"damage":29,"enemies":"Gremlin Leader","floor":23,"turns":5},{"damage":20,"enemies":"Shelled Parasite and Fungi","floor":25,"turns":4},{"damage":0,"enemies":"Snake Plant","floor":28,"turns":4},{"damage":17,"enemies":"Slavers","floor":29,"turns":3},{"damage":0,"enemies":"Book of Stabbing","floor":31,"turns":2},{"damage":0,"enemies":"Collector","floor":33,"turns":4},{"damage":0,"enemies":"Orb Walker","floor":35,"turns":2},{"damage":0,"enemies":"2 Orb Walkers","floor":37,"turns":2},{"damage":1,"enemies":"3 Shapes","floor":39,"turns":2},{"damage":0,"enemies":"Giant Head","floor":41,"turns":5},{"damage":45,"enemies":"Nemesis","floor":45,"turns":6},{"damage":67,"enemies":"Time Eater","floor":50,"turns":7}],"seed_played":"-5094376019245256399","potions_obtained":[{"floor":8,"key":"DistilledChaos"},{"floor":14,"key":"FearPotion"}],"is_trial":false,"path_per_floor":["M","?","?","$","?","R","E","M","T","R","$","R","M","M","R","B",null,"M","?","M","?","M","E","R","M","T","R","M","E","$","E","R","B",null,"M","$","?","?","M","R","E","R","T","R","E","?","$","?","R","B",null],"character_chosen":"THE_SILENT","items_purchased":["Reflex","Panache","Concentrate","Backflip","Tactician","War Paint"],"campfire_rested":2,"item_purchase_floors":[4,11,30,30,36,36],"current_hp_per_floor":[61,47,47,47,47,47,41,41,41,41,41,41,41,41,41,42,68,45,45,45,70,69,40,40,20,20,20,20,3,3,3,26,56,72,72,72,72,72,71,71,71,71,71,71,26,26,26,26,47,5],"gold":0,"neow_bonus":"BOSS_RELIC","is_daily":false,"chose_seed":false,"campfire_upgraded":6,"win_rate":0.0,"timestamp":1612819927,"path_taken":["M","?","?","?","?","R","E","M","T","R","$","R","?","M","R","BOSS","M","?","M","?","M","E","R","M","T","R","M","E","$","E","R","BOSS","M","$","?","?","M","R","E","R","T","R","E","?","$","?","R","BOSS"],"items_purchased_type":["Card","Card","Card","Card","Card","Relic"],"build_version":"2020-12-22","purchased_purges":3,"victory":true,"max_hp_per_floor":[70,70,70,70,70,70,77,77,77,77,77,77,77,77,77,77,77,77,77,77,77,77,77,77,77,77,77,77,77,77,77,77,77,77,77,77,77,77,77,77,77,77,77,77,77,73,73,73,73,73],"card_choices":[{"not_picked":["Poisoned Stab","Flying Knee"],"picked":"Calculated Gamble","floor":1},{"not_picked":["Outmaneuver","Deadly Poison"],"picked":"Blade Dance","floor":7},{"not_picked":["Deadly Poison","Underhanded Strike","Bane"],"picked":"SKIP","floor":8},{"not_picked":["Dagger Spray","Eviscerate"],"picked":"Reflex","floor":13},{"not_picked":["Predator","Cloak And Dagger","Outmaneuver"],"picked":"SKIP","floor":14},{"not_picked":["Glass Knife","Corpse Explosion"],"picked":"Storm of Steel","floor":16},{"not_picked":["Cloak And Dagger+1","Flechettes+1"],"picked":"Calculated Gamble","floor":18},{"not_picked":["Endless Agony+1","Sucker Punch"],"picked":"Backflip","floor":20},{"not_picked":["Deflect","Riddle With Holes","Dodge and Roll"],"picked":"SKIP","floor":22},{"not_picked":["Doppelganger","Skewer+1","Deadly Poison"],"picked":"SKIP","floor":23},{"not_picked":["Expertise","Underhanded Strike","Terror"],"picked":"SKIP","floor":25},{"not_picked":["Infinite Blades","Poisoned Stab","Skewer"],"picked":"SKIP","floor":28},{"not_picked":["Expertise","Flying Knee+1"],"picked":"Calculated Gamble","floor":29},{"not_picked":["Deflect","Skewer+1","Flying Knee"],"picked":"SKIP","floor":31},{"not_picked":["Flying Knee","Expertise+1","Dodge and Roll+1"],"picked":"SKIP","floor":35},{"not_picked":["Quick Slash","Catalyst+1","Dagger Throw+1"],"picked":"SKIP","floor":39},{"not_picked":["Deadly Poison","Blade Dance+1","Tools of the Trade"],"picked":"SKIP","floor":41},{"not_picked":["Sucker Punch+1","Acrobatics","Cloak And Dagger+1"],"picked":"SKIP","floor":45}],"player_experience":513239,"relics_obtained":[{"floor":7,"key":"Strawberry"},{"floor":9,"key":"Toy Ornithopter"},{"floor":23,"key":"Letter Opener"},{"floor":26,"key":"Ornamental Fan"},{"floor":29,"key":"Pantograph"},{"floor":31,"key":"Pocketwatch"},{"floor":37,"key":"Peace Pipe"},{"floor":41,"key":"Gremlin Horn"},{"floor":43,"key":"Pen Nib"},{"floor":45,"key":"White Beast Statue"}],"event_choices":[{"damage_healed":0,"gold_gain":0,"player_choice":"Entered Light","damage_taken":14,"max_hp_gain":0,"max_hp_loss":0,"event_name":"Shining Light","floor":2,"gold_loss":0,"cards_upgraded":["Strike_G","Defend_G"]},{"cards_removed":["Defend_G"],"damage_healed":0,"gold_gain":0,"player_choice":"Forget","damage_taken":0,"max_hp_gain":0,"max_hp_loss":0,"event_name":"Living Wall","floor":3,"gold_loss":0},{"damage_healed":0,"gold_gain":100,"player_choice":"Pray","damage_taken":0,"max_hp_gain":0,"max_hp_loss":0,"event_name":"Golden Shrine","floor":5,"gold_loss":0},{"damage_healed":0,"gold_gain":99,"player_choice":"Stole From Cult","damage_taken":0,"max_hp_gain":0,"max_hp_loss":0,"event_name":"Nest","floor":19,"gold_loss":0},{"damage_healed":25,"gold_gain":0,"player_choice":"Heal","damage_taken":0,"max_hp_gain":0,"max_hp_loss":0,"event_name":"The Library","floor":21,"gold_loss":0},{"damage_healed":0,"gold_gain":0,"player_choice":"Fight","damage_taken":0,"max_hp_gain":0,"max_hp_loss":0,"event_name":"Mysterious Sphere","floor":37,"gold_loss":0},{"damage_healed":0,"gold_gain":0,"player_choice":"Memory 1","damage_taken":0,"max_hp_gain":0,"max_hp_loss":0,"event_name":"SensoryStone","floor":38,"gold_loss":0},{"damage_healed":0,"gold_gain":0,"player_choice":"Max HP","damage_taken":0,"max_hp_gain":0,"max_hp_loss":4,"event_name":"Winding Halls","floor":46,"gold_loss":0},{"damage_healed":0,"gold_gain":0,"player_choice":"Paid","damage_taken":0,"relics_obtained":["Red Mask"],"max_hp_gain":0,"max_hp_loss":0,"event_name":"Tomb of Lord Red Mask","floor":48,"gold_loss":106}],"is_beta":false,"boss_relics":[{"not_picked":["Black Star","Calling Bell"],"picked":"Sozu"},{"not_picked":["HoveringKite","Busted Crown"],"picked":"WristBlade"}],"items_purged_floors":[30,36,47],"is_endless":false,"potions_floor_spawned":[8,14,25,29,31,33,37,39],"ascension_level":11}}