{"host":"41vgbr386mrj4p17","time":1612778416,"event":{"mods":["AchievementEnabler","AlwaysNeverKeys","BaseMod","Bestiary","Better Altar","Better Match","Better Note","Better Sensory Stone","Better Skull","Better Third Choice","Colored Map","Curses Come First","Downfall","Googly Eyes","Hermit","Highlight Path","Minty Spire (QoL Compilation)","Shade Mod","StSLib","The Cursed"],"gold_per_floor":[111,125,138,138,154,188,188,220,220,220,71,71,71,71,71,71,71],"floor_reached":16,"language":"ENG","playtime":811,"items_purged":["TheCursedMod:Defend_TheCursed"],"score":154,"play_id":"d4c5c24f-cb68-4f56-acf6-092f44e2d9ab","local_time":"20210208050016","is_ascension_mode":true,"campfire_choices":[{"floor":7,"key":"REST"},{"floor":10,"key":"REST"},{"floor":15,"key":"REST"}],"circlet_count":0,"master_deck":["TheCursedMod:Strike_TheCursed","TheCursedMod:Strike_TheCursed","TheCursedMod:Strike_TheCursed+1","TheCursedMod:Strike_TheCursed","TheCursedMod:Defend_TheCursed","TheCursedMod:Defend_TheCursed+1","TheCursedMod:Defend_TheCursed","TheCursedMod:CursedWand","TheCursedMod:CleanUpWorkshop","TheCursedMod:Dregs","TheCursedMod:SpitefulPray","TheCursedMod:LuckyCharm","TheCursedMod:LuckyCharm","Creative AI+1"],"relics":["TheCursedMod:BlackMagic101","Omamori","Anchor","Orichalcum","InkBottle","Shuriken"],"acts_visited":["Exordium"],"potions_floor_usage":[6,12,16],"damage_taken":[{"damage":0,"enemies":"Cultist","floor":1,"turns":4},{"damage":1,"enemies":"2 Louse","floor":2,"turns":2},{"damage":1,"enemies":"Jaw Worm","floor":3,"turns":4},{"damage":0,"enemies":"Blue Slaver","floor":5,"turns":4},{"damage":46,"enemies":"Gremlin Nob","floor":6,"turns":5},{"damage":21,"enemies":"3 Sentries","floor":8,"turns":12},{"damage":0,"enemies":"3 Louse","floor":12,"turns":1},{"damage":34,"enemies":"Hexaghost","floor":16,"turns":12}],"seed_played":"-5189239306388277107","potions_obtained":[{"floor":1,"key":"Energy Potion"},{"floor":3,"key":"SteroidPotion"},{"floor":5,"key":"SmokeBomb"}],"is_trial":false,"path_per_floor":["M","M","M","?","M","E","R","E","T","R","$","M","?","$","R","B"],"character_chosen":"THE_CURSED","items_purchased":["TheCursedMod:LuckyCharm"],"campfire_rested":3,"item_purchase_floors":[11],"current_hp_per_floor":[68,67,66,51,51,5,27,6,6,28,28,28,8,8,30,0,0],"gold":71,"neow_bonus":"RANDOM_COMMON_RELIC","is_daily":false,"chose_seed":false,"campfire_upgraded":0,"win_rate":0.0,"timestamp":1612778416,"path_taken":["M","M","?","?","M","E","R","E","T","R","$","M","?","$","R","BOSS"],"items_purchased_type":["Card"],"build_version":"2020-12-22","purchased_purges":1,"victory":false,"max_hp_per_floor":[75,75,75,75,75,75,75,75,75,75,75,75,75,75,75,75,75],"card_choices":[{"not_picked":["TheCursedMod:HellfireBreathing","TheCursedMod:CursedBoomerang"],"picked":"TheCursedMod:SpitefulPray","floor":1},{"not_picked":["TheCursedMod:Stretching","TheCursedMod:RapidMovement","TheCursedMod:DoubleShield"],"picked":"SKIP","floor":2},{"not_picked":["TheCursedMod:ReleasedKnowledge","TheCursedMod:SmokeScreen","TheCursedMod:BlessingInDisguise"],"picked":"SKIP","floor":3},{"not_picked":["TheCursedMod:CircleOfFocus","TheCursedMod:BloodBarrier"],"picked":"TheCursedMod:LuckyCharm","floor":5},{"not_picked":["TheCursedMod:SaltUponWound","TheCursedMod:CircleOfFlame","TheCursedMod:AbyssShockwave"],"picked":"SKIP","floor":6},{"not_picked":["TheCursedMod:DemonicPact","TheCursedMod:CircleOfFlame","TheCursedMod:VitalStrike"],"picked":"SKIP","floor":8}],"player_experience":1053947,"relics_obtained":[{"floor":6,"key":"Anchor"},{"floor":8,"key":"Orichalcum"},{"floor":9,"key":"InkBottle"}],"event_choices":[{"damage_healed":66,"gold_gain":0,"player_choice":"Upgrade","damage_taken":15,"max_hp_gain":0,"max_hp_loss":75,"event_name":"betterThird:BetterShining","floor":4,"gold_loss":0,"cards_upgraded":["TheCursedMod:Defend_TheCursed","TheCursedMod:Strike_TheCursed"]}],"is_beta":false,"boss_relics":[],"items_purged_floors":[11],"is_endless":false,"potions_floor_spawned":[1,3,5],"killed_by":"Hexaghost","ascension_level":8}}