{"host":"ouhnlk7sufsq27y5","time":1612799112,"event":{"mods":["Act Like it!","AlwaysNeverKeys","Aspiration","BaseMod","Better Match","Better Third Choice","Card Forge","Conspire","Dark Map","Gold Saver","HololiveMod","Hubris","Infinite Spire","Minty Spire (QoL Compilation)","Reliquary","Replay The Spire","Shop Mod","StSLib","Yuri Mod"],"gold_per_floor":[786,786,802,814,814,814,847,870,870,909,909,992,992,308,308,488,488,513,215,215,231,231,298,298,298,344,344,362,387,409,409,409,565,565,590,590,610,646,646,686,686,712,712,754,779,853,1096,1190,1190,1707,1707,1707,1045,1133,1271],"floor_reached":56,"language":"ENG","playtime":3869,"items_purged":[],"score":1687,"play_id":"308a2e23-79b5-4ce8-bd1d-8a6ffd363654","local_time":"20210208104512","is_ascension_mode":false,"campfire_choices":[{"data":"Hololive_CallHoushouMarine","floor":6,"key":"SMITH"},{"floor":11,"key":"REST"},{"data":"Hololive_CallAmaneKanata","floor":15,"key":"SMITH"},{"data":"Hololive_Recruit","floor":27,"key":"SMITH"},{"data":"Hololive_CallFriendA","floor":32,"key":"SMITH"},{"floor":52,"key":"REST"}],"circlet_count":0,"master_deck":["Hololive_CallHoushouMarine+1","Hololive_CallShiroganeNoel+1","Hololive_CallUruhaRushia+1","Hololive_CallShiranuiFlare+1","Hololive_CallUsadaPekora+1","Hololive_StrengthChampion+6","Hololive_CallMomosuzuNene+25","Hololive_CallCivia+1","Hololive_CallYuzukiChoco+1","Hololive_DiamondStrike+1","Hololive_CallRosalyn+1","Hololive_CallAmaneKanata+1","Hololive_CallManoAloe+1","Hololive_CallNekomataOkayu+1","Mayhem+1","Hololive_DiamondStrike+1","Hololive_Recruit+1","Hololive_RevenueBasedLive+1","Bane+1","ReplayTheSpireMod:Tripwire+1","Neutralize+1","Hololive_CallArtia+1","Hololive_CallFriendA+1","Iron Wave+1","Hololive_CallDoris+1","Hololive_CallTokinoSora+1","Hololive_CallYozoraMel+1","Hololive_Rebirth+1","Hololive_CallOzoraSubaru+1","Hololive_IdolExercise+1","Hololive_CallInugamiKorone+1","Hololive_CallRoboco+1","Hololive_Trident+1","Hololive_FlyingPonyTail+1","Hololive_CocoNews+1","Hololive_DevilCharm+1","Hololive_CallInugamiKorone+1","Hololive_CallSakuraMiko+1","Hololive_CallUsadaPekora+1","Hololive_Watashimo+1","Hololive_HuntDinosaur+1"],"relics":["Hololive_TheStar","Hammer of Thor","Seething Fire","Anvil of the Gods","Akabeko","Golden Idol","infinitespire:BottledMercury","Matryoshka","aspiration:ChemicalBlood","conspire:DecoderRing","hubris:Towel","Omamori","Blue Doll","DollysMirror","conspire:SpecialSausage","Calipers","Sozu","Replay:Kaleidoscope","aspiration:FetidBarrel","Ring of Fury","Ring of Searing","Tiny Chest","infinitespire:Satchel","reliquary:RedCape","Strawberry","hubris:MysteriousPyramids","Bag of Preparation","Dream Catcher","Replay:Bandana","BranchBurnRelic","infinitespire:Broken Mirror","Chemical X","reliquary:ExpiredCoupon","Replay:Baseball"],"acts_visited":["Exordium","TheCity","TheBeyond","TheEnding"],"potions_floor_usage":[55],"damage_taken":[{"damage":0,"enemies":"Jaw Worm","floor":1,"turns":2},{"damage":0,"enemies":"Cultist","floor":3,"turns":2},{"damage":0,"enemies":"2 Louse","floor":4,"turns":2},{"damage":0,"enemies":"Gremlin Nob","floor":7,"turns":2},{"damage":0,"enemies":"2 Fungi Beasts","floor":8,"turns":2},{"damage":0,"enemies":"3 Sentries","floor":10,"turns":3},{"damage":0,"enemies":"Lagavulin Event","floor":12,"turns":2},{"damage":0,"enemies":"Fading Forest","floor":16,"turns":11},{"damage":0,"enemies":"3 Byrds","floor":18,"turns":3},{"damage":0,"enemies":"Chosen","floor":21,"turns":3},{"damage":0,"enemies":"Book of Stabbing","floor":23,"turns":3},{"damage":0,"enemies":"3 Cultists","floor":28,"turns":2},{"damage":0,"enemies":"Chosen and Byrds","floor":29,"turns":2},{"damage":0,"enemies":"Shelled Parasite and Fungi","floor":30,"turns":2},{"damage":0,"enemies":"hubris:MusketHawk","floor":33,"turns":3},{"damage":0,"enemies":"3 Shapes","floor":35,"turns":2},{"damage":0,"enemies":"3 Darklings","floor":37,"turns":2},{"damage":0,"enemies":"Spire Growth","floor":38,"turns":2},{"damage":0,"enemies":"Reptomancer","floor":40,"turns":3},{"damage":0,"enemies":"Maw","floor":42,"turns":3},{"damage":0,"enemies":"Nemesis","floor":44,"turns":3},{"damage":0,"enemies":"Jaw Worm Horde","floor":46,"turns":2},{"damage":0,"enemies":"Transient","floor":47,"turns":5},{"damage":0,"enemies":"Spire Growth","floor":48,"turns":3},{"damage":3,"enemies":"LordOfAnnihilation","floor":50,"turns":14},{"damage":0,"enemies":"Shield and Spear","floor":54,"turns":2},{"damage":0,"enemies":"The Heart","floor":55,"turns":4}],"seed_played":"6947604102756433565","potions_obtained":[{"floor":7,"key":"Swift Potion"},{"floor":12,"key":"LifebloodPotion"},{"floor":16,"key":"Energy Potion"}],"is_trial":false,"path_per_floor":["M","?","M","M","?","R","E","M","T","E","R","?","?","$","R","B",null,"M","$","?","M","AVR","E","?","?","T","R","M","M","M","?","R","B",null,"M","T","M","M","?","E","?","M","T","E","T","M","M","M","R","B",null,"R","$","E","B",null],"character_chosen":"Hololive_HololiveCharacter","items_purchased":["Omamori","Blue Doll","Hololive_CallNekomataOkayu+1","Mayhem","DollysMirror","Calipers","infinitespire:Broken Mirror","Chemical X","reliquary:ExpiredCoupon","Hololive_CallUsadaPekora+1","Hololive_Watashimo"],"campfire_rested":2,"item_purchase_floors":[14,14,14,14,14,19,53,53,53,53,53],"current_hp_per_floor":[35,35,35,35,27,27,27,27,27,27,35,35,35,35,35,35,35,35,35,35,35,35,35,35,35,35,35,35,35,35,35,35,35,35,35,42,42,42,42,42,42,42,42,42,42,42,42,42,42,39,42,42,42,42,42],"gold":1271,"neow_bonus":"RANDOM_COMMON_RELIC","is_daily":false,"chose_seed":false,"campfire_upgraded":4,"win_rate":0.0,"timestamp":1612799112,"path_taken":["M","?","M","?","?","R","E","M","T","E","R","?","?","$","R","BOSS","M","$","?","?","AVR","E","?","?","T","R","?","M","?","?","R","BOSS","M","?","M","?","?","E","?","M","T","E","?","?","M","M","R","BOSS","R","$","E","BOSS"],"items_purchased_type":["Relic","Relic","Card","Card","Relic","Relic","Relic","Relic","Relic","Card","Card"],"build_version":"2020-12-22","purchased_purges":0,"victory":true,"max_hp_per_floor":[35,35,35,35,35,35,35,35,35,35,35,35,35,35,35,35,35,35,35,35,35,35,35,35,35,35,35,35,35,35,35,35,35,35,35,42,42,42,42,42,42,42,42,42,42,42,42,42,42,42,42,42,42,42,42],"card_choices":[{"not_picked":["Hololive_LuckPotion","Hololive_CallHoshimachiSuisei","Hololive_CallKiryuuCoco"],"picked":"Hololive_CallMomosuzuNene","floor":1},{"not_picked":["Hololive_Breathe","Hololive_Psychosis","Hololive_FlyingPonyTail"],"picked":"Hololive_CallCivia","floor":3},{"not_picked":["Hololive_Drill","Hololive_Breathe","Hololive_Trident"],"picked":"Hololive_CallYuzukiChoco","floor":4},{"not_picked":["Hololive_StrengthChampion","Hololive_HuntDinosaur","Hololive_Sequa"],"picked":"Hololive_DiamondStrike","floor":7},{"not_picked":["Hololive_CallShiroganeNoel","Hololive_FlyingPonyTail","Hololive_Drill"],"picked":"Hololive_CallRosalyn","floor":8},{"not_picked":["Hololive_DurableLive","Hololive_OvertimeWork","Hololive_BeCareful"],"picked":"Hololive_CallAmaneKanata","floor":10},{"not_picked":["Hololive_CallUruhaRushia","Hololive_Psychosis","Hololive_Rebound"],"picked":"Hololive_CallManoAloe","floor":12},{"not_picked":["Hololive_DurableLive","Hololive_Nanodesu","Hololive_ScarfAndHalo"],"picked":"Hololive_Recruit","floor":16},{"not_picked":["Hololive_Rebound","Hololive_Drill+1","Hololive_Breathe+1"],"picked":"Hololive_RevenueBasedLive","floor":18},{"not_picked":["Hololive_Psychosis","Hololive_Rebound+1","Hololive_WolfAndLamb"],"picked":"Hololive_CallArtia+1","floor":21},{"not_picked":["Hololive_Rebound","Hololive_CallArtia+1","Hololive_CallManoAloe"],"picked":"Hololive_CallFriendA","floor":23},{"not_picked":["Hololive_Recruit","Hololive_CocoNews","Hololive_Psychosis"],"picked":"Hololive_CallDoris","floor":28},{"not_picked":["Hololive_CallAyundaRisu","Hololive_RevenueBasedLive","Hololive_Drill"],"picked":"Hololive_CallTokinoSora+1","floor":29},{"not_picked":["Hololive_SummonFox","Hololive_CallAkiRosenthal","Hololive_Rebound"],"picked":"Hololive_CallYozoraMel","floor":30},{"not_picked":["Hololive_ASMR","Hololive_Thief","Hololive_DurableLive"],"picked":"Hololive_Rebirth","floor":33},{"not_picked":["Hololive_LuckPotion+1","Hololive_Rebound+1","Hololive_HuntDinosaur+1"],"picked":"Hololive_CallOzoraSubaru+1","floor":35},{"not_picked":["Hololive_CallManoAloe","Hololive_Drill","Hololive_BringToTrial"],"picked":"Hololive_IdolExercise","floor":37},{"not_picked":["Hololive_HuntDinosaur","Hololive_Trident","Hololive_Thief"],"picked":"Hololive_CallInugamiKorone+1","floor":38},{"not_picked":["Hololive_CallMurasakiShion","Hololive_FlyingPonyTail","Hololive_CallMoonaHoshinova"],"picked":"Hololive_CallRoboco","floor":40},{"not_picked":["Hololive_CallManoAloe","Hololive_HuntDinosaur+1","Hololive_Psychosis"],"picked":"Hololive_Trident+1","floor":42},{"not_picked":["Hololive_Drill+1","Hololive_OvertimeWork+1","Hololive_Rebirth"],"picked":"Hololive_FlyingPonyTail+1","floor":44},{"not_picked":["Hololive_StrengthChampion","Hololive_LuckPotion","Hololive_Rebound"],"picked":"Hololive_CocoNews","floor":46},{"not_picked":["Hololive_Psychosis+1","Hololive_LuckPotion","Hololive_Rebound"],"picked":"Hololive_RevenueBasedLive","floor":47},{"not_picked":["Hololive_HuntDinosaur+1","Hololive_Sequa+1","Hololive_StrengthChampion"],"picked":"Hololive_DevilCharm","floor":48},{"not_picked":["Hololive_FlyingPonyTail","Hololive_Sequa+1","Hololive_Breathe"],"picked":"Hololive_CallSakuraMiko","floor":52},{"not_picked":["Hololive_BeCareful","Hololive_Drill","Hololive_CallUruhaRushia"],"picked":"Hololive_HuntDinosaur+1","floor":54}],"player_experience":1522330,"relics_obtained":[{"floor":7,"key":"infinitespire:BottledMercury"},{"floor":9,"key":"Matryoshka"},{"floor":10,"key":"aspiration:ChemicalBlood"},{"floor":12,"key":"conspire:DecoderRing"},{"floor":23,"key":"aspiration:FetidBarrel"},{"floor":24,"key":"Ring of Fury"},{"floor":24,"key":"Ring of Searing"},{"floor":26,"key":"Tiny Chest"},{"floor":26,"key":"infinitespire:Satchel"},{"floor":36,"key":"Dead Branch"},{"floor":36,"key":"Strawberry"},{"floor":40,"key":"hubris:MysteriousPyramids"},{"floor":43,"key":"Bag of Preparation"},{"floor":44,"key":"Dream Catcher"},{"floor":45,"key":"Replay:Bandana"},{"floor":54,"key":"Replay:Baseball"}],"event_choices":[{"damage_healed":0,"gold_gain":0,"player_choice":"Upgraded","damage_taken":0,"max_hp_gain":0,"max_hp_loss":0,"event_name":"Upgrade Shrine","floor":2,"gold_loss":0,"cards_upgraded":["Hololive_CallMomosuzuNene"]},{"damage_healed":0,"gold_gain":0,"player_choice":"Take Damage","damage_taken":8,"relics_obtained":["Golden Idol"],"max_hp_gain":0,"max_hp_loss":0,"event_name":"Golden Idol","floor":5,"gold_loss":0},{"damage_healed":0,"gold_gain":0,"player_choice":"Searched \u00272\u0027 times","damage_taken":0,"max_hp_gain":0,"max_hp_loss":0,"event_name":"Dead Adventurer","floor":12,"gold_loss":0},{"cards_removed":["Hololive_Defend"],"damage_healed":0,"gold_gain":0,"player_choice":"Took Card","damage_taken":0,"max_hp_gain":0,"max_hp_loss":0,"event_name":"NoteForYourself","floor":25,"gold_loss":0,"cards_obtained":["Iron Wave"]},{"damage_healed":0,"gold_gain":0,"player_choice":"Ignored","damage_taken":0,"max_hp_gain":0,"max_hp_loss":0,"event_name":"Tomb of Lord Red Mask","floor":39,"gold_loss":0},{"damage_healed":0,"gold_gain":0,"player_choice":"Leave","damage_taken":0,"max_hp_gain":0,"max_hp_loss":0,"event_name":"conspire:Investor","floor":41,"gold_loss":0},{"damage_healed":0,"gold_gain":0,"cards_transformed":["Hololive_RevenueBasedLive"],"player_choice":"Transformed","damage_taken":0,"max_hp_gain":0,"max_hp_loss":0,"event_name":"Transmorgrifier","floor":49,"gold_loss":0,"cards_obtained":["Hololive_CallInugamiKorone"]}],"is_beta":false,"boss_relics":[{"not_picked":["Empty Cage","Snecko Eye"],"picked":"conspire:SpecialSausage"},{"not_picked":["hubris:ScarierMask","aspiration:RitualDagger"],"picked":"reliquary:RedCape"}],"items_purged_floors":[],"is_endless":false,"potions_floor_spawned":[7,12,16,18,28,37,40,42,46,48],"ascension_level":0}}