{"host":"0u8wq8q0l49hd262","time":1612811927,"event":{"mods":["2.2 Compatiblity","AchievementEnabler","Act Like it!","BaseMod","Better Note","Better Third Choice","Block Reminder","Colored Map","Colored Powertips","GifTheSpireLib","Highlight Path","Minty Spire (QoL Compilation)","Pale of the Ancients","Permanent Neow","Quick Restart","Rare Cards Sparkle","Relic Sorter","Relic Stats","StSLib","Transform Curses","egg","everything is the same but u backflip on backflip"],"gold_per_floor":[111,130,130,143,68,99,99,128,128,184,184,219,119,131,131,131,131],"floor_reached":16,"language":"ENG","playtime":991,"items_purged":["Strike_R","Strike_R"],"score":165,"play_id":"c56238e8-4e67-444b-b6ae-cec92c4d62e3","local_time":"20210208201847","is_ascension_mode":true,"campfire_choices":[{"floor":11,"key":"REST"},{"floor":15,"key":"REST"}],"circlet_count":0,"master_deck":["Strike_R","Strike_R+1","Defend_R","Defend_R","Defend_R+1","Defend_R","Bash","Impervious","Thunderclap","Armaments+1","Headbutt","Offering","Flex"],"relics":["Burning Blood","Mango","White Beast Statue","Gremlin Horn","Oddly Smooth Stone","Mummified Hand"],"acts_visited":["Exordium"],"potions_floor_usage":[10,12],"damage_taken":[{"damage":6,"enemies":"Cultist","floor":1,"turns":4},{"damage":13,"enemies":"Jaw Worm","floor":2,"turns":5},{"damage":6,"enemies":"Small Slimes","floor":4,"turns":3},{"damage":35,"enemies":"3 Sentries","floor":6,"turns":12},{"damage":21,"enemies":"Gremlin Nob","floor":8,"turns":4},{"damage":15,"enemies":"Lagavulin Event","floor":10,"turns":5},{"damage":16,"enemies":"Lagavulin","floor":12,"turns":5},{"damage":6,"enemies":"Blue Slaver","floor":14,"turns":3},{"damage":6,"enemies":"Slime Boss","floor":16,"turns":5}],"seed_played":"-3200265218689382010","potions_obtained":[{"floor":2,"key":"Explosive Potion"},{"floor":6,"key":"ElixirPotion"},{"floor":8,"key":"Regen Potion"},{"floor":10,"key":"Energy Potion"},{"floor":12,"key":"LiquidBronze"}],"is_trial":false,"path_per_floor":["M","M","?","M","$","E","?","E","T","?","R","E","$","M","R","B"],"character_chosen":"IRONCLAD","items_purchased":[],"campfire_rested":2,"item_purchase_floors":[],"current_hp_per_floor":[72,65,65,65,65,50,31,16,16,21,49,39,39,39,67,61,61],"gold":131,"neow_bonus":"TRANSFORM_CARD","is_daily":false,"chose_seed":false,"campfire_upgraded":0,"win_rate":0.0,"timestamp":1612811927,"path_taken":["M","?","?","M","?","E","?","E","T","?","R","E","$","M","R","BOSS"],"items_purchased_type":[],"build_version":"2020-12-22","purchased_purges":2,"victory":false,"max_hp_per_floor":[80,80,80,80,80,94,94,94,94,94,94,94,94,94,94,94,94],"relic_stats":{"Gremlin Horn":[0,0],"counters":[9,46],"Mummified Hand":[0],"obtain_stats":[{"Gremlin Horn":9,"Mummified Hand":12,"Oddly Smooth Stone":10,"Mango":6,"Burning Blood":0,"White Beast Statue":8},{"Gremlin Horn":5,"Mummified Hand":7,"Oddly Smooth Stone":6,"Mango":4,"Burning Blood":0,"White Beast Statue":5},{"Gremlin Horn":28,"Mummified Hand":38,"Oddly Smooth Stone":33,"Mango":24,"Burning Blood":0,"White Beast Statue":28}],"Burning Blood":48},"card_choices":[{"not_picked":["Anger","Ghostly Armor"],"picked":"Thunderclap","floor":1},{"not_picked":["Body Slam","Entrench"],"picked":"Armaments","floor":2},{"not_picked":["Clash","Clothesline"],"picked":"Headbutt","floor":4},{"not_picked":["Rampage","Carnage"],"picked":"Offering","floor":6},{"not_picked":["Bloodletting","Twin Strike"],"picked":"Flex","floor":8},{"not_picked":["Dropkick","Iron Wave","Pummel"],"picked":"SKIP","floor":12},{"not_picked":["Warcry","Cleave","Pummel"],"picked":"SKIP","floor":14}],"player_experience":406722,"relics_obtained":[{"floor":6,"key":"Mango"},{"floor":8,"key":"White Beast Statue"},{"floor":9,"key":"Gremlin Horn"},{"floor":10,"key":"Oddly Smooth Stone"},{"floor":12,"key":"Mummified Hand"}],"event_choices":[{"damage_healed":0,"gold_gain":0,"player_choice":"Grow","damage_taken":0,"max_hp_gain":0,"max_hp_loss":0,"event_name":"Living Wall","floor":3,"gold_loss":0,"cards_upgraded":["Armaments"]},{"damage_healed":50,"gold_gain":0,"player_choice":"Upgrade","damage_taken":19,"max_hp_gain":0,"max_hp_loss":94,"event_name":"betterThird:BetterShining","floor":7,"gold_loss":0,"cards_upgraded":["Strike_R","Defend_R"]},{"damage_healed":0,"gold_gain":30,"player_choice":"Searched \u00273\u0027 times","damage_taken":0,"max_hp_gain":0,"max_hp_loss":0,"event_name":"Dead Adventurer","floor":10,"gold_loss":0}],"is_beta":false,"boss_relics":[],"items_purged_floors":[5,13],"is_endless":false,"potions_floor_spawned":[2,6,8,10,12,14],"killed_by":"Slime Boss","ascension_level":8}}