{"host":"39t11f5q9qjr384f","time":1612762908,"event":{"mods":["Bard","BaseMod","Colored Powertips","GifTheSpireLib","Minty Spire (QoL Compilation)","Permanent Neow","StSLib","Stuff the Spire","The Bladedancer","The Forsaken","The Senshi","The Showman","thorton"],"gold_per_floor":[117,117,192,10,24,24,24,24],"floor_reached":7,"language":"ENG","playtime":622,"items_purged":[],"score":39,"play_id":"f0d28031-da36-4595-a93f-ff3675e8aa9f","local_time":"20210208004148","is_ascension_mode":false,"campfire_choices":[{"data":"theShowman:StageHook","floor":6.0,"key":"SMITH"}],"circlet_count":0,"master_deck":["theShowman:VanishingStrike","theShowman:VanishingStrike","theShowman:BasicStrike","theShowman:BasicStrike","theShowman:BasicDefend","theShowman:BasicDefend","theShowman:VanishingDefend","theShowman:VanishingDefend","theShowman:CardPickup52","theShowman:StageHook+1","Bandage Up","theShowman:Toro","theShowman:StartlingShowmanship","Discovery","theShowman:ThreeCardMonty","theShowman:HypeTheCrowd"],"relics":["theShowman:ThirdTimeCharm"],"acts_visited":[],"potions_floor_usage":[],"damage_taken":[{"damage":6.0,"enemies":"Jaw Worm","floor":1.0,"turns":3.0},{"damage":5.0,"enemies":"2 Louse","floor":5.0,"turns":3.0},{"damage":0,"enemies":"Lagavulin","floor":7,"turns":1}],"seed_played":"-7163742587349405027","potions_obtained":[{"floor":1.0,"key":"Regen Potion"}],"is_trial":false,"path_per_floor":["M","?","?","$","M","R","E"],"character_chosen":"THE_SHOWMAN","items_purchased":["theShowman:StartlingShowmanship","Discovery","theShowman:ThreeCardMonty"],"campfire_rested":0,"item_purchase_floors":[4,4,4],"current_hp_per_floor":[73,73,62,62,65,65,65,65],"gold":24,"neow_bonus":"RANDOM_COLORLESS","is_daily":false,"chose_seed":false,"campfire_upgraded":1,"win_rate":0.0,"timestamp":1612762908,"path_taken":["M","?","?","$","M","R","E"],"items_purchased_type":["Card","Card","Card"],"build_version":"2020-12-22","purchased_purges":0,"victory":false,"max_hp_per_floor":[75,75,75,75,75,75,75,75],"card_choices":[{"not_picked":["PanicButton","Flash of Steel"],"picked":"Bandage Up","floor":0.0},{"not_picked":["theShowman:ReappearingTrick","theShowman:OpenTheCurtain"],"picked":"theShowman:Toro","floor":1.0},{"not_picked":["theShowman:SleeveAces","theShowman:FullHouse"],"picked":"theShowman:HypeTheCrowd","floor":5.0}],"player_experience":29395,"relics_obtained":[],"event_choices":[{"damage_healed":0.0,"max_hp_gain":0.0,"max_hp_loss":0.0,"gold_gain":0.0,"event_name":"The Cleric","player_choice":"Leave","floor":2.0,"gold_loss":0.0,"damage_taken":0.0},{"damage_healed":0.0,"max_hp_gain":0.0,"max_hp_loss":0.0,"gold_gain":75.0,"event_name":"World of Goop","player_choice":"Gather Gold","floor":3.0,"gold_loss":0.0,"damage_taken":11.0}],"is_beta":false,"boss_relics":[],"items_purged_floors":[],"is_endless":false,"potions_floor_spawned":[1],"killed_by":"Lagavulin","ascension_level":0}}