{"host":"c6xy0a74zz7y4nf6","time":1612756630,"event":{"mods":["BaseMod","Colored Map","Hermit","Minty Spire (QoL Compilation)","Replay The Spire","Spire Arcade","StSLib","The Cursed","The Death Knight","The Exalted","The Servant 0.9.4","The Wild Card"],"gold_per_floor":[109,126,76,76,88,123,123,148,148,148,164,164,164],"floor_reached":12,"language":"ENG","playtime":494,"items_purged":[],"score":92,"play_id":"11e26d35-ba40-4171-a172-0733a93c0e81","local_time":"20210207215710","is_ascension_mode":true,"campfire_choices":[{"floor":7,"key":"REST"},{"floor":10,"key":"REST"}],"circlet_count":0,"master_deck":["DeathKnight:Strike_DeathKnight","DeathKnight:Strike_DeathKnight","DeathKnight:Strike_DeathKnight","DeathKnight:Strike_DeathKnight","DeathKnight:Strike_DeathKnight","DeathKnight:Defend_DeathKnight","DeathKnight:Defend_DeathKnight","DeathKnight:Defend_DeathKnight","DeathKnight:Defend_DeathKnight","DeathKnight:RuneTap","DeathKnight:RuneStrike+1","DeathKnight:MindFreeze","DeathKnight:BludPresence","DeathKnight:DancingRuneblade","DeathKnight:DreadStrike","DeathKnight:Razorice","DeathKnight:HartStrike"],"relics":["DeathKnight:BrokenRuneblade","GremlinMask","DeathKnight:PreciousRibbon","Bird Faced Urn","Replay:WaspNest"],"acts_visited":["Exordium"],"potions_floor_usage":[6,8],"damage_taken":[{"damage":1,"enemies":"Cultist","floor":1,"turns":4},{"damage":5,"enemies":"Small Slimes","floor":2,"turns":4},{"damage":1,"enemies":"Jaw Worm","floor":5,"turns":4},{"damage":43,"enemies":"Gremlin Nob","floor":6,"turns":5},{"damage":37,"enemies":"3 Sentries","floor":8,"turns":7},{"damage":29,"enemies":"Exordium Thugs","floor":11,"turns":4},{"damage":22,"enemies":"Gremlin Nob","floor":12,"turns":3}],"seed_played":"-3903157056746980166","potions_obtained":[{"floor":2,"key":"Reflective Coating"},{"floor":5,"key":"Elixir"}],"is_trial":false,"path_per_floor":["M","M","?","?","M","E","R","E","T","R","M","E"],"character_chosen":"DEATH_KNIGHT","items_purchased":[],"campfire_rested":2,"item_purchase_floors":[],"current_hp_per_floor":[74,69,69,69,68,25,47,10,10,32,5,0,0],"gold":164,"neow_bonus":"UPGRADE_CARD","is_daily":false,"chose_seed":false,"campfire_upgraded":0,"win_rate":0.0,"timestamp":1612756630,"path_taken":["M","?","?","?","M","E","R","E","T","R","?","E"],"items_purchased_type":[],"build_version":"2020-12-22","purchased_purges":0,"victory":false,"max_hp_per_floor":[75,75,75,75,75,75,75,75,75,75,75,75,75],"card_choices":[{"not_picked":["DeathKnight:BladedArmor","DeathKnight:RaiseAlly"],"picked":"DeathKnight:MindFreeze","floor":1},{"not_picked":["DeathKnight:RuneShock","DeathKnight:ShatteringStrikes"],"picked":"DeathKnight:BludPresence","floor":2},{"not_picked":["DeathKnight:Culling","DeathKnight:UnholyPresence"],"picked":"DeathKnight:DancingRuneblade","floor":5},{"not_picked":["DeathKnight:HowlingBlast","DeathKnight:Culling"],"picked":"DeathKnight:DreadStrike","floor":6},{"not_picked":["DeathKnight:FoulBulwark","DeathKnight:RaiseAlly"],"picked":"DeathKnight:Razorice","floor":8},{"not_picked":["DeathKnight:MindFreeze","DeathKnight:BladedArmor"],"picked":"DeathKnight:HartStrike","floor":11}],"player_experience":112189,"relics_obtained":[{"floor":6,"key":"DeathKnight:PreciousRibbon"},{"floor":8,"key":"Bird Faced Urn"},{"floor":9,"key":"Replay:WaspNest"}],"event_choices":[{"cards_removed":["DeathKnight:Defend_DeathKnight"],"damage_healed":0,"gold_gain":0,"player_choice":"Card Removal","damage_taken":0,"max_hp_gain":0,"max_hp_loss":0,"event_name":"The Cleric","floor":3,"gold_loss":50},{"damage_healed":0,"gold_gain":0,"player_choice":"Trade","damage_taken":0,"relics_obtained":["GremlinMask"],"max_hp_gain":0,"max_hp_loss":0,"event_name":"FaceTrader","floor":4,"gold_loss":0}],"is_beta":false,"boss_relics":[],"items_purged_floors":[],"is_endless":false,"potions_floor_spawned":[2,5],"killed_by":"Gremlin Nob","ascension_level":1}}