{"host":"a5lz0e76zb3fcwkm","time":1612786545,"event":{"mods":["AchievementEnabler","BaseMod","Colored Map","Colored Powertips","Minty Spire (QoL Compilation)","StSLib","SuperFastMode"],"gold_per_floor":[118,131,151,76,101,101,132,144,144,144,144,172,185,185,185,259,259,270,280,280,291,216,216,216,216,239,239,115,131,147,179,179,253,253,264,279,279,297,350,376,157,157,157],"floor_reached":42,"language":"KOR","playtime":1293,"items_purged":["Strike_R","Strike_R","Strike_R"],"score":962,"play_id":"e7e7c1fe-d277-4056-9552-bdd06e566a98","local_time":"20210208211545","is_ascension_mode":true,"campfire_choices":[{"data":"Carnage","floor":6.0,"key":"SMITH"},{"data":"Shockwave","floor":11.0,"key":"SMITH"},{"data":"Fire Breathing","floor":15.0,"key":"SMITH"},{"floor":23.0,"key":"REST"},{"floor":25.0,"key":"RECALL"},{"data":"Evolve","floor":32,"key":"SMITH"}],"circlet_count":0,"master_deck":["AscendersBane","Strike_R","Defend_R","Defend_R","Defend_R","Defend_R","Bash","Carnage+1","Fire Breathing+1","Shockwave+1","Power Through","Second Wind+1","Shrug It Off","Evolve+1","Flame Barrier+1","Shockwave"],"relics":["Burning Blood","NeowsBlessing","Gremlin Horn","Du-Vu Doll","Toy Ornithopter","WarpedTongs","Snecko Eye","Nilry\u0027s Codex","Smiling Mask","Red Skull","Sozu","Pocketwatch","Darkstone Periapt","ClockworkSouvenir"],"acts_visited":["Exordium","TheCity","TheBeyond"],"potions_floor_usage":[33],"damage_taken":[{"damage":0.0,"enemies":"Cultist","floor":1.0,"turns":1.0},{"damage":0.0,"enemies":"Small Slimes","floor":2.0,"turns":1.0},{"damage":0.0,"enemies":"Jaw Worm","floor":3.0,"turns":1.0},{"damage":32.0,"enemies":"Gremlin Nob","floor":7.0,"turns":4.0},{"damage":4.0,"enemies":"2 Fungi Beasts","floor":8.0,"turns":3.0},{"damage":0.0,"enemies":"Lagavulin","floor":12.0,"turns":4.0},{"damage":5.0,"enemies":"3 Louse","floor":13.0,"turns":4.0},{"damage":41.0,"enemies":"Hexaghost","floor":16.0,"turns":6.0},{"damage":2.0,"enemies":"3 Byrds","floor":18.0,"turns":3.0},{"damage":15.0,"enemies":"Spheric Guardian","floor":19.0,"turns":5.0},{"damage":5.0,"enemies":"Snake Plant","floor":21.0,"turns":3.0},{"damage":0.0,"enemies":"3 Cultists","floor":29.0,"turns":4.0},{"damage":0.0,"enemies":"Cultist and Chosen","floor":30.0,"turns":4.0},{"damage":17,"enemies":"Slavers","floor":31,"turns":3},{"damage":59,"enemies":"Collector","floor":33,"turns":10},{"damage":9,"enemies":"3 Darklings","floor":35,"turns":6},{"damage":22,"enemies":"Orb Walker","floor":36,"turns":4},{"damage":0,"enemies":"Maw","floor":38,"turns":8},{"damage":11,"enemies":"2 Orb Walkers","floor":39,"turns":3},{"damage":33,"enemies":"Nemesis","floor":40,"turns":7},{"damage":33,"enemies":"Giant Head","floor":42,"turns":9}],"seed_played":"-5397646102140539298","potions_obtained":[{"floor":3.0,"key":"Dexterity Potion"},{"floor":8.0,"key":"DistilledChaos"},{"floor":12.0,"key":"LiquidMemories"},{"floor":13.0,"key":"LiquidMemories"},{"floor":18.0,"key":"EssenceOfSteel"},{"floor":21.0,"key":"BloodPotion"},{"floor":30,"key":"LiquidBronze"}],"is_trial":false,"path_per_floor":["M","M","M","$","T","R","E","M","T","?","R","E","M","?","R","B",null,"M","M","?","M","?","R","?","R","T","?","$","M","M","E","R","B",null,"M","M","?","M","?","E","$","E"],"character_chosen":"IRONCLAD","items_purchased":["Evolve","ClockworkSouvenir"],"campfire_rested":1,"item_purchase_floors":[28,41],"current_hp_per_floor":[74,75,75,75,75,75,49,51,51,44,44,50,51,51,51,26,63,67,58,37,38,38,62,41,41,41,41,41,47,53,42,42,10,63,60,44,44,50,45,18,18,0,0],"gold":157,"neow_bonus":"THREE_ENEMY_KILL","is_daily":false,"chose_seed":false,"campfire_upgraded":4,"win_rate":0.0,"timestamp":1612786545,"path_taken":["M","M","?","$","?","R","E","M","T","?","R","E","M","?","R","BOSS","M","M","?","M","?","R","?","R","T","?","$","M","M","E","R","BOSS","M","M","?","?","?","E","$","E"],"items_purchased_type":["Card","Relic"],"build_version":"2020-12-22","purchased_purges":3,"victory":false,"max_hp_per_floor":[75,75,75,75,75,75,75,75,75,75,75,75,75,75,75,75,75,75,75,80,80,80,80,80,80,80,80,80,80,80,80,80,80,80,80,80,80,80,80,80,80,80,80],"card_choices":[{"not_picked":["Thunderclap","Rampage"],"picked":"Carnage","floor":1.0},{"not_picked":["Armaments","Clash"],"picked":"Fire Breathing","floor":2.0},{"not_picked":["Sentinel","Armaments","Anger"],"picked":"SKIP","floor":3.0},{"not_picked":["Hemokinesis","Sword Boomerang"],"picked":"Shockwave","floor":7.0},{"not_picked":["Wild Strike","Anger"],"picked":"Power Through","floor":8.0},{"not_picked":["Combust","Exhume","Heavy Blade"],"picked":"SKIP","floor":12.0},{"not_picked":["Perfected Strike","Sword Boomerang"],"picked":"Second Wind","floor":13.0},{"not_picked":["Seeing Red+1","Clash"],"picked":"Shrug It Off","floor":18.0},{"not_picked":["Metallicize","Heavy Blade+1","Havoc"],"picked":"SKIP","floor":19.0},{"not_picked":["Second Wind","Sword Boomerang+1","Reckless Charge"],"picked":"SKIP","floor":21.0},{"not_picked":["Pummel","Rupture","Twin Strike"],"picked":"SKIP","floor":29.0},{"not_picked":["Power Through","Dark Embrace","Thunderclap"],"picked":"SKIP","floor":30},{"not_picked":["Berserk","Clothesline"],"picked":"Flame Barrier+1","floor":31},{"not_picked":["Perfected Strike","Intimidate","Iron Wave"],"picked":"SKIP","floor":35},{"not_picked":["Shrug It Off+1","True Grit","Flex"],"picked":"SKIP","floor":36},{"not_picked":["Iron Wave","Dark Embrace","Pommel Strike+1"],"picked":"SKIP","floor":38},{"not_picked":["Headbutt+1","Wild Strike"],"picked":"Shockwave","floor":39},{"not_picked":["Sentinel","Disarm","Thunderclap"],"picked":"SKIP","floor":40}],"player_experience":1850992,"relics_obtained":[{"floor":7.0,"key":"Gremlin Horn"},{"floor":9.0,"key":"Du-Vu Doll"},{"floor":12.0,"key":"Toy Ornithopter"},{"floor":24.0,"key":"Nilry\u0027s Codex"},{"floor":26.0,"key":"Smiling Mask"},{"floor":31,"key":"Red Skull"},{"floor":39,"key":"Pocketwatch"},{"floor":40,"key":"Darkstone Periapt"}],"event_choices":[{"cards_removed":["Strike_R"],"damage_healed":0.0,"max_hp_gain":0.0,"max_hp_loss":0.0,"gold_gain":0.0,"event_name":"Golden Wing","player_choice":"Card Removal","floor":10.0,"gold_loss":0.0,"damage_taken":7.0},{"damage_healed":0.0,"max_hp_gain":0.0,"max_hp_loss":0.0,"gold_gain":0.0,"event_name":"Accursed Blacksmith","player_choice":"Rummage","floor":14.0,"gold_loss":0.0,"damage_taken":0.0,"relics_obtained":["WarpedTongs"],"cards_obtained":["Pain"]},{"damage_healed":0.0,"max_hp_gain":5.0,"max_hp_loss":0.0,"gold_gain":0.0,"event_name":"Forgotten Altar","player_choice":"Shed Blood","floor":20.0,"gold_loss":0.0,"damage_taken":26.0},{"cards_removed":["Pain"],"damage_healed":0.0,"max_hp_gain":0.0,"max_hp_loss":0.0,"gold_gain":0.0,"event_name":"Beggar","player_choice":"Gave Gold","floor":22.0,"gold_loss":75.0,"damage_taken":0.0},{"damage_healed":0.0,"max_hp_gain":0.0,"max_hp_loss":0.0,"gold_gain":0.0,"event_name":"Cursed Tome","player_choice":"Obtained Book","floor":24.0,"gold_loss":0.0,"damage_taken":21.0},{"damage_healed":0.0,"max_hp_gain":0.0,"max_hp_loss":0.0,"gold_gain":0.0,"event_name":"Upgrade Shrine","player_choice":"Upgraded","floor":27.0,"gold_loss":0.0,"damage_taken":0.0,"cards_upgraded":["Second Wind"]},{"damage_healed":0,"gold_gain":0,"player_choice":"0 cards matched","damage_taken":0,"max_hp_gain":0,"max_hp_loss":0,"event_name":"Match and Keep!","floor":37,"gold_loss":0,"cards_obtained":[]},{"damage_healed":0,"gold_gain":0,"player_choice":"Fight","damage_taken":0,"max_hp_gain":0,"max_hp_loss":0,"event_name":"Mysterious Sphere","floor":39,"gold_loss":0}],"is_beta":false,"boss_relics":[{"not_picked":["Astrolabe","Runic Pyramid"],"picked":"Snecko Eye"},{"not_picked":["Runic Cube","Runic Dome"],"picked":"Sozu"}],"items_purged_floors":[4,28,41],"is_endless":false,"potions_floor_spawned":[3,8,12,13,18,21,30,39],"killed_by":"Giant Head","ascension_level":20}}