{"host":"pi8b3ffzwvxqztac","time":1612775811,"event":{"mods":["BaseMod","Colored Map","Custom Start","Downfall","Minty Spire (QoL Compilation)","StSLib"],"gold_per_floor":[118,128,128,128,128,128,159,179,179,179,194,214,214,214,214,317,317,327,327,344,356,366,366,383,383,383,402,402,402],"floor_reached":28,"language":"ENG","playtime":1364,"items_purged":[],"score":291,"play_id":"b500d82e-abd5-4a6f-b6f2-1790defb5f28","local_time":"20210208221651","is_ascension_mode":true,"campfire_choices":[{"data":"Dualcast","floor":6.0,"key":"SMITH"},{"data":"Darkness","floor":10.0,"key":"SMITH"},{"data":"Darkness","floor":15.0,"key":"SMITH"},{"data":"Fission","floor":23.0,"key":"SMITH"},{"floor":25,"key":"REST"}],"circlet_count":0,"master_deck":["Strike_B","Strike_B","Strike_B","Strike_B","Defend_B","Defend_B","Defend_B","Defend_B","Dualcast+1","Chill","White Noise","Conserve Battery","Darkness+1","Darkness+1","Fission+1","Auto Shields","Conserve Battery"],"relics":["Cracked Core","Lizard Tail","Pocketwatch","Inserter","Pantograph"],"acts_visited":["Exordium","TheCity"],"potions_floor_usage":[27],"damage_taken":[{"damage":1.0,"enemies":"Cultist","floor":1.0,"turns":3.0},{"damage":0.0,"enemies":"2 Louse","floor":2.0,"turns":3.0},{"damage":0.0,"enemies":"Small Slimes","floor":3.0,"turns":1.0},{"damage":32.0,"enemies":"Gremlin Nob","floor":7.0,"turns":4.0},{"damage":0.0,"enemies":"Red Slaver","floor":8.0,"turns":2.0},{"damage":1.0,"enemies":"Lots of Slimes","floor":11.0,"turns":4.0},{"damage":0.0,"enemies":"Large Slime","floor":12.0,"turns":4.0},{"damage":31.0,"enemies":"Hexaghost","floor":16.0,"turns":7.0},{"damage":0.0,"enemies":"Chosen","floor":18.0,"turns":4.0},{"damage":10.0,"enemies":"2 Thieves","floor":20.0,"turns":3.0},{"damage":10.0,"enemies":"Chosen and Byrds","floor":21.0,"turns":8.0},{"damage":29.0,"enemies":"Snake Plant","floor":22.0,"turns":5.0},{"damage":29,"enemies":"Shelled Parasite and Fungi","floor":24,"turns":10},{"damage":28,"enemies":"Centurion and Healer","floor":27,"turns":7},{"damage":41,"enemies":"Book of Stabbing","floor":28,"turns":5}],"seed_played":"-914607942666700756","potions_obtained":[{"floor":1.0,"key":"SmokeBomb"},{"floor":11.0,"key":"PowerPotion"},{"floor":12.0,"key":"Explosive Potion"},{"floor":24,"key":"ColorlessPotion"}],"is_trial":false,"path_per_floor":["M","M","M","?","?","R","E","M","T","R","M","M","?","?","R","B",null,"M","?","M","M","M","R","M","R","T","M","E"],"character_chosen":"DEFECT","items_purchased":[],"campfire_rested":1,"item_purchase_floors":[],"current_hp_per_floor":[74,74,74,74,74,74,42,42,42,42,41,41,68,68,68,37,71,71,65,55,45,16,16,41,65,65,37,0,0],"gold":402,"neow_bonus":"TEN_PERCENT_HP_BONUS","is_daily":false,"chose_seed":false,"campfire_upgraded":4,"win_rate":0.0,"timestamp":1612775811,"path_taken":["M","M","M","?","?","R","E","M","T","R","M","M","?","?","R","BOSS","M","?","M","M","M","R","?","R","T","M","E"],"items_purchased_type":[],"build_version":"2020-12-22","purchased_purges":0,"victory":false,"max_hp_per_floor":[82,82,82,82,82,82,82,82,82,82,82,82,82,82,82,82,82,82,82,82,82,82,82,82,82,82,82,82,82],"card_choices":[{"not_picked":["Doom and Gloom","Hologram"],"picked":"Chill","floor":1.0},{"not_picked":["Stack","Doom and Gloom"],"picked":"White Noise","floor":2.0},{"not_picked":["Steam","Genetic Algorithm"],"picked":"Conserve Battery","floor":7.0},{"not_picked":["Rebound","Sunder"],"picked":"Darkness","floor":8.0},{"not_picked":["Stack","Hologram"],"picked":"Darkness","floor":11.0},{"not_picked":["Force Field","Cold Snap","Genetic Algorithm"],"picked":"SKIP","floor":12.0},{"not_picked":["Buffer","Rainbow"],"picked":"Fission","floor":16.0},{"not_picked":["Compile Driver+1","Tempest","Barrage"],"picked":"SKIP","floor":18.0},{"not_picked":["Redo","Melter+1"],"picked":"Auto Shields","floor":20.0},{"not_picked":["Chill+1","Steam+1"],"picked":"Conserve Battery","floor":21.0},{"not_picked":["Cold Snap","Genetic Algorithm+1","Aggregate"],"picked":"SKIP","floor":22.0},{"not_picked":["Coolheaded","Tempest+1","Hologram+1"],"picked":"SKIP","floor":24},{"not_picked":["Hologram","Genetic Algorithm+1","Fusion"],"picked":"SKIP","floor":27}],"player_experience":718202,"relics_obtained":[{"floor":7.0,"key":"Lizard Tail"},{"floor":9.0,"key":"Pocketwatch"},{"floor":26,"key":"Pantograph"}],"event_choices":[{"damage_healed":0.0,"max_hp_gain":0.0,"max_hp_loss":0.0,"gold_gain":0.0,"event_name":"Liars Game","player_choice":"Ignored","floor":4.0,"gold_loss":0.0,"damage_taken":0.0},{"damage_healed":0.0,"max_hp_gain":0.0,"max_hp_loss":0.0,"gold_gain":0.0,"event_name":"Living Wall","player_choice":"Grow","floor":5.0,"gold_loss":0.0,"damage_taken":0.0,"cards_upgraded":["Zap"]},{"damage_healed":27.0,"max_hp_gain":0.0,"max_hp_loss":0.0,"gold_gain":0.0,"event_name":"Big Fish","player_choice":"Banana","floor":13.0,"gold_loss":0.0,"damage_taken":0.0},{"cards_removed":["Zap"],"damage_healed":0.0,"max_hp_gain":0.0,"max_hp_loss":0.0,"gold_gain":0.0,"event_name":"Bonfire Elementals","player_choice":"Offered Basic","floor":14.0,"gold_loss":0.0,"damage_taken":0.0},{"damage_healed":0.0,"max_hp_gain":0.0,"max_hp_loss":0.0,"gold_gain":0.0,"event_name":"Knowing Skull","player_choice":"","floor":19.0,"potions_obtained":[],"gold_loss":0.0,"damage_taken":6.0,"cards_obtained":[]}],"is_beta":false,"boss_relics":[{"not_picked":["Nuclear Battery","Philosopher\u0027s Stone"],"picked":"Inserter"}],"items_purged_floors":[],"is_endless":false,"potions_floor_spawned":[1,11,12,24],"killed_by":"Book of Stabbing","ascension_level":6}}