{"host":"zmnaju399zpax9sm","time":1612812567,"event":{"mods":["BaseMod","Hermit","Minty Spire (QoL Compilation)","StSLib","The Cursed","The Poker Player","The Runesmith"],"gold_per_floor":[116,116,130,145,220,220,247,247,273,307,74,100,114,126,126,231,231,242,257,257,169,181,53,53,81,152,180,180,180,180],"floor_reached":29,"language":"KOR","playtime":1726,"items_purged":["Runesmith:Strike_RS","Runesmith:Strike_RS"],"score":281,"play_id":"bdae4d4b-6580-4569-9d01-99831366bd6a","local_time":"20210209042927","is_ascension_mode":false,"campfire_choices":[{"data":"Runesmith:CraftFirestone","floor":6.0,"key":"SMITH"},{"data":"Runesmith:Fortify","floor":8.0,"key":"SMITH"},{"data":"Runesmith:Refine","floor":15.0,"key":"SMITH"},{"floor":28,"key":"REST"}],"circlet_count":0,"master_deck":["Runesmith:Strike_RS","Runesmith:Strike_RS","Runesmith:Defend_RS","Runesmith:Defend_RS","Runesmith:Defend_RS","Runesmith:Defend_RS","Runesmith:CraftFirestone+1","Runesmith:Fortify+1","Runesmith:ChaoticBlast+1","Runesmith:NanitesCloud","Runesmith:ChargedHammer","Runesmith:LithiumIon","Runesmith:LightningRod","Runesmith:Refine+1","Runesmith:UnlimitedPower","Runesmith:Superposition","Runesmith:Accelerate","Runesmith:UnstableHammer","Runesmith:DoubleUp+1","Runesmith:Grindstone"],"relics":["Runesmith:BrokenRuby","NeowsBlessing","Smiling Mask","Toy Ornithopter","Runesmith:MiniCore","Membership Card","Mercury Hourglass","Runesmith:UraniumAnvil","Pantograph","Nunchaku","Molten Egg 2","Thread and Needle"],"acts_visited":["Exordium","TheCity"],"potions_floor_usage":[25,25],"damage_taken":[{"damage":0.0,"enemies":"Jaw Worm","floor":1.0,"turns":1.0},{"damage":0.0,"enemies":"Cultist","floor":3.0,"turns":1.0},{"damage":0.0,"enemies":"2 Louse","floor":4.0,"turns":1.0},{"damage":6.0,"enemies":"Gremlin Nob","floor":7.0,"turns":4.0},{"damage":12.0,"enemies":"3 Sentries","floor":10.0,"turns":5.0},{"damage":7.0,"enemies":"Lagavulin","floor":12.0,"turns":7.0},{"damage":0.0,"enemies":"Exordium Wildlife","floor":13.0,"turns":3.0},{"damage":4.0,"enemies":"Gremlin Gang","floor":14.0,"turns":3.0},{"damage":1.0,"enemies":"The Guardian","floor":16.0,"turns":8.0},{"damage":0.0,"enemies":"3 Byrds","floor":18.0,"turns":5.0},{"damage":0.0,"enemies":"Shell Parasite","floor":19.0,"turns":5.0},{"damage":14.0,"enemies":"Snake Plant","floor":22.0,"turns":2.0},{"damage":34,"enemies":"Book of Stabbing","floor":25,"turns":5},{"damage":30,"enemies":"Slavers","floor":27,"turns":7},{"damage":32,"enemies":"Gremlin Leader","floor":29,"turns":6}],"seed_played":"4431974698670654415","potions_obtained":[{"floor":1.0,"key":"Block Potion"},{"floor":3.0,"key":"Energy Potion"},{"floor":12.0,"key":"PowerPotion"},{"floor":14.0,"key":"SkillPotion"},{"floor":19.0,"key":"GamblersBrew"},{"floor":22.0,"key":"CultistPotion"},{"floor":25,"key":"SpeedPotion"},{"floor":27,"key":"EssenceOfSteel"}],"is_trial":false,"path_per_floor":["M","?","M","M","?","R","E","R","T","E","$","E","M","M","R","B",null,"M","M","?","$","M","$","?","E","T","E","R","E"],"character_chosen":"RUNESMITH_CLASS","items_purchased":["Membership Card","Runesmith:LithiumIon","Runesmith:Accelerate","Pantograph"],"campfire_rested":1,"item_purchase_floors":[11,11,21,23],"current_hp_per_floor":[70,70,70,70,59,59,53,53,53,41,41,39,39,35,35,39,70,70,70,70,70,56,56,56,32,32,2,23,0,0],"gold":180,"neow_bonus":"THREE_ENEMY_KILL","is_daily":false,"chose_seed":false,"campfire_upgraded":3,"win_rate":0.0,"timestamp":1612812567,"path_taken":["M","?","M","?","?","R","E","R","T","E","?","E","?","M","R","BOSS","M","M","?","$","M","$","?","E","T","E","R","E"],"items_purchased_type":["Relic","Card","Card","Relic"],"build_version":"2020-12-22","purchased_purges":2,"victory":false,"max_hp_per_floor":[70,70,70,70,70,70,70,70,70,70,70,70,70,70,70,70,70,70,70,70,70,70,70,70,70,70,70,70,70,70],"card_choices":[{"not_picked":["Runesmith:Firestorm","Runesmith:CraftVitae"],"picked":"Runesmith:ChaoticBlast","floor":1.0},{"not_picked":["Runesmith:CraftMagma","Runesmith:Electrocute","Runesmith:OneForEveryone"],"picked":"SKIP","floor":3.0},{"not_picked":["Runesmith:CraftProtectio","Runesmith:UnstableHammer"],"picked":"Runesmith:NanitesCloud","floor":4.0},{"not_picked":["Runesmith:Repurpose","Runesmith:HeatedChisel","Runesmith:EarthShield"],"picked":"SKIP","floor":7.0},{"not_picked":["Runesmith:FieryHammer","Runesmith:ChiselStab"],"picked":"Runesmith:ChargedHammer","floor":10.0},{"not_picked":["Runesmith:Reinforce","Runesmith:BackupBattery"],"picked":"Runesmith:LightningRod","floor":12.0},{"not_picked":["Runesmith:ChiselStab","Runesmith:StaticCage","Runesmith:HeatedChisel"],"picked":"SKIP","floor":13.0},{"not_picked":["Runesmith:ChargedHammer","Runesmith:HeatExchange"],"picked":"Runesmith:Refine","floor":14.0},{"not_picked":["Runesmith:DuctTape","Runesmith:GrandSlam"],"picked":"Runesmith:UnlimitedPower","floor":16.0},{"not_picked":["Runesmith:Firestorm","Runesmith:PoweredAnvil"],"picked":"Runesmith:Superposition","floor":18.0},{"not_picked":["Runesmith:CraftVitae","Runesmith:Electrocute","Runesmith:MakeshiftArmor"],"picked":"SKIP","floor":19.0},{"not_picked":["Runesmith:FieryHammer","Runesmith:EarthShield"],"picked":"Runesmith:UnstableHammer","floor":22.0},{"not_picked":["Runesmith:HeatExchange+1","Runesmith:HeatedChisel"],"picked":"Runesmith:DoubleUp+1","floor":25},{"not_picked":["Runesmith:Repurpose+1","Runesmith:HammerTime+1"],"picked":"Runesmith:Grindstone","floor":27}],"player_experience":489477,"relics_obtained":[{"floor":7.0,"key":"Smiling Mask"},{"floor":9.0,"key":"Toy Ornithopter"},{"floor":10.0,"key":"Runesmith:MiniCore"},{"floor":12.0,"key":"Mercury Hourglass"},{"floor":25,"key":"Nunchaku"},{"floor":26,"key":"Molten Egg 2"},{"floor":27,"key":"Thread and Needle"}],"event_choices":[{"damage_healed":0.0,"max_hp_gain":0.0,"max_hp_loss":0.0,"gold_gain":0.0,"event_name":"Accursed Blacksmith","player_choice":"Forge","floor":2.0,"gold_loss":0.0,"damage_taken":0.0,"cards_upgraded":["Runesmith:ChaoticBlast"]},{"damage_healed":0.0,"max_hp_gain":0.0,"max_hp_loss":0.0,"gold_gain":75.0,"event_name":"World of Goop","player_choice":"Gather Gold","floor":5.0,"gold_loss":0.0,"damage_taken":11.0},{"damage_healed":0.0,"max_hp_gain":0.0,"max_hp_loss":0.0,"gold_gain":0.0,"event_name":"Ghosts","player_choice":"Ignored","floor":20.0,"gold_loss":0.0,"damage_taken":0.0},{"damage_healed":0.0,"max_hp_gain":0.0,"max_hp_loss":0.0,"gold_gain":0.0,"event_name":"Match and Keep!","player_choice":"0 cards matched","floor":24.0,"gold_loss":0.0,"damage_taken":0.0,"cards_obtained":[]}],"is_beta":false,"boss_relics":[{"not_picked":["Runic Dome","Snecko Eye"],"picked":"Runesmith:UraniumAnvil"}],"items_purged_floors":[11,21],"is_endless":false,"potions_floor_spawned":[1,3,12,14,19,22,25,27],"killed_by":"Gremlin Leader","ascension_level":0}}