{"host":"dn025qx6yu0j7rqc","time":1612755915,"event":{"mods":["BaseMod","Colored Map","Minty Spire (QoL Compilation)","Relic Stats","StSLib"],"gold_per_floor":[110,123,18,34,48,48,78,78,132,132,132],"floor_reached":10,"language":"ENG","playtime":321,"items_purged":["Strike_G"],"score":136,"play_id":"72b048f2-fa4d-4465-a598-acd943a9c0ce","local_time":"20210207194515","is_ascension_mode":true,"campfire_choices":[{"data":"Dagger Spray","floor":6.0,"key":"SMITH"},{"data":"Neutralize","floor":8.0,"key":"SMITH"}],"circlet_count":0,"master_deck":["AscendersBane","Strike_G","Strike_G","Strike_G","Strike_G","Defend_G","Defend_G","Defend_G","Defend_G","Defend_G","Survivor","Neutralize+1","Underhanded Strike","Deflect","Slice","Dagger Spray+1","Flying Knee","Deflect"],"relics":["Ring of the Snake","Unceasing Top","Mummified Hand"],"acts_visited":["Exordium"],"potions_floor_usage":[10],"damage_taken":[{"damage":0.0,"enemies":"Small Slimes","floor":1.0,"turns":5.0},{"damage":3.0,"enemies":"Cultist","floor":2.0,"turns":5.0},{"damage":2.0,"enemies":"2 Louse","floor":4.0,"turns":4.0},{"damage":2.0,"enemies":"2 Fungi Beasts","floor":5.0,"turns":3.0},{"damage":30.0,"enemies":"Gremlin Nob","floor":7.0,"turns":4.0},{"damage":15,"enemies":"Lagavulin","floor":10,"turns":3}],"seed_played":"4997023255461438283","potions_obtained":[{"floor":2.0,"key":"FearPotion"},{"floor":7.0,"key":"FearPotion"}],"is_trial":false,"path_per_floor":["M","M","$","M","M","R","E","R","T","E"],"character_chosen":"THE_SILENT","items_purchased":["Slice"],"campfire_rested":0,"item_purchase_floors":[3],"current_hp_per_floor":[59,56,56,54,52,52,22,22,22,7,7],"gold":132,"neow_bonus":"ONE_RARE_RELIC","is_daily":false,"chose_seed":false,"campfire_upgraded":2,"win_rate":0.0,"timestamp":1612755915,"path_taken":["M","M","$","M","M","R","E","R","T","E"],"items_purchased_type":["Card"],"build_version":"2020-12-22","purchased_purges":1,"victory":false,"max_hp_per_floor":[60,60,60,60,60,60,60,60,60,60,60],"relic_stats":{"counters":[6,24],"Mummified Hand":[0],"obtain_stats":[{"Mummified Hand":7,"Unceasing Top":0,"Ring of the Snake":0},{"Mummified Hand":5,"Unceasing Top":0,"Ring of the Snake":0},{"Mummified Hand":21,"Unceasing Top":0,"Ring of the Snake":0}],"Unceasing Top":[2],"Ring of the Snake":[12]},"card_choices":[{"not_picked":["Dagger Spray","Poisoned Stab"],"picked":"Underhanded Strike","floor":1.0},{"not_picked":["Cloak And Dagger","Masterful Stab"],"picked":"Deflect","floor":2.0},{"not_picked":["Terror","Flying Knee"],"picked":"Dagger Spray","floor":4.0},{"not_picked":["Masterful Stab","Quick Slash"],"picked":"Flying Knee","floor":5.0},{"not_picked":["Blade Dance","Dodge and Roll"],"picked":"Deflect","floor":7.0}],"player_experience":1091702,"relics_obtained":[{"floor":7.0,"key":"Mummified Hand"}],"event_choices":[],"is_beta":false,"boss_relics":[],"items_purged_floors":[3],"is_endless":false,"potions_floor_spawned":[2,7],"killed_by":"Lagavulin","ascension_level":20}}