{"host":"d4hjo1dp8g06u19c","time":1612780862,"event":{"mods":["Act Like it!","Arknights","BaseMod","Colored Map","Colored Powertips","Downfall","Marisa£®ÏF”Í°°ƒß¿Ì…≥£©","Minty Spire (QoL Compilation)","Quick Restart","Shop Mod","Spicy Shops","StSLib","The Animator","UnlockEverythingMod","Youmu£®ªÍ∆«—˝√Œ£©"],"gold_per_floor":[117,292,292,306,306,306,339,339,339,339,353,366,366,392,392,392,392],"floor_reached":16,"language":"ZHS","playtime":380,"items_purged":[],"score":133,"play_id":"267efd40-23e2-4db1-bb39-16ac5857f424","local_time":"20210208184102","is_ascension_mode":false,"campfire_choices":[{"data":"ats:Revitalization","floor":6,"key":"SMITH"},{"data":"ats:Fractured Body","floor":8,"key":"SMITH"},{"data":"ats:Emotion Absorption","floor":10,"key":"SMITH"},{"data":"ats:Sashimi Platter","floor":13,"key":"SMITH"},{"floor":15,"key":"REST"}],"circlet_count":0,"master_deck":["ats:Strike C","ats:Strike G","ats:Strike S","ats:Strike V","ats:Armor Crushing Shot","ats:Defend","ats:Defend","ats:Defend","ats:Defend","ats:Emotion Absorption+1","Doubt","ats:Revitalization+1","ats:Fractured Body+1","ats:Hammer On","ats:Sashimi Platter+1","ats:Guard Mode"],"relics":["ats:Sanity","NeowsBlessing","Ancient Tea Set","ats:Originium","Toy Ornithopter","Gremlin Horn","Molten Egg 2"],"acts_visited":["Exordium"],"potions_floor_usage":[14,16],"damage_taken":[{"damage":0,"enemies":"2 Louse","floor":1,"turns":2},{"damage":0,"enemies":"Small Slimes","floor":4,"turns":1},{"damage":0,"enemies":"3 Sentries","floor":7,"turns":1},{"damage":17,"enemies":"Cultist","floor":11,"turns":5},{"damage":13,"enemies":"2 Fungi Beasts","floor":12,"turns":5},{"damage":87,"enemies":"Lagavulin","floor":14,"turns":10},{"damage":37,"enemies":"The Guardian","floor":16,"turns":4}],"seed_played":"-7386081374009694239","potions_obtained":[{"floor":5,"key":"ats:Emergency Sanity Potion"},{"floor":5,"key":"SpeedPotion"},{"floor":5,"key":"DuplicationPotion"}],"is_trial":false,"path_per_floor":["M","?","?","M","?","R","E","R","T","R","M","M","R","E","R","B"],"character_chosen":"DOCTOR_CLASS","items_purchased":[],"campfire_rested":1,"item_purchase_floors":[],"current_hp_per_floor":[72,72,65,65,65,65,65,65,65,65,53,49,49,1,22,1,1],"gold":392,"neow_bonus":"THREE_ENEMY_KILL","is_daily":false,"chose_seed":false,"campfire_upgraded":4,"win_rate":0.0,"timestamp":1612780862,"path_taken":["M","?","?","M","?","R","E","R","T","R","M","M","R","E","R","BOSS"],"items_purchased_type":[],"build_version":"2020-12-22","purchased_purges":0,"victory":false,"max_hp_per_floor":[72,72,72,72,72,72,72,72,72,72,72,72,72,72,72,72,72],"card_choices":[{"not_picked":["ats:Curse Doll","ats:Shell Defense","ats:Guard Mode"],"picked":"SKIP","floor":1},{"not_picked":["ats:Cat Scratch","ats:Shell Defense"],"picked":"ats:Revitalization","floor":4},{"not_picked":["ats:Absolute Focus","ats:Guard Mode"],"picked":"ats:Fractured Body","floor":7},{"not_picked":["ats:Collapsing Strike","ats:Flexible Camouflage"],"picked":"ats:Hammer On","floor":11},{"not_picked":["ats:Apocalypse","ats:Guardian Obelisk"],"picked":"ats:Sashimi Platter","floor":12},{"not_picked":["ats:Thermite Blade+1","ats:Wolf Pack+1"],"picked":"ats:Guard Mode","floor":14}],"player_experience":135295,"relics_obtained":[{"floor":7,"key":"ats:Originium"},{"floor":7,"key":"Toy Ornithopter"},{"floor":9,"key":"Gremlin Horn"},{"floor":14,"key":"ats:Originium"},{"floor":14,"key":"Molten Egg 2"}],"event_choices":[{"damage_healed":0,"gold_gain":175,"player_choice":"AGREE","damage_taken":0,"max_hp_gain":0,"max_hp_loss":0,"event_name":"Liars Game","floor":2,"gold_loss":0,"cards_obtained":["Doubt"]},{"damage_healed":0,"gold_gain":0,"player_choice":"Success","damage_taken":7,"relics_obtained":["Ancient Tea Set"],"max_hp_gain":0,"max_hp_loss":0,"event_name":"Scrap Ooze","floor":3,"gold_loss":0},{"damage_healed":0,"gold_gain":0,"player_choice":"Got Potions","damage_taken":0,"max_hp_gain":0,"max_hp_loss":0,"event_name":"Lab","floor":5,"gold_loss":0}],"is_beta":false,"boss_relics":[],"items_purged_floors":[],"is_endless":false,"potions_floor_spawned":[7,11],"killed_by":"The Guardian","ascension_level":0}}