{"host":"wf1r1zhguvoo22rf","time":1612796154,"event":{"mods":["BaseMod","Colored Powertips","Minty Spire (QoL Compilation)","StSLib"],"gold_per_floor":[112,287,28,41,41,76,87,87,113,113,113,113,113,136,136,264,264,285,285,308,308,308,351,351,394,421,442,485,544,556,37,37,37,37],"floor_reached":33,"language":"ENG","playtime":1361,"items_purged":[],"score":356,"play_id":"92cdc86b-4381-4123-9a78-05b96ecc6f75","local_time":"20210208165554","is_ascension_mode":true,"campfire_choices":[{"floor":8,"key":"REST"},{"data":"Noxious Fumes","floor":10,"key":"SMITH"},{"data":"Bane","floor":15,"key":"SMITH"},{"floor":24,"key":"REST"},{"floor":32,"key":"REST"}],"circlet_count":0,"master_deck":["Strike_G","Strike_G","Strike_G","Strike_G","Strike_G","Defend_G","Defend_G","Defend_G","Defend_G","Defend_G","Survivor","Neutralize","Bane+1","Noxious Fumes+1","Blade Dance","Blade Dance","Phantasmal Killer","Terror","Venomology","Slice","Riddle With Holes+1","Accuracy+1"],"relics":["Busted Crown","Letter Opener","Juzu Bracelet","Tiny Chest","Golden Idol","Anchor","Pen Nib","Darkstone Periapt","Pantograph","Nunchaku","MawBank","MealTicket","WingedGreaves","Frozen Egg 2","Chemical X"],"acts_visited":["Exordium","TheCity"],"potions_floor_usage":[16,19,23,23,25,25,27,27,28,33,33],"damage_taken":[{"damage":0,"enemies":"2 Louse","floor":1,"turns":3},{"damage":0,"enemies":"Small Slimes","floor":4,"turns":5},{"damage":21,"enemies":"Lagavulin","floor":6,"turns":8},{"damage":2,"enemies":"Jaw Worm","floor":7,"turns":3},{"damage":2,"enemies":"3 Louse","floor":14,"turns":4},{"damage":14,"enemies":"Slime Boss","floor":16,"turns":8},{"damage":17,"enemies":"Chosen","floor":18,"turns":5},{"damage":0,"enemies":"2 Thieves","floor":19,"turns":1},{"damage":27,"enemies":"Gremlin Leader","floor":23,"turns":3},{"damage":45,"enemies":"Slavers","floor":25,"turns":6},{"damage":1,"enemies":"Snecko","floor":27,"turns":4},{"damage":0,"enemies":"Gremlin Leader","floor":28,"turns":4},{"damage":76,"enemies":"Champ","floor":33,"turns":6}],"seed_played":"7987066209254297613","potions_obtained":[{"floor":6,"key":"EssenceOfSteel"},{"floor":7,"key":"SmokeBomb"},{"floor":16,"key":"SmokeBomb"},{"floor":18,"key":"Weak Potion"},{"floor":21,"key":"PowerPotion"},{"floor":21,"key":"Strength Potion"},{"floor":21,"key":"GhostInAJar"},{"floor":25,"key":"Block Potion"},{"floor":28,"key":"Poison Potion"}],"is_trial":false,"path_per_floor":["M","?","$","M","?","E","M","R","T","R","?","?","?","M","R","B",null,"M","M","T","?","?","E","R","E","T","M","E","T","T","$","R","B"],"character_chosen":"THE_SILENT","items_purchased":["Letter Opener","Frozen Egg 2","Accuracy+1","Chemical X","DuplicationPotion"],"campfire_rested":3,"item_purchase_floors":[3,31,31,31,31],"current_hp_per_floor":[70,70,70,70,63,42,40,61,61,61,61,61,54,52,52,38,70,53,53,53,53,53,26,47,2,2,1,1,1,1,16,37,0,0],"gold":37,"neow_bonus":"BOSS_RELIC","is_daily":false,"chose_seed":false,"campfire_upgraded":2,"win_rate":0.0,"timestamp":1612796154,"path_taken":["M","?","$","M","?","E","M","R","T","R","?","?","?","M","R","BOSS","M","M","?","?","?","E","R","E","T","M","E","?","?","$","R","BOSS"],"items_purchased_type":["Relic","Relic","Card","Relic","Potion"],"build_version":"2020-12-22","purchased_purges":0,"victory":false,"max_hp_per_floor":[70,70,70,70,70,70,70,70,70,70,70,70,70,70,70,70,70,70,70,70,70,70,70,70,70,70,70,70,70,70,70,70,70,70],"card_choices":[{"not_picked":[],"picked":"Bane","floor":1},{"not_picked":[],"picked":"Noxious Fumes","floor":4},{"not_picked":["Underhanded Strike"],"picked":"SKIP","floor":6},{"not_picked":[],"picked":"Blade Dance","floor":7},{"not_picked":[],"picked":"Blade Dance","floor":14},{"not_picked":[],"picked":"Phantasmal Killer","floor":16},{"not_picked":[],"picked":"Terror","floor":18},{"not_picked":[],"picked":"Venomology","floor":23},{"not_picked":[],"picked":"Slice","floor":25},{"not_picked":["Underhanded Strike"],"picked":"SKIP","floor":27},{"not_picked":[],"picked":"Riddle With Holes+1","floor":28}],"player_experience":226766,"relics_obtained":[{"floor":6,"key":"Juzu Bracelet"},{"floor":9,"key":"Tiny Chest"},{"floor":20,"key":"Pen Nib"},{"floor":23,"key":"Darkstone Periapt"},{"floor":25,"key":"Pantograph"},{"floor":26,"key":"Nunchaku"},{"floor":28,"key":"MawBank"},{"floor":29,"key":"MealTicket"},{"floor":30,"key":"WingedGreaves"}],"event_choices":[{"damage_healed":0,"gold_gain":175,"player_choice":"AGREE","damage_taken":0,"max_hp_gain":0,"max_hp_loss":0,"event_name":"Liars Game","floor":2,"gold_loss":0,"cards_obtained":["Doubt"]},{"cards_removed":["Doubt"],"damage_healed":0,"gold_gain":0,"player_choice":"Card Removal","damage_taken":7,"max_hp_gain":0,"max_hp_loss":0,"event_name":"Golden Wing","floor":5,"gold_loss":0},{"damage_healed":0,"gold_gain":0,"player_choice":"Take Wound","damage_taken":0,"relics_obtained":["Golden Idol"],"max_hp_gain":0,"max_hp_loss":0,"event_name":"Golden Idol","floor":11,"gold_loss":0,"cards_obtained":["Injury"]},{"cards_removed":["Injury"],"damage_healed":0,"gold_gain":0,"player_choice":"Forget","damage_taken":0,"max_hp_gain":0,"max_hp_loss":0,"event_name":"Living Wall","floor":12,"gold_loss":0},{"damage_healed":0,"gold_gain":0,"player_choice":"Success","damage_taken":7,"relics_obtained":["Anchor"],"max_hp_gain":0,"max_hp_loss":0,"event_name":"Scrap Ooze","floor":13,"gold_loss":0},{"damage_healed":0,"gold_gain":0,"player_choice":"Got Potions","damage_taken":0,"max_hp_gain":0,"max_hp_loss":0,"event_name":"Lab","floor":21,"gold_loss":0},{"damage_healed":0,"gold_gain":0,"player_choice":"Ignored","damage_taken":0,"max_hp_gain":0,"max_hp_loss":0,"event_name":"Ghosts","floor":22,"gold_loss":0}],"is_beta":false,"boss_relics":[{"not_picked":["Velvet Choker","Cursed Key","Ectoplasm"]}],"items_purged_floors":[],"is_endless":false,"potions_floor_spawned":[6,7,16,18,25,28],"killed_by":"Champ","ascension_level":2}}