{"host":"y36bp6mnm73x3iob","time":1612807211,"event":{"mods":["Aspiration","BaseMod","Bossed Relics","GifTheSpireLib","Hermit","Minty Spire (QoL Compilation)","Reliquary","Retaliation","StSLib"],"gold_per_floor":[119,119,134,134,134,160,160,171,171,182,182,196,196,271,271,271,271],"floor_reached":16,"language":"ENG","playtime":401,"items_purged":[],"score":160,"play_id":"d1f59cde-816e-4da9-bb2e-029fe5b72ef1","local_time":"20210208200011","is_ascension_mode":true,"campfire_choices":[{"floor":7,"key":"REST"},{"data":"DDmod:BurningFumesPowerCard","floor":13,"key":"SMITH"},{"data":"DDmod:EasePowerCard","floor":15,"key":"SMITH"}],"circlet_count":0,"master_deck":["AscendersBane","Strike_R","Strike_R","Strike_R","Strike_R","Strike_R","Defend_R","Defend_R","Defend_R","Defend_R","Bash","Whirlwind","Power Through","Injury","DDmod:EasePowerCard+1","Impervious+1","DDmod:BurningFumesPowerCard+1","Regret","DDmod:RapidStrikeAttack"],"relics":["aspiration:FutureDiary","Toxic Egg 2","aspiration:FetidBarrel","Pear","Unceasing Top"],"acts_visited":["Exordium"],"potions_floor_usage":[12,12],"damage_taken":[{"damage":4,"enemies":"2 Louse","floor":1,"turns":3},{"damage":8,"enemies":"Small Slimes","floor":3,"turns":3},{"damage":25,"enemies":"3 Sentries","floor":6,"turns":5},{"damage":2,"enemies":"Jaw Worm","floor":8,"turns":4},{"damage":0,"enemies":"2 Fungi Beasts","floor":10,"turns":4},{"damage":31,"enemies":"Large Slime","floor":12,"turns":7},{"damage":28,"enemies":"Hexaghost","floor":16,"turns":4}],"seed_played":"-8385186187913220094","potions_obtained":[{"floor":6,"key":"BloodPotion"},{"floor":8,"key":"AttackPotion"}],"is_trial":false,"path_per_floor":["M","?","M","?","?","E","R","M","T","M","?","M","R","?","R","B"],"character_chosen":"IRONCLAD","items_purchased":[],"campfire_rested":1,"item_purchase_floors":[],"current_hp_per_floor":[68,68,60,60,60,35,59,57,67,67,67,58,58,47,47,19,19],"gold":271,"neow_bonus":"BOSS_RELIC","is_daily":false,"chose_seed":false,"campfire_upgraded":2,"win_rate":0.0,"timestamp":1612807211,"path_taken":["M","?","M","?","?","E","R","M","T","?","?","M","R","?","R","BOSS"],"items_purchased_type":[],"build_version":"2020-12-22","purchased_purges":0,"victory":false,"max_hp_per_floor":[80,80,80,80,80,80,80,80,90,90,90,90,90,90,90,90,90],"card_choices":[{"not_picked":["Perfected Strike","Iron Wave"],"picked":"Whirlwind","floor":1},{"not_picked":["Heavy Blade","Clash"],"picked":"Power Through","floor":3},{"not_picked":["Flex+1","Blood for Blood"],"picked":"DDmod:EasePowerCard","floor":6},{"not_picked":["Headbutt","Wild Strike"],"picked":"Impervious+1","floor":8},{"not_picked":["Thunderclap","DDmod:EasePowerCard"],"picked":"DDmod:BurningFumesPowerCard","floor":10},{"not_picked":["Sword Boomerang","Heavy Blade"],"picked":"DDmod:RapidStrikeAttack","floor":12}],"player_experience":508987,"relics_obtained":[{"floor":6,"key":"aspiration:FetidBarrel"},{"floor":9,"key":"Pear"}],"event_choices":[{"damage_healed":0,"gold_gain":0,"player_choice":"Leave","damage_taken":0,"max_hp_gain":0,"max_hp_loss":0,"event_name":"The Cleric","floor":2,"gold_loss":0},{"damage_healed":0,"gold_gain":0,"player_choice":"Ignored","damage_taken":0,"max_hp_gain":0,"max_hp_loss":0,"event_name":"Golden Wing","floor":4,"gold_loss":0},{"damage_healed":0,"gold_gain":0,"player_choice":"Box","damage_taken":0,"relics_obtained":["Unceasing Top"],"max_hp_gain":0,"max_hp_loss":0,"event_name":"Big Fish","floor":11,"gold_loss":0,"cards_obtained":["Regret"]},{"damage_healed":0,"gold_gain":75,"player_choice":"Gather Gold","damage_taken":11,"max_hp_gain":0,"max_hp_loss":0,"event_name":"World of Goop","floor":14,"gold_loss":0}],"is_beta":false,"boss_relics":[],"items_purged_floors":[],"is_endless":false,"potions_floor_spawned":[6,8],"killed_by":"Hexaghost","ascension_level":12}}