{"host":"d4hjo1dp8g06u19c","time":1612774739,"event":{"mods":["Act Like it!","Arknights","BaseMod","Colored Map","Colored Powertips","Downfall","Marisa£®ÏF”Í°°ƒß¿Ì…≥£©","Minty Spire (QoL Compilation)","Quick Restart","Shop Mod","Spicy Shops","StSLib","The Animator","UnlockEverythingMod","Youmu£®ªÍ∆«—˝√Œ£©"],"gold_per_floor":[113,113,130,0,0,0,29,49,49,49,49,49,62,76,76,181,181,191,191,208,227,244,244,256,256,256,356,26,41,41,41,41,140,140,156,206,206,206,3,51,51,76,76,107,148,174,174,201,201,201,201],"floor_reached":50,"language":"ZHS","playtime":2410,"items_purged":["Pain","Writhe"],"score":627,"play_id":"8f0e0c61-9205-44b7-8f9f-744df80a708d","local_time":"20210208165859","is_ascension_mode":false,"campfire_choices":[{"data":"ats:Ignite","floor":6.0,"key":"SMITH"},{"data":"ats:Burning Ground","floor":10.0,"key":"SMITH"},{"data":"ats:Emotion Absorption","floor":12.0,"key":"SMITH"},{"floor":15.0,"key":"REST"},{"data":"ats:Roar Of Ursus","floor":23.0,"key":"SMITH"},{"data":"ats:Sword Rain","floor":25.0,"key":"SMITH"},{"data":"ats:Mental Burst","floor":32.0,"key":"SMITH"},{"data":"ats:Calcification","floor":41.0,"key":"SMITH"},{"data":"ats:Ignite","floor":47.0,"key":"SMITH"},{"data":"ats:Rat Pack","floor":49,"key":"SMITH"}],"circlet_count":0,"master_deck":["ats:Strike C","ats:Strike G","ats:Strike S+1","ats:Armor Crushing Shot","ats:Defend","ats:Defend","ats:Defend","ats:Defend+1","ats:Emotion Absorption+1","ats:Poison Spread","ats:Ignite+1","ats:Ignite+1","ats:Burning Ground+1","ats:Curse Doll","ats:Mental Burst+1","ats:Very Hot Blade+1","ats:Roar Of Ursus+1","ats:Composite Medical Shells+1","ats:Absolute Focus+1","ats:Sword Rain+1","downfall:Haunted","downfall:Haunted","ats:Rat Pack+1","ats:Calcification+1","ats:Ignite+1","ats:Revitalization+1","ats:Ignite+1","ats:Shell Defense+1","ats:Healing Drone+1"],"relics":["ats:Sanity Plus","Bag of Preparation","ats:Originium","StoneCalendar","Pocketwatch","Coffee Dripper","WingedGreaves","Darkstone Periapt","Boot","ats:Gyao","PreservedInsect","Pear","Bottled Tornado","ats:Omniscience"],"acts_visited":["Exordium","TheCity","TheBeyond"],"potions_floor_usage":[50,50],"damage_taken":[{"damage":10.0,"enemies":"Jaw Worm","floor":1.0,"turns":7.0},{"damage":2.0,"enemies":"2 Louse","floor":3.0,"turns":3.0},{"damage":9.0,"enemies":"3 Sentries","floor":7.0,"turns":6.0},{"damage":0.0,"enemies":"Cultist","floor":8.0,"turns":2.0},{"damage":8.0,"enemies":"Gremlin Gang","floor":13.0,"turns":2.0},{"damage":2.0,"enemies":"Blue Slaver","floor":14.0,"turns":2.0},{"damage":24.0,"enemies":"Hexaghost","floor":16.0,"turns":5.0},{"damage":10.0,"enemies":"Shell Parasite","floor":18.0,"turns":3.0},{"damage":8.0,"enemies":"Chosen","floor":20.0,"turns":4.0},{"damage":21.0,"enemies":"Centurion and Healer","floor":21.0,"turns":5.0},{"damage":16.0,"enemies":"3 Cultists","floor":22.0,"turns":3.0},{"damage":6.0,"enemies":"Chosen and Byrds","floor":24.0,"turns":4.0},{"damage":10.0,"enemies":"Sentry and Sphere","floor":29.0,"turns":3.0},{"damage":0.0,"enemies":"Automaton","floor":33.0,"turns":6.0},{"damage":30.0,"enemies":"3 Darklings","floor":35.0,"turns":4.0},{"damage":0.0,"enemies":"Mind Bloom Boss Battle","floor":36.0,"turns":5.0},{"damage":42.0,"enemies":"Nemesis","floor":40.0,"turns":6.0},{"damage":18.0,"enemies":"3 Shapes","floor":42.0,"turns":3.0},{"damage":15.0,"enemies":"3 Darklings","floor":44.0,"turns":3.0},{"damage":21.0,"enemies":"Giant Head","floor":45.0,"turns":5.0},{"damage":2.0,"enemies":"Spire Growth","floor":46.0,"turns":4.0},{"damage":0,"enemies":"Transient","floor":48,"turns":5},{"damage":32,"enemies":"Time Eater","floor":50,"turns":4}],"seed_played":"-1789808113312151479","potions_obtained":[{"floor":13.0,"key":"ats:Flame Arts Potion"},{"floor":14.0,"key":"EssenceOfSteel"},{"floor":16.0,"key":"LiquidMemories"},{"floor":18.0,"key":"EssenceOfSteel"},{"floor":29.0,"key":"Block Potion"},{"floor":40.0,"key":"CultistPotion"},{"floor":45.0,"key":"EntropicBrew"},{"floor":46.0,"key":"ColorlessPotion"},{"floor":48,"key":"Block Potion"}],"is_trial":false,"path_per_floor":["M","?","M","$","?","R","E","M","T","R","$","R","M","M","R","B",null,"M","?","M","M","M","R","M","R","T","?","$","M","?","$","R","B",null,"M","?","?","?","$","E","R","M","T","M","E","M","R","M","R","B"],"character_chosen":"DOCTOR_CLASS","items_purchased":["ats:Ignite","Fire Potion","Boot","PreservedInsect","Fire Potion"],"campfire_rested":1,"item_purchase_floors":[4,4,28,39,39],"current_hp_per_floor":[62,48,46,46,46,46,37,37,37,37,37,37,29,27,48,24,72,62,62,54,33,17,17,11,11,11,46,46,36,36,36,36,36,107,78,80,80,80,80,56,56,44,44,29,9,8,8,17,17,0,0],"gold":201,"neow_bonus":"RANDOM_COMMON_RELIC","is_daily":false,"chose_seed":false,"campfire_upgraded":9,"win_rate":0.0,"timestamp":1612774739,"path_taken":["M","?","M","$","?","R","E","M","T","R","?","R","M","M","R","BOSS","M","?","?","M","?","R","M","R","T","?","$","M","?","$","R","BOSS","M","?","?","?","$","E","R","?","T","M","E","M","R","M","R","BOSS"],"items_purchased_type":["Card","Potion","Relic","Relic","Potion"],"build_version":"2020-12-22","purchased_purges":2,"victory":false,"max_hp_per_floor":[72,72,72,72,72,72,72,72,72,72,72,72,72,72,72,72,72,72,72,72,72,72,72,72,72,72,107,107,107,107,107,107,107,107,107,107,107,107,107,117,117,117,117,117,117,117,117,117,117,117,117],"card_choices":[{"not_picked":["ats:Guard Mode","ats:Explosion Area Strengthen"],"picked":"ats:Poison Spread","floor":1.0},{"not_picked":["ats:Shell Defense","ats:Poison Spread"],"picked":"ats:Ignite","floor":3.0},{"not_picked":["ats:Ignite","ats:Healing Drone"],"picked":"ats:Burning Ground","floor":7.0},{"not_picked":["ats:Explosion Area Strengthen","ats:Hammer On"],"picked":"ats:Curse Doll","floor":8.0},{"not_picked":["ats:Shell Defense","ats:Hammer On"],"picked":"ats:Mental Burst","floor":13.0},{"not_picked":["ats:Consecutive Shot Auto","ats:Flexible Camouflage"],"picked":"ats:Very Hot Blade","floor":14.0},{"not_picked":["ats:Nebulous Foxfire","ats:Rat Pack"],"picked":"ats:Roar Of Ursus","floor":16.0},{"not_picked":["ats:Powerful Strike","ats:Consecutive Shot Auto"],"picked":"ats:Composite Medical Shells+1","floor":18.0},{"not_picked":["ats:Guard Mode","ats:Poison Spread+1"],"picked":"ats:Rapid Magazine","floor":20.0},{"not_picked":["ats:Serious Mode","ats:Explosion Area Strengthen"],"picked":"ats:Absolute Focus+1","floor":21.0},{"not_picked":["ats:Closed Bolt Burst Fire","ats:Wolf Pack","ats:Shell Defense+1"],"picked":"SKIP","floor":22.0},{"not_picked":["ats:Powerful Strike","ats:Shell Defense+1"],"picked":"ats:Sword Rain","floor":24.0},{"not_picked":["ats:Cat Scratch+1","ats:Shell Defense","ats:Assault Order+1"],"picked":"SKIP","floor":29.0},{"not_picked":["ats:Nebulous Foxfire","ats:Rat Pack"],"picked":"ats:Calcification","floor":33.0},{"not_picked":["ats:LN2 Cannon+1","ats:Guard Mode+1"],"picked":"ats:Ignite+1","floor":35.0},{"not_picked":["ats:Chain Hook","ats:Closed Bolt Burst Fire"],"picked":"ats:Revitalization+1","floor":36.0},{"not_picked":["ats:LN2 Cannon","ats:Leaping Hammer","ats:Explosion Area Strengthen+1"],"picked":"SKIP","floor":40.0},{"not_picked":["ats:LN2 Cannon+1","ats:Cat Scratch+1","ats:Hammer On"],"picked":"SKIP","floor":42.0},{"not_picked":["ats:Chain Hook","ats:Absolute Focus"],"picked":"ats:Ignite+1","floor":44.0},{"not_picked":["ats:Explosion Area Strengthen","ats:Leaping Hammer+1","ats:Neurotoxin"],"picked":"SKIP","floor":45.0},{"not_picked":["ats:Consecutive Shot Auto+1","ats:Poison Spread"],"picked":"ats:Shell Defense+1","floor":46.0},{"not_picked":["ats:Ambush","ats:Demon Strength"],"picked":"ats:Healing Drone+1","floor":48}],"player_experience":131274,"relics_obtained":[{"floor":7.0,"key":"ats:Originium"},{"floor":7.0,"key":"StoneCalendar"},{"floor":9.0,"key":"Pocketwatch"},{"floor":26.0,"key":"WingedGreaves"},{"floor":36.0,"key":"ats:Gyao"},{"floor":40.0,"key":"ats:Originium"},{"floor":40.0,"key":"Pear"},{"floor":43.0,"key":"Bottled Tornado"},{"floor":45.0,"key":"ats:Originium"},{"floor":45.0,"key":"ats:Omniscience"}],"event_choices":[{"damage_healed":0.0,"max_hp_gain":0.0,"max_hp_loss":0.0,"gold_gain":0.0,"event_name":"Shining Light","player_choice":"Entered Light","floor":2.0,"gold_loss":0.0,"damage_taken":14.0,"cards_upgraded":["ats:Strike S","ats:Defend"]},{"damage_healed":0.0,"max_hp_gain":0.0,"max_hp_loss":0.0,"gold_gain":0.0,"event_name":"World of Goop","player_choice":"Left Gold","floor":5.0,"gold_loss":0.0,"damage_taken":0.0},{"cards_removed":["ats:Strike V"],"damage_healed":0.0,"max_hp_gain":0.0,"max_hp_loss":0.0,"gold_gain":0.0,"event_name":"Bonfire Elementals","player_choice":"Offered Basic","floor":19.0,"gold_loss":0.0,"damage_taken":0.0},{"cards_removed":["downfall:Haunted"],"damage_healed":0.0,"max_hp_gain":0.0,"max_hp_loss":0.0,"gold_gain":0.0,"event_name":"Back to Basics","player_choice":"Elegance","floor":30.0,"gold_loss":0.0,"damage_taken":0.0},{"damage_healed":0.0,"max_hp_gain":0.0,"max_hp_loss":0.0,"gold_gain":0.0,"event_name":"MindBloom","player_choice":"Fight","floor":36.0,"gold_loss":0.0,"damage_taken":0.0},{"cards_removed":["ats:Rapid Magazine"],"damage_healed":0.0,"max_hp_gain":0.0,"max_hp_loss":0.0,"gold_gain":0.0,"event_name":"Falling","player_choice":"Removed Power","floor":37.0,"gold_loss":0.0,"damage_taken":0.0},{"damage_healed":0.0,"max_hp_gain":0.0,"max_hp_loss":0.0,"gold_gain":0.0,"event_name":"Upgrade Shrine","player_choice":"Upgraded","floor":38.0,"gold_loss":0.0,"damage_taken":0.0,"cards_upgraded":["ats:Very Hot Blade"]}],"is_beta":false,"boss_relics":[{"not_picked":["Velvet Choker","Empty Cage"],"picked":"Coffee Dripper"},{"not_picked":["ats:Tactical Delivery","Philosopher\u0027s Stone"],"picked":"ats:Sanity Plus"}],"items_purged_floors":[28,28],"is_endless":false,"potions_floor_spawned":[13,14,16,18,29,40,45,46,48],"killed_by":"Time Eater","ascension_level":0}}