{"host":"1bvadgc0hovl67h4","time":1612814065,"event":{"mods":["BaseMod","Colored Map","Downfall","Hermit","Minty Spire (QoL Compilation)","StSLib","The Cursed"],"gold_per_floor":[99,113,98,117,134,147,173,173,185,210,360,379,379,379,393,494,494,494,507,507,124,143,143,222,243,243,258,258,273,273,287,308,406,406,406,406,419,364,414,436,436,436,436,436,436,136,156,181,194,201,201],"floor_reached":50,"language":"ENG","playtime":3004,"items_purged":["Forethought+1"],"score":576,"play_id":"31e230ab-420c-4663-81b3-b771d016d29e","local_time":"20210208115425","is_ascension_mode":false,"campfire_choices":[{"data":"Mayhem","floor":1.0,"key":"SMITH"},{"floor":13.0,"key":"REST"},{"data":"hermit:BodyArmor","floor":18.0,"key":"SMITH"},{"data":"hermit:HighCaliber","floor":23.0,"key":"SMITH"},{"floor":26.0,"key":"REST"},{"data":"Forethought","floor":30.0,"key":"SMITH"},{"data":"hermit:Quickdraw","floor":35,"key":"SMITH"},{"data":"hermit:Feint","floor":43,"key":"SMITH"},{"data":"hermit:CalledShot","floor":45,"key":"PURGE"}],"circlet_count":0,"master_deck":["hermit:Strike_Hermit","hermit:Strike_Hermit","hermit:Strike_Hermit","hermit:Strike_Hermit","hermit:Defend_Hermit","hermit:Defend_Hermit","hermit:Defend_Hermit","hermit:Defend_Hermit","hermit:Snapshot","hermit:Covet","Mayhem+1","hermit:CursedWeapon","hermit:Feint+1","hermit:BodyArmor+1","hermit:Dive","hermit:Misfire","hermit:SprayPray","hermit:Headshot","downfall:Icky","hermit:Quickdraw+1","hermit:Desperado","hermit:FinalCanter","hermit:Scavenge+1","hermit:ShadowCloak","hermit:HighCaliber+1","hermit:GhostlyPresence","hermit:Glare+1","hermit:Quickdraw+1","expansioncontent:YouAreMine","hermit:WideOpen+1","hermit:Enervate+1","hermit:OverwhelmingPower"],"relics":["hermit:ClaspedLocket","Bag of Preparation","PreservedInsect","Bottled Flame","expansioncontent:StudyCardRelic","hermit:PetGhost","Boot","InkBottle","Bird Faced Urn","Peace Pipe","Pantograph","hermit:CharredGlove","Thread and Needle"],"acts_visited":["Exordium","TheCity","TheBeyond"],"potions_floor_usage":[33,48,50,50,50],"damage_taken":[{"damage":2.0,"enemies":"Cultist","floor":2.0,"turns":5.0},{"damage":7.0,"enemies":"downfall:FleeingMerchant","floor":3.0,"turns":4.0},{"damage":7.0,"enemies":"Small Slimes","floor":4.0,"turns":4.0},{"damage":2.0,"enemies":"2 Louse","floor":5.0,"turns":3.0},{"damage":4.0,"enemies":"Blue Slaver","floor":6.0,"turns":4.0},{"damage":5.0,"enemies":"Red Slaver","floor":9.0,"turns":5.0},{"damage":15.0,"enemies":"Gremlin Nob","floor":10.0,"turns":4.0},{"damage":2.0,"enemies":"Large Slime","floor":12.0,"turns":3.0},{"damage":16.0,"enemies":"Gremlin Gang","floor":15.0,"turns":4.0},{"damage":2.0,"enemies":"SI_SHIV_ARCHETYPE","floor":16.0,"turns":5.0},{"damage":2.0,"enemies":"Chosen","floor":19.0,"turns":3.0},{"damage":2.0,"enemies":"downfall:FleeingMerchant","floor":21.0,"turns":4.0},{"damage":25.0,"enemies":"Snake Plant","floor":22.0,"turns":4.0},{"damage":9.0,"enemies":"Centurion and Healer","floor":25.0,"turns":4.0},{"damage":2.0,"enemies":"3 Cultists","floor":27.0,"turns":4.0},{"damage":10.0,"enemies":"Snecko","floor":29.0,"turns":3.0},{"damage":2.0,"enemies":"Shelled Parasite and Fungi","floor":31.0,"turns":2.0},{"damage":11,"enemies":"3 Cultists","floor":32,"turns":5},{"damage":5,"enemies":"WA_ARCHETYPE_CALM","floor":33,"turns":7},{"damage":2,"enemies":"Orb Walker","floor":37,"turns":1},{"damage":8,"enemies":"downfall:FleeingMerchant","floor":38,"turns":4},{"damage":2,"enemies":"2 Orb Walkers","floor":39,"turns":3},{"damage":31,"enemies":"3 Darklings","floor":40,"turns":4},{"damage":17,"enemies":"Transient","floor":47,"turns":5},{"damage":18,"enemies":"Giant Head","floor":48,"turns":6},{"damage":6,"enemies":"Jaw Worm Horde","floor":49,"turns":3},{"damage":100073,"enemies":"DF_ARCHETYPE_ORBS","floor":50,"turns":7}],"seed_played":"-6072827839498776495","potions_obtained":[{"floor":2.0,"key":"ColorlessPotion"},{"floor":9.0,"key":"PowerPotion"},{"floor":10.0,"key":"Block Potion"},{"floor":15.0,"key":"hexamod:SoulburnPotion"},{"floor":27.0,"key":"EssenceOfSteel"},{"floor":29.0,"key":"hermit:Eclipse"},{"floor":33,"key":"hermit:BlackBile"},{"floor":40,"key":"FearPotion"},{"floor":47,"key":"Fruit Juice"},{"floor":49,"key":"ColorlessPotion"}],"is_trial":false,"path_per_floor":["R","M","$","M","M","M","T","?","M","E","?","M","R","T","M","B",null,"R","M","?","$","M","R","T","M","R","M","?","M","R","M","M","B",null,"R","?","M","$","?","M","T","?","R","?","R","$","M","E","M","B"],"character_chosen":"HERMIT","items_purchased":["hermit:ShadowCloak","hermit:PetGhost","Boot","Bird Faced Urn","hermit:CharredGlove"],"campfire_rested":2,"item_purchase_floors":[21,21,21,38,46],"current_hp_per_floor":[54,52,45,38,36,32,32,32,27,12,12,10,32,32,16,14,75,75,73,73,71,46,46,46,37,59,57,57,47,47,45,34,29,75,75,75,73,65,71,48,48,48,48,48,48,48,39,36,34,0,0],"gold":201,"neow_bonus":"RANDOM_COLORLESS_2","is_daily":false,"chose_seed":false,"campfire_upgraded":6,"win_rate":0.0,"timestamp":1612814065,"path_taken":["R","?","$","M","M","M","T","?","M","E","?","M","R","?","M","BOSS","R","M","?","$","?","R","T","M","R","M","?","M","R","?","M","BOSS","R","?","M","$","?","M","T","?","R","?","R","?","M","E","M","BOSS"],"items_purchased_type":["Card","Relic","Relic","Relic","Relic"],"build_version":"2020-12-22","purchased_purges":1,"victory":false,"max_hp_per_floor":[75,75,75,75,75,75,75,75,75,75,75,75,75,75,75,75,75,75,75,75,75,75,75,75,75,75,75,75,75,75,75,75,75,75,75,75,75,75,75,75,75,75,75,75,75,75,75,80,80,80,80],"card_choices":[{"not_picked":["Secret Weapon","Magnetism"],"picked":"Mayhem","floor":0.0},{"not_picked":["hermit:EyeOfTheStorm","hermit:Malice"],"picked":"hermit:CursedWeapon","floor":2.0},{"not_picked":["hermit:HoleUp","hermit:Coalescence"],"picked":"hermit:Feint","floor":3.0},{"not_picked":["hermit:HoleUp","hermit:ItchyTrigger"],"picked":"hermit:BodyArmor","floor":4.0},{"not_picked":["hermit:Roulette","hermit:FullyLoaded"],"picked":"hermit:Dive","floor":5.0},{"not_picked":["hermit:Manifest","hermit:HoleUp"],"picked":"hermit:Misfire","floor":6.0},{"not_picked":["hermit:Gestalt","hermit:Dive"],"picked":"hermit:SprayPray","floor":9.0},{"not_picked":["hermit:BodyArmor","hermit:WideOpen"],"picked":"hermit:Headshot","floor":10.0},{"not_picked":["hermit:Shortfuse","hermit:Coalescence"],"picked":"hermit:Quickdraw","floor":12.0},{"not_picked":["hermit:NoHoldsBarred","hermit:Manifest"],"picked":"hermit:Desperado","floor":15.0},{"not_picked":["hermit:Magnum","hermit:Roughhouse"],"picked":"hermit:FinalCanter","floor":16.0},{"not_picked":["hermit:Enervate","hermit:Quickdraw","hermit:Desperado"],"picked":"SKIP","floor":19.0},{"not_picked":["hermit:CursedWeapon","hermit:Desperado"],"picked":"hermit:Scavenge+1","floor":21.0},{"not_picked":["hermit:FullyLoaded","hermit:Feint"],"picked":"hermit:HighCaliber","floor":22.0},{"not_picked":["hermit:BodyArmor","hermit:LoneWolf","hermit:Horror"],"picked":"SKIP","floor":25.0},{"not_picked":["hermit:HighCaliber","hermit:Spite+1"],"picked":"hermit:GhostlyPresence","floor":27.0},{"not_picked":["hermit:Vantage","hermit:LowProfile","hermit:Roulette"],"picked":"SKIP","floor":29.0},{"not_picked":["hermit:Deadeye","hermit:HighCaliber"],"picked":"hermit:Glare+1","floor":31},{"not_picked":["hermit:LowProfile","hermit:Dive","hermit:Snipe"],"picked":"SKIP","floor":32},{"not_picked":["hermit:HighNoon","hermit:Purgatory"],"picked":"hermit:Gambit","floor":33},{"not_picked":["hermit:TrackingShot+1","hermit:WideOpen+1"],"picked":"hermit:Quickdraw+1","floor":37},{"not_picked":["hermit:Roulette+1","hermit:SprayPray","hermit:LowProfile"],"picked":"SKIP","floor":38},{"not_picked":["hermit:ItchyTrigger+1","hermit:BodyArmor","hermit:Feint"],"picked":"SKIP","floor":40},{"not_picked":["expansioncontent:AwakenDeath","expansioncontent:PolyBeam"],"picked":"expansioncontent:YouAreMine","floor":44},{"not_picked":["hermit:Malice","hermit:Vantage"],"picked":"hermit:WideOpen+1","floor":47},{"not_picked":["hermit:TrackingShot+1","hermit:CalledShot"],"picked":"hermit:Enervate+1","floor":48},{"not_picked":["hermit:Combo+1","hermit:Ricochet"],"picked":"hermit:OverwhelmingPower","floor":49}],"player_experience":251190,"relics_obtained":[{"floor":7.0,"key":"Bag of Preparation"},{"floor":10.0,"key":"PreservedInsect"},{"floor":14.0,"key":"Bottled Flame"},{"floor":24.0,"key":"InkBottle"},{"floor":39,"key":"Peace Pipe"},{"floor":41,"key":"Pantograph"},{"floor":48,"key":"Thread and Needle"}],"event_choices":[{"damage_healed":0,"gold_gain":0,"player_choice":"Fight","damage_taken":0,"max_hp_gain":0,"max_hp_loss":0,"event_name":"Mysterious Sphere","floor":39,"gold_loss":0},{"cards_removed":["hermit:Gambit"],"damage_healed":0,"gold_gain":0,"player_choice":"Removed Skill","damage_taken":0,"max_hp_gain":0,"max_hp_loss":0,"event_name":"Falling","floor":42,"gold_loss":0}],"is_beta":false,"boss_relics":[{"not_picked":["Busted Crown","Black Star"],"picked":"expansioncontent:StudyCardRelic"},{"not_picked":["Snecko Eye","hermit:BartenderGlass"],"picked":"hermit:ClaspedLocket"}],"items_purged_floors":[38],"is_endless":false,"potions_floor_spawned":[2,9,10,12,15,27,29,33,40,47,49],"killed_by":"DF_ARCHETYPE_ORBS","ascension_level":0}}