{"host":"2wp95sdfrgw3k439","time":1612809856,"event":{"mods":["BaseMod","Better Altar","Better Skull","Better Third Choice","Curses Come First","Minty Spire (QoL Compilation)","Permanent Neow","StSLib"],"gold_per_floor":[113,113,130,144,160,192,192,223,223,223,237,237,76,438,438,537,537,554,554,569,22,41,73,173,201,201,201,201],"floor_reached":27,"language":"ENG","playtime":913,"items_purged":["Strike_B"],"score":415,"play_id":"37df14e9-badd-4c59-aedf-9e563aa33ea0","local_time":"20210208114416","is_ascension_mode":true,"campfire_choices":[{"data":"1","floor":7,"key":"LIFT"},{"floor":15,"key":"REST"}],"circlet_count":0,"master_deck":["Strike_B","Strike_B","Strike_B","Defend_B","Defend_B","Defend_B","Defend_B","Zap","Dualcast","Rip and Tear","Beam Cell","Reboot","Doom and Gloom","Beam Cell","Scrape","Sunder+1","Rip and Tear+1","Burn","Go for the Eyes+1","Capacitor","Core Surge+1","Machine Learning","Sunder+1","Leap+1","Sweeping Beam+1","Streamline+1","Defragment"],"relics":["Cracked Core","Girya","Boot","Molten Egg 2","Ornamental Fan","CultistMask","Old Coin","Runic Pyramid","Oddly Smooth Stone","Sling","Sundial","Happy Flower","MealTicket","Pantograph"],"acts_visited":["Exordium","TheCity"],"potions_floor_usage":[5,6,14,16,20,20,22,25],"damage_taken":[{"damage":1,"enemies":"Cultist","floor":1,"turns":4},{"damage":5,"enemies":"Small Slimes","floor":3,"turns":3},{"damage":2,"enemies":"Jaw Worm","floor":4,"turns":2},{"damage":3,"enemies":"Looter","floor":5,"turns":2},{"damage":20,"enemies":"Lagavulin","floor":6,"turns":4},{"damage":8,"enemies":"Gremlin Nob","floor":8,"turns":3},{"damage":0,"enemies":"Large Slime","floor":11,"turns":4},{"damage":0,"enemies":"Gremlin Nob","floor":14,"turns":2},{"damage":36,"enemies":"Hexaghost","floor":16,"turns":9},{"damage":10,"enemies":"3 Byrds","floor":18,"turns":3},{"damage":0,"enemies":"2 Thieves","floor":20,"turns":1},{"damage":0,"enemies":"Snecko","floor":22,"turns":2},{"damage":0,"enemies":"Gremlin Leader","floor":23,"turns":5},{"damage":24,"enemies":"Slavers","floor":25,"turns":3},{"damage":20,"enemies":"Snake Plant","floor":27,"turns":3}],"seed_played":"-1429904152596998597","potions_obtained":[{"floor":1,"key":"FocusPotion"},{"floor":4,"key":"Weak Potion"},{"floor":8,"key":"EssenceOfSteel"},{"floor":11,"key":"BlessingOfTheForge"},{"floor":19,"key":"Explosive Potion"},{"floor":19,"key":"Explosive Potion"},{"floor":19,"key":"LiquidMemories"},{"floor":23,"key":"Weak Potion"}],"is_trial":false,"path_per_floor":["M","?","M","M","M","E","R","E","T","?","M","?","$","?","R","B",null,"M","?","M","$","M","E","?","E","T","M"],"character_chosen":"DEFECT","items_purchased":["Go for the Eyes+1","Capacitor","Oddly Smooth Stone","Sling","Sundial"],"campfire_rested":1,"item_purchase_floors":[13,13,21,21,21],"current_hp_per_floor":[67,67,62,60,57,37,37,29,29,29,29,29,29,29,49,13,54,44,44,44,44,44,44,44,20,20,0,0],"gold":201,"neow_bonus":"ONE_RARE_RELIC","is_daily":false,"chose_seed":false,"campfire_upgraded":0,"win_rate":0.0,"timestamp":1612809856,"path_taken":["M","?","?","M","M","E","R","E","T","?","?","?","?","?","R","BOSS","M","?","?","$","M","E","?","E","T","M"],"items_purchased_type":["Card","Card","Relic","Relic","Relic"],"build_version":"2020-12-22","purchased_purges":1,"victory":false,"max_hp_per_floor":[68,68,68,68,68,68,68,68,68,68,68,68,68,68,68,68,68,68,68,68,68,68,68,68,68,68,68,68],"card_choices":[{"not_picked":["Gash","Storm"],"picked":"Rip and Tear","floor":1},{"not_picked":["Steam","Redo"],"picked":"Doom and Gloom","floor":3},{"not_picked":["Lockon","Undo"],"picked":"Beam Cell","floor":4},{"not_picked":["Barrage","Go for the Eyes"],"picked":"Scrape","floor":5},{"not_picked":["Thunder Strike","Streamline","Reprogram"],"picked":"SKIP","floor":6},{"not_picked":["Leap","Ball Lightning+1"],"picked":"Sunder+1","floor":8},{"not_picked":["Conserve Battery","Turbo"],"picked":"Rip and Tear+1","floor":11},{"not_picked":["Consume","Ball Lightning+1"],"picked":"Core Surge+1","floor":14},{"not_picked":["Multi-Cast","Electrodynamics"],"picked":"Machine Learning","floor":16},{"not_picked":["Steam","Leap"],"picked":"Sunder+1","floor":18},{"not_picked":["Steam","Hologram"],"picked":"Leap+1","floor":20},{"not_picked":["Turbo","BootSequence"],"picked":"Sweeping Beam+1","floor":22},{"not_picked":["Thunder Strike+1","Stack+1"],"picked":"Streamline+1","floor":23},{"not_picked":["Steam","Cold Snap+1"],"picked":"Defragment","floor":25}],"player_experience":566411,"relics_obtained":[{"floor":6,"key":"Boot"},{"floor":8,"key":"Molten Egg 2"},{"floor":9,"key":"Ornamental Fan"},{"floor":14,"key":"Old Coin"},{"floor":23,"key":"Happy Flower"},{"floor":25,"key":"MealTicket"},{"floor":26,"key":"Pantograph"}],"event_choices":[{"damage_healed":0,"gold_gain":0,"player_choice":"2 cards matched","damage_taken":0,"max_hp_gain":0,"max_hp_loss":0,"event_name":"Match and Keep!","floor":2,"gold_loss":0,"cards_obtained":["Beam Cell","Reboot"]},{"damage_healed":0,"gold_gain":0,"player_choice":"Trade","damage_taken":0,"relics_obtained":["CultistMask"],"max_hp_gain":0,"max_hp_loss":0,"event_name":"FaceTrader","floor":10,"gold_loss":0},{"damage_healed":29,"gold_gain":0,"player_choice":"Embrace Burn","damage_taken":0,"max_hp_gain":0,"max_hp_loss":68,"event_name":"betterThird:BetterShining","floor":12,"gold_loss":0},{"damage_healed":0,"gold_gain":30,"player_choice":"Searched \u00273\u0027 times","damage_taken":0,"max_hp_gain":0,"max_hp_loss":0,"event_name":"Dead Adventurer","floor":14,"gold_loss":0},{"damage_healed":0,"gold_gain":0,"player_choice":"Got Potions","damage_taken":0,"max_hp_gain":0,"max_hp_loss":0,"event_name":"Lab","floor":19,"gold_loss":0},{"damage_healed":0,"gold_gain":100,"player_choice":"Pray","damage_taken":0,"max_hp_gain":0,"max_hp_loss":0,"event_name":"Golden Shrine","floor":24,"gold_loss":0}],"is_beta":false,"boss_relics":[{"not_picked":["Runic Dome","Pandora\u0027s Box"],"picked":"Runic Pyramid"}],"items_purged_floors":[13],"is_endless":false,"potions_floor_spawned":[1,4,8,11,23],"killed_by":"Snake Plant","ascension_level":9}}