{"host":"54jr43vd79817238","time":1612783163,"event":{"mods":["100% Spire Juice","ATMod(°¢èªMod)","Act Like it!","Arknights","Aspiration","BaseMod","CapriCore","Dota2Spire","Friendly Minions","Gensokyo","Hallownest","Hermit","Jedi Mod","KomeijiMod","Lobotomy","LobotomyExtend","Marisa£¨ìFÓê¡¡Ä§ÀíÉ³£©","Minty Spire (QoL Compilation)","MostiFishMod","Prisma Mod","PrismaMod-zhs","Quarter Circle Forward PUNCH!","Reliquary","Replay The Spire","Robot Space Explorer","RumiaBox-Â¶Ã×æ«µÄÉñÃØºÐ×Ó","Spicy Shops","StSLib","TestMod","The Blackbeard","WarShipGirlsR/Õ½½¢ÉÙÅ®R mod","Yakumo Yukari mod","Youmu£¨»êÆÇÑýÃÎ£©","Yuyuko","¡¾ÒÅÎï¿¨ÅÆ¡¿REMEMod"],"gold_per_floor":[117,128,128,128,128,162,179,197,197,597,597,631,631,647,647,752,752,770,64,82,92,92,118,43,53,53,53,79,97,127,147,147,245,245,259,259,282,292,292,320,320,355,355,382,400,-1400,-1387,-1387,-1387,-1387,-1387,-1387,-1387,-1387,-1353,-1353],"floor_reached":57,"language":"ZHS","playtime":1825,"items_purged":["Injury","Bane"],"score":1821,"play_id":"2faca4f6-e81e-4a67-9cf5-5fd8bb072cc9","local_time":"20210208191923","is_ascension_mode":true,"campfire_choices":[{"floor":11,"key":"RECALL"},{"data":"RobotSpaceExplorer:Multitool","floor":13,"key":"SMITH"},{"floor":15,"key":"REST"},{"data":"RobotSpaceExplorer:Strike","floor":32,"key":"PURGE"},{"data":"RobotSpaceExplorer:Accelerator","floor":41,"key":"SMITH"},{"data":"AT_Dispersion","floor":49,"key":"SMITH"},{"data":"MostiFishMod:LethalBlade","floor":53,"key":"SMITH"}],"circlet_count":0,"master_deck":["RobotSpaceExplorer:Defend","RobotSpaceExplorer:Defend","RobotSpaceExplorer:Defend","RobotSpaceExplorer:Defend","RobotSpaceExplorer:Scan","RobotSpaceExplorer:MiniLasers","RobotSpaceExplorer:HighVoltage","MostiFishMod:LethalBlade+1","AT_Dispersion+1","RobotSpaceExplorer:MiniDrones","RobotSpaceExplorer:SwiftStep","aspiration:Lunge","REME_ShadowStrike","RobotSpaceExplorer:GearShield","RobotSpaceExplorer:GlueShot","RobotSpaceExplorer:Discharger","RobotSpaceExplorer:Multitool+1","RobotSpaceExplorer:ScrapToss","RobotSpaceExplorer:Scanner","RobotSpaceExplorer:ScrapToss+1","RobotSpaceExplorer:PowerGlove+1","RobotSpaceExplorer:DoubleFind","RobotSpaceExplorer:GlueShot+1","RobotSpaceExplorer:ChargingLaser","RobotSpaceExplorer:Jetpack","RobotSpaceExplorer:Probe+1","RobotSpaceExplorer:Accelerator+1","RobotSpaceExplorer:ScrapToss","RobotSpaceExplorer:Probe","RobotSpaceExplorer:Ammunition+1","RobotSpaceExplorer:FreezeRay"],"relics":["RobotSpaceExplorer:RoboCore","AT_ATBox","testmod-TestBox","REME_ComplimentaryCards","PatriotShield","testmod-HeartOfStrike","LetterFromLob","SynthV:TestCard","Mirror","PlanX","MagicDraw4","testmod-StringDisintegrator","Dota2Spire:Mjollnir","Civilization","Matryoshka","MealTicket","Orichalcum","AT_RabadonDeathcap","AT_Kusabimaru","reliquary:RoseTintedGlasses","Philosopher\u0027s Stone","Hallownest:HeavyBlowRelic","jedi:cryingmask","PreservedInsect","reliquary:Boomerang","aspiration:HummingbirdHeart","The Courier","testmod-IndustrialRevolution","testmod-ArcanaOfDestiny","Replay:Rubber Ducky","SynthV:MejaisSoulstealer","reliquary:SilkGlove"],"acts_visited":["Gensokyo:Gensokyo","TheCity","Hallownest:KingdomsEdge","TheEnding"],"potions_floor_usage":[33],"damage_taken":[{"damage":2,"enemies":"Gensokyo:3_Fairies","floor":1,"turns":3},{"damage":1,"enemies":"Gensokyo:2_Kodama","floor":2,"turns":1},{"damage":2,"enemies":"Gensokyo:Mamizou","floor":6,"turns":3},{"damage":0,"enemies":"Gensokyo:Python","floor":7,"turns":3},{"damage":1,"enemies":"Gensokyo:VengefulSpirit","floor":8,"turns":3},{"damage":0,"enemies":"Gensokyo:Cirno","floor":12,"turns":7},{"damage":1,"enemies":"Gensokyo:Python_and_Kodama","floor":14,"turns":1},{"damage":6,"enemies":"Gensokyo:Kokoro","floor":16,"turns":5},{"damage":2,"enemies":"Spheric Guardian","floor":18,"turns":2},{"damage":0,"enemies":"Shell Parasite","floor":20,"turns":2},{"damage":1,"enemies":"Snecko","floor":21,"turns":2},{"damage":1,"enemies":"Replay:Snechameleon","floor":23,"turns":4},{"damage":2,"enemies":"Centurion and Healer","floor":25,"turns":1},{"damage":0,"enemies":"REME_1_Revenger","floor":28,"turns":3},{"damage":0,"enemies":"Shelled Parasite and Fungi","floor":29,"turns":3},{"damage":0,"enemies":"Book of Stabbing","floor":30,"turns":1},{"damage":0,"enemies":"Snecko","floor":31,"turns":3},{"damage":1,"enemies":"Pondfish","floor":33,"turns":4},{"damage":0,"enemies":"Hallownest:2_Littles","floor":35,"turns":1},{"damage":0,"enemies":"Hallownest:3_Siblings","floor":38,"turns":2},{"damage":2,"enemies":"Hallownest:eliteCollector","floor":40,"turns":1},{"damage":0,"enemies":"Hallownest:StalkingDevout","floor":42,"turns":2},{"damage":0,"enemies":"Hallownest:eliteHiveKnight","floor":44,"turns":1},{"damage":0,"enemies":"Hallownest:monsterPrimalAspid","floor":45,"turns":2},{"damage":0,"enemies":"Hallownest:2_Wandering_and_1_Horned","floor":47,"turns":2},{"damage":1,"enemies":"Hallownest:BossGreyPrinceZote","floor":50,"turns":2},{"damage":0,"enemies":"Shield and Spear","floor":55,"turns":1},{"damage":1,"enemies":"The Heart","floor":56,"turns":2}],"seed_played":"-2365117104883401555","potions_obtained":[{"floor":2,"key":"SpeedPotion"},{"floor":14,"key":"Toxic Potion"},{"floor":21,"key":"jedi:hoardpotion"},{"floor":23,"key":"Strength Potion"},{"floor":33,"key":"LiquidMemories"}],"is_trial":false,"path_per_floor":["M","M","?","?","COS","E","M","M","T","?","R","E","R","M","R","B",null,"M","$","M","M","?","E","$","M","T","$","E","M","E","M","R","B",null,"M","?","T","M","?","E","R","E","T","E","M","$","M","?","R","B",null,null,"R","$","E","B",null],"character_chosen":"RobotSpaceExplorer","items_purchased":["Dota2Spire:Mjollnir","Civilization","Matryoshka","testmod-ArcanaOfDestiny","Replay:Rubber Ducky","SynthV:MejaisSoulstealer"],"campfire_rested":1,"item_purchase_floors":[19,19,19,46,46,46],"current_hp_per_floor":[73,72,72,72,72,70,70,69,69,69,69,69,69,68,75,69,75,73,73,76,77,77,79,81,84,84,86,91,96,101,106,106,110,111,116,116,116,121,121,124,124,129,129,134,139,141,146,146,146,150,150,151,151,151,156,160],"gold":-1353,"neow_bonus":"ONE_RANDOM_RARE_CARD","is_daily":false,"chose_seed":false,"campfire_upgraded":4,"win_rate":0.0,"timestamp":1612783163,"path_taken":["M","M","?","?","COS","E","M","?","T","?","R","E","R","M","R","BOSS","M","$","M","M","?","E","$","M","T","?","E","M","E","M","R","BOSS","M","?","?","M","?","E","R","E","T","E","?","$","M","?","R","BOSS","R","$","E","BOSS"],"items_purchased_type":["Relic","Relic","Relic","Relic","Relic","Relic"],"build_version":"2020-12-22","purchased_purges":2,"victory":true,"max_hp_per_floor":[75,75,75,75,75,75,75,75,75,75,75,75,75,75,75,75,75,75,75,76,78,78,81,81,86,86,86,91,96,101,106,106,111,111,116,116,116,121,121,126,126,131,131,136,141,141,146,146,146,151,151,151,151,151,156,161],"card_choices":[{"not_picked":["RobotSpaceExplorer:GlueShot","RobotSpaceExplorer:SwiftStep"],"picked":"RobotSpaceExplorer:MiniDrones","floor":1},{"not_picked":["RobotSpaceExplorer:FrostMissile","RobotSpaceExplorer:FreezingShield","RobotSpaceExplorer:ImprovisedAttack","RobotSpaceExplorer:StunGrenade"],"picked":"RobotSpaceExplorer:SwiftStep","floor":2},{"not_picked":["RobotSpaceExplorer:SlimeMissile","RobotSpaceExplorer:LaserBurst","RobotSpaceExplorer:RigExplosive","RobotSpaceExplorer:Electroshield"],"picked":"RobotSpaceExplorer:GearShield","floor":6},{"not_picked":["RobotSpaceExplorer:FranticSearch","RobotSpaceExplorer:FrostMissile","RobotSpaceExplorer:SurgingShield","RobotSpaceExplorer:ShovelStrike"],"picked":"RobotSpaceExplorer:GlueShot","floor":7},{"not_picked":["RobotSpaceExplorer:SurgingStrike","RobotSpaceExplorer:StunGrenade","RobotSpaceExplorer:ImprovisedAttack","RobotSpaceExplorer:PowerCollector"],"picked":"RobotSpaceExplorer:Discharger","floor":8},{"not_picked":["RobotSpaceExplorer:DroneSwarm","RobotSpaceExplorer:PlasmaMissile","RobotSpaceExplorer:SurgingShield","RobotSpaceExplorer:FranticSearch"],"picked":"RobotSpaceExplorer:Multitool","floor":12},{"not_picked":["RobotSpaceExplorer:StunGrenade","RobotSpaceExplorer:GlueSpray","RobotSpaceExplorer:Jetpack","RobotSpaceExplorer:Fix"],"picked":"RobotSpaceExplorer:ScrapToss","floor":14},{"not_picked":["RobotSpaceExplorer:Autoloader","RobotSpaceExplorer:Asteroid","RobotSpaceExplorer:Comet","RobotSpaceExplorer:DroneSwarm"],"picked":"RobotSpaceExplorer:Scanner","floor":16},{"not_picked":["RobotSpaceExplorer:Jetpack+1","RobotSpaceExplorer:DualCore","RobotSpaceExplorer:ShockKick","RobotSpaceExplorer:GlueShot"],"picked":"RobotSpaceExplorer:ScrapToss+1","floor":18},{"not_picked":["RobotSpaceExplorer:MetalStrike+1","RobotSpaceExplorer:Pulsar","RobotSpaceExplorer:ScrapMissile","RobotSpaceExplorer:StunGrenade"],"picked":"RobotSpaceExplorer:PowerGlove+1","floor":20},{"not_picked":["RobotSpaceExplorer:ExhaustFan","RobotSpaceExplorer:FrostMissile","RobotSpaceExplorer:Electropulse","RobotSpaceExplorer:PowerCollector"],"picked":"RobotSpaceExplorer:DoubleFind","floor":21},{"not_picked":["RobotSpaceExplorer:StunGrenade+1","RobotSpaceExplorer:ToxicBomb","RobotSpaceExplorer:Discharger","RobotSpaceExplorer:SurgingStrike"],"picked":"RobotSpaceExplorer:GlueShot+1","floor":23},{"not_picked":["RobotSpaceExplorer:Pulsar+1","RobotSpaceExplorer:ExhaustFan","RobotSpaceExplorer:Jetpack","RobotSpaceExplorer:ToxicBomb"],"picked":"RobotSpaceExplorer:ChargingLaser","floor":25},{"not_picked":["RobotSpaceExplorer:FrostMissile+1","RobotSpaceExplorer:Scanner","RobotSpaceExplorer:MetalStrike","RobotSpaceExplorer:ShockKick","RobotSpaceExplorer:StarDust"],"picked":"SKIP","floor":28},{"not_picked":["RobotSpaceExplorer:SurgingStrike","RobotSpaceExplorer:GlueShot","RobotSpaceExplorer:SlimeMissile","RobotSpaceExplorer:ShockMissile"],"picked":"RobotSpaceExplorer:Jetpack","floor":29},{"not_picked":["RobotSpaceExplorer:StarDust+1","RobotSpaceExplorer:SurgingStrike","RobotSpaceExplorer:ShovelStrike","RobotSpaceExplorer:PowerCollector+1"],"picked":"RobotSpaceExplorer:Probe+1","floor":30},{"not_picked":["RobotSpaceExplorer:StunGrenade","RobotSpaceExplorer:Pulsar","RobotSpaceExplorer:ShovelStrike","RobotSpaceExplorer:FrostMissile"],"picked":"RobotSpaceExplorer:Accelerator","floor":31},{"not_picked":["RobotSpaceExplorer:Smokescreen+1","RobotSpaceExplorer:ShovelStrike","RobotSpaceExplorer:StarDust","RobotSpaceExplorer:MetalStrike+1","RobotSpaceExplorer:Calculate"],"picked":"SKIP","floor":35},{"not_picked":["RobotSpaceExplorer:SurgingStrike","RobotSpaceExplorer:StunGrenade+1","RobotSpaceExplorer:PlasmaMissile+1","RobotSpaceExplorer:SlimeMissile","RobotSpaceExplorer:ScrapShield"],"picked":"SKIP","floor":38},{"not_picked":["RobotSpaceExplorer:Reload+1","RobotSpaceExplorer:Jetpack+1","RobotSpaceExplorer:SurgingStrike+1","RobotSpaceExplorer:StarLightning+1"],"picked":"RobotSpaceExplorer:ScrapToss","floor":40},{"not_picked":["RobotSpaceExplorer:Explosion","RobotSpaceExplorer:SwiftStep","RobotSpaceExplorer:Discharger+1","RobotSpaceExplorer:Counterblock"],"picked":"RobotSpaceExplorer:Probe","floor":42},{"not_picked":["RobotSpaceExplorer:MetalStrike+1","RobotSpaceExplorer:GlueShot+1","RobotSpaceExplorer:SlimeMissile","RobotSpaceExplorer:ShovelStrike+1"],"picked":"RobotSpaceExplorer:Ammunition+1","floor":44},{"not_picked":["RobotSpaceExplorer:ToxicBomb","RobotSpaceExplorer:Pulsar+1","RobotSpaceExplorer:BigMissile","RobotSpaceExplorer:Electropulse+1","RobotSpaceExplorer:GearShield"],"picked":"SKIP","floor":45},{"not_picked":["RobotSpaceExplorer:Probe","RobotSpaceExplorer:Blaster","RobotSpaceExplorer:GlueShot","RobotSpaceExplorer:FrostMissile+1"],"picked":"RobotSpaceExplorer:FreezeRay","floor":47},{"not_picked":["RobotSpaceExplorer:Calculate","RobotSpaceExplorer:StunGrenade","RobotSpaceExplorer:MetalStrike","RobotSpaceExplorer:ExhaustFan","RobotSpaceExplorer:ShockKick"],"picked":"SKIP","floor":55}],"player_experience":350528,"relics_obtained":[{"floor":1,"key":"LetterFromLob"},{"floor":1,"key":"SynthV:TestCard"},{"floor":6,"key":"PlanX"},{"floor":12,"key":"MagicDraw4"},{"floor":23,"key":"MealTicket"},{"floor":26,"key":"Orichalcum"},{"floor":26,"key":"AT_RabadonDeathcap"},{"floor":28,"key":"AT_Kusabimaru"},{"floor":30,"key":"reliquary:RoseTintedGlasses"},{"floor":37,"key":"jedi:cryingmask"},{"floor":37,"key":"PreservedInsect"},{"floor":40,"key":"reliquary:Boomerang"},{"floor":42,"key":"aspiration:HummingbirdHeart"},{"floor":43,"key":"The Courier"},{"floor":44,"key":"testmod-IndustrialRevolution"},{"floor":55,"key":"reliquary:SilkGlove"}],"event_choices":[{"damage_healed":0,"gold_gain":400,"player_choice":"Sell","damage_taken":0,"max_hp_gain":0,"max_hp_loss":0,"event_name":"¶÷ÂåË¹µÄÅÌ×Ó","floor":10,"relics_lost":["DaveBox"],"gold_loss":0},{"damage_healed":0,"gold_gain":0,"player_choice":"Ignored","damage_taken":0,"max_hp_gain":0,"max_hp_loss":0,"event_name":"blackbeard:ShipwreckEvent","floor":22,"gold_loss":0}],"is_beta":false,"boss_relics":[{"not_picked":["Ectoplasm","ReplayTheSpireMod:DimensionalGlitch"],"picked":"testmod-StringDisintegrator"},{"not_picked":["testmod-Nine","MoonlightInvasionPlan"],"picked":"Philosopher\u0027s Stone"}],"items_purged_floors":[24,46],"is_endless":false,"potions_floor_spawned":[2,14,21,23,31,33,35,45,47,55],"ascension_level":1}}