{"host":"i0dcpa89fcfo7o2v","time":1612776946,"event":{"mods":["2.2 Compatiblity","AchievementEnabler","Alarm Clock","AlwaysNeverKeys","BaseMod","Better Altar","Better Match","Better Note","Better Sensory Stone","Better Skull","Better Third Choice","Better Vampires","BetterRewards","Block Reminder","Colored Map","Colored Powertips","Conspire","Curses Come First","Defuse TimeMaze Blight","Displayed Cursed Tome","Downfall","Energized Spire","Gold Saver","Halation","Highlight Path","Hubris","Minty Spire (QoL Compilation)","Quick Restart","Relic Stats","Replay The Spire","Shop Mod","Spicy Shops","StSLib","Synergy Search","The Jungle","Transform Curses","Uncapped","Wandering Minibosses"],"gold_per_floor":[1282,1282,1298,1310,1310,1321,1321,1321,742,742,757,682,692,414,429,530,530,530,530,530,545,75,75,75,75],"floor_reached":23,"language":"ENG","playtime":1473,"items_purged":["Voices","conspire:GhostlyStrike","hubris:Gluttony","conspire:GhostlyStrike"],"score":249,"play_id":"09bc3a9f-6b5f-4ce7-af47-795239f527a9","local_time":"20210208103546","is_ascension_mode":true,"campfire_choices":[{"data":"bronze:RecursiveStrike","floor":1.0,"key":"SMITH"},{"data":"bronze:Flail","floor":18,"key":"SMITH"}],"circlet_count":0,"master_deck":["conspire:GhostlyStrike","conspire:GhostlyStrike","conspire:GhostlyDefend","conspire:GhostlyDefend","conspire:GhostlyDefend","conspire:GhostlyDefend","bronze:Replicate+1","bronze:Goto+1","bronze:RecursiveStrike+1","bronze:Branch","bronze:Branch","bronze:Flail+1","bronze:AlphaBuild+1","bronze:TinkerersToolbox","bronze:ChildClass","hubris:DuctTapeCard"],"relics":["bronze:BronzeCore","downfall:HeartBlessingRed","downfall:HeartBlessingGreen","downfall:HeartBlessingBlue","Counterbalance","Matryoshka","Onion Ring","MerchantsRug","energizedSpire:NeverEndingSparkler","StrikeDummy","downfall:RedIOU","ReplayTheSpireMod:CursedCoin","Replay:Arrowhead","hubris:DuctTape"],"acts_visited":["Exordium","TheCity"],"potions_floor_usage":[16,16],"damage_taken":[{"damage":0.0,"enemies":"2 Louse","floor":3.0,"turns":3.0},{"damage":12.0,"enemies":"Small Slimes","floor":4.0,"turns":2.0},{"damage":0.0,"enemies":"Cultist","floor":6.0,"turns":1.0},{"damage":0.0,"enemies":"downfall:FleeingMerchant","floor":9.0,"turns":4.0},{"damage":0.0,"enemies":"conspire:2 RoseBushes","floor":11.0,"turns":3.0},{"damage":0,"enemies":"Exordium Thugs","floor":13,"turns":2},{"damage":6,"enemies":"downfall:FleeingMerchant","floor":14,"turns":4},{"damage":11,"enemies":"Gremlin Gang","floor":15,"turns":5},{"damage":24,"enemies":"DF_ARCHETYPE_STREAMLINE","floor":16,"turns":7},{"damage":6,"enemies":"Chosen","floor":21,"turns":2},{"damage":9,"enemies":"downfall:FleeingMerchant","floor":22,"turns":4},{"damage":0,"enemies":"Gremlin Leader","floor":23,"turns":1}],"seed_played":"-4696733644961929791","potions_obtained":[{"floor":3.0,"key":"EssenceOfSteel"},{"floor":11.0,"key":"hexamod:SoulburnPotion"},{"floor":13,"key":"Toxic Potion"},{"floor":16,"key":"Dexterity Potion"}],"is_trial":false,"path_per_floor":["R","?","M","M","?","M","T","?","$","T","M","?","M","$","M","B",null,"R","?","?","M","$","E"],"character_chosen":"THE_AUTOMATON","items_purchased":["Matryoshka","Onion Ring","Boot","MerchantsRug","ReplayTheSpireMod:CursedCoin","Replay:Arrowhead","hubris:DuctTape"],"campfire_rested":0,"item_purchase_floors":[9,9,14,14,22,22,22],"current_hp_per_floor":[59,59,59,47,47,47,47,47,47,47,47,47,47,41,30,6,62,62,62,62,56,47,47,47,47],"gold":75,"neow_bonus":"THREE_RARE_CARDS","is_daily":false,"chose_seed":false,"campfire_upgraded":2,"win_rate":0.0,"timestamp":1612776946,"path_taken":["R","?","M","M","?","?","T","?","$","?","?","?","M","$","M","BOSS","R","?","?","M","$","E"],"items_purchased_type":["Relic","Relic","Relic","Relic","Relic","Relic","Relic"],"build_version":"2020-12-22","purchased_purges":4,"victory":false,"max_hp_per_floor":[80,80,80,80,80,80,80,80,80,80,80,80,80,80,80,80,80,80,80,80,80,80,80,80,80],"relic_stats":{"counters":[12,38],"obtain_stats":[{"Potion Belt":10,"MerchantsRug":14,"bronze:BronzeCore":0,"downfall:HeartBlessingRed":1,"hubris:DuctTape":22,"ReplayTheSpireMod:CursedCoin":22,"Counterbalance":7,"downfall:HeartBlessingGreen":1,"halation:WeightlessCrab":10,"Boot":14,"Replay:Arrowhead":22,"Matryoshka":9,"downfall:HeartBlessingBlue":1,"energizedSpire:NeverEndingSparkler":17,"Onion Ring":9,"downfall:RedIOU":20,"StrikeDummy":19},{"Potion Belt":4,"MerchantsRug":7,"bronze:BronzeCore":0,"downfall:HeartBlessingRed":0,"hubris:DuctTape":11,"ReplayTheSpireMod:CursedCoin":11,"Counterbalance":3,"downfall:HeartBlessingGreen":0,"halation:WeightlessCrab":4,"Boot":7,"Replay:Arrowhead":11,"Matryoshka":4,"downfall:HeartBlessingBlue":0,"energizedSpire:NeverEndingSparkler":9,"Onion Ring":4,"downfall:RedIOU":9,"StrikeDummy":9},{"Potion Belt":10,"MerchantsRug":19,"bronze:BronzeCore":0,"downfall:HeartBlessingRed":0,"hubris:DuctTape":37,"ReplayTheSpireMod:CursedCoin":37,"Counterbalance":6,"downfall:HeartBlessingGreen":0,"halation:WeightlessCrab":10,"Boot":19,"Replay:Arrowhead":37,"Matryoshka":10,"downfall:HeartBlessingBlue":0,"energizedSpire:NeverEndingSparkler":31,"Onion Ring":10,"downfall:RedIOU":31,"StrikeDummy":31}]},"card_choices":[{"not_picked":["bronze:Break","bronze:Mutator"],"picked":"bronze:RecursiveStrike","floor":0.0},{"not_picked":["bronze:MaxOutput","bronze:WildBeam"],"picked":"bronze:ChildClass","floor":3.0},{"not_picked":["bronze:ChildClass","bronze:InfiniteBeams"],"picked":"bronze:Branch","floor":4.0},{"not_picked":["bronze:DarkDash","bronze:Overload"],"picked":"bronze:Branch","floor":6.0},{"not_picked":["bronze:BronzeOrb","bronze:Invalidate"],"picked":"bronze:Flail","floor":9.0},{"not_picked":["bronze:Terminator","bronze:Philosophize"],"picked":"bronze:Iterate","floor":11.0},{"not_picked":["bronze:Library+1","bronze:Virus+1"],"picked":"bronze:AlphaBuild+1","floor":12},{"not_picked":["bronze:RecursiveStrike+1","bronze:HyperBeam+1"],"picked":"bronze:Verify+1","floor":12},{"not_picked":["bronze:Library+1","bronze:ThunderWave+1"],"picked":"bronze:Hardcode+1","floor":12},{"not_picked":["bronze:Branch","bronze:OilSpill","bronze:Allocate"],"picked":"SKIP","floor":13},{"not_picked":["bronze:Fortify","bronze:Branch","bronze:Hardcode"],"picked":"SKIP","floor":14},{"not_picked":["bronze:OilSpill","bronze:Safeguard","bronze:BitShift"],"picked":"SKIP","floor":15},{"not_picked":["bronze:Verify","bronze:SpaghettiCode"],"picked":"bronze:TinkerersToolbox","floor":16},{"not_picked":["bronze:WildBeam","bronze:ForceShield+1"],"picked":"bronze:ChildClass","floor":21},{"not_picked":["bronze:Refactor+1","bronze:CloningBeam","bronze:WhirlingStrike+1"],"picked":"SKIP","floor":22}],"player_experience":230990,"relics_obtained":[{"floor":7.0,"key":"Counterbalance"},{"floor":10.0,"key":"Potion Belt"},{"floor":10.0,"key":"halation:WeightlessCrab"}],"event_choices":[{"damage_healed":0.0,"max_hp_gain":0.0,"max_hp_loss":0.0,"gold_gain":0.0,"event_name":"conspire:LoneGhost","player_choice":"Agree","floor":2.0,"gold_loss":0.0,"damage_taken":0.0},{"damage_healed":0,"gold_gain":0,"player_choice":"3","damage_taken":0,"max_hp_gain":0,"max_hp_loss":0,"event_name":"betterMatch:BetterMatch","floor":12,"gold_loss":0,"cards_obtained":["betterMatch:RareCard"]}],"is_beta":false,"boss_relics":[{"not_picked":["Honey Jar","Replay:Wanted Poster"],"picked":"energizedSpire:NeverEndingSparkler"}],"items_purged_floors":[9,14,22,22],"is_endless":false,"potions_floor_spawned":[3,11,13,16],"killed_by":"Gremlin Leader","ascension_level":5}}