{"host":"f5akwxsmb9r0twid","time":1612796933,"event":{"mods":["BaseMod","Colored Map","Minty Spire (QoL Compilation)"],"gold_per_floor":[109,125,75,150,150,150,170,184,184,209,209,244,244,83,83,188,188,205,205,205,215,235,235,235],"floor_reached":23,"language":"ENG","playtime":10170,"items_purged":["Defend_R"],"score":234,"play_id":"66e662ed-26c5-41f3-85ef-b5bc54940449","local_time":"20210208180853","is_ascension_mode":true,"campfire_choices":[{"data":"Bludgeon","floor":6,"key":"SMITH"},{"floor":13,"key":"RECALL"},{"data":"Barricade","floor":15,"key":"SMITH"}],"circlet_count":0,"master_deck":["Defend_R+1","Bash","Bludgeon+1","Shrug It Off","Shrug It Off","Barricade+1","Berserk+1","Ghostly Armor","Reaper","Shrug It Off","Bite","Bite","Bite","Bite","Bite"],"relics":["Burning Blood","Charon\u0027s Ashes","Ancient Tea Set","Empty Cage","MutagenicStrength"],"acts_visited":["Exordium","TheCity"],"potions_floor_usage":[10,22,23,23],"damage_taken":[{"damage":3,"enemies":"Small Slimes","floor":1,"turns":2},{"damage":0,"enemies":"2 Louse","floor":2,"turns":3},{"damage":0,"enemies":"Jaw Worm","floor":7,"turns":4},{"damage":2,"enemies":"3 Louse","floor":8,"turns":4},{"damage":31,"enemies":"Gremlin Nob","floor":10,"turns":6},{"damage":10,"enemies":"Lagavulin","floor":12,"turns":9},{"damage":42,"enemies":"Slime Boss","floor":16,"turns":11},{"damage":2,"enemies":"Spheric Guardian","floor":18,"turns":3},{"damage":15,"enemies":"Chosen","floor":21,"turns":5},{"damage":33,"enemies":"Snecko","floor":22,"turns":5},{"damage":66,"enemies":"Book of Stabbing","floor":23,"turns":7}],"seed_played":"-4669267059116131314","potions_obtained":[{"floor":1,"key":"Regen Potion"},{"floor":7,"key":"DuplicationPotion"},{"floor":12,"key":"Regen Potion"},{"floor":18,"key":"LiquidMemories"},{"floor":21,"key":"PowerPotion"}],"is_trial":false,"path_per_floor":["M","M","?","?","?","R","M","M","T","E","?","E","R","$","R","B",null,"M","?","?","M","M","E"],"character_chosen":"IRONCLAD","items_purchased":["Ghostly Armor","Fire Potion"],"campfire_rested":0,"item_purchase_floors":[14,14],"current_hp_per_floor":[80,80,80,69,53,53,59,63,63,52,52,48,48,48,48,12,80,80,80,56,53,41,0,0],"gold":235,"neow_bonus":"ONE_RANDOM_RARE_CARD","is_daily":false,"chose_seed":false,"campfire_upgraded":2,"win_rate":0.0,"timestamp":1612796933,"path_taken":["M","M","?","?","?","R","M","M","T","E","?","E","R","$","R","BOSS","M","?","?","M","M","E"],"items_purchased_type":["Card","Potion"],"build_version":"2020-12-22","purchased_purges":1,"victory":false,"max_hp_per_floor":[80,80,80,80,80,80,80,80,80,80,80,80,80,80,80,80,80,80,80,56,56,56,56,56],"card_choices":[{"not_picked":["Bloodletting","Armaments"],"picked":"Shrug It Off","floor":1},{"not_picked":["Anger","Warcry"],"picked":"Shrug It Off","floor":2},{"not_picked":["Wild Strike","Twin Strike"],"picked":"Barricade","floor":7},{"not_picked":["Armaments","Sword Boomerang","Disarm"],"picked":"SKIP","floor":8},{"not_picked":["Infernal Blade","Clothesline"],"picked":"Berserk","floor":10},{"not_picked":["Cleave","Heavy Blade"],"picked":"Power Through","floor":12},{"not_picked":["Feed","Immolate"],"picked":"Reaper","floor":16},{"not_picked":["Cleave","True Grit+1"],"picked":"Shrug It Off","floor":18},{"not_picked":["Thunderclap+1","Battle Trance","Combust"],"picked":"SKIP","floor":21},{"not_picked":["Wild Strike","Rupture","Headbutt"],"picked":"SKIP","floor":22}],"player_experience":303300,"relics_obtained":[{"floor":10,"key":"Charon\u0027s Ashes"},{"floor":12,"key":"Ancient Tea Set"}],"event_choices":[{"cards_removed":["Defend_R"],"damage_healed":0,"gold_gain":0,"player_choice":"Card Removal","damage_taken":0,"max_hp_gain":0,"max_hp_loss":0,"event_name":"The Cleric","floor":3,"gold_loss":50},{"damage_healed":0,"gold_gain":75,"player_choice":"Gather Gold","damage_taken":11,"max_hp_gain":0,"max_hp_loss":0,"event_name":"World of Goop","floor":4,"gold_loss":0},{"damage_healed":0,"gold_gain":0,"player_choice":"Entered Light","damage_taken":16,"max_hp_gain":0,"max_hp_loss":0,"event_name":"Shining Light","floor":5,"gold_loss":0,"cards_upgraded":["Defend_R","Strike_R"]},{"damage_healed":0,"gold_gain":0,"player_choice":"Grow","damage_taken":0,"max_hp_gain":0,"max_hp_loss":0,"event_name":"Living Wall","floor":11,"gold_loss":0,"cards_upgraded":["Berserk"]},{"damage_healed":0,"gold_gain":0,"player_choice":"Inject Mutagens","damage_taken":0,"relics_obtained":["MutagenicStrength"],"max_hp_gain":0,"max_hp_loss":0,"event_name":"Drug Dealer","floor":19,"gold_loss":0},{"damage_healed":0,"gold_gain":0,"player_choice":"Became a vampire","damage_taken":0,"max_hp_gain":0,"max_hp_loss":24,"event_name":"Vampires","floor":20,"gold_loss":0,"cards_obtained":["Bite","Bite","Bite","Bite","Bite"]}],"is_beta":false,"boss_relics":[{"not_picked":["Runic Pyramid","Black Star"],"picked":"Empty Cage"}],"items_purged_floors":[14],"is_endless":false,"potions_floor_spawned":[1,7,12,18,21],"killed_by":"Book of Stabbing","ascension_level":1}}