{"host":"vhw5fdvi8l2afono","time":1612786070,"event":{"mods":["100% Spire Juice","Act Like it!","Arknights","BaseMod","Gensokyo","Minty Spire (QoL Compilation)","Reimu£®≤©¿ˆ¡È√Œ£©","Shop Mod","StSLib","Waifu the Spire","WarShipGirlsR/’ΩΩ¢…Ÿ≈ÆR mod","[IsaacMod]“‘»ˆº‚À˛"],"gold_per_floor":[112,112,42,62,136,170,170,196,196,226,101,121,152,165,165,267,267,282,94,0,0,100,126,51,66,66,16,43,62,97,62,62,162,162,176,176,176,194,194,194,306,306,306,321,332,632,21,32,32,32],"floor_reached":51,"language":"ZHS","playtime":2034,"items_purged":["Defend_P"],"score":1379,"play_id":"d5c6daf9-e187-484d-93e9-f4d72dc8de75","local_time":"20210208200749","is_ascension_mode":true,"campfire_choices":[{"data":"Eruption","floor":7.0,"key":"SMITH"},{"floor":15.0,"key":"REST"},{"data":"Ragnarok","floor":32.0,"key":"SMITH"},{"data":"Indignation","floor":40.0,"key":"SMITH"},{"data":"Vigilance","floor":42.0,"key":"SMITH"},{"data":"BowlingBash","floor":49.0,"key":"SMITH"}],"circlet_count":1,"master_deck":["AscendersBane","Strike_P","Strike_P","Strike_P","Strike_P+1","Defend_P","Eruption+1","Vigilance+1","BowlingBash+1","EmptyMind+1","Halt","Indignation+1","Consecrate","Vault+1","FollowUp+1","Fasting2+1","Ragnarok+1","ForeignInfluence+1","ReachHeaven+1","Protect+1","ClearTheMind+1","FlurryOfBlows+1","EmptyMind+1","FearNoEvil+1","Tantrum+1","Brilliance+1","Crescendo+1","Gensokyo:NewMoon+1","Gensokyo:Shovel"],"relics":["PureWater","HushsDoor","Chaos","NeowsBlessing","BelialBook","AnarchistCookbook","Blue Candle","GnawedLeaf","Darkstone Periapt","Dead Branch","CrazyTorch:ReiMu","JudasShadow","Toxic Egg 2","Succubus","Orrery","Damaru","D6","TentaclePot:ReiMu","Circlet","BloodDonationMachine","DoctorsRemote","Molten Egg 2","Busted Crown","Sozu","Tiny House","Regal Pillow","OrangePellets","Pantograph","Happy Flower"],"acts_visited":["Gensokyo:Gensokyo","Gensokyo:Gensokyoer","Gensokyo:Gensokyoest"],"potions_floor_usage":[50,50],"damage_taken":[{"damage":0.0,"enemies":"Gensokyo:Python","floor":1.0,"turns":1.0},{"damage":0.0,"enemies":"Gensokyo:2_Kodama","floor":4.0,"turns":1.0},{"damage":0.0,"enemies":"Gensokyo:Aya","floor":6.0,"turns":1.0},{"damage":0.0,"enemies":"Gensokyo:Mamizou","floor":8.0,"turns":5.0},{"damage":17.0,"enemies":"Gensokyo:Cirno","floor":10.0,"turns":7.0},{"damage":0.0,"enemies":"Gensokyo:3_Fairies","floor":12.0,"turns":3.0},{"damage":18.0,"enemies":"Gensokyo:Aya","floor":13.0,"turns":6.0},{"damage":4.0,"enemies":"Gensokyo:VengefulSpirit","floor":14.0,"turns":4.0},{"damage":21.0,"enemies":"Gensokyo:Kokoro","floor":16.0,"turns":5.0},{"damage":11.0,"enemies":"Gensokyo:3_Dogs","floor":18.0,"turns":2.0},{"damage":7.0,"enemies":"Gensokyo:3_Dogs","floor":22.0,"turns":5.0},{"damage":31.0,"enemies":"Gensokyo:Tenshi","floor":23.0,"turns":4.0},{"damage":0.0,"enemies":"Gensokyo:AngelMirror","floor":25.0,"turns":3.0},{"damage":0.0,"enemies":"Gensokyo:Swordslinger","floor":29.0,"turns":1.0},{"damage":1.0,"enemies":"Gensokyo:Koishi","floor":30.0,"turns":2.0},{"damage":16.0,"enemies":"Gensokyo:Eternal_Rivals","floor":33.0,"turns":6.0},{"damage":0.0,"enemies":"Gensokyo:AncientGuardian","floor":35.0,"turns":2.0},{"damage":0.0,"enemies":"Gensokyo:3_Boulders","floor":38.0,"turns":3.0},{"damage":0.0,"enemies":"Gensokyo:Doremy","floor":41.0,"turns":4.0},{"damage":0.0,"enemies":"Gensokyo:AtlasGolem","floor":44.0,"turns":3.0},{"damage":0.0,"enemies":"Gensokyo:4_Bats","floor":45.0,"turns":1.0},{"damage":0.0,"enemies":"Gensokyo:SeedOfUnknown","floor":48.0,"turns":3.0},{"damage":0,"enemies":"Gensokyo:Scarlet_Devils","floor":50,"turns":5}],"seed_played":"-3388849646562101317","potions_obtained":[{"floor":4.0,"key":"GrandPatriotsElixir:ReiMu"},{"floor":8.0,"key":"Block Potion"},{"floor":10.0,"key":"LiquidMemories"},{"floor":13.0,"key":"BottledMiracle"},{"floor":18.0,"key":"BlessingOfTheForge"},{"floor":25.0,"key":"Strength Potion"},{"floor":29.0,"key":"SteroidPotion"}],"is_trial":false,"path_per_floor":["M","?","?","M","T","E","R","E","T","E","COS","M","?","M","R","B",null,"M","COS","?","$","?","E","$","M","T","?","T","M","E","$","R","B",null,"M","?","?","M","?","R","E","R","T","M","M","?","COS","M","R","B",null],"character_chosen":"WATCHER","items_purchased":["Tantrum+1"],"campfire_rested":1,"item_purchase_floors":[31],"current_hp_per_floor":[65,51,51,51,51,51,51,51,51,34,34,34,16,12,33,12,57,46,46,46,46,39,16,16,16,16,23,23,23,22,22,22,6,65,65,65,65,65,65,65,70,70,70,70,70,70,70,72,72,89],"gold":32,"neow_bonus":"THREE_ENEMY_KILL","is_daily":false,"chose_seed":false,"campfire_upgraded":5,"win_rate":0.0,"timestamp":1612786069,"path_taken":["M","?","?","M","?","E","R","E","T","E","COS","M","?","M","R","BOSS","M","COS","?","$","?","E","?","?","T","?","?","M","E","?","R","BOSS","M","?","?","M","?","R","E","R","T","M","M","?","COS","M","R","BOSS"],"items_purchased_type":["Card"],"build_version":"2020-12-22","purchased_purges":1,"victory":true,"max_hp_per_floor":[72,72,72,72,72,72,72,72,72,72,72,72,72,72,72,72,72,72,72,72,72,72,77,77,77,77,84,84,84,84,84,84,84,84,84,84,84,84,84,84,89,89,89,89,89,89,89,89,89,89],"card_choices":[{"not_picked":["Vengeance","Protect","FlyingSleeves"],"picked":"SKIP","floor":1.0},{"not_picked":["SandsOfTime","CrushJoints"],"picked":"BowlingBash","floor":4.0},{"not_picked":["Sanctity","Wireheading"],"picked":"EmptyMind","floor":6.0},{"not_picked":["SandsOfTime","BowlingBash"],"picked":"Halt","floor":8.0},{"not_picked":["MasterReality","Prostrate","ThirdEye"],"picked":"SKIP","floor":10.0},{"not_picked":["CrushJoints","Evaluate","SandsOfTime"],"picked":"SKIP","floor":12.0},{"not_picked":["SandsOfTime","Worship"],"picked":"Indignation","floor":13.0},{"not_picked":["Prostrate","ClearTheMind"],"picked":"Consecrate","floor":14.0},{"not_picked":["MasterReality","Devotion"],"picked":"Vault+1","floor":16.0},{"not_picked":["Indignation+1","Vengeance+1"],"picked":"FollowUp+1","floor":18.0},{"not_picked":["CrushJoints","JustLucky"],"picked":"Fasting2+1","floor":19.0},{"not_picked":["ThirdEye+1","Wireheading"],"picked":"Ragnarok","floor":19.0},{"not_picked":["SandsOfTime","SashWhip"],"picked":"ForeignInfluence+1","floor":19.0},{"not_picked":["Prostrate+1","DeceiveReality+1"],"picked":"ReachHeaven+1","floor":19.0},{"not_picked":["FollowUp","Sanctity+1"],"picked":"Protect+1","floor":19.0},{"not_picked":["SignatureMove","Protect+1"],"picked":"ClearTheMind+1","floor":22.0},{"not_picked":["FollowUp","Indignation+1","BattleHymn"],"picked":"SKIP","floor":23.0},{"not_picked":["ThirdEye+1","FlyingSleeves"],"picked":"FlurryOfBlows+1","floor":25.0},{"not_picked":["MasterReality","JustLucky+1"],"picked":"EmptyMind+1","floor":29.0},{"not_picked":["Vengeance+1","SashWhip+1"],"picked":"FearNoEvil+1","floor":30.0},{"not_picked":[],"picked":"Brilliance+1","floor":33.0},{"not_picked":[],"picked":"Crescendo+1","floor":35.0},{"not_picked":["Gensokyo:HouraiInAPot","Gensokyo:MorningMist"],"picked":"Gensokyo:NewMoon","floor":36.0},{"not_picked":["Indignation+1"],"picked":"SKIP","floor":38.0},{"not_picked":["WaveOfTheHand+1"],"picked":"SKIP","floor":44.0},{"not_picked":["WaveOfTheHand+1"],"picked":"SKIP","floor":45.0},{"not_picked":["BowlingBash+1"],"picked":"SKIP","floor":48.0}],"player_experience":280116,"relics_obtained":[{"floor":5.0,"key":"AnarchistCookbook"},{"floor":6.0,"key":"Blue Candle"},{"floor":8.0,"key":"GnawedLeaf"},{"floor":9.0,"key":"Darkstone Periapt"},{"floor":10.0,"key":"Dead Branch"},{"floor":13.0,"key":"JudasShadow"},{"floor":22.0,"key":"Damaru"},{"floor":22.0,"key":"D6"},{"floor":23.0,"key":"Circlet"},{"floor":23.0,"key":"BloodDonationMachine"},{"floor":26.0,"key":"DoctorsRemote"},{"floor":28.0,"key":"Molten Egg 2"},{"floor":30.0,"key":"Busted Crown"},{"floor":41.0,"key":"Tiny House"},{"floor":43.0,"key":"Regal Pillow"}],"event_choices":[],"is_beta":false,"boss_relics":[{"not_picked":["Eternal Feather","Ginger"],"picked":"Succubus"},{"not_picked":[]},{"not_picked":["Pear","TuHaoJin"],"picked":"Sozu"},{"not_picked":[]}],"items_purged_floors":[24],"is_endless":false,"potions_floor_spawned":[4,8,10,13,18,25,29,33,38,45,48],"ascension_level":10}}