{"host":"2c84cb4cp1emursg","time":1612765942,"event":{"mods":["Act Like it!","BaseMod","Better Third Choice","Bossed Relics","Hermit","Mimic Mod","Minty Spire (QoL Compilation)","Permanent Neow","Robot Space Explorer","StSLib"],"gold_per_floor":[11,25,42,42,54,54,65,99,99,124,141,176,176,194,194,290,290,305,305,305,305,150,178,178,178],"floor_reached":24,"language":"ENG","playtime":979,"items_purged":[],"score":386,"play_id":"22bf5d49-0f82-46c3-8992-3294e64643c9","local_time":"20210207233222","is_ascension_mode":true,"campfire_choices":[{"data":"Bash","floor":6,"key":"SMITH"},{"data":"Perfected Strike","floor":13,"key":"SMITH"},{"data":"Pommel Strike","floor":15,"key":"SMITH"}],"circlet_count":0,"master_deck":["Strike_R+1","Strike_R+1","Strike_R+1","Strike_R+1","Strike_R+1","Defend_R+1","Defend_R+1","Defend_R+1","Defend_R+1","Bash+1","Pommel Strike+1","Spot Weakness","Perfected Strike+1","Cleave","Headbutt","Brutality","Twin Strike","Feel No Pain","Evolve","Berserk","Perfected Strike"],"relics":["Black Blood","Ginger","Toy Ornithopter","Kunai","Mummified Hand","betterThird:NestCultRelic","Oddly Smooth Stone","Bag of Preparation"],"acts_visited":["Exordium","TheCity"],"potions_floor_usage":[7,8,8,11,16,23],"damage_taken":[{"damage":4,"enemies":"Small Slimes","floor":1,"turns":4},{"damage":4,"enemies":"2 Louse","floor":2,"turns":3},{"damage":7,"enemies":"Jaw Worm","floor":3,"turns":3},{"damage":13,"enemies":"Blue Slaver","floor":5,"turns":3},{"damage":4,"enemies":"2 Fungi Beasts","floor":7,"turns":2},{"damage":7,"enemies":"3 Sentries","floor":8,"turns":4},{"damage":28,"enemies":"Lagavulin","floor":10,"turns":5},{"damage":3,"enemies":"Exordium Thugs","floor":11,"turns":4},{"damage":16,"enemies":"Gremlin Nob","floor":12,"turns":3},{"damage":14,"enemies":"Red Slaver","floor":14,"turns":3},{"damage":5,"enemies":"Slime Boss","floor":16,"turns":6},{"damage":16,"enemies":"Spheric Guardian","floor":18,"turns":3},{"damage":51,"enemies":"Book of Stabbing","floor":23,"turns":4},{"damage":31,"enemies":"Shell Parasite","floor":24,"turns":3}],"seed_played":"5105670873414870515","potions_obtained":[{"floor":1,"key":"GamblersBrew"},{"floor":3,"key":"Energy Potion"},{"floor":5,"key":"Explosive Potion"},{"floor":7,"key":"DistilledChaos"},{"floor":11,"key":"LiquidBronze"},{"floor":14,"key":"SteroidPotion"}],"is_trial":false,"path_per_floor":["M","M","M","?","M","R","M","E","T","E","M","E","R","M","R","B",null,"M","?","?","?","$","E","M"],"character_chosen":"IRONCLAD","items_purchased":["Oddly Smooth Stone"],"campfire_rested":0,"item_purchase_floors":[22],"current_hp_per_floor":[74,76,75,59,52,52,54,53,53,31,39,29,29,21,21,27,67,63,63,63,63,63,29,0,0],"gold":178,"neow_bonus":"ONE_RARE_RELIC","is_daily":false,"chose_seed":false,"campfire_upgraded":3,"win_rate":0.0,"timestamp":1612765942,"path_taken":["M","M","M","?","M","R","M","E","T","E","M","E","R","M","R","BOSS","M","?","?","?","?","E","M"],"items_purchased_type":["Relic"],"build_version":"2020-12-22","purchased_purges":0,"victory":false,"max_hp_per_floor":[80,80,80,80,80,80,80,80,80,80,80,80,80,80,80,80,80,80,80,80,80,80,80,80,80],"card_choices":[{"not_picked":["Havoc","Heavy Blade"],"picked":"Pommel Strike","floor":1},{"not_picked":["Anger","Flex"],"picked":"Spot Weakness","floor":2},{"not_picked":["Anger","Hemokinesis"],"picked":"Perfected Strike","floor":3},{"not_picked":["Warcry","Clothesline"],"picked":"Cleave","floor":5},{"not_picked":["Intimidate","Battle Trance"],"picked":"Headbutt","floor":7},{"not_picked":["Wild Strike","Clothesline"],"picked":"Brutality","floor":8},{"not_picked":["Seeing Red","Power Through"],"picked":"Twin Strike","floor":10},{"not_picked":["Rage","Body Slam","Clothesline"],"picked":"SKIP","floor":11},{"not_picked":["Anger","Iron Wave"],"picked":"Feel No Pain","floor":12},{"not_picked":["Shrug It Off","True Grit"],"picked":"Evolve","floor":14},{"not_picked":["Double Tap","Feed"],"picked":"Berserk","floor":16},{"not_picked":["Havoc","Thunderclap"],"picked":"Perfected Strike","floor":18},{"not_picked":["Brutality","Clothesline","Dark Embrace"],"picked":"SKIP","floor":23}],"player_experience":451267,"relics_obtained":[{"floor":8,"key":"Toy Ornithopter"},{"floor":10,"key":"Kunai"},{"floor":12,"key":"Mummified Hand"},{"floor":23,"key":"Bag of Preparation"}],"event_choices":[{"damage_healed":75,"gold_gain":0,"player_choice":"Upgrade","damage_taken":16,"max_hp_gain":0,"max_hp_loss":80,"event_name":"betterThird:BetterShining","floor":4,"gold_loss":0,"cards_upgraded":["Strike_R","Defend_R"]},{"damage_healed":0,"gold_gain":0,"player_choice":"Madness","damage_taken":0,"relics_obtained":["betterThird:NestCultRelic"],"max_hp_gain":0,"max_hp_loss":0,"event_name":"betterThird:BetterNest","floor":19,"gold_loss":0},{"damage_healed":0,"gold_gain":0,"player_choice":"Simplicity","damage_taken":0,"max_hp_gain":0,"max_hp_loss":7,"event_name":"betterThird:BetterWriting","floor":20,"gold_loss":0},{"damage_healed":0,"gold_gain":0,"player_choice":"Ignored","damage_taken":0,"max_hp_gain":0,"max_hp_loss":0,"event_name":"Vampires","floor":21,"gold_loss":0}],"is_beta":false,"boss_relics":[{"not_picked":["Empty Cage","Runic Pyramid"],"picked":"Black Blood"}],"items_purged_floors":[],"is_endless":false,"potions_floor_spawned":[1,3,5,7,11,14],"killed_by":"Shell Parasite","ascension_level":7}}