{"host":"bxn2em57qlx5u4i0","time":1612814395,"event":{"mods":["BaseMod","Colored Map","Colored Powertips","Highlight Path","Minty Spire (QoL Compilation)","Random Character Button","Relic Sorter","Relic Stats","StSLib","SuperFastMode"],"gold_per_floor":[112,37,37,54,66,66,93,93,117,149,149,181,21,34,34,106,106,120,132,157,168,168,168,196,196,196,226,237,262,279,279,279,279,356,356,372,27,40,40,52,81,100,126,149,174,174,208,225,236,236,236,236,236,236,23,56,56],"floor_reached":58,"language":"ENG","playtime":2257,"items_purged":["Strike_G","Defend_G","Defend_G"],"score":3160,"play_id":"bb5f2c54-eb92-43bc-98b4-7ee28eae4443","local_time":"20210208145955","is_ascension_mode":true,"campfire_choices":[{"data":"Noxious Fumes","floor":6.0,"key":"SMITH"},{"data":"Neutralize","floor":8.0,"key":"SMITH"},{"floor":11.0,"key":"REST"},{"data":"Poisoned Stab","floor":15.0,"key":"SMITH"},{"floor":23.0,"key":"REST"},{"floor":25.0,"key":"REST"},{"data":"Tools of the Trade","floor":33.0,"key":"SMITH"},{"floor":46,"key":"RECALL"},{"data":"Well Laid Plans","floor":50,"key":"SMITH"},{"floor":54,"key":"REST"}],"circlet_count":0,"master_deck":["AscendersBane","Defend_G","Defend_G","Defend_G+1","Survivor+1","Neutralize+1","Noxious Fumes+1","Dagger Spray","All Out Attack","Poisoned Stab+1","Dodge and Roll+1","Deadly Poison+1","Night Terror+1","Backflip+1","Blur+1","Dagger Spray","Corpse Explosion+1","Backflip+1","Backflip+1","Leg Sweep+1","Tools of the Trade+1","Bullet Time+1","Well Laid Plans+1","Crippling Poison+1","Tactician+1","Burst+1","Footwork+1","Calculated Gamble+1","Escape Plan+1"],"relics":["Ring of the Serpent","NeowsBlessing","Akabeko","Regal Pillow","Toxic Egg 2","Letter Opener","Medical Kit","Sozu","Red Mask","Question Card","HornCleat","The Specimen","Happy Flower","War Paint","Toy Ornithopter","Omamori","Mercury Hourglass","Nunchaku","Calipers"],"acts_visited":["Exordium","TheCity","TheBeyond","TheEnding"],"potions_floor_usage":[56,56],"damage_taken":[{"damage":0.0,"enemies":"Small Slimes","floor":1.0,"turns":1.0},{"damage":0.0,"enemies":"Cultist","floor":4.0,"turns":1.0},{"damage":0.0,"enemies":"2 Louse","floor":5.0,"turns":1.0},{"damage":32.0,"enemies":"Lagavulin","floor":7.0,"turns":9.0},{"damage":24.0,"enemies":"Gremlin Nob","floor":10.0,"turns":4.0},{"damage":27.0,"enemies":"3 Sentries","floor":12.0,"turns":6.0},{"damage":0.0,"enemies":"Blue Slaver","floor":14.0,"turns":4.0},{"damage":0.0,"enemies":"Hexaghost","floor":16.0,"turns":7.0},{"damage":0.0,"enemies":"3 Byrds","floor":18.0,"turns":3.0},{"damage":9.0,"enemies":"Shell Parasite","floor":19.0,"turns":5.0},{"damage":0.0,"enemies":"Masked Bandits","floor":20.0,"turns":2.0},{"damage":22.0,"enemies":"Snecko","floor":21.0,"turns":8.0},{"damage":42.0,"enemies":"Book of Stabbing","floor":24.0,"turns":6.0},{"damage":6.0,"enemies":"Gremlin Leader","floor":27.0,"turns":5.0},{"damage":0.0,"enemies":"Chosen and Byrds","floor":28.0,"turns":3.0},{"damage":16.0,"enemies":"Slavers","floor":29.0,"turns":2.0},{"damage":0.0,"enemies":"Sentry and Sphere","floor":30.0,"turns":5.0},{"damage":13,"enemies":"Collector","floor":34,"turns":8},{"damage":0,"enemies":"3 Darklings","floor":36,"turns":3},{"damage":0,"enemies":"Orb Walker","floor":38,"turns":4},{"damage":0,"enemies":"Maw","floor":40,"turns":8},{"damage":13,"enemies":"Nemesis","floor":41,"turns":9},{"damage":0,"enemies":"Spire Growth","floor":42,"turns":6},{"damage":1,"enemies":"Giant Head","floor":43,"turns":10},{"damage":0,"enemies":"Nemesis","floor":45,"turns":7},{"damage":0,"enemies":"Reptomancer","floor":47,"turns":4},{"damage":0,"enemies":"3 Darklings","floor":48,"turns":3},{"damage":0,"enemies":"4 Shapes","floor":49,"turns":3},{"damage":19,"enemies":"Donu and Deca","floor":51,"turns":11},{"damage":10,"enemies":"Time Eater","floor":52,"turns":17},{"damage":14,"enemies":"Shield and Spear","floor":56,"turns":5},{"damage":49,"enemies":"The Heart","floor":57,"turns":13}],"seed_played":"-2695796164349059990","potions_obtained":[{"floor":1.0,"key":"SkillPotion"},{"floor":10.0,"key":"EssenceOfSteel"},{"floor":12.0,"key":"Strength Potion"},{"floor":14.0,"key":"CunningPotion"}],"is_trial":false,"path_per_floor":["M","$","?","M","M","R","E","R","T","E","R","E","$","M","R","B",null,"M","M","?","M","?","R","E","R","T","E","M","E","M","M","?","R","B",null,"M","$","M","?","M","E","M","E","T","E","R","E","M","M","R","B","B",null,"R","$","E","B",null],"character_chosen":"THE_SILENT","items_purchased":["Medical Kit","War Paint","Well Laid Plans","Escape Plan+1"],"campfire_rested":4,"item_purchase_floors":[13,37,37,55],"current_hp_per_floor":[59,59,59,59,59,59,27,27,27,3,37,10,10,10,10,10,52,52,43,43,21,21,55,13,47,47,41,41,25,25,25,25,25,12,53,53,53,53,53,53,40,40,39,39,39,39,39,39,39,39,20,10,52,66,66,62,13],"gold":56,"neow_bonus":"THREE_ENEMY_KILL","is_daily":false,"chose_seed":false,"campfire_upgraded":5,"win_rate":0.0,"timestamp":1612814395,"path_taken":["M","$","?","?","M","R","E","R","T","E","R","E","$","M","R","BOSS","M","M","?","M","?","R","E","R","T","E","M","E","M","M","?","R","BOSS","M","$","?","?","M","E","M","E","T","E","R","E","M","M","R","BOSS","BOSS","R","$","E","BOSS"],"items_purchased_type":["Relic","Relic","Card","Card"],"build_version":"2020-12-22","purchased_purges":3,"victory":true,"max_hp_per_floor":[66,66,66,66,66,66,66,66,66,66,66,66,66,66,66,66,66,66,66,66,66,66,66,66,66,66,66,66,66,66,66,66,66,66,66,66,66,66,66,66,66,66,66,66,66,66,66,66,66,66,66,66,66,66,66,66,66],"relic_stats":{"Sozu":10,"Regal Pillow":45,"Nunchaku":[4],"Happy Flower":[38],"counters":[32,181],"Letter Opener":[610],"War Paint":["Defend_G","Survivor"],"Medical Kit":[40],"Question Card":16,"obtain_stats":[{"Regal Pillow":9,"Calipers":56,"NeowsBlessing":0,"The Specimen":27,"Happy Flower":29,"Omamori":43,"Letter Opener":12,"War Paint":37,"Medical Kit":13,"Question Card":24,"Akabeko":7,"Mercury Hourglass":45,"Sozu":17,"Nunchaku":47,"HornCleat":26,"Red Mask":20,"Toxic Egg 2":10,"Ring of the Serpent":35,"Toy Ornithopter":41,"Ring of the Snake":0},{"Regal Pillow":4,"Calipers":31,"NeowsBlessing":0,"The Specimen":14,"Happy Flower":16,"Omamori":24,"Letter Opener":6,"War Paint":19,"Medical Kit":6,"Question Card":13,"Akabeko":4,"Mercury Hourglass":25,"Sozu":8,"Nunchaku":26,"HornCleat":13,"Red Mask":11,"Toxic Egg 2":5,"Ring of the Serpent":18,"Toy Ornithopter":22,"Ring of the Snake":0},{"Regal Pillow":12,"Calipers":168,"NeowsBlessing":0,"The Specimen":62,"Happy Flower":67,"Omamori":120,"Letter Opener":22,"War Paint":83,"Medical Kit":22,"Question Card":57,"Akabeko":12,"Mercury Hourglass":127,"Sozu":33,"Nunchaku":131,"HornCleat":57,"Red Mask":43,"Toxic Egg 2":16,"Ring of the Serpent":80,"Toy Ornithopter":104,"Ring of the Snake":0}],"Toy Ornithopter":10,"Mercury Hourglass":[173]},"card_choices":[{"not_picked":["Deadly Poison","Expertise"],"picked":"Noxious Fumes","floor":1.0},{"not_picked":["Deflect","Setup"],"picked":"All Out Attack","floor":4.0},{"not_picked":["Distraction","Masterful Stab","Tactician"],"picked":"SKIP","floor":5.0},{"not_picked":["Terror","Heel Hook"],"picked":"Poisoned Stab","floor":7.0},{"not_picked":["Masterful Stab","Acrobatics+1"],"picked":"Dodge and Roll+1","floor":10.0},{"not_picked":["Slice","Distraction+1","Dash"],"picked":"SKIP","floor":12.0},{"not_picked":["Dodge and Roll+1","Bane"],"picked":"Deadly Poison+1","floor":14.0},{"not_picked":["Malaise+1","Phantasmal Killer+1"],"picked":"Night Terror+1","floor":16.0},{"not_picked":["Blade Dance+1","Skewer"],"picked":"Backflip+1","floor":18.0},{"not_picked":["Masterful Stab","Terror+1","All Out Attack"],"picked":"SKIP","floor":19.0},{"not_picked":["Tactician+1","Heel Hook"],"picked":"Blur+1","floor":20.0},{"not_picked":["Endless Agony","Cloak And Dagger+1","Accuracy+1"],"picked":"SKIP","floor":21.0},{"not_picked":["Cloak And Dagger+1","Caltrops","Deflect+1"],"picked":"SKIP","floor":24.0},{"not_picked":["Backstab","Tactician+1","Prepared+1"],"picked":"Backflip+1","floor":27.0},{"not_picked":["Dagger Spray","Slice","Cloak And Dagger+1"],"picked":"Backflip+1","floor":28.0},{"not_picked":["Bane","Outmaneuver+1","Dagger Spray"],"picked":"Leg Sweep+1","floor":29.0},{"not_picked":["Tactician+1","Quick Slash","Dagger Spray"],"picked":"Tools of the Trade","floor":30.0},{"not_picked":["Phantasmal Killer+1","Storm of Steel+1","Die Die Die"],"picked":"Bullet Time+1","floor":34},{"not_picked":["Deflect+1","Backstab","Dodge and Roll+1","Heel Hook"],"picked":"SKIP","floor":36},{"not_picked":["Eviscerate","Expertise+1","Flying Knee","Blade Dance+1"],"picked":"SKIP","floor":38},{"not_picked":["Expertise+1","Underhanded Strike+1","Setup+1"],"picked":"Crippling Poison+1","floor":40},{"not_picked":["Poisoned Stab+1","Flying Knee","Dodge and Roll+1"],"picked":"Tactician+1","floor":41},{"not_picked":["Dodge and Roll+1","Masterful Stab","Crippling Poison+1","Dagger Throw"],"picked":"SKIP","floor":42},{"not_picked":["Acrobatics+1","Quick Slash","All Out Attack"],"picked":"Burst+1","floor":43},{"not_picked":["Choke","Well Laid Plans","Backstab","Dodge and Roll+1"],"picked":"SKIP","floor":45},{"not_picked":["Slice+1","Backstab","Infinite Blades"],"picked":"Footwork+1","floor":47},{"not_picked":["Caltrops","Concentrate+1","Dagger Throw"],"picked":"Calculated Gamble+1","floor":48},{"not_picked":["Sucker Punch","Deflect+1","Dodge and Roll+1","Dagger Throw"],"picked":"SKIP","floor":49},{"not_picked":["Masterful Stab+1","Backstab+1","Setup+1","Distraction+1"],"picked":"SKIP","floor":56}],"player_experience":3016159,"relics_obtained":[{"floor":7.0,"key":"Akabeko"},{"floor":9.0,"key":"Regal Pillow"},{"floor":10.0,"key":"Toxic Egg 2"},{"floor":12.0,"key":"Letter Opener"},{"floor":20.0,"key":"Red Mask"},{"floor":24.0,"key":"Question Card"},{"floor":26.0,"key":"HornCleat"},{"floor":27.0,"key":"The Specimen"},{"floor":29.0,"key":"Happy Flower"},{"floor":41,"key":"Toy Ornithopter"},{"floor":43,"key":"Omamori"},{"floor":45,"key":"Mercury Hourglass"},{"floor":47,"key":"Nunchaku"},{"floor":56,"key":"Calipers"}],"event_choices":[{"damage_healed":0.0,"max_hp_gain":0.0,"max_hp_loss":0.0,"gold_gain":0.0,"cards_transformed":["Strike_G"],"event_name":"Transmorgrifier","player_choice":"Transformed","floor":3.0,"gold_loss":0.0,"damage_taken":0.0,"cards_obtained":["Dagger Spray"]},{"damage_healed":0.0,"max_hp_gain":0.0,"max_hp_loss":0.0,"gold_gain":0.0,"event_name":"Masked Bandits","player_choice":"Fought Bandits","floor":20.0,"gold_loss":0.0,"damage_taken":0.0},{"damage_healed":0.0,"max_hp_gain":0.0,"max_hp_loss":0.0,"gold_gain":0.0,"cards_transformed":["Strike_G","Strike_G"],"event_name":"Drug Dealer","player_choice":"Became Test Subject","floor":22.0,"gold_loss":0.0,"damage_taken":0.0,"cards_obtained":["Dagger Spray","Corpse Explosion"]},{"cards_removed":["Strike_G"],"damage_healed":0.0,"max_hp_gain":0.0,"max_hp_loss":0.0,"gold_gain":0.0,"event_name":"Purifier","player_choice":"Purged","floor":32.0,"gold_loss":0.0,"damage_taken":0.0},{"damage_healed":0,"gold_gain":0,"player_choice":"Ignored","damage_taken":0,"max_hp_gain":0,"max_hp_loss":0,"event_name":"SecretPortal","floor":39,"gold_loss":0}],"is_beta":false,"boss_relics":[{"not_picked":["HoveringKite","Fusion Hammer"],"picked":"Sozu"},{"not_picked":["Velvet Choker","Black Star"],"picked":"Ring of the Serpent"}],"items_purged_floors":[2,37,55],"is_endless":false,"potions_floor_spawned":[1,10,12,14,20,27,29,30,41,42,43,47,49,56],"ascension_level":20}}