{"host":"i0m6ffz3lpe3z1ky","time":1612809744,"event":{"mods":["Aspiration","BaseMod","Bestiary","BetterRewards","Colored Map","Conspire","Energized Spire","Highlight Path","Hubris","Ironclad Rager","Minty Spire (QoL Compilation)","Quick Restart","Reliquary","Shop Mod","Spicy Shops","StSLib","Thieving Mod"],"gold_per_floor":[109,109,109,126,12,12,46,46,46,46,76,92,122,122,122,199,199,211,222,337,337,354,382,382,399,399,399,424,424,434,434,434,510,510,525,525,548,735,735,735,760,770,849,878,366,377,411,430,430,430,430,430,430,288,318,318],"floor_reached":57,"language":"KOR","playtime":3002,"items_purged":["Strike_B+1","Strike_B","Defend_B","Defend_B","Defend_B"],"score":3778,"play_id":"bc61564a-c280-44fe-8a23-293d52c5a0f1","local_time":"20210209034224","is_ascension_mode":true,"campfire_choices":[{"floor":6,"key":"RECALL"},{"data":"Dualcast","floor":15,"key":"SMITH"},{"data":"Madness","floor":24,"key":"SMITH"},{"floor":32,"key":"REST"},{"floor":40,"key":"REST"},{"floor":49,"key":"REST"},{"floor":53,"key":"REST"}],"circlet_count":0,"master_deck":["AscendersBane","Defend_B+1","Storm+1","Madness+1","hubris:DuctTapeCard","conspire:SharedLibrary+1"],"relics":["Cracked Core","ClockworkSouvenir","Bag of Preparation","Centennial Puzzle","Frozen Eye","conspire:TopHat","Membership Card","reliquary:TatteredRug","Runic Capacitor","reliquary:Stiletto","reliquary:PartyBalloon","HandDrill","Ancient Tea Set","Lee\u0027s Waffle","OrangePellets","reliquary:Buckler","conspire:TreasureMap","Dream Catcher","Oddly Smooth Stone","aspiration:ChemicalBlood","Sling","reliquary:BrokenClock","aspiration:Nostalgia","reliquary:Bookmark","Nunchaku","Omamori","reliquary:TuningFork","TheAbacus","aspiration:ArtOfWarUpgrade","hubris:BallOfYels","Happy Flower","Singing Bowl","hubris:EmptyBottle","reliquary:PorcupineQuills","Bag of Marbles","hubris:TenFootPole","Blood Vial","Pen Nib","Chemical X","reliquary:Boomerang","Tiny Chest","Regal Pillow","reliquary:Knoch","Juzu Bracelet","Boot","PreservedInsect","Medical Kit","Lantern","Potion Belt","hubris:SlimyHat","Orichalcum","Toolbox","DataDisk","Toy Ornithopter","reliquary:RosewoodLute","Whetstone","reliquary:WeakTea","Vajra","Anchor","InkBottle","Bronze Scales","aspiration:EnhancedActuators","Frozen Egg 2","Strawberry","reliquary:Conveyor","reliquary:TridentHead","reliquary:Sideboard","reliquary:IridiumChain","hubris:MedicalManual","Mummified Hand","Cables","Sundial","FaceOfCleric","Eternal Feather","hubris:DisguiseKit","reliquary:SharkskinSheath","MealTicket","Philosopher\u0027s Stone","Calipers","aspiration:HummingbirdHeart","hubris:Metronome","aspiration:SeaSaltIceCream","Gremlin Horn","reliquary:ExpiredCoupon","reliquary:BallBearing","aspiration:HatOfInfinitePower","hubris:Icosahedron","conspire:SeveredTorchhead","aspiration:FetidBarrel","aspiration:StickyExplosives_weak","hubris:TinFlute","hubris:CrystalStatue","hubris:DuctTape","reliquary:FeatherDuster","hubris:DeckOfHolding","hubris:SoftwareUpdate","reliquary:RoseTintedGlasses","aspiration:MysteriousAuxiliaryCore","reliquary:PrincelyHelmet","reliquary:BoilingFlask","reliquary:ShortFuse","conspire:Dentures","hubris:SphereOfDissonance","HornCleat","reliquary:HotPoker","Blue Candle","reliquary:LoveEmittingDiode"],"acts_visited":["Exordium","TheCity","TheBeyond","TheEnding"],"potions_floor_usage":[0,0,0,0,0,0,0,20,20,38,38,38,38,38,38,54,54],"damage_taken":[{"damage":0,"enemies":"2 Louse","floor":1,"turns":1},{"damage":0,"enemies":"Cultist","floor":4,"turns":1},{"damage":0,"enemies":"Gremlin Nob","floor":7,"turns":1},{"damage":0,"enemies":"Lagavulin","floor":11,"turns":1},{"damage":0,"enemies":"Jaw Worm","floor":12,"turns":1},{"damage":0,"enemies":"Gremlin Nob","floor":13,"turns":1},{"damage":0,"enemies":"Hexaghost","floor":16,"turns":1},{"damage":0,"enemies":"conspire:FuzzyDice","floor":18,"turns":1},{"damage":0,"enemies":"3 Byrds","floor":19,"turns":1},{"damage":0,"enemies":"Snake Plant","floor":22,"turns":1},{"damage":0,"enemies":"conspire:Head Lice","floor":23,"turns":1},{"damage":0,"enemies":"Cultist and Chosen","floor":25,"turns":1},{"damage":0,"enemies":"conspire:SneckoGhost","floor":28,"turns":1},{"damage":0,"enemies":"Sentry and Sphere","floor":30,"turns":1},{"damage":0,"enemies":"Automaton","floor":33,"turns":1},{"damage":0,"enemies":"Orb Walker","floor":35,"turns":1},{"damage":0,"enemies":"3 Shapes","floor":42,"turns":1},{"damage":0,"enemies":"Nemesis","floor":44,"turns":1},{"damage":0,"enemies":"Transient","floor":46,"turns":1},{"damage":0,"enemies":"Giant Head","floor":47,"turns":1},{"damage":0,"enemies":"Spire Growth","floor":48,"turns":1},{"damage":0,"enemies":"Awakened One","floor":50,"turns":3},{"damage":0,"enemies":"Donu and Deca","floor":51,"turns":1},{"damage":0,"enemies":"Shield and Spear","floor":55,"turns":1},{"damage":11,"enemies":"The Heart","floor":56,"turns":5}],"seed_played":"6492310477326899800","potions_obtained":[{"floor":7,"key":"SteroidPotion"},{"floor":11,"key":"PowerPotion"},{"floor":13,"key":"GamblersBrew"},{"floor":16,"key":"ThievingMod:ThievingPotion"},{"floor":18,"key":"ThievingMod:ThievingPotion"},{"floor":30,"key":"EntropicBrew"},{"floor":46,"key":"BlessingOfTheForge"}],"is_trial":false,"path_per_floor":["M","$","?","M","$","R","E","R","T","R","E","M","E","?","R","B",null,"M","M","$","?","M","E","R","M","T","T","E","?","M","?","R","B",null,"M","?","T","$","?","R","T","M","T","E","$","M","E","M","R","B","B",null,"R","$","E","B",null],"character_chosen":"DEFECT","items_purchased":["Fruit Juice","Singing Bowl","Fruit Juice","Fruit Juice","Frozen Egg 2","Fruit Juice","reliquary:Conveyor","Creative AI+1","reliquary:TridentHead","reliquary:Sideboard","reliquary:IridiumChain","hubris:MedicalManual","Mummified Hand","Cables","Sundial","Mayhem+1","Storm+1","Undo","Fruit Juice","EntropicBrew","EssenceOfSteel","Explosive Potion","aspiration:MysteriousAuxiliaryCore","reliquary:PrincelyHelmet","reliquary:BoilingFlask","ThievingMod:ThievingPotion"],"campfire_rested":4,"item_purchase_floors":[0,0,0,0,0,0,0,0,0,0,0,0,0,0,0,0,5,20,38,38,38,38,45,45,45,54],"current_hp_per_floor":[120,120,120,125,125,125,130,134,134,134,137,140,143,143,143,144,144,147,148,148,148,151,154,154,157,157,157,160,137,142,142,170,171,171,174,176,176,186,186,188,188,191,191,194,194,197,200,203,205,206,207,207,209,209,212,202],"gold":318,"neow_bonus":"","is_daily":false,"chose_seed":false,"campfire_upgraded":2,"win_rate":0.0,"timestamp":1612809744,"path_taken":["M","$","?","M","$","R","E","R","T","R","E","M","E","?","R","BOSS","M","M","$","?","M","E","R","M","T","?","E","?","M","?","R","BOSS","M","?","?","$","?","R","?","M","T","E","$","M","E","M","R","BOSS","BOSS","R","$","E","BOSS"],"items_purchased_type":["Potion","Relic","Potion","Potion","Relic","Potion","Relic","Card","Relic","Relic","Relic","Relic","Relic","Relic","Relic","Card","Card","Card","Potion","Potion","Potion","Potion","Relic","Relic","Relic","Potion"],"build_version":"2020-12-22","purchased_purges":5,"victory":true,"max_hp_per_floor":[128,128,128,131,131,131,134,134,134,134,137,140,143,143,143,144,144,147,148,148,148,151,154,154,157,157,157,160,165,168,168,170,171,171,174,176,176,186,186,188,188,191,191,194,194,197,200,203,205,206,207,207,209,209,212,213],"card_choices":[{"not_picked":["Steam","Force Field","Stack"],"picked":"Singing Bowl","floor":1},{"not_picked":["Streamline","Turbo","Redo"],"picked":"Singing Bowl","floor":4},{"not_picked":["Barrage","Cold Snap","Coolheaded"],"picked":"Singing Bowl","floor":7},{"not_picked":["Cold Snap","Reprogram","Stack","Anger"],"picked":"Singing Bowl","floor":11},{"not_picked":["Ball Lightning","Rebound","Hologram","Pommel Strike"],"picked":"Singing Bowl","floor":12},{"not_picked":["Sweeping Beam","Thunder Strike","Conserve Battery","Disarm"],"picked":"Singing Bowl","floor":13},{"not_picked":["All For One","Thunder Strike","Berserk"],"picked":"Buffer+1","floor":16},{"not_picked":["Redo","Melter+1","Rebound","Wild Strike"],"picked":"Singing Bowl","floor":18},{"not_picked":["Compile Driver","Cold Snap","True Grit"],"picked":"Creative AI+1","floor":19},{"not_picked":["Steam","Hologram","Scrape+1","Clothesline"],"picked":"Singing Bowl","floor":22},{"not_picked":["Ball Lightning","Skim","Self Repair+1","True Grit"],"picked":"Singing Bowl","floor":23},{"not_picked":["BootSequence","Cold Snap","Darkness","conspire:HitWhereItHurts"],"picked":"Singing Bowl","floor":25},{"not_picked":["White Noise+1","hubris:Ukulele","Steam Power+1","hubris:ReadiedAction"],"picked":"Singing Bowl","floor":28},{"not_picked":["Undo+1","Gash+1","Hologram","Second Wind"],"picked":"Singing Bowl","floor":30},{"not_picked":["Auto Shields","Conserve Battery+1","Gash+1","hubris:ReadiedAction"],"picked":"Singing Bowl","floor":32},{"not_picked":["All For One","Meteor Strike","conspire:HitWhereItHurts"],"picked":"Electrodynamics+1","floor":33},{"not_picked":["Turbo","Undo","conspire:Rain","Warcry"],"picked":"Singing Bowl","floor":35},{"not_picked":["Enlightenment","Deep Breath","Forethought"],"picked":"Singing Bowl","floor":36},{"not_picked":["Coolheaded","Beam Cell","Reprogram","Warcry"],"picked":"Singing Bowl","floor":40},{"not_picked":["Loop+1","Hologram+1","Stack+1","Blood for Blood"],"picked":"Singing Bowl","floor":42},{"not_picked":["Amplify","Blizzard","Rip and Tear+1","True Grit"],"picked":"Singing Bowl","floor":44},{"not_picked":["Go for the Eyes+1","Streamline","Doom and Gloom","Dropkick"],"picked":"Singing Bowl","floor":46},{"not_picked":["Compile Driver","Streamline","Tempest","Reckless Charge"],"picked":"Singing Bowl","floor":47},{"not_picked":["Compile Driver+1","Glacier","Redo","Shrug It Off"],"picked":"Singing Bowl","floor":48},{"not_picked":["Sweeping Beam","Turbo+1","Cold Snap","Cleave"],"picked":"Singing Bowl","floor":49},{"not_picked":["Beam Cell","Steam","Turbo+1","hubris:ReadiedAction"],"picked":"Singing Bowl","floor":53},{"not_picked":["Leap","Steam Power","Blizzard","Thunderclap"],"picked":"Singing Bowl","floor":55}],"player_experience":535343,"relics_obtained":[{"floor":7,"key":"Eternal Feather"},{"floor":9,"key":"hubris:DisguiseKit"},{"floor":11,"key":"reliquary:SharkskinSheath"},{"floor":13,"key":"MealTicket"},{"floor":23,"key":"reliquary:ExpiredCoupon"},{"floor":27,"key":"reliquary:BallBearing"},{"floor":28,"key":"aspiration:HatOfInfinitePower"},{"floor":37,"key":"aspiration:FetidBarrel"},{"floor":41,"key":"hubris:DeckOfHolding"},{"floor":43,"key":"hubris:SoftwareUpdate"},{"floor":44,"key":"reliquary:RoseTintedGlasses"},{"floor":47,"key":"reliquary:ShortFuse"},{"floor":55,"key":"reliquary:LoveEmittingDiode"}],"event_choices":[{"damage_healed":0,"gold_gain":0,"player_choice":"Trade","damage_taken":0,"relics_obtained":["FaceOfCleric"],"max_hp_gain":0,"max_hp_loss":0,"event_name":"FaceTrader","floor":3,"gold_loss":0},{"cards_removed":["Strike_B"],"damage_healed":0,"gold_gain":0,"player_choice":"Elegance","damage_taken":0,"max_hp_gain":0,"max_hp_loss":0,"event_name":"Back to Basics","floor":21,"gold_loss":0},{"damage_healed":0,"gold_gain":0,"player_choice":"Shed Blood","damage_taken":56,"max_hp_gain":5,"max_hp_loss":0,"event_name":"Forgotten Altar","floor":29,"gold_loss":0},{"damage_healed":0,"gold_gain":0,"player_choice":"Memory 1","damage_taken":0,"max_hp_gain":0,"max_hp_loss":0,"event_name":"SensoryStone","floor":36,"gold_loss":0},{"cards_removed":["Strike_B"],"damage_healed":0,"gold_gain":0,"player_choice":"Removed Attack","damage_taken":0,"max_hp_gain":0,"max_hp_loss":0,"event_name":"Falling","floor":39,"gold_loss":0}],"is_beta":false,"boss_relics":[{"not_picked":["conspire:RoyalGoblet","energizedSpire:StickyHand"],"picked":"Philosopher\u0027s Stone"},{"not_picked":["hubris:VirtuousBlindfold","aspiration:RitualDagger"],"picked":"conspire:SeveredTorchhead"}],"items_purged_floors":[20,38,45,45,54],"is_endless":false,"potions_floor_spawned":[7,11,13,16,18,23,30,33,35,46],"ascension_level":20}}