{"host":"1avr1135to2copjv","time":1612813909,"event":{"mods":["BaseMod","Colored Map","Colored Powertips","Downfall","Minty Spire (QoL Compilation)","Relic Stats","StSLib"],"gold_per_floor":[109,123,136,155,155,155,186,186,263,280,74,93,122,122,122,193,193,204,204,204,217,235,235,249,262,338,338,355,380,380,391,391,465,465,478,503,516,19,19,48,48,83,130,154,173,173,0,12,12,12,12,12,12,43,43,43],"floor_reached":55,"language":"ENG","playtime":3608,"items_purged":["downfall:Haunted"],"score":1530,"play_id":"095c368f-6205-4c7e-9981-cd40d58f8fb5","local_time":"20210208225149","is_ascension_mode":true,"campfire_choices":[{"data":"Sunder","floor":6,"key":"SMITH"},{"data":"Chaos","floor":8,"key":"SMITH"},{"floor":15,"key":"REST"},{"data":"Machine Learning","floor":23,"key":"SMITH"},{"data":"Defragment","floor":27,"key":"SMITH"},{"data":"Biased Cognition","floor":32,"key":"SMITH"},{"floor":41,"key":"RECALL"},{"data":"Turbo","floor":46,"key":"SMITH"},{"data":"Barrage","floor":49,"key":"SMITH"},{"data":"Bite","floor":52,"key":"SMITH"}],"circlet_count":0,"master_deck":["AscendersBane","Defend_B","Defend_B","Defend_B","Defend_B","Zap","Dualcast","Cold Snap","Cold Snap","Sunder+1","Chaos+1","downfall:Haunted","BootSequence","Lockon","Defragment+1","Compile Driver","Hologram","Glacier","Machine Learning+1","CurseOfTheBell","Barrage+1","Bite+1","Bite","Bite","Bite","Bite","Coolheaded+1","Stack","Conserve Battery","Self Repair","Sweeping Beam+1","Biased Cognition+1","Chill","Echo Form","Glacier","Stack","Turbo+1","Steam Power+1","Blizzard+1","Coolheaded+1","Stack+1"],"relics":["SlaversCollar","Darkstone Periapt","StoneCalendar","Blue Candle","MealTicket","DataDisk","Calling Bell","Centennial Puzzle","Eternal Feather","Du-Vu Doll","Pantograph","Tiny Chest","Coffee Dripper","Dead Branch","OrangePellets","Mummified Hand","Bag of Marbles","Molten Egg 2","Happy Flower","Red Mask","Symbiotic Virus"],"acts_visited":["Exordium","TheCity","TheBeyond","TheEnding"],"potions_floor_usage":[7,28,31,33,45,54,55],"damage_taken":[{"damage":7,"enemies":"Jaw Worm","floor":1,"turns":6},{"damage":2,"enemies":"Small Slimes","floor":2,"turns":4},{"damage":3,"enemies":"2 Louse","floor":3,"turns":4},{"damage":12,"enemies":"Exordium Wildlife","floor":4,"turns":4},{"damage":4,"enemies":"Gremlin Nob","floor":7,"turns":3},{"damage":13,"enemies":"Blue Slaver","floor":10,"turns":5},{"damage":7,"enemies":"2 Fungi Beasts","floor":12,"turns":4},{"damage":19,"enemies":"Lagavulin","floor":13,"turns":5},{"damage":19,"enemies":"Slime Boss","floor":16,"turns":8},{"damage":13,"enemies":"Chosen","floor":18,"turns":7},{"damage":2,"enemies":"Spheric Guardian","floor":21,"turns":5},{"damage":46,"enemies":"Shelled Parasite and Fungi","floor":22,"turns":7},{"damage":36,"enemies":"Snake Plant","floor":24,"turns":5},{"damage":10,"enemies":"Sentry and Sphere","floor":25,"turns":7},{"damage":13,"enemies":"3 Cultists","floor":28,"turns":6},{"damage":29,"enemies":"Gremlin Leader","floor":29,"turns":9},{"damage":8,"enemies":"Centurion and Healer","floor":31,"turns":7},{"damage":65,"enemies":"Champ","floor":33,"turns":12},{"damage":1,"enemies":"3 Shapes","floor":35,"turns":4},{"damage":0,"enemies":"Mind Bloom Boss Battle","floor":36,"turns":6},{"damage":0,"enemies":"Orb Walker","floor":37,"turns":4},{"damage":0,"enemies":"Nemesis","floor":40,"turns":7},{"damage":0,"enemies":"Reptomancer","floor":42,"turns":6},{"damage":6,"enemies":"4 Shapes","floor":45,"turns":6},{"damage":4,"enemies":"3 Darklings","floor":48,"turns":6},{"damage":77,"enemies":"Time Eater","floor":50,"turns":16},{"damage":23,"enemies":"Shield and Spear","floor":54,"turns":11},{"damage":70,"enemies":"The Heart","floor":55,"turns":8}],"seed_played":"-4724391725573200639","potions_obtained":[{"floor":3,"key":"DuplicationPotion"},{"floor":10,"key":"Guardian:BlockOnCardUsePotion"},{"floor":13,"key":"BlessingOfTheForge"},{"floor":16,"key":"DuplicationPotion"},{"floor":31,"key":"PowerPotion"},{"floor":36,"key":"Guardian:BlockOnCardUsePotion"},{"floor":40,"key":"DistilledChaos"},{"floor":45,"key":"BlessingOfTheForge"}],"is_trial":false,"path_per_floor":["M","M","M","M","?","R","E","R","T","M","$","M","E","?","R","B",null,"M","?","?","M","M","R","M","M","T","R","M","E","?","M","R","B",null,"M","?","M","$","?","E","R","E","T","T","M","R","?","M","R","B",null,"R","$","E","B"],"character_chosen":"DEFECT","items_purchased":["Defragment","Compile Driver","OrangePellets","Mummified Hand","Weak Potion"],"campfire_rested":1,"item_purchase_floors":[11,11,38,38,38],"current_hp_per_floor":[57,55,52,40,52,52,48,48,48,35,35,28,9,4,28,9,71,58,58,58,62,28,43,15,21,21,39,45,39,39,53,62,25,53,58,62,62,62,59,59,59,59,59,59,59,59,59,59,59,19,49,59,59,59,0,0],"gold":43,"neow_bonus":"BOSS_RELIC","is_daily":false,"chose_seed":false,"campfire_upgraded":8,"win_rate":0.0,"timestamp":1612813909,"path_taken":["M","M","M","M","?","R","E","R","T","M","$","M","E","?","R","BOSS","M","?","?","M","?","R","M","M","T","R","M","E","?","M","R","BOSS","M","?","M","$","?","E","R","E","T","?","?","R","?","M","R","BOSS","R","$","E","BOSS"],"items_purchased_type":["Card","Card","Relic","Relic","Potion"],"build_version":"2020-12-22","purchased_purges":1,"victory":false,"max_hp_per_floor":[71,71,71,71,83,83,83,83,83,83,83,83,83,83,83,83,89,89,89,62,62,62,62,62,62,62,62,62,62,62,62,62,62,62,62,62,62,62,59,59,59,59,59,59,59,59,59,59,59,59,59,59,59,59,59,59],"relic_stats":{"Darkstone Periapt":18,"Happy Flower":[15],"counters":[28,182],"Blue Candle":[0],"Dead Branch":[65],"StoneCalendar":[346],"Eternal Feather":52,"OrangePellets":[11],"Centennial Puzzle":[45],"Mummified Hand":[61],"Pantograph":4,"MealTicket":0,"Tiny Chest":1,"obtain_stats":[{"Darkstone Periapt":5,"Happy Flower":44,"Blue Candle":9,"Dead Branch":36,"StoneCalendar":7,"Eternal Feather":17,"Calling Bell":17,"Du-Vu Doll":17,"SlaversCollar":0,"OrangePellets":38,"DataDisk":14,"Centennial Puzzle":17,"Mummified Hand":38,"Pantograph":26,"MealTicket":13,"Tiny Chest":29,"Molten Egg 2":42,"Coffee Dripper":34,"Bag of Marbles":40,"Red Mask":47,"Cracked Core":0,"Symbiotic Virus":54},{"Darkstone Periapt":4,"Happy Flower":23,"Blue Candle":5,"Dead Branch":20,"StoneCalendar":5,"Eternal Feather":9,"Calling Bell":9,"Du-Vu Doll":9,"SlaversCollar":0,"OrangePellets":21,"DataDisk":8,"Centennial Puzzle":9,"Mummified Hand":21,"Pantograph":14,"MealTicket":8,"Tiny Chest":16,"Molten Egg 2":23,"Coffee Dripper":18,"Bag of Marbles":22,"Red Mask":24,"Cracked Core":0,"Symbiotic Virus":27},{"Darkstone Periapt":18,"Happy Flower":135,"Blue Candle":21,"Dead Branch":118,"StoneCalendar":21,"Eternal Feather":43,"Calling Bell":43,"Du-Vu Doll":43,"SlaversCollar":0,"OrangePellets":122,"DataDisk":35,"Centennial Puzzle":43,"Mummified Hand":122,"Pantograph":74,"MealTicket":35,"Tiny Chest":89,"Molten Egg 2":135,"Coffee Dripper":108,"Bag of Marbles":129,"Red Mask":141,"Cracked Core":0,"Symbiotic Virus":174}]},"card_choices":[{"not_picked":["Compile Driver","Gash"],"picked":"Cold Snap","floor":1},{"not_picked":["Steam Power","Blizzard"],"picked":"Cold Snap","floor":2},{"not_picked":["Turbo","Hello World"],"picked":"Sunder","floor":3},{"not_picked":["Leap","Storm"],"picked":"Chaos","floor":4},{"not_picked":["Redo","Steam Power"],"picked":"BootSequence","floor":7},{"not_picked":["Stack","Sweeping Beam"],"picked":"Lockon","floor":10},{"not_picked":["Barrage","Turbo"],"picked":"Hologram","floor":12},{"not_picked":["Lockon","Redo"],"picked":"Glacier","floor":13},{"not_picked":["Thunder Strike","Seek"],"picked":"Machine Learning","floor":16},{"not_picked":["Redo+1","Gash"],"picked":"Barrage","floor":18},{"not_picked":["Static Discharge","Chill"],"picked":"Coolheaded+1","floor":21},{"not_picked":["Sunder","Leap"],"picked":"Stack","floor":22},{"not_picked":["Beam Cell","Steam Power+1"],"picked":"Conserve Battery","floor":24},{"not_picked":["Lockon+1","Rebound"],"picked":"Self Repair","floor":25},{"not_picked":["Conserve Battery","Ball Lightning+1"],"picked":"Sweeping Beam+1","floor":28},{"not_picked":["Beam Cell","Hologram"],"picked":"Biased Cognition","floor":29},{"not_picked":["Steam","Rebound","BootSequence"],"picked":"SKIP","floor":31},{"not_picked":["All For One","Amplify"],"picked":"Echo Form","floor":33},{"not_picked":["Barrage","Gash"],"picked":"Glacier","floor":35},{"not_picked":["Rip and Tear","BootSequence"],"picked":"Stack","floor":36},{"not_picked":["Cold Snap","Gash+1","Melter"],"picked":"SKIP","floor":37},{"not_picked":["Cold Snap","Gash+1","Melter"],"picked":"SKIP","floor":37},{"not_picked":["Gash","All For One"],"picked":"Turbo","floor":40},{"not_picked":["Rebound+1","Redo"],"picked":"Steam Power+1","floor":42},{"not_picked":["Compile Driver+1","Hello World+1"],"picked":"Blizzard+1","floor":45},{"not_picked":["Turbo","Rebound+1"],"picked":"Coolheaded+1","floor":48},{"not_picked":["Turbo","Storm"],"picked":"Stack+1","floor":54}],"player_experience":1070090,"relics_obtained":[{"floor":7,"key":"StoneCalendar"},{"floor":9,"key":"Blue Candle"},{"floor":13,"key":"MealTicket"},{"floor":17,"key":"Centennial Puzzle"},{"floor":17,"key":"Eternal Feather"},{"floor":17,"key":"Du-Vu Doll"},{"floor":26,"key":"Pantograph"},{"floor":29,"key":"Tiny Chest"},{"floor":36,"key":"Dead Branch"},{"floor":40,"key":"Bag of Marbles"},{"floor":42,"key":"Molten Egg 2"},{"floor":44,"key":"Happy Flower"},{"floor":54,"key":"Symbiotic Virus"}],"event_choices":[{"damage_healed":0,"gold_gain":0,"player_choice":"Success","damage_taken":5,"relics_obtained":["DataDisk"],"max_hp_gain":0,"max_hp_loss":0,"event_name":"Scrap Ooze","floor":14,"gold_loss":0},{"damage_healed":0,"gold_gain":0,"player_choice":"Became a vampire","damage_taken":0,"max_hp_gain":0,"max_hp_loss":27,"event_name":"Vampires","floor":20,"gold_loss":0,"cards_obtained":["Bite","Bite","Bite","Bite","Bite"]},{"damage_healed":0,"gold_gain":0,"player_choice":"Read","damage_taken":0,"max_hp_gain":0,"max_hp_loss":0,"event_name":"The Library","floor":30,"gold_loss":0,"cards_obtained":["Chill"]},{"damage_healed":0,"gold_gain":0,"player_choice":"Fight","damage_taken":0,"max_hp_gain":0,"max_hp_loss":0,"event_name":"MindBloom","floor":36,"gold_loss":0},{"damage_healed":0,"gold_gain":0,"player_choice":"Max HP","damage_taken":0,"max_hp_gain":0,"max_hp_loss":3,"event_name":"Winding Halls","floor":39,"gold_loss":0},{"damage_healed":0,"gold_gain":0,"player_choice":"Paid","damage_taken":0,"relics_obtained":["Red Mask"],"max_hp_gain":0,"max_hp_loss":0,"event_name":"Tomb of Lord Red Mask","floor":47,"gold_loss":173}],"is_beta":false,"boss_relics":[{"not_picked":["Tiny House","Philosopher\u0027s Stone"],"picked":"Calling Bell"},{"not_picked":["Runic Dome","Black Star"],"picked":"Coffee Dripper"}],"items_purged_floors":[11],"is_endless":false,"potions_floor_spawned":[3,10,13,16,22,24,25,31,36,40,45],"killed_by":"The Heart","ascension_level":19}}