{"host":"1sn8m3l2btf1jbx1","time":1612765134,"event":{"mods":["AchievementEnabler","BaseMod","Colored Map","Colored Powertips","Highlight Path","Minty Spire (QoL Compilation)","Quick Restart","Rare Cards Sparkle","StSLib"],"gold_per_floor":[111,111,111,111,125,153,6,32,114,114,127,140,140,159,159,159,159],"floor_reached":16,"language":"ZHS","playtime":410,"items_purged":[],"score":175,"play_id":"2a99e819-c62e-4a15-8f9d-31a36bbd14f0","local_time":"20210208141854","is_ascension_mode":true,"campfire_choices":[{"data":"Bludgeon","floor":10,"key":"SMITH"},{"data":"Dark Embrace","floor":13,"key":"SMITH"},{"data":"Shrug It Off","floor":15,"key":"SMITH"}],"circlet_count":0,"master_deck":["Strike_R","Strike_R","Strike_R","Defend_R","Defend_R","Defend_R+1","Defend_R","Bash+1","Power Through","Bludgeon+1","Dark Embrace+1","Shrug It Off+1"],"relics":["Burning Blood","NeowsBlessing","Question Card","Odd Mushroom","Bottled Flame"],"acts_visited":["Exordium"],"potions_floor_usage":[12,14],"damage_taken":[{"damage":0,"enemies":"Cultist","floor":1,"turns":1},{"damage":0,"enemies":"Jaw Worm","floor":5,"turns":1},{"damage":0,"enemies":"3 Sentries","floor":6,"turns":2},{"damage":16,"enemies":"The Mushroom Lair","floor":8,"turns":5},{"damage":0,"enemies":"2 Louse","floor":11,"turns":2},{"damage":1,"enemies":"Exordium Thugs","floor":12,"turns":3},{"damage":0,"enemies":"Red Slaver","floor":14,"turns":1},{"damage":80,"enemies":"Hexaghost","floor":16,"turns":12}],"seed_played":"4552622554015651610","potions_obtained":[{"floor":8,"key":"Energy Potion"},{"floor":12,"key":"Explosive Potion"}],"is_trial":false,"path_per_floor":["M","?","?","?","M","E","$","?","T","R","M","M","R","M","R","B"],"character_chosen":"IRONCLAD","items_purchased":["Bludgeon"],"campfire_rested":0,"item_purchase_floors":[7],"current_hp_per_floor":[78,62,62,62,68,74,74,64,64,64,70,75,75,80,80,0,0],"gold":159,"neow_bonus":"THREE_ENEMY_KILL","is_daily":false,"chose_seed":false,"campfire_upgraded":3,"win_rate":0.0,"timestamp":1612765134,"path_taken":["M","?","?","?","?","E","?","?","T","R","M","M","R","M","R","BOSS"],"items_purchased_type":["Card"],"build_version":"2020-12-22","purchased_purges":0,"victory":false,"max_hp_per_floor":[80,80,80,80,80,80,80,80,80,80,80,80,80,80,80,80,80],"card_choices":[{"not_picked":["Flex","True Grit","Blood for Blood"],"picked":"SKIP","floor":1},{"not_picked":["Havoc","True Grit","Sever Soul"],"picked":"SKIP","floor":5},{"not_picked":["Anger","Twin Strike"],"picked":"Power Through","floor":6},{"not_picked":["Sentinel","Headbutt","Cleave"],"picked":"Dark Embrace","floor":11},{"not_picked":["True Grit","Pommel Strike","Combust","Heavy Blade"],"picked":"SKIP","floor":12},{"not_picked":["Demon Form","Iron Wave","Perfected Strike"],"picked":"Shrug It Off","floor":14}],"player_experience":299397,"relics_obtained":[{"floor":6,"key":"Question Card"},{"floor":8,"key":"Odd Mushroom"},{"floor":9,"key":"Bottled Flame"}],"event_choices":[{"damage_healed":0,"gold_gain":0,"player_choice":"Entered Light","damage_taken":16,"max_hp_gain":0,"max_hp_loss":0,"event_name":"Shining Light","floor":2,"gold_loss":0,"cards_upgraded":["Defend_R","Bash"]},{"cards_removed":["Strike_R"],"damage_healed":0,"gold_gain":0,"player_choice":"Forget","damage_taken":0,"max_hp_gain":0,"max_hp_loss":0,"event_name":"Living Wall","floor":3,"gold_loss":0},{"cards_removed":["Strike_R"],"damage_healed":0,"gold_gain":0,"player_choice":"Purged","damage_taken":0,"max_hp_gain":0,"max_hp_loss":0,"event_name":"Purifier","floor":4,"gold_loss":0},{"damage_healed":0,"gold_gain":0,"player_choice":"Fought Mushrooms","damage_taken":0,"max_hp_gain":0,"max_hp_loss":0,"event_name":"Mushrooms","floor":8,"gold_loss":0}],"is_beta":false,"boss_relics":[],"items_purged_floors":[],"is_endless":false,"potions_floor_spawned":[8,12],"killed_by":"Hexaghost","ascension_level":8}}