{"host":"w8xisjf5mgmfjvmt","time":1612757950,"event":{"mods":["BaseMod","BetterRewards","Challenge The Spire","Conspire","Energized Spire","Filter the Spire","Minty Spire (QoL Compilation)","Quarter Circle Forward PUNCH!","Quick Restart","Relic Filter Mod","Relic Stats","Reliquary","Replay The Spire","Shop Mod","Spicy Shops","StSLib","Thieving Mod","¡¾ÒÅÎï¿¨ÅÆ¡¿REMEMod","óô»ðÖ¸ÄÏ"],"gold_per_floor":[119,166,241,241,259,285,285,302,327,327,327],"floor_reached":10,"language":"ZHS","playtime":404,"items_purged":[],"score":136,"play_id":"99fc35b1-b6b6-4c01-ac5c-1b162174150f","local_time":"20210208121910","is_ascension_mode":true,"campfire_choices":[],"circlet_count":0,"master_deck":["AscendersBane","Strike_G","Strike_G","Strike_G","Strike_G","Defend_G","Defend_G","Defend_G+1","Defend_G","Defend_G+1","Survivor","Neutralize","Dark Embrace","Hidden Blade","Leg Sweep","Predator","Acrobatics","REME_GreenPollution","Cloak And Dagger","Decay","Footwork"],"relics":["Ring of the Snake","REME_ComplimentaryCards","Prayer Wheel","Simple Rune","reliquary:RosewoodLute"],"acts_visited":["Exordium"],"potions_floor_usage":[2,6],"damage_taken":[{"damage":11,"enemies":"Cultist","floor":1,"turns":5},{"damage":5,"enemies":"Small Slimes","floor":2,"turns":4},{"damage":0,"enemies":"Jaw Worm","floor":5,"turns":6},{"damage":21,"enemies":"3 Sentries","floor":6,"turns":8},{"damage":4,"enemies":"Red Slaver","floor":8,"turns":6},{"damage":5,"enemies":"Lagavulin","floor":10,"turns":5}],"seed_played":"-1975976946703423301","potions_obtained":[{"floor":1,"key":"REME_GoldPotion"},{"floor":5,"key":"Poison Potion"},{"floor":8,"key":"Energy Potion"}],"is_trial":false,"path_per_floor":["M","M","?","?","M","E","?","M","T","E"],"character_chosen":"THE_SILENT","items_purchased":[],"campfire_rested":0,"item_purchase_floors":[],"current_hp_per_floor":[48,43,32,32,32,11,11,7,7,2,2],"gold":327,"neow_bonus":"ONE_RARE_RELIC","is_daily":false,"chose_seed":false,"campfire_upgraded":0,"win_rate":0.0,"timestamp":1612757950,"path_taken":["M","M","?","?","?","E","?","M","T","E"],"items_purchased_type":[],"build_version":"2020-12-22","purchased_purges":0,"victory":false,"max_hp_per_floor":[60,60,60,60,60,60,60,60,60,60,60],"relic_stats":{"counters":[6,33],"Prayer Wheel":4,"obtain_stats":[{"Prayer Wheel":0,"Simple Rune":6,"reliquary:RosewoodLute":9,"Ring of the Snake":0,"REME_ComplimentaryCards":0},{"Prayer Wheel":0,"Simple Rune":4,"reliquary:RosewoodLute":5,"Ring of the Snake":0,"REME_ComplimentaryCards":0},{"Prayer Wheel":0,"Simple Rune":23,"reliquary:RosewoodLute":29,"Ring of the Snake":0,"REME_ComplimentaryCards":0}],"Ring of the Snake":[12]},"card_choices":[{"not_picked":["Flying Knee","Quick Slash"],"picked":"Hidden Blade","floor":1},{"not_picked":["Choke","Acrobatics"],"picked":"Leg Sweep","floor":1},{"not_picked":["Slice","Dagger Throw"],"picked":"Predator","floor":2},{"not_picked":["Underhanded Strike","Dagger Throw"],"picked":"Acrobatics","floor":2},{"not_picked":["ReplayTheSpireMod:Exploit Weakness","Quick Slash"],"picked":"Cloak And Dagger","floor":5},{"not_picked":["Skewer","Riddle With Holes","Flying Knee"],"picked":"SKIP","floor":5},{"not_picked":["Slice","Skewer","conspire:PoisonWeapons"],"picked":"SKIP","floor":6},{"not_picked":["Acrobatics","Backflip"],"picked":"Footwork","floor":8},{"not_picked":["Slice","Replay:Poison Smokescreen","ReplayTheSpireMod:Exploit Weakness"],"picked":"SKIP","floor":8}],"player_experience":1308663,"relics_obtained":[{"floor":6,"key":"Simple Rune"},{"floor":9,"key":"reliquary:RosewoodLute"}],"event_choices":[{"damage_healed":0,"gold_gain":75,"player_choice":"Gather Gold","damage_taken":11,"max_hp_gain":0,"max_hp_loss":0,"event_name":"World of Goop","floor":3,"gold_loss":0},{"damage_healed":0,"gold_gain":0,"cards_transformed":["Strike_G"],"player_choice":"Transformed","damage_taken":0,"max_hp_gain":0,"max_hp_loss":0,"event_name":"Transmorgrifier","floor":4,"gold_loss":0,"cards_obtained":["REME_GreenPollution"]},{"damage_healed":0,"gold_gain":0,"player_choice":"Cursed","damage_taken":0,"max_hp_gain":0,"max_hp_loss":0,"event_name":"Wheel of Change","floor":7,"gold_loss":0,"cards_obtained":["Decay"]}],"is_beta":false,"boss_relics":[],"items_purged_floors":[],"is_endless":false,"potions_floor_spawned":[1,5,8],"killed_by":"Lagavulin","ascension_level":20}}