{"host":"n3vqtvx9hbigdfc4","time":1612762884,"event":{"mods":["AchievementEnabler","BaseMod","Better Third Choice","Block Reminder","Colored Map","Colored Powertips","Downfall","Minty Spire (QoL Compilation)","Permanent Neow","Rare Cards Sparkle","Relic Stats","Replay The Spire","Shop Mod","StSLib"],"gold_per_floor":[215,215,23,41,59,84,84,116,197,215,231,241,267,267,267,344,344,355,355,355,72,72,72,122,122,148,148,148,148,180,198,208,224,224,298,298,312,322,667,3,20,51,51,77,77,77,91,0,0,16,16,16],"floor_reached":53,"language":"ENG","playtime":2993,"items_purged":["downfall:Bewildered"],"score":1475,"play_id":"f5829424-e95a-431c-8a0e-3ce4891d8e75","local_time":"20210207234124","is_ascension_mode":true,"campfire_choices":[{"data":"Noxious Fumes","floor":7.0,"key":"SMITH"},{"data":"Wraith Form v2","floor":15.0,"key":"SMITH"},{"data":"Poison Darts","floor":25.0,"key":"SMITH"},{"data":"Crippling Poison","floor":27.0,"key":"SMITH"},{"data":"Noxious Fumes","floor":29.0,"key":"SMITH"},{"data":"Adrenaline","floor":34.0,"key":"SMITH"},{"data":"Catalyst","floor":49,"key":"SMITH"},{"floor":51,"key":"REST"}],"circlet_count":1,"master_deck":["AscendersBane","Strike_G","Strike_G","Strike_G","Strike_G","Strike_G","Defend_G","Defend_G","Defend_G","Defend_G","Survivor","Neutralize","Noxious Fumes+1","Quick Slash","ReplayTheSpireMod:The Works","Fluid Movement","Poisoned Stab","Wraith Form v2+1","Crippling Poison+1","Poison Darts+1","Wraith Form v2","Noxious Fumes+1","Insight","Setup+1","Adrenaline+1","Expertise+1","Leg Sweep","Corpse Explosion","Bouncing Flask","Catalyst+1","Good Instincts","Backflip","Atom Bomb","ReplayTheSpireMod:Tripwire","Poisoned Stab+1","Deadly Poison+1"],"relics":["Ring of the Serpent","TwistedFunnel","Circlet","Anchor","Mummified Hand","Singing Bowl","ReplayTheSpireMod:Ninjato","Philosopher\u0027s Stone","sneckomod:BabySnecko","ClockworkSouvenir","Meat on the Bone","Vajra","Incense Burner","Old Coin","Replay:WaspNest","Paper Crane","Smiling Mask","Mercury Hourglass","Blue Doll","Red Mask"],"acts_visited":["Exordium","TheCity","TheBeyond"],"potions_floor_usage":[47,52],"damage_taken":[{"damage":1.0,"enemies":"Small Slimes","floor":1.0,"turns":4.0},{"damage":0.0,"enemies":"Cultist","floor":4.0,"turns":4.0},{"damage":0.0,"enemies":"Jaw Worm","floor":5.0,"turns":4.0},{"damage":9.0,"enemies":"Lagavulin","floor":6.0,"turns":5.0},{"damage":11.0,"enemies":"3 Sentries","floor":8.0,"turns":6.0},{"damage":0.0,"enemies":"Large Slime","floor":10.0,"turns":6.0},{"damage":1.0,"enemies":"3 Louse","floor":11.0,"turns":3.0},{"damage":10.0,"enemies":"Exordium Thugs","floor":12.0,"turns":5.0},{"damage":10.0,"enemies":"Gremlin Nob","floor":13.0,"turns":5.0},{"damage":23.0,"enemies":"Hexaghost","floor":16.0,"turns":9.0},{"damage":0.0,"enemies":"Chosen","floor":18.0,"turns":5.0},{"damage":11.0,"enemies":"Slavers","floor":26.0,"turns":4.0},{"damage":0.0,"enemies":"Gremlin Leader","floor":30.0,"turns":5.0},{"damage":0.0,"enemies":"Shell Parasite","floor":31.0,"turns":3.0},{"damage":0.0,"enemies":"Snecko","floor":32.0,"turns":3.0},{"damage":0.0,"enemies":"3 Cultists","floor":33.0,"turns":3.0},{"damage":10.0,"enemies":"Champ","floor":35.0,"turns":8.0},{"damage":0.0,"enemies":"Orb Walker","floor":37.0,"turns":2.0},{"damage":1.0,"enemies":"3 Shapes","floor":38.0,"turns":4.0},{"damage":2,"enemies":"2 Orb Walkers","floor":39,"turns":5},{"damage":5,"enemies":"3 Darklings","floor":41,"turns":3},{"damage":3,"enemies":"Giant Head","floor":42,"turns":7},{"damage":0,"enemies":"R_Hoarder","floor":44,"turns":6},{"damage":6,"enemies":"Jaw Worm Horde","floor":47,"turns":3},{"damage":1,"enemies":"Spire Growth","floor":50,"turns":4},{"damage":1,"enemies":"Time Eater","floor":52,"turns":6}],"seed_played":"7142522513174142176","potions_obtained":[{"floor":1.0,"key":"Poison Potion"},{"floor":4.0,"key":"AttackPotion"},{"floor":6.0,"key":"Weak Potion"},{"floor":8.0,"key":"Milkshake"},{"floor":12.0,"key":"Block Potion"},{"floor":16.0,"key":"SkillPotion"},{"floor":26.0,"key":"PowerPotion"},{"floor":41,"key":"FearPotion"},{"floor":42,"key":"LiquidMemories"},{"floor":44,"key":"ColorlessPotion"}],"is_trial":false,"path_per_floor":["M","?","$","M","M","E","R","E","T","M","M","M","E","T","R","B",null,"M","?","?","$","PTL","PTL","?","R","E","R","T","R","E","M","M","M","R","B",null,"M","M","?","$","M","E","?","E","T","?","M","?","R","M","R_BF","B",null],"character_chosen":"THE_SILENT","items_purchased":["TwistedFunnel","Quick Slash","Setup+1","ClockworkSouvenir","Catalyst","Replay:WaspNest","Paper Crane","Good Instincts"],"campfire_rested":1,"item_purchase_floors":[3,3,21,21,40,40,40,40],"current_hp_per_floor":[58,58,58,58,58,49,49,53,53,53,52,42,34,34,34,26,58,58,58,58,58,58,58,52,52,57,57,57,57,70,70,72,72,72,72,72,74,73,73,73,68,65,65,65,65,65,59,59,59,58,76,75],"gold":16,"neow_bonus":"HUNDRED_GOLD","is_daily":false,"chose_seed":false,"campfire_upgraded":7,"win_rate":0.0,"timestamp":1612762884,"path_taken":["M","?","$","?","M","E","R","E","T","M","M","M","E","?","R","BOSS","M","?","?","$","PTL","PTL","?","R","E","R","T","R","E","M","M","?","R","BOSS","M","M","?","$","M","E","?","E","T","?","M","?","R","M","R_BF","BOSS"],"items_purchased_type":["Relic","Card","Card","Relic","Card","Relic","Relic","Card"],"build_version":"2020-12-22","purchased_purges":1,"victory":true,"max_hp_per_floor":[66,66,66,66,66,66,66,66,66,66,66,66,68,68,68,68,68,68,68,68,68,68,68,68,68,70,70,70,70,70,70,72,72,72,72,72,74,74,76,76,76,76,76,76,76,76,76,76,76,76,76,76],"relic_stats":{"Singing Bowl":10,"counters":[26,122],"Mummified Hand":[88],"Smiling Mask":0,"obtain_stats":[{"TwistedFunnel":3,"ReplayTheSpireMod:Ninjato":14,"Singing Bowl":13,"Dead Branch":6,"Vajra":28,"Circlet":0,"Blue Doll":45,"Replay:WaspNest":40,"Incense Burner":30,"Paper Crane":40,"Smiling Mask":42,"ClockworkSouvenir":21,"Old Coin":39,"Mercury Hourglass":44,"BranchBurnRelic":7,"sneckomod:BabySnecko":20,"Anchor":8,"Mummified Hand":9,"Philosopher\u0027s Stone":17,"Red Mask":48,"Ring of the Serpent":36,"Ring of the Snake":0,"Meat on the Bone":26},{"TwistedFunnel":1,"ReplayTheSpireMod:Ninjato":9,"Singing Bowl":9,"Dead Branch":4,"Vajra":12,"Circlet":0,"Blue Doll":23,"Replay:WaspNest":20,"Incense Burner":13,"Paper Crane":20,"Smiling Mask":22,"ClockworkSouvenir":11,"Old Coin":20,"Mercury Hourglass":23,"BranchBurnRelic":4,"sneckomod:BabySnecko":11,"Anchor":5,"Mummified Hand":5,"Philosopher\u0027s Stone":10,"Red Mask":24,"Ring of the Serpent":17,"Ring of the Snake":0,"Meat on the Bone":12},{"TwistedFunnel":4,"ReplayTheSpireMod:Ninjato":42,"Singing Bowl":42,"Dead Branch":17,"Vajra":60,"Circlet":0,"Blue Doll":109,"Replay:WaspNest":93,"Incense Burner":65,"Paper Crane":93,"Smiling Mask":103,"ClockworkSouvenir":56,"Old Coin":93,"Mercury Hourglass":109,"BranchBurnRelic":17,"sneckomod:BabySnecko":56,"Anchor":23,"Mummified Hand":23,"Philosopher\u0027s Stone":51,"Red Mask":112,"Ring of the Serpent":82,"Ring of the Snake":0,"Meat on the Bone":60}],"Meat on the Bone":0,"Mercury Hourglass":[30]},"card_choices":[{"not_picked":["Backstab","Deflect"],"picked":"Noxious Fumes","floor":1.0},{"not_picked":["Blade Dance","Prepared"],"picked":"ReplayTheSpireMod:The Works","floor":4.0},{"not_picked":["Cloak And Dagger","Hidden Blade"],"picked":"Fluid Movement","floor":5.0},{"not_picked":["Outmaneuver","Masterful Stab"],"picked":"Poisoned Stab","floor":6.0},{"not_picked":["Slice","Sucker Punch"],"picked":"Wraith Form v2","floor":8.0},{"not_picked":["Dodge and Roll","Underhanded Strike"],"picked":"Crippling Poison","floor":10.0},{"not_picked":["Flechettes","Infinite Blades"],"picked":"Predator","floor":11.0},{"not_picked":["Poisoned Stab","Riddle With Holes"],"picked":"Poison Darts","floor":12.0},{"not_picked":["Reflex","PiercingWail","Deflect"],"picked":"Singing Bowl","floor":13.0},{"not_picked":["Storm of Steel","Grand Finale"],"picked":"Wraith Form v2","floor":16.0},{"not_picked":["Underhanded Strike+1","Quick Slash"],"picked":"Noxious Fumes","floor":18.0},{"not_picked":["Underhanded Strike","Deadly Poison","Quick Slash"],"picked":"Singing Bowl","floor":26.0},{"not_picked":["Replay:Poison Smokescreen","Dodge and Roll+1"],"picked":"Adrenaline","floor":30.0},{"not_picked":["Slice","Poisoned Stab"],"picked":"Expertise+1","floor":31.0},{"not_picked":["Acrobatics","Deflect","Slice"],"picked":"Singing Bowl","floor":32.0},{"not_picked":["Acrobatics","ReplayTheSpireMod:Shiv Toss"],"picked":"Leg Sweep","floor":33.0},{"not_picked":["Night Terror","Phantasmal Killer"],"picked":"Corpse Explosion","floor":35.0},{"not_picked":["Hidden Blade+1","ReplayTheSpireMod:Speed Training","PiercingWail"],"picked":"Singing Bowl","floor":37.0},{"not_picked":["Underhanded Strike","Sucker Punch"],"picked":"Bouncing Flask","floor":38.0},{"not_picked":["Blade Dance","Poisoned Stab","Acrobatics"],"picked":"Singing Bowl","floor":39},{"not_picked":["Reflex","Dash"],"picked":"Backflip","floor":41},{"not_picked":["Prepared","Deflect"],"picked":"Atom Bomb","floor":42},{"not_picked":["Reflex","Sucker Punch+1"],"picked":"ReplayTheSpireMod:Tripwire","floor":44},{"not_picked":["Cloak And Dagger","Bane"],"picked":"Poisoned Stab+1","floor":47},{"not_picked":["Slice","Dodge and Roll"],"picked":"Deadly Poison+1","floor":50}],"player_experience":524307,"relics_obtained":[{"floor":6.0,"key":"Dead Branch"},{"floor":8.0,"key":"Anchor"},{"floor":9.0,"key":"Mummified Hand"},{"floor":13.0,"key":"Singing Bowl"},{"floor":14.0,"key":"ReplayTheSpireMod:Ninjato"},{"floor":26.0,"key":"Meat on the Bone"},{"floor":28.0,"key":"Vajra"},{"floor":30.0,"key":"Incense Burner"},{"floor":39,"key":"Old Coin"},{"floor":42,"key":"Smiling Mask"},{"floor":44,"key":"Mercury Hourglass"},{"floor":45,"key":"Blue Doll"}],"event_choices":[{"cards_removed":["Defend_G"],"damage_healed":0.0,"max_hp_gain":0.0,"max_hp_loss":0.0,"gold_gain":0.0,"event_name":"Purifier","player_choice":"Purged","floor":2.0,"gold_loss":0.0,"damage_taken":0.0},{"damage_healed":0.0,"max_hp_gain":0.0,"max_hp_loss":0.0,"gold_gain":0.0,"event_name":"betterThird:BetterWriting","player_choice":"Insight","floor":19.0,"gold_loss":0.0,"damage_taken":0.0,"cards_obtained":["Insight"]},{"damage_healed":0.0,"max_hp_gain":0.0,"max_hp_loss":0.0,"gold_gain":50.0,"event_name":"FaceTrader","player_choice":"Touch","floor":24.0,"gold_loss":0.0,"damage_taken":6.0},{"damage_healed":0,"gold_gain":0,"player_choice":"Fight","damage_taken":0,"max_hp_gain":0,"max_hp_loss":0,"event_name":"Mysterious Sphere","floor":39,"gold_loss":0},{"cards_removed":["Predator"],"damage_healed":0,"gold_gain":0,"player_choice":"Removed Attack","damage_taken":0,"max_hp_gain":0,"max_hp_loss":0,"event_name":"Falling","floor":43,"gold_loss":0},{"damage_healed":0,"gold_gain":0,"player_choice":"Paid","damage_taken":0,"relics_obtained":["Red Mask"],"max_hp_gain":0,"max_hp_loss":0,"event_name":"Tomb of Lord Red Mask","floor":48,"gold_loss":91}],"is_beta":false,"boss_relics":[{"not_picked":["Busted Crown","Abe\u0027s Treasure"],"picked":"Philosopher\u0027s Stone"},{"not_picked":["Pandora\u0027s Box","Replay:Drink Me"],"picked":"Ring of the Serpent"}],"items_purged_floors":[21],"is_endless":false,"potions_floor_spawned":[1,4,6,8,12,16,18,26,41,42,44],"ascension_level":15}}