{"host":"og21o26alpnbwmz8","time":1612815247,"event":{"mods":["Act Like it!","Aspiration","BaseMod","Conspire","Downfall","Gensokyo","Halation","Hubris","Jedi Mod","Mimic Mod","Minty Spire (QoL Compilation)","Pale of the Ancients","Reliquary","Replay The Spire","Shop Mod","Spikes Relics","StSLib","The Alterego","The Blackbeard","The Blue Laboratory","The Bug Knight","The Death Knight","The Runesmith","Waifu the Spire"],"gold_per_floor":[219,59,90,104,117,117,117,149,176,190,209,209,31,31,31,126,126,144,44,44,44,62,62,74,93,93,93,106,106,106,132,132,132,132],"floor_reached":33,"language":"ENG","playtime":1148,"items_purged":["HollowMod:NailStrikeStart","HollowMod:NailStrikeStart"],"score":255,"play_id":"5357a1f8-46a7-40e6-b4c7-719cc2b998fe","local_time":"20210208151407","is_ascension_mode":false,"campfire_choices":[{"data":"HollowMod:CycloneSlash","floor":7,"key":"SMITH"},{"data":"HollowMod:FocusHealStart","floor":12,"key":"SMITH"},{"data":"HollowMod:PogoStrike","floor":15,"key":"SMITH"},{"data":"HollowMod:SiblingsSouls","floor":23,"key":"SMITH"},{"floor":27,"key":"REST"},{"floor":32,"key":"REST"}],"circlet_count":0,"master_deck":["HollowMod:NailStrikeStart","HollowMod:QuickDashStart","HollowMod:QuickDashStart","HollowMod:QuickDashStart","HollowMod:QuickDashStart","HollowMod:FocusHealStart+1","HollowMod:PogoStrike+1","HollowMod:CycloneSlash+1","HollowMod:SiblingsSouls+1","HollowMod:PureVessel","HollowMod:CycloneSlash+1","HollowMod:ChannelNail+1"],"relics":["HollowMod:VesselMask","Gensokyo:BookOfSpecters","Bronze Scales","HollowMod:PaleOreRelic","conspire:TopHat","hubris:TerracottaHorce","Blue Candle","Iron Hammer","Juzu Bracelet"],"acts_visited":["Exordium","Gensokyo:Gensokyo"],"potions_floor_usage":[3,8,33,33,33],"damage_taken":[{"damage":1,"enemies":"Gensokyo:Python","floor":1,"turns":3},{"damage":41,"enemies":"Gensokyo:Aya","floor":3,"turns":7},{"damage":0,"enemies":"Gensokyo:3_Fairies","floor":4,"turns":2},{"damage":1,"enemies":"Gensokyo:Gryphon","floor":5,"turns":3},{"damage":9,"enemies":"Gensokyo:Aya","floor":8,"turns":5},{"damage":5,"enemies":"Gensokyo:2_Rabbits","floor":10,"turns":2},{"damage":10,"enemies":"Gensokyo:3_Kodama","floor":11,"turns":2},{"damage":36,"enemies":"Gensokyo:Yukari","floor":16,"turns":7},{"damage":6,"enemies":"Gensokyo:CosmicMonolith","floor":18,"turns":3},{"damage":0,"enemies":"Gensokyo:2_Gloops","floor":22,"turns":3},{"damage":7,"enemies":"Gensokyo:Mirror_and_Dog","floor":24,"turns":3},{"damage":16,"enemies":"Gensokyo:Wraith","floor":25,"turns":4},{"damage":20,"enemies":"Gensokyo:Slime_Group","floor":28,"turns":4},{"damage":65,"enemies":"Gensokyo:Kaguya","floor":33,"turns":7}],"seed_played":"5865670539207618982","potions_obtained":[{"floor":1,"key":"DistilledChaos"},{"floor":5,"key":"Explosive Potion"},{"floor":10,"key":"blueLaboratory:AbyssPotion"}],"is_trial":false,"path_per_floor":["M","?","?","M","M","?","R","E","T","M","M","R","$","?","R","B",null,"M","$","?","?","M","R","M","M","T","R","M","?","?","T","R","B"],"character_chosen":"THE_BUGKNIGHT","items_purchased":["EntropicBrew"],"campfire_rested":2,"item_purchase_floors":[13],"current_hp_per_floor":[75,75,44,44,43,43,43,40,40,35,31,31,31,31,31,1,57,51,51,46,46,52,52,51,41,41,63,43,43,43,43,65,0,0],"gold":132,"neow_bonus":"RANDOM_EVENT","is_daily":false,"chose_seed":false,"campfire_upgraded":4,"win_rate":0.0,"timestamp":1612815247,"path_taken":["M","?","?","M","?","?","R","E","T","M","M","R","?","?","R","BOSS","M","$","?","?","M","R","M","?","T","R","M","?","?","?","R","BOSS"],"items_purchased_type":["Potion"],"build_version":"2020-12-22","purchased_purges":2,"victory":false,"max_hp_per_floor":[75,75,75,75,75,75,75,75,75,75,75,75,75,75,75,75,75,75,75,75,75,75,75,75,75,75,75,75,75,75,75,75,75,75],"card_choices":[{"not_picked":["HollowMod:BlackTendrils","HollowMod:NewLittleFool","HollowMod:HeavyBlow"],"picked":"SKIP","floor":1},{"not_picked":["HollowMod:RecoilStrike","HollowMod:DoubleDash"],"picked":"HollowMod:CycloneSlash","floor":3},{"not_picked":["HollowMod:RecoilStrike","HollowMod:SoulSplash","HollowMod:HeavyBlow"],"picked":"SKIP","floor":4},{"not_picked":["HollowMod:HeavyBlow","HollowMod:SoulVessel","HollowMod:InfectionAssault"],"picked":"SKIP","floor":5},{"not_picked":["HollowMod:DashSlash","HollowMod:VengefulVoid","HollowMod:CloakDash"],"picked":"SKIP","floor":8},{"not_picked":["HollowMod:ShadowDash","HollowMod:LifebloodCocoon","HollowMod:DoubleDash"],"picked":"SKIP","floor":10},{"not_picked":["HollowMod:GoodIntentions","HollowMod:VengefulSpirit"],"picked":"HollowMod:SiblingsSouls","floor":11},{"not_picked":["HollowMod:MidwifesHunger","HollowMod:LordofShades"],"picked":"HollowMod:PureVessel","floor":16},{"not_picked":["HollowMod:SiblingsSouls","HollowMod:WraithStrike","HollowMod:FallenFury+1"],"picked":"SKIP","floor":18},{"not_picked":["HollowMod:HowlingWraiths+1","HollowMod:DashSlash"],"picked":"HollowMod:CycloneSlash+1","floor":22},{"not_picked":["HollowMod:CrystalDash","HollowMod:FallenFury","HollowMod:DesolateDive+1"],"picked":"SKIP","floor":24},{"not_picked":["HollowMod:InfectedAttack","HollowMod:CycloneSlash","HollowMod:SoulStrike+1"],"picked":"SKIP","floor":25},{"not_picked":["HollowMod:DreamGate","HollowMod:GoodIntentions"],"picked":"HollowMod:ChannelNail+1","floor":28}],"player_experience":294716,"relics_obtained":[{"floor":3,"key":"Bronze Scales"},{"floor":8,"key":"HollowMod:PaleOreRelic"},{"floor":9,"key":"conspire:TopHat"},{"floor":26,"key":"Juzu Bracelet"}],"event_choices":[{"damage_healed":0,"gold_gain":0,"player_choice":"Leave","damage_taken":0,"max_hp_gain":0,"max_hp_loss":0,"event_name":"conspire:Investor","floor":6,"gold_loss":0}],"is_beta":false,"boss_relics":[{"not_picked":["Honey Jar","reliquary:WritOfMandamus"],"picked":"hubris:TerracottaHorce"}],"items_purged_floors":[13,19],"is_endless":false,"potions_floor_spawned":[1,5,10,22,25],"killed_by":"Gensokyo:Kaguya","ascension_level":0}}