{"host":"uod8ea48n93qw90p","time":1612750859,"event":{"mods":["AchievementEnabler","BaseMod","Minty Spire (QoL Compilation)","Relic Stats","StSLib"],"gold_per_floor":[117,117,134,148,148,148,173,173,173,189,63,88,107,127,127,201,201,215,225,225,125,138,170,170,189,189,189,204,204,119,134,134,213,213,227,272,290,0,18,47,47,77,77,77,93,124,134,146,146,146,146,146],"floor_reached":51,"language":"ENG","playtime":3138,"items_purged":["Pain","Strike_R","Strike_R"],"score":1567,"play_id":"81fb6a96-cf8f-4080-8c37-371ae857ea37","local_time":"20210207202059","is_ascension_mode":true,"campfire_choices":[{"data":"Bash","floor":6.0,"key":"SMITH"},{"data":"Sword Boomerang","floor":8.0,"key":"SMITH"},{"data":"Twin Strike","floor":15.0,"key":"SMITH"},{"floor":24.0,"key":"REST"},{"floor":29.0,"key":"REST"},{"floor":32.0,"key":"REST"},{"data":"1","floor":41.0,"key":"LIFT"},{"floor":49.0,"key":"RECALL"}],"circlet_count":0,"master_deck":["AscendersBane","Strike_R","Strike_R","Strike_R","Defend_R","Defend_R","Defend_R","Defend_R","Bash+1","Combust","Shrug It Off","Sword Boomerang+1","Spot Weakness","Pommel Strike","Twin Strike+1","Battle Trance","Evolve","Offering","CurseOfTheBell","Anger","Wild Strike","Fiend Fire","Shrug It Off","True Grit","Shockwave","Impervious","Demon Form","Heavy Blade+1","Barricade","Seeing Red+1","Flame Barrier","Shrug It Off+1","True Grit+1","Corruption","Metallicize+1","Dual Wield+1","Power Through"],"relics":["Burning Blood","WarpedTongs","White Beast Statue","Paper Frog","Du-Vu Doll","Calling Bell","Centennial Puzzle","Kunai","Girya","Nilry\u0027s Codex","Juzu Bracelet","Red Skull","MealTicket","Snecko Eye","Prayer Wheel","Orrery","Pen Nib","Bottled Flame","Regal Pillow"],"acts_visited":["Exordium","TheCity","TheBeyond"],"potions_floor_usage":[],"damage_taken":[{"damage":19.0,"enemies":"Small Slimes","floor":1.0,"turns":5.0},{"damage":7.0,"enemies":"Cultist","floor":3.0,"turns":4.0},{"damage":9.0,"enemies":"Jaw Worm","floor":4.0,"turns":4.0},{"damage":36.0,"enemies":"Lagavulin","floor":7.0,"turns":7.0},{"damage":22.0,"enemies":"Gremlin Gang","floor":10.0,"turns":4.0},{"damage":8.0,"enemies":"Gremlin Nob","floor":12.0,"turns":3.0},{"damage":2.0,"enemies":"2 Fungi Beasts","floor":13.0,"turns":2.0},{"damage":14.0,"enemies":"3 Louse","floor":14.0,"turns":3.0},{"damage":22.0,"enemies":"Hexaghost","floor":16.0,"turns":6.0},{"damage":15.0,"enemies":"2 Thieves","floor":18.0,"turns":3.0},{"damage":0.0,"enemies":"Chosen","floor":19.0,"turns":3.0},{"damage":6.0,"enemies":"Centurion and Healer","floor":22.0,"turns":4.0},{"damage":42.0,"enemies":"Slavers","floor":23.0,"turns":4.0},{"damage":20.0,"enemies":"Snake Plant","floor":25.0,"turns":2.0},{"damage":33.0,"enemies":"Shelled Parasite and Fungi","floor":28.0,"turns":4.0},{"damage":2.0,"enemies":"Snecko","floor":31.0,"turns":4.0},{"damage":55.0,"enemies":"Champ","floor":33.0,"turns":9.0},{"damage":2.0,"enemies":"Orb Walker","floor":35.0,"turns":3.0},{"damage":20.0,"enemies":"2 Orb Walkers","floor":36.0,"turns":3.0},{"damage":3.0,"enemies":"3 Shapes","floor":37.0,"turns":7.0},{"damage":6.0,"enemies":"Sphere and 2 Shapes","floor":39.0,"turns":6.0},{"damage":21.0,"enemies":"Nemesis","floor":40.0,"turns":7.0},{"damage":12.0,"enemies":"Giant Head","floor":42.0,"turns":8.0},{"damage":38.0,"enemies":"4 Shapes","floor":45.0,"turns":5.0},{"damage":6.0,"enemies":"Reptomancer","floor":46.0,"turns":2.0},{"damage":3.0,"enemies":"Maw","floor":47.0,"turns":3.0},{"damage":6.0,"enemies":"Jaw Worm Horde","floor":48.0,"turns":3.0},{"damage":20.0,"enemies":"Donu and Deca","floor":50.0,"turns":4.0},{"damage":17,"enemies":"Time Eater","floor":51,"turns":2}],"seed_played":"-7548001472618205772","potions_obtained":[{"floor":1.0,"key":"CultistPotion"},{"floor":7.0,"key":"FearPotion"},{"floor":10.0,"key":"LiquidMemories"},{"floor":12.0,"key":"Explosive Potion"},{"floor":13.0,"key":"AttackPotion"},{"floor":16.0,"key":"FearPotion"},{"floor":18.0,"key":"PowerPotion"},{"floor":19.0,"key":"Block Potion"},{"floor":23.0,"key":"Explosive Potion"},{"floor":25.0,"key":"BloodPotion"},{"floor":28.0,"key":"Fire Potion"},{"floor":33.0,"key":"DistilledChaos"},{"floor":35.0,"key":"CultistPotion"},{"floor":36.0,"key":"AttackPotion"},{"floor":37.0,"key":"Swift Potion"},{"floor":39.0,"key":"LiquidMemories"},{"floor":40.0,"key":"Explosive Potion"},{"floor":42.0,"key":"Regen Potion"},{"floor":45.0,"key":"FearPotion"},{"floor":46.0,"key":"SpeedPotion"},{"floor":47.0,"key":"BlessingOfTheForge"},{"floor":48.0,"key":"Swift Potion"}],"is_trial":false,"path_per_floor":["M","?","M","M","?","R","E","R","T","M","$","E","M","M","R","B",null,"M","M","?","$","M","E","R","M","T","?","M","R","?","M","R","B",null,"M","?","M","$","M","E","R","E","T","?","M","E","M","M","R","B","B"],"character_chosen":"IRONCLAD","items_purchased":["Pommel Strike","Orrery"],"campfire_rested":3,"item_purchase_floors":[11,38],"current_hp_per_floor":[37,85,84,81,81,81,51,51,51,35,35,33,37,29,29,13,67,58,64,43,43,43,7,32,18,18,18,8,33,33,37,62,13,67,71,57,60,75,75,60,60,54,54,44,26,26,29,29,29,15,0,0],"gold":146,"neow_bonus":"RANDOM_COLORLESS_2","is_daily":false,"chose_seed":false,"campfire_upgraded":3,"win_rate":0.0,"timestamp":1612750859,"path_taken":["M","?","M","?","?","R","E","R","T","M","$","E","?","M","R","BOSS","M","M","?","$","M","E","R","M","T","?","M","R","?","M","R","BOSS","M","?","M","$","M","E","R","E","T","?","M","E","M","M","R","BOSS","BOSS"],"items_purchased_type":["Card","Relic"],"build_version":"2020-12-22","purchased_purges":3,"victory":false,"max_hp_per_floor":[75,85,85,85,85,85,85,85,85,85,85,85,85,85,85,85,85,85,85,85,85,85,85,85,85,85,85,85,85,85,85,85,85,85,85,85,85,85,85,85,85,85,85,85,85,85,85,85,85,85,85,85],"relic_stats":{"Centennial Puzzle":[57],"Regal Pillow":0,"counters":[29,124],"Snecko Eye":[100,117,118,104],"MealTicket":15,"Prayer Wheel":5,"Pen Nib":[3],"Juzu Bracelet":1,"Kunai":[10],"obtain_stats":[{"Girya":17,"Regal Pillow":46,"Nilry\u0027s Codex":20,"Pen Nib":40,"Juzu Bracelet":23,"Burning Blood":0,"White Beast Statue":7,"WarpedTongs":5,"Du-Vu Doll":12,"Calling Bell":17,"Centennial Puzzle":17,"Bottled Flame":42,"Snecko Eye":34,"Orrery":38,"MealTicket":30,"Prayer Wheel":36,"Kunai":17,"Red Skull":26,"Paper Frog":9},{"Girya":9,"Regal Pillow":25,"Nilry\u0027s Codex":11,"Pen Nib":22,"Juzu Bracelet":13,"Burning Blood":0,"White Beast Statue":4,"WarpedTongs":3,"Du-Vu Doll":6,"Calling Bell":9,"Centennial Puzzle":9,"Bottled Flame":23,"Snecko Eye":17,"Orrery":20,"MealTicket":15,"Prayer Wheel":19,"Kunai":9,"Red Skull":14,"Paper Frog":4},{"Girya":38,"Regal Pillow":112,"Nilry\u0027s Codex":44,"Pen Nib":97,"Juzu Bracelet":52,"Burning Blood":0,"White Beast Statue":20,"WarpedTongs":13,"Du-Vu Doll":27,"Calling Bell":38,"Centennial Puzzle":38,"Bottled Flame":105,"Snecko Eye":71,"Orrery":84,"MealTicket":58,"Prayer Wheel":77,"Kunai":38,"Red Skull":54,"Paper Frog":20}],"Burning Blood":168,"WarpedTongs":[111]},"card_choices":[{"not_picked":["Panache","Magnetism"],"picked":"Secret Weapon","floor":0.0},{"not_picked":["Evolve","Flex","Clash"],"picked":"SKIP","floor":1.0},{"not_picked":["True Grit","Flex"],"picked":"Combust","floor":3.0},{"not_picked":["Clash","Body Slam"],"picked":"Shrug It Off","floor":4.0},{"not_picked":["Clothesline","Thunderclap"],"picked":"Sword Boomerang","floor":7.0},{"not_picked":["Rage","Sword Boomerang"],"picked":"Spot Weakness","floor":10.0},{"not_picked":["Body Slam","Wild Strike"],"picked":"Twin Strike","floor":12.0},{"not_picked":["Pommel Strike","Dual Wield"],"picked":"Battle Trance","floor":13.0},{"not_picked":["Body Slam","Armaments"],"picked":"Evolve","floor":14.0},{"not_picked":["Bludgeon","Corruption"],"picked":"Offering","floor":16.0},{"not_picked":["Twin Strike","Headbutt"],"picked":"Anger","floor":18.0},{"not_picked":["Heavy Blade","Intimidate","Whirlwind"],"picked":"SKIP","floor":19.0},{"not_picked":["Sword Boomerang","Cleave"],"picked":"Wild Strike","floor":22.0},{"not_picked":["Warcry+1","Armaments","Anger"],"picked":"SKIP","floor":23.0},{"not_picked":["Clash","Dark Embrace"],"picked":"Fiend Fire","floor":25.0},{"not_picked":["Thunderclap","Carnage"],"picked":"True Grit","floor":28.0},{"not_picked":["Entrench","Shrug It Off"],"picked":"Shockwave","floor":31.0},{"not_picked":["Brutality","Offering"],"picked":"Impervious","floor":33.0},{"not_picked":["Heavy Blade","Blood for Blood","Cleave"],"picked":"SKIP","floor":35.0},{"not_picked":["Thunderclap","Perfected Strike","Flex"],"picked":"SKIP","floor":37.0},{"not_picked":["Uppercut","Entrench+1","Wild Strike"],"picked":"SKIP","floor":37.0},{"not_picked":["Headbutt","Clothesline"],"picked":"Demon Form","floor":38.0},{"not_picked":["Iron Wave","Clash"],"picked":"Heavy Blade+1","floor":38.0},{"not_picked":["Wild Strike+1","Shrug It Off"],"picked":"Barricade","floor":38.0},{"not_picked":["Exhume","Feel No Pain"],"picked":"Seeing Red+1","floor":38.0},{"not_picked":["Anger","Iron Wave"],"picked":"Flame Barrier","floor":39.0},{"not_picked":["Thunderclap","Barricade","Spot Weakness"],"picked":"SKIP","floor":39.0},{"not_picked":["Iron Wave","True Grit","Clash+1"],"picked":"SKIP","floor":40.0},{"not_picked":["Bludgeon","Clash"],"picked":"Shrug It Off+1","floor":42.0},{"not_picked":["Headbutt+1","Iron Wave"],"picked":"True Grit+1","floor":45.0},{"not_picked":["Hemokinesis","Burning Pact","Carnage"],"picked":"SKIP","floor":45.0},{"not_picked":["Blood for Blood+1","Havoc+1"],"picked":"Corruption","floor":46.0},{"not_picked":["Heavy Blade+1","Iron Wave+1"],"picked":"Metallicize+1","floor":47.0},{"not_picked":["Heavy Blade","Iron Wave"],"picked":"Dual Wield+1","floor":47.0},{"not_picked":["Shrug It Off","Shockwave+1"],"picked":"Power Through","floor":48.0},{"not_picked":["Twin Strike+1","Heavy Blade","Seeing Red"],"picked":"SKIP","floor":48.0}],"player_experience":95727,"relics_obtained":[{"floor":7.0,"key":"White Beast Statue"},{"floor":9.0,"key":"Paper Frog"},{"floor":12.0,"key":"Du-Vu Doll"},{"floor":17.0,"key":"Centennial Puzzle"},{"floor":17.0,"key":"Kunai"},{"floor":17.0,"key":"Girya"},{"floor":20.0,"key":"Nilry\u0027s Codex"},{"floor":23.0,"key":"Juzu Bracelet"},{"floor":26.0,"key":"Red Skull"},{"floor":36.0,"key":"Prayer Wheel"},{"floor":40.0,"key":"Pen Nib"},{"floor":42.0,"key":"Bottled Flame"},{"floor":46.0,"key":"Regal Pillow"}],"event_choices":[{"cards_removed":["Secret Weapon"],"damage_healed":38.0,"max_hp_gain":10.0,"max_hp_loss":0.0,"gold_gain":0.0,"event_name":"Bonfire Elementals","player_choice":"Offered Rare","floor":2.0,"gold_loss":0.0,"damage_taken":0.0},{"damage_healed":0.0,"max_hp_gain":0.0,"max_hp_loss":0.0,"gold_gain":0.0,"event_name":"Accursed Blacksmith","player_choice":"Rummage","floor":5.0,"gold_loss":0.0,"damage_taken":0.0,"relics_obtained":["WarpedTongs"],"cards_obtained":["Pain"]},{"damage_healed":0.0,"max_hp_gain":0.0,"max_hp_loss":0.0,"gold_gain":0.0,"event_name":"Cursed Tome","player_choice":"Obtained Book","floor":20.0,"gold_loss":0.0,"damage_taken":21.0},{"damage_healed":0.0,"max_hp_gain":0.0,"max_hp_loss":0.0,"gold_gain":0.0,"event_name":"Match and Keep!","player_choice":"1 cards matched","floor":27.0,"gold_loss":0.0,"damage_taken":0.0,"cards_obtained":["Shrug It Off"]},{"damage_healed":0.0,"max_hp_gain":0.0,"max_hp_loss":0.0,"gold_gain":0.0,"event_name":"Addict","player_choice":"Obtained Relic","floor":30.0,"gold_loss":85.0,"damage_taken":0.0,"relics_obtained":["MealTicket"]},{"damage_healed":0.0,"max_hp_gain":0.0,"max_hp_loss":0.0,"gold_gain":0.0,"event_name":"Mysterious Sphere","player_choice":"Fight","floor":36.0,"gold_loss":0.0,"damage_taken":0.0},{"damage_healed":0.0,"max_hp_gain":0.0,"max_hp_loss":0.0,"gold_gain":0.0,"event_name":"SensoryStone","player_choice":"Memory 3","floor":44.0,"gold_loss":0.0,"damage_taken":10.0}],"is_beta":false,"boss_relics":[{"not_picked":["Busted Crown","Runic Dome"],"picked":"Calling Bell"},{"not_picked":["Fusion Hammer","Tiny House"],"picked":"Snecko Eye"}],"items_purged_floors":[11,21,38],"is_endless":false,"potions_floor_spawned":[1,7,10,12,13,14,16,18,19,22,23,25,28,31,33,35,36,37,39,40,42,45,46,47,48],"killed_by":"Time Eater","ascension_level":20}}