{"host":"15dd7v8o90xso62x","time":1612783682,"event":{"mods":["BaseMod","Minty Spire (QoL Compilation)","Quick Restart","StSLib","SuperFastMode"],"gold_per_floor":[116,116,131,142,142,142,171,171,198,211,222,232,263,277,277,353,403,423,423,469,480,497,497,497,497],"floor_reached":24,"language":"KOR","playtime":1019,"items_purged":[],"score":420,"play_id":"879c9d31-9237-4cc2-aa27-7f06fbf9bd87","local_time":"20210208202802","is_ascension_mode":true,"campfire_choices":[{"data":"Predator","floor":6.0,"key":"SMITH"},{"data":"Riddle With Holes","floor":8.0,"key":"SMITH"},{"floor":15,"key":"REST"},{"data":"Phantasmal Killer","floor":23,"key":"SMITH"}],"circlet_count":0,"master_deck":["AscendersBane","Strike_G","Strike_G","Strike_G","Strike_G","Defend_G","Defend_G","Defend_G","Defend_G+1","Survivor","Neutralize","Riddle With Holes+1","Predator+1","Tactician","Blur","Escape Plan","Phantasmal Killer+1","Die Die Die","Noxious Fumes","Backstab","Acrobatics"],"relics":["Ring of the Snake","NeowsBlessing","Oddly Smooth Stone","Happy Flower","Mercury Hourglass","Tiny House","Vajra"],"acts_visited":["Exordium","TheCity"],"potions_floor_usage":[12,13,13,16,24],"damage_taken":[{"damage":0.0,"enemies":"2 Louse","floor":1.0,"turns":1.0},{"damage":0.0,"enemies":"Cultist","floor":3.0,"turns":1.0},{"damage":0.0,"enemies":"Jaw Worm","floor":4.0,"turns":1.0},{"damage":17.0,"enemies":"3 Sentries","floor":7.0,"turns":8.0},{"damage":0.0,"enemies":"Large Slime","floor":10.0,"turns":4.0},{"damage":0.0,"enemies":"2 Fungi Beasts","floor":11.0,"turns":2.0},{"damage":0,"enemies":"Gremlin Gang","floor":12,"turns":4},{"damage":30,"enemies":"Lagavulin","floor":13,"turns":7},{"damage":18,"enemies":"Exordium Thugs","floor":14,"turns":4},{"damage":14,"enemies":"Slime Boss","floor":16,"turns":9},{"damage":11,"enemies":"Spheric Guardian","floor":18,"turns":3},{"damage":28,"enemies":"3 Byrds","floor":21,"turns":6},{"damage":9,"enemies":"3 Cultists","floor":22,"turns":4},{"damage":14,"enemies":"Snake Plant","floor":24,"turns":3}],"seed_played":"-1277310978399473404","potions_obtained":[{"floor":3.0,"key":"Dexterity Potion"},{"floor":4.0,"key":"SteroidPotion"},{"floor":11.0,"key":"LiquidMemories"},{"floor":12,"key":"Regen Potion"},{"floor":14,"key":"CultistPotion"},{"floor":17,"key":"GhostInAJar"},{"floor":18,"key":"Swift Potion"}],"is_trial":false,"path_per_floor":["M","?","M","M","?","R","E","R","T","M","M","M","E","M","R","B",null,"M","?","T","M","M","R","M"],"character_chosen":"THE_SILENT","items_purchased":[],"campfire_rested":1,"item_purchase_floors":[],"current_hp_per_floor":[59,59,59,59,52,52,35,35,35,35,35,35,20,2,21,7,56,45,45,45,17,8,8,0,0],"gold":497,"neow_bonus":"THREE_ENEMY_KILL","is_daily":false,"chose_seed":false,"campfire_upgraded":3,"win_rate":0.0,"timestamp":1612783682,"path_taken":["M","?","?","M","?","R","E","R","T","M","M","M","E","M","R","BOSS","M","?","?","M","M","R","M"],"items_purchased_type":[],"build_version":"2020-12-22","purchased_purges":0,"victory":false,"max_hp_per_floor":[66,66,66,66,66,66,66,66,66,66,66,66,66,66,66,66,71,71,71,71,71,71,71,71,71],"card_choices":[{"not_picked":["Deadly Poison","PiercingWail"],"picked":"Riddle With Holes","floor":1.0},{"not_picked":["Accuracy","Quick Slash"],"picked":"Predator","floor":3.0},{"not_picked":["All Out Attack","Underhanded Strike"],"picked":"Tactician","floor":4.0},{"not_picked":["Bane","Setup"],"picked":"Blur","floor":7.0},{"not_picked":["Blur","Reflex","Sucker Punch"],"picked":"SKIP","floor":10.0},{"not_picked":["Setup","Blur"],"picked":"Escape Plan","floor":11.0},{"not_picked":["Poisoned Stab","Setup","Dodge and Roll"],"picked":"SKIP","floor":12},{"not_picked":["Tactician","Poisoned Stab"],"picked":"Phantasmal Killer","floor":13},{"not_picked":["Dagger Throw","PiercingWail","Tactician"],"picked":"SKIP","floor":14},{"not_picked":["Doppelganger","Unload"],"picked":"Die Die Die","floor":16},{"not_picked":["Dodge and Roll","Dagger Spray"],"picked":"Noxious Fumes","floor":17},{"not_picked":["Deadly Poison","Flying Knee","Sucker Punch"],"picked":"SKIP","floor":18},{"not_picked":["Dagger Spray+1","Phantasmal Killer"],"picked":"Backstab","floor":21},{"not_picked":["Quick Slash","Finisher+1"],"picked":"Acrobatics","floor":22}],"player_experience":941499,"relics_obtained":[{"floor":7.0,"key":"Oddly Smooth Stone"},{"floor":9.0,"key":"Happy Flower"},{"floor":13,"key":"Mercury Hourglass"},{"floor":20,"key":"Vajra"}],"event_choices":[{"cards_removed":["Defend_G"],"damage_healed":0.0,"max_hp_gain":0.0,"max_hp_loss":0.0,"gold_gain":0.0,"event_name":"Purifier","player_choice":"Purged","floor":2.0,"gold_loss":0.0,"damage_taken":0.0},{"cards_removed":["Strike_G"],"damage_healed":0.0,"max_hp_gain":0.0,"max_hp_loss":0.0,"gold_gain":0.0,"event_name":"Golden Wing","player_choice":"Card Removal","floor":5.0,"gold_loss":0.0,"damage_taken":7.0},{"damage_healed":0,"gold_gain":0,"player_choice":"Ignored","damage_taken":0,"max_hp_gain":0,"max_hp_loss":0,"event_name":"The Mausoleum","floor":19,"gold_loss":0}],"is_beta":false,"boss_relics":[{"not_picked":["Ring of the Serpent","Velvet Choker"],"picked":"Tiny House"}],"items_purged_floors":[],"is_endless":false,"potions_floor_spawned":[3,4,11,12,14,18],"killed_by":"Snake Plant","ascension_level":20}}