{"host":"1te4apcktyw9778t","time":1612757170,"event":{"mods":["BaseMod","Colored Powertips","Minty Spire (QoL Compilation)","Relic Stats"],"gold_per_floor":[117,127,127,140,156,156,189,208,208,208,52,77,77,108,108,206,206,231,244,169,16,16,357,357,10,10,33,74,74,74,99,99,195,195,210,543,543,559,578,578,607,328,328,328,348,375,48,80,80,80,80,80,5,30,30],"floor_reached":56,"language":"ENG","playtime":8179,"items_purged":["Strike_B","Strike_B+1"],"score":2294,"play_id":"e1bd2859-fd2a-484f-b087-3726e85ff9c9","local_time":"20210207230610","is_ascension_mode":true,"campfire_choices":[{"floor":15,"key":"REST"},{"data":"Buffer","floor":24,"key":"SMITH"},{"data":"Echo Form","floor":32,"key":"SMITH"},{"data":"Biased Cognition","floor":40,"key":"SMITH"},{"floor":49,"key":"RECALL"},{"data":"Defragment","floor":52,"key":"SMITH"}],"circlet_count":0,"master_deck":["AscendersBane","Defend_B","Defend_B","Defend_B","Defend_B+1","Zap","Dualcast","Sunder+1","Compile Driver","Core Surge","Turbo","Echo Form+1","Cold Snap","Glacier","Buffer+1","Self Repair","Static Discharge","Panache","Ball Lightning","Chill","Coolheaded","Biased Cognition+1","BootSequence+1","Master of Strategy","Finesse","Coolheaded+1","Glacier","Defragment+1","Go for the Eyes+1","Capacitor"],"relics":["Cracked Core","Centennial Puzzle","MealTicket","Thread and Needle","Mercury Hourglass","Runic Pyramid","Old Coin","Art of War","Bag of Marbles","Nuclear Battery","Nunchaku","Bottled Tornado","HornCleat","Question Card","Mummified Hand","Bag of Preparation","Lantern"],"acts_visited":["Exordium","TheCity","TheBeyond","TheEnding"],"potions_floor_usage":[7,8,23,55,55],"damage_taken":[{"damage":6,"enemies":"2 Louse","floor":1,"turns":2},{"damage":0,"enemies":"Small Slimes","floor":2,"turns":3},{"damage":1,"enemies":"Cultist","floor":4,"turns":3},{"damage":0,"enemies":"3 Louse","floor":5,"turns":3},{"damage":23,"enemies":"3 Sentries","floor":7,"turns":6},{"damage":4,"enemies":"Exordium Thugs","floor":8,"turns":3},{"damage":0,"enemies":"Looter","floor":12,"turns":3},{"damage":12,"enemies":"Gremlin Nob","floor":14,"turns":3},{"damage":6,"enemies":"Hexaghost","floor":16,"turns":10},{"damage":5,"enemies":"Spheric Guardian","floor":18,"turns":4},{"damage":1,"enemies":"Chosen","floor":19,"turns":4},{"damage":30,"enemies":"Slavers","floor":23,"turns":6},{"damage":3,"enemies":"Centurion and Healer","floor":27,"turns":5},{"damage":7,"enemies":"Gremlin Leader","floor":28,"turns":8},{"damage":0,"enemies":"Snecko","floor":31,"turns":5},{"damage":0,"enemies":"Automaton","floor":33,"turns":10},{"damage":3,"enemies":"3 Darklings","floor":35,"turns":7},{"damage":0,"enemies":"Orb Walker","floor":38,"turns":5},{"damage":8,"enemies":"Sphere and 2 Shapes","floor":39,"turns":5},{"damage":7,"enemies":"Giant Head","floor":41,"turns":11},{"damage":0,"enemies":"4 Shapes","floor":45,"turns":6},{"damage":2,"enemies":"Nemesis","floor":46,"turns":9},{"damage":0,"enemies":"Giant Head","floor":48,"turns":10},{"damage":0,"enemies":"Donu and Deca","floor":50,"turns":14},{"damage":0,"enemies":"Shield and Spear","floor":54,"turns":9},{"damage":15,"enemies":"The Heart","floor":55,"turns":14}],"seed_played":"-2920308093870524756","potions_obtained":[{"floor":1,"key":"PowerPotion"},{"floor":5,"key":"LiquidBronze"},{"floor":7,"key":"BlessingOfTheForge"},{"floor":14,"key":"Fire Potion"},{"floor":18,"key":"Swift Potion"},{"floor":23,"key":"SmokeBomb"},{"floor":27,"key":"GamblersBrew"},{"floor":41,"key":"DuplicationPotion"},{"floor":46,"key":"GamblersBrew"}],"is_trial":false,"path_per_floor":["M","M","?","M","M","?","E","M","T","?","$","M","?","E","R","B",null,"M","M","?","$","?","E","R","$","T","M","E","?","T","M","R","B",null,"M","?","?","M","M","R","E","$","T","?","M","E","$","E","R","B",null,"R","$","E","B",null],"character_chosen":"DEFECT","items_purchased":["Echo Form","Self Repair","Panache","Ball Lightning","Bottled Tornado","Defragment","Mummified Hand","Capacitor"],"campfire_rested":1,"item_purchase_floors":[11,21,25,25,42,47,47,53],"current_hp_per_floor":[58,58,37,36,36,36,13,9,9,9,24,24,24,12,31,25,54,49,48,48,63,63,47,47,62,62,64,64,64,64,64,64,64,64,64,64,64,64,63,63,63,64,64,54,64,64,64,64,64,64,64,64,64,64,63],"gold":30,"neow_bonus":"RANDOM_COMMON_RELIC","is_daily":false,"chose_seed":false,"campfire_upgraded":4,"win_rate":0.0,"timestamp":1612757170,"path_taken":["M","M","?","M","M","?","E","?","T","?","?","M","?","E","R","BOSS","M","?","?","$","?","E","R","$","T","M","E","?","?","M","R","BOSS","M","?","?","M","M","R","E","$","T","?","?","E","$","E","R","BOSS","R","$","E","BOSS"],"items_purchased_type":["Card","Card","Card","Card","Relic","Card","Relic","Card"],"build_version":"2020-12-22","purchased_purges":2,"victory":true,"max_hp_per_floor":[71,71,71,71,71,71,71,71,71,64,64,64,64,64,64,64,64,64,64,64,64,64,64,64,64,64,64,64,64,64,64,64,64,64,64,64,64,64,64,64,64,64,64,64,64,64,64,64,64,64,64,64,64,64,64],"relic_stats":{"Centennial Puzzle":[48],"Nunchaku":[9],"counters":[26,167],"Mummified Hand":[57],"MealTicket":46,"Art of War":[34],"Bag of Preparation":[6],"Question Card":2,"obtain_stats":[{"Lantern":54,"Golden Idol":10,"Thread and Needle":9,"Bag of Preparation":48,"Bottled Tornado":42,"Question Card":46,"Mercury Hourglass":14,"Old Coin":23,"Nuclear Battery":34,"Centennial Puzzle":0,"Nunchaku":41,"HornCleat":43,"Mummified Hand":47,"MealTicket":7,"Art of War":26,"Bag of Marbles":28,"Cracked Core":0,"Runic Pyramid":17},{"Lantern":25,"Golden Idol":6,"Thread and Needle":6,"Bag of Preparation":23,"Bottled Tornado":20,"Question Card":22,"Mercury Hourglass":8,"Old Coin":12,"Nuclear Battery":16,"Centennial Puzzle":0,"Nunchaku":20,"HornCleat":20,"Mummified Hand":22,"MealTicket":5,"Art of War":12,"Bag of Marbles":14,"Cracked Core":0,"Runic Pyramid":9},{"Lantern":153,"Golden Idol":20,"Thread and Needle":20,"Bag of Preparation":130,"Bottled Tornado":105,"Question Card":120,"Mercury Hourglass":26,"Old Coin":50,"Nuclear Battery":78,"Centennial Puzzle":0,"Nunchaku":105,"HornCleat":105,"Mummified Hand":120,"MealTicket":17,"Art of War":50,"Bag of Marbles":63,"Cracked Core":0,"Runic Pyramid":36}],"Mercury Hourglass":[510]},"card_choices":[{"not_picked":["Chill","Coolheaded"],"picked":"Sunder","floor":1},{"not_picked":["Beam Cell","Reinforced Body"],"picked":"Compile Driver","floor":4},{"not_picked":["Sunder","Steam"],"picked":"Coolheaded","floor":5},{"not_picked":["Aggregate","Sweeping Beam"],"picked":"Core Surge","floor":7},{"not_picked":["Tempest","Coolheaded"],"picked":"Turbo","floor":8},{"not_picked":["White Noise","Sunder"],"picked":"Cold Snap","floor":12},{"not_picked":["Go for the Eyes","Cold Snap"],"picked":"Glacier","floor":14},{"not_picked":["Multi-Cast","Reboot"],"picked":"Buffer","floor":16},{"not_picked":["Reinforced Body","Rip and Tear+1","Gash"],"picked":"SKIP","floor":18},{"not_picked":["Compile Driver","Conserve Battery","Gash"],"picked":"SKIP","floor":19},{"not_picked":["Compile Driver","Conserve Battery","Gash"],"picked":"SKIP","floor":19},{"not_picked":["Fission","Leap"],"picked":"Static Discharge","floor":23},{"not_picked":["Gash","Cold Snap"],"picked":"Chill","floor":27},{"not_picked":["Undo","Redo","Sunder"],"picked":"SKIP","floor":28},{"not_picked":["Undo","Storm+1"],"picked":"Coolheaded","floor":31},{"not_picked":["Buffer","Creative AI"],"picked":"Biased Cognition","floor":33},{"not_picked":["Sweeping Beam","Leap","Barrage"],"picked":"SKIP","floor":35},{"not_picked":["Sweeping Beam","Ball Lightning","Beam Cell"],"picked":"SKIP","floor":38},{"not_picked":["Rebound","Lockon","Beam Cell"],"picked":"SKIP","floor":39},{"not_picked":["Rebound","Lockon","Beam Cell"],"picked":"SKIP","floor":39},{"not_picked":["Auto Shields+1","Blizzard"],"picked":"BootSequence+1","floor":41},{"not_picked":["Dramatic Entrance","Deep Breath"],"picked":"Master of Strategy","floor":44},{"not_picked":["Bandage Up","Forethought"],"picked":"Finesse","floor":44},{"not_picked":["Chill+1","Compile Driver"],"picked":"Coolheaded+1","floor":45},{"not_picked":["Reinforced Body","Compile Driver"],"picked":"Glacier","floor":46},{"not_picked":["Streamline","Barrage","Auto Shields"],"picked":"Go for the Eyes+1","floor":48},{"not_picked":["FTL+1","Rebound","Ball Lightning","Beam Cell+1"],"picked":"SKIP","floor":54}],"player_experience":1118519,"relics_obtained":[{"floor":7,"key":"MealTicket"},{"floor":9,"key":"Thread and Needle"},{"floor":14,"key":"Mercury Hourglass"},{"floor":23,"key":"Old Coin"},{"floor":26,"key":"Art of War"},{"floor":28,"key":"Bag of Marbles"},{"floor":41,"key":"Nunchaku"},{"floor":43,"key":"HornCleat"},{"floor":46,"key":"Question Card"},{"floor":48,"key":"Bag of Preparation"},{"floor":54,"key":"Lantern"}],"event_choices":[{"damage_healed":0,"gold_gain":0,"player_choice":"Entered Light","damage_taken":21,"max_hp_gain":0,"max_hp_loss":0,"event_name":"Shining Light","floor":3,"gold_loss":0,"cards_upgraded":["Defend_B","Strike_B"]},{"damage_healed":0,"gold_gain":0,"player_choice":"Upgraded","damage_taken":0,"max_hp_gain":0,"max_hp_loss":0,"event_name":"Upgrade Shrine","floor":6,"gold_loss":0,"cards_upgraded":["Sunder"]},{"damage_healed":0,"gold_gain":0,"player_choice":"Lose Max HP","damage_taken":0,"relics_obtained":["Golden Idol"],"max_hp_gain":0,"max_hp_loss":7,"event_name":"Golden Idol","floor":10,"gold_loss":0},{"cards_removed":["Strike_B"],"damage_healed":0,"gold_gain":0,"player_choice":"Offered Basic","damage_taken":0,"max_hp_gain":0,"max_hp_loss":0,"event_name":"Bonfire Elementals","floor":13,"gold_loss":0},{"cards_removed":["Strike_B"],"damage_healed":0,"gold_gain":0,"player_choice":"Gave Gold","damage_taken":0,"max_hp_gain":0,"max_hp_loss":0,"event_name":"Beggar","floor":20,"gold_loss":75},{"damage_healed":0,"gold_gain":0,"player_choice":"Ignored","damage_taken":0,"max_hp_gain":0,"max_hp_loss":0,"event_name":"Vampires","floor":22,"gold_loss":0},{"damage_healed":0,"gold_gain":333,"player_choice":"Gave Idol","damage_taken":0,"max_hp_gain":0,"max_hp_loss":0,"event_name":"The Moai Head","floor":36,"relics_lost":["Golden Idol"],"gold_loss":0},{"cards_removed":["Coolheaded"],"damage_healed":0,"gold_gain":0,"player_choice":"Removed Skill","damage_taken":0,"max_hp_gain":0,"max_hp_loss":0,"event_name":"Falling","floor":37,"gold_loss":0},{"damage_healed":0,"gold_gain":0,"player_choice":"Memory 3","damage_taken":10,"max_hp_gain":0,"max_hp_loss":0,"event_name":"SensoryStone","floor":44,"gold_loss":0}],"is_beta":false,"boss_relics":[{"not_picked":["Sozu","FrozenCore"],"picked":"Runic Pyramid"},{"not_picked":["SacredBark","Inserter"],"picked":"Nuclear Battery"}],"items_purged_floors":[21,25],"is_endless":false,"potions_floor_spawned":[1,5,7,14,18,23,27,35,41,46,48,54],"ascension_level":16}}