{"host":"fevvm7bbzuh4s1jc","time":1612810949,"event":{"mods":["BaseMod","Highlight Path","Minty Spire (QoL Compilation)","Relic Stats"],"gold_per_floor":[114,84,104,122,132,132,142,142,191,191,191],"floor_reached":10,"language":"ENG","playtime":569,"items_purged":[],"score":120,"play_id":"2a262708-9a9f-427e-bb99-190f4aef2d8d","local_time":"20210208140229","is_ascension_mode":true,"campfire_choices":[{"data":"JustLucky","floor":6.0,"key":"SMITH"},{"data":"Eruption","floor":8.0,"key":"SMITH"}],"circlet_count":0,"master_deck":["AscendersBane","Strike_P","Strike_P","Strike_P","Strike_P","Defend_P","Defend_P","Defend_P","Defend_P","Eruption+1","Vigilance","Wireheading","WindmillStrike","CutThroughFate","JustLucky+1","JustLucky"],"relics":["PureWater","Ice Cream","Dream Catcher"],"acts_visited":["Exordium"],"potions_floor_usage":[],"damage_taken":[{"damage":0.0,"enemies":"Cultist","floor":1.0,"turns":3.0},{"damage":14.0,"enemies":"Small Slimes","floor":3.0,"turns":5.0},{"damage":0.0,"enemies":"2 Louse","floor":4.0,"turns":2.0},{"damage":2.0,"enemies":"2 Fungi Beasts","floor":5.0,"turns":3.0},{"damage":3.0,"enemies":"Blue Slaver","floor":7.0,"turns":5.0},{"damage":24,"enemies":"3 Sentries","floor":10,"turns":6}],"seed_played":"-6249848152411233420","potions_obtained":[{"floor":1.0,"key":"Strength Potion"},{"floor":2.0,"key":"FearPotion"}],"is_trial":false,"path_per_floor":["M","?","M","M","M","R","M","R","T","E"],"character_chosen":"WATCHER","items_purchased":[],"campfire_rested":0,"item_purchase_floors":[],"current_hp_per_floor":[43,43,29,29,27,27,24,24,24,0,0],"gold":191,"neow_bonus":"ONE_RARE_RELIC","is_daily":false,"chose_seed":false,"campfire_upgraded":2,"win_rate":0.0,"timestamp":1612810949,"path_taken":["M","?","M","M","?","R","M","R","T","E"],"items_purchased_type":[],"build_version":"2020-12-22","purchased_purges":0,"victory":false,"max_hp_per_floor":[68,68,68,68,68,68,68,68,68,68,68],"relic_stats":{"Dream Catcher":0,"counters":[6,24],"obtain_stats":[{"Ice Cream":0,"Dream Catcher":9,"PureWater":0},{"Ice Cream":0,"Dream Catcher":5,"PureWater":0},{"Ice Cream":0,"Dream Catcher":18,"PureWater":0}]},"card_choices":[{"not_picked":["Evaluate","Study"],"picked":"Wireheading","floor":1.0},{"not_picked":["Evaluate","Weave"],"picked":"WindmillStrike","floor":3.0},{"not_picked":["FollowUp","Study"],"picked":"CutThroughFate","floor":4.0},{"not_picked":["SashWhip","FollowUp"],"picked":"JustLucky","floor":5.0},{"not_picked":["FlyingSleeves","Indignation"],"picked":"JustLucky","floor":7.0}],"player_experience":2798902,"relics_obtained":[{"floor":9.0,"key":"Dream Catcher"}],"event_choices":[{"damage_healed":0.0,"max_hp_gain":0.0,"max_hp_loss":0.0,"gold_gain":0.0,"event_name":"The Woman in Blue","player_choice":"Bought 2 Potions","floor":2.0,"gold_loss":0.0,"damage_taken":0.0}],"is_beta":false,"boss_relics":[],"items_purged_floors":[],"is_endless":false,"potions_floor_spawned":[1,4],"killed_by":"3 Sentries","ascension_level":20}}