{"host":"wshey5htrz8rni6u","time":1612760244,"event":{"mods":["2.2 Compatiblity","BaseMod","Best Route Mod","Block Reminder","Colored Map","Colored Powertips","Current Relic Mod","Curses Come First","Dark Map","Key Reminder","Minty Spire (QoL Compilation)","Potion Indicator Mod","Quick Restart","Random Character Button","Relic Sorter","Relic Stats","StSLib","SuperFastMode","Unceasing Turn Reminder"],"gold_per_floor":[111,125,125,125,145,180,180,105,105,121,152,152,152,168,168,293,293,308,348,93,93,114,114,148,164,164,164,16,32,68,81,81,204,204,219,118,138,138,66,101,101,117,141,184,204,18,36,36,36,36],"floor_reached":51,"language":"ENG","playtime":4106,"items_purged":["Regret","Strike_R","Strike_R","Strike_R+1"],"score":830,"play_id":"686d4585-2920-4bce-96f1-96029a7f4354","local_time":"20210207205724","is_ascension_mode":false,"campfire_choices":[{"data":"Bash","floor":7,"key":"SMITH"},{"data":"True Grit","floor":15,"key":"SMITH"},{"data":"1","floor":23,"key":"LIFT"},{"data":"2","floor":27,"key":"LIFT"},{"data":"Armaments","floor":32,"key":"SMITH"},{"data":"3","floor":41,"key":"LIFT"},{"floor":49,"key":"REST"}],"circlet_count":0,"master_deck":["Defend_R","Defend_R","Defend_R+1","Defend_R","Bash+1","Fiend Fire","Combust","Sword Boomerang","Carnage","Thunderclap","Shrug It Off","True Grit+1","Uppercut","Feed","Clothesline","True Grit","Reaper","Ghostly Armor","Panacea","Twin Strike","Armaments+1","Dual Wield","Corruption","Armaments+1","Shrug It Off","Heavy Blade","Limit Break","Dark Embrace","Demon Form","Uppercut+1","Armaments+1","Shrug It Off+1","Shockwave","Dark Embrace+1","Madness","Madness"],"relics":["Burning Blood","Girya","Golden Idol","Thread and Needle","Lizard Tail","Lantern","Snecko Eye","Red Mask","Bag of Preparation","Red Skull","Membership Card","HornCleat","Fusion Hammer","Happy Flower","Gambling Chip","Toy Ornithopter","Self Forming Clay","Medical Kit"],"acts_visited":["Exordium","TheCity","TheBeyond"],"potions_floor_usage":[11,11,16,33,50,50,50],"damage_taken":[{"damage":0,"enemies":"Small Slimes","floor":1,"turns":3},{"damage":0,"enemies":"2 Louse","floor":2,"turns":2},{"damage":1,"enemies":"Cultist","floor":5,"turns":3},{"damage":31,"enemies":"Gremlin Nob","floor":6,"turns":4},{"damage":4,"enemies":"Exordium Thugs","floor":10,"turns":3},{"damage":5,"enemies":"Lagavulin","floor":11,"turns":6},{"damage":3,"enemies":"Gremlin Gang","floor":14,"turns":4},{"damage":54,"enemies":"Hexaghost","floor":16,"turns":13},{"damage":0,"enemies":"Chosen","floor":18,"turns":3},{"damage":51,"enemies":"Masked Bandits","floor":19,"turns":5},{"damage":0,"enemies":"3 Byrds","floor":22,"turns":6},{"damage":15,"enemies":"Gremlin Leader","floor":24,"turns":7},{"damage":0,"enemies":"Centurion and Healer","floor":25,"turns":15},{"damage":0,"enemies":"Chosen and Byrds","floor":29,"turns":7},{"damage":10,"enemies":"Slavers","floor":30,"turns":8},{"damage":0,"enemies":"Shelled Parasite and Fungi","floor":31,"turns":7},{"damage":41,"enemies":"Automaton","floor":33,"turns":9},{"damage":0,"enemies":"3 Shapes","floor":35,"turns":6},{"damage":0,"enemies":"3 Darklings","floor":37,"turns":6},{"damage":9,"enemies":"Reptomancer","floor":40,"turns":7},{"damage":0,"enemies":"Jaw Worm Horde","floor":42,"turns":1},{"damage":0,"enemies":"Giant Head","floor":44,"turns":6},{"damage":9,"enemies":"4 Shapes","floor":45,"turns":6},{"damage":2,"enemies":"Sphere and 2 Shapes","floor":47,"turns":18},{"damage":3,"enemies":"Donu and Deca","floor":50,"turns":9}],"seed_played":"-4123797328752309986","potions_obtained":[{"floor":2,"key":"Block Potion"},{"floor":10,"key":"Explosive Potion"},{"floor":14,"key":"Swift Potion"},{"floor":22,"key":"SmokeBomb"},{"floor":29,"key":"CultistPotion"},{"floor":30,"key":"SpeedPotion"},{"floor":31,"key":"EssenceOfSteel"},{"floor":33,"key":"Regen Potion"},{"floor":37,"key":"DuplicationPotion"},{"floor":44,"key":"LiquidBronze"}],"is_trial":false,"path_per_floor":["M","M","?","?","M","E","R","$","T","M","E","?","?","M","R","B",null,"M","?","$","?","M","R","E","M","T","R","$","M","E","M","R","B",null,"M","$","M","?","$","E","R","M","T","E","M","$","M","?","R","B",null],"character_chosen":"IRONCLAD","items_purchased":["Reaper","Ghostly Armor","Membership Card","Dark Embrace","Happy Flower","Shockwave","Medical Kit"],"campfire_rested":1,"item_purchase_floors":[20,20,28,36,39,46,46],"current_hp_per_floor":[80,80,80,74,74,49,49,49,49,51,52,37,30,33,33,29,74,74,32,32,32,45,45,49,68,68,68,68,84,91,94,94,59,94,97,97,100,100,100,104,104,104,104,108,108,108,122,107,122,122],"gold":36,"neow_bonus":"ONE_RANDOM_RARE_CARD","is_daily":false,"chose_seed":false,"campfire_upgraded":3,"win_rate":0.0,"timestamp":1612760244,"path_taken":["M","M","?","?","M","E","R","$","T","M","E","?","?","M","R","BOSS","M","?","$","?","M","R","E","M","T","R","$","?","E","M","R","BOSS","M","$","M","?","?","E","R","M","T","E","?","$","M","?","R","BOSS"],"items_purchased_type":["Card","Card","Relic","Card","Relic","Card","Relic"],"build_version":"2020-12-13","purchased_purges":4,"victory":true,"max_hp_per_floor":[80,80,80,74,74,74,74,74,74,74,74,74,74,74,74,74,74,74,77,77,77,80,80,80,84,84,84,84,87,91,94,94,94,94,97,97,100,100,100,104,104,104,104,108,111,111,122,122,122,122],"relic_stats":{"Lizard Tail":37,"Happy Flower":[15],"counters":[25,164],"Golden Idol":170,"Self Forming Clay":[6],"Gambling Chip":[20],"Snecko Eye":[257,279,267,240],"Bag of Preparation":[26],"Medical Kit":[6],"obtain_stats":[{"Girya":3,"Lantern":11,"Happy Flower":39,"Golden Idol":4,"Self Forming Clay":44,"Thread and Needle":6,"Bag of Preparation":24,"Medical Kit":46,"Burning Blood":0,"Lizard Tail":9,"HornCleat":30,"Gambling Chip":40,"Snecko Eye":17,"Fusion Hammer":34,"Red Mask":19,"Membership Card":28,"Red Skull":26,"Toy Ornithopter":43},{"Girya":2,"Lantern":6,"Happy Flower":19,"Golden Idol":2,"Self Forming Clay":22,"Thread and Needle":4,"Bag of Preparation":12,"Medical Kit":23,"Burning Blood":0,"Lizard Tail":4,"HornCleat":15,"Gambling Chip":20,"Snecko Eye":8,"Fusion Hammer":17,"Red Mask":10,"Membership Card":13,"Red Skull":13,"Toy Ornithopter":21},{"Girya":5,"Lantern":21,"Happy Flower":117,"Golden Idol":5,"Self Forming Clay":131,"Thread and Needle":12,"Bag of Preparation":59,"Medical Kit":137,"Burning Blood":0,"Lizard Tail":12,"HornCleat":89,"Gambling Chip":124,"Snecko Eye":38,"Fusion Hammer":105,"Red Mask":46,"Membership Card":74,"Red Skull":74,"Toy Ornithopter":125}],"Burning Blood":82,"Toy Ornithopter":3},"card_choices":[{"not_picked":["Anger","Warcry"],"picked":"Combust","floor":1},{"not_picked":["Heavy Blade","Entrench"],"picked":"Sword Boomerang","floor":2},{"not_picked":["Second Wind","Flex"],"picked":"Carnage","floor":5},{"not_picked":["Sword Boomerang","Warcry"],"picked":"Thunderclap","floor":6},{"not_picked":["Anger","Perfected Strike"],"picked":"Shrug It Off","floor":10},{"not_picked":["Pommel Strike","Hemokinesis"],"picked":"True Grit","floor":11},{"not_picked":["Spot Weakness","Seeing Red"],"picked":"Uppercut","floor":14},{"not_picked":["Limit Break","Berserk"],"picked":"Feed","floor":16},{"not_picked":["Body Slam","Shrug It Off"],"picked":"Clothesline","floor":18},{"not_picked":["Warcry","Body Slam"],"picked":"True Grit","floor":19},{"not_picked":["Heavy Blade","Metallicize"],"picked":"Armaments+1","floor":22},{"not_picked":["Body Slam","Heavy Blade"],"picked":"Dual Wield","floor":24},{"not_picked":["Bloodletting","Burning Pact"],"picked":"Corruption","floor":25},{"not_picked":["Anger+1","Cleave"],"picked":"Armaments","floor":29},{"not_picked":["Bloodletting","Seeing Red+1"],"picked":"Shrug It Off","floor":30},{"not_picked":["Burning Pact+1","Flex","Heavy Blade"],"picked":"SKIP","floor":31},{"not_picked":["Burning Pact+1","Flex"],"picked":"Heavy Blade","floor":31},{"not_picked":["Reaper","Impervious"],"picked":"Limit Break","floor":33},{"not_picked":["Twin Strike","Warcry+1","Rupture+1"],"picked":"SKIP","floor":35},{"not_picked":["Spot Weakness","True Grit","Iron Wave"],"picked":"SKIP","floor":37},{"not_picked":["Pummel+1","Dark Embrace"],"picked":"Demon Form","floor":40},{"not_picked":["Flex+1","Power Through+1"],"picked":"Uppercut+1","floor":42},{"not_picked":["Twin Strike+1","Second Wind+1"],"picked":"Armaments+1","floor":44},{"not_picked":["Body Slam+1","Headbutt"],"picked":"Shrug It Off+1","floor":45},{"not_picked":["Anger+1","Pummel"],"picked":"Dark Embrace+1","floor":47}],"player_experience":11171,"relics_obtained":[{"floor":6,"key":"Thread and Needle"},{"floor":9,"key":"Lizard Tail"},{"floor":11,"key":"Lantern"},{"floor":19,"key":"Red Mask"},{"floor":24,"key":"Bag of Preparation"},{"floor":26,"key":"Red Skull"},{"floor":30,"key":"HornCleat"},{"floor":40,"key":"Gambling Chip"},{"floor":43,"key":"Toy Ornithopter"},{"floor":44,"key":"Self Forming Clay"}],"event_choices":[{"damage_healed":0,"gold_gain":0,"player_choice":"Box","damage_taken":0,"relics_obtained":["Girya"],"max_hp_gain":0,"max_hp_loss":0,"event_name":"Big Fish","floor":3,"gold_loss":0,"cards_obtained":["Regret"]},{"damage_healed":0,"gold_gain":0,"player_choice":"Lose Max HP","damage_taken":0,"relics_obtained":["Golden Idol"],"max_hp_gain":0,"max_hp_loss":6,"event_name":"Golden Idol","floor":4,"gold_loss":0},{"damage_healed":0,"gold_gain":0,"player_choice":"Entered Light","damage_taken":15,"max_hp_gain":0,"max_hp_loss":0,"event_name":"Shining Light","floor":12,"gold_loss":0,"cards_upgraded":["Defend_R","Strike_R"]},{"cards_removed":["Strike_R"],"damage_healed":0,"gold_gain":0,"player_choice":"Card Removal","damage_taken":7,"max_hp_gain":0,"max_hp_loss":0,"event_name":"Golden Wing","floor":13,"gold_loss":0},{"damage_healed":0,"gold_gain":0,"player_choice":"Fought Bandits","damage_taken":0,"max_hp_gain":0,"max_hp_loss":0,"event_name":"Masked Bandits","floor":19,"gold_loss":0},{"damage_healed":0,"gold_gain":0,"player_choice":"2 cards matched","damage_taken":0,"max_hp_gain":0,"max_hp_loss":0,"event_name":"Match and Keep!","floor":21,"gold_loss":0,"cards_obtained":["Panacea","Twin Strike"]},{"cards_removed":["Strike_R"],"damage_healed":0,"gold_gain":0,"player_choice":"Offered Basic","damage_taken":0,"max_hp_gain":0,"max_hp_loss":0,"event_name":"Bonfire Elementals","floor":38,"gold_loss":0},{"damage_healed":0,"gold_gain":0,"player_choice":"Embrace Madness","damage_taken":15,"max_hp_gain":0,"max_hp_loss":0,"event_name":"Winding Halls","floor":48,"gold_loss":0,"cards_obtained":["Madness","Madness"]}],"is_beta":false,"boss_relics":[{"not_picked":["Calling Bell","Philosopher\u0027s Stone"],"picked":"Snecko Eye"},{"not_picked":["SacredBark","Empty Cage"],"picked":"Fusion Hammer"}],"items_purged_floors":[8,20,36,46],"is_endless":false,"potions_floor_spawned":[2,10,14,22,29,30,31,33,37,44,47],"ascension_level":0}}