{"host":"19r1ww88x2tc73i0","time":1612761779,"event":{"mods":["BaseMod","BetterRewards","Colored Map","Minty Spire (QoL Compilation)","Relic Stats","StSLib","SuperFastMode","slay the spire mod where everything is the same but ironclad has a cowboy hat"],"gold_per_floor":[113,113,263,281,33,33,61,73,124,154,154,185,185,203,203,299,362,376,376,401,60,60,60],"floor_reached":22,"language":"ENG","playtime":680,"items_purged":["Doubt"],"score":454,"play_id":"90d59312-85d3-4864-a243-2d05554e6428","local_time":"25640208122259","is_ascension_mode":true,"campfire_choices":[{"data":"Leg Sweep","floor":6,"key":"SMITH"},{"data":"Blade Dance","floor":13,"key":"SMITH"},{"data":"Sucker Punch","floor":15,"key":"SMITH"}],"circlet_count":0,"master_deck":["AscendersBane","Strike_G+1","Strike_G+1","Strike_G+1","Strike_G+1","Strike_G+1","Defend_G+1","Defend_G+1","Defend_G+1","Defend_G+1","Defend_G+1","Survivor","Neutralize+1","Sucker Punch+1","Leg Sweep+1","Slice","Blade Dance+1","Unload","PiercingWail","Deadly Poison","Unload","Well Laid Plans","Dagger Spray","Heel Hook","Terror","Noxious Fumes"],"relics":["Ring of the Snake","NeowsBlessing","Sling","Anchor","Ancient Tea Set","Oddly Smooth Stone","Golden Idol","Potion Belt","Tiny House","Happy Flower"],"acts_visited":["Exordium","TheCity"],"potions_floor_usage":[10,16,22],"damage_taken":[{"damage":0,"enemies":"Small Slimes","floor":1,"turns":1},{"damage":0,"enemies":"2 Louse","floor":4,"turns":1},{"damage":0,"enemies":"Lagavulin","floor":7,"turns":1},{"damage":3,"enemies":"Cultist","floor":8,"turns":4},{"damage":15,"enemies":"3 Sentries","floor":10,"turns":5},{"damage":4,"enemies":"Gremlin Nob","floor":12,"turns":3},{"damage":2,"enemies":"Large Slime","floor":14,"turns":4},{"damage":32,"enemies":"The Guardian","floor":16,"turns":16},{"damage":26,"enemies":"3 Byrds","floor":18,"turns":9},{"damage":4,"enemies":"Shell Parasite","floor":20,"turns":7},{"damage":0,"enemies":"Snake Plant","floor":22,"turns":2}],"seed_played":"-8313307792429718160","potions_obtained":[{"floor":1,"key":"Block Potion"},{"floor":8,"key":"CunningPotion"},{"floor":14,"key":"BlessingOfTheForge"},{"floor":16,"key":"Poison Potion"},{"floor":17,"key":"Energy Potion"},{"floor":20,"key":"DuplicationPotion"}],"is_trial":false,"path_per_floor":["M","?","?","M","$","R","E","M","T","E","?","E","R","M","R","B",null,"M","?","M","$","M"],"character_chosen":"THE_SILENT","items_purchased":["Sling","Terror","Noxious Fumes","Happy Flower"],"campfire_rested":0,"item_purchase_floors":[5,21,21,21],"current_hp_per_floor":[59,59,59,59,59,59,59,56,56,41,41,37,37,35,35,3,51,25,25,21,21,21,21],"gold":60,"neow_bonus":"THREE_ENEMY_KILL","is_daily":false,"chose_seed":false,"campfire_upgraded":3,"win_rate":0.0,"timestamp":1612761779,"path_taken":["M","?","?","M","$","R","E","M","T","E","?","E","R","M","R","BOSS","M","?","M","$","M"],"items_purchased_type":["Relic","Card","Card","Relic"],"build_version":"2020-12-22","purchased_purges":1,"victory":false,"max_hp_per_floor":[66,66,66,66,66,66,66,66,66,66,60,60,60,60,60,60,65,65,65,65,65,65,65],"relic_stats":{"Happy Flower":[0],"counters":[11,53],"Golden Idol":50,"obtain_stats":[{"Potion Belt":12,"Anchor":7,"Tiny House":17,"NeowsBlessing":0,"Happy Flower":21,"Golden Idol":11,"Oddly Smooth Stone":10,"Sling":5,"Ancient Tea Set":9,"Ring of the Snake":0},{"Potion Belt":6,"Anchor":3,"Tiny House":8,"NeowsBlessing":0,"Happy Flower":10,"Golden Idol":5,"Oddly Smooth Stone":5,"Sling":2,"Ancient Tea Set":4,"Ring of the Snake":0},{"Potion Belt":15,"Anchor":3,"Tiny House":35,"NeowsBlessing":0,"Happy Flower":51,"Golden Idol":12,"Oddly Smooth Stone":12,"Sling":2,"Ancient Tea Set":7,"Ring of the Snake":0}],"Ring of the Snake":[22]},"card_choices":[{"not_picked":["Setup","Deflect"],"picked":"Sucker Punch","floor":1},{"not_picked":["Backflip","Underhanded Strike"],"picked":"Leg Sweep","floor":4},{"not_picked":["Quick Slash","Sucker Punch"],"picked":"Slice","floor":7},{"not_picked":["Blur","PiercingWail"],"picked":"Blade Dance","floor":8},{"not_picked":["Acrobatics","Setup"],"picked":"Unload","floor":10},{"not_picked":["Flying Knee","Acrobatics"],"picked":"PiercingWail","floor":12},{"not_picked":["Eviscerate","Sucker Punch"],"picked":"Deadly Poison","floor":14},{"not_picked":["Doppelganger","Grand Finale"],"picked":"Unload","floor":16},{"not_picked":["Caltrops","Poisoned Stab"],"picked":"Well Laid Plans","floor":17},{"not_picked":["Sucker Punch","Prepared"],"picked":"Dagger Spray","floor":18},{"not_picked":["Bane","Dagger Spray"],"picked":"Heel Hook","floor":20}],"player_experience":1024573,"relics_obtained":[{"floor":7,"key":"Anchor"},{"floor":9,"key":"Ancient Tea Set"},{"floor":10,"key":"Oddly Smooth Stone"},{"floor":12,"key":"Potion Belt"}],"event_choices":[{"damage_healed":0,"gold_gain":0,"player_choice":"Grow","damage_taken":0,"max_hp_gain":0,"max_hp_loss":0,"event_name":"Living Wall","floor":2,"gold_loss":0,"cards_upgraded":["Neutralize"]},{"damage_healed":0,"gold_gain":150,"player_choice":"AGREE","damage_taken":0,"max_hp_gain":0,"max_hp_loss":0,"event_name":"Liars Game","floor":3,"gold_loss":0,"cards_obtained":["Doubt"]},{"damage_healed":0,"gold_gain":0,"player_choice":"Lose Max HP","damage_taken":0,"relics_obtained":["Golden Idol"],"max_hp_gain":0,"max_hp_loss":6,"event_name":"Golden Idol","floor":11,"gold_loss":0},{"damage_healed":0,"gold_gain":0,"player_choice":"Simplicity","damage_taken":0,"max_hp_gain":0,"max_hp_loss":0,"event_name":"Back to Basics","floor":19,"gold_loss":0,"cards_upgraded":["Strike_G","Strike_G","Strike_G","Strike_G","Defend_G","Defend_G","Defend_G","Defend_G","Defend_G"]}],"is_beta":false,"boss_relics":[{"not_picked":["Cursed Key","Busted Crown"],"picked":"Tiny House"}],"items_purged_floors":[5],"is_endless":false,"potions_floor_spawned":[1,8,14,16,20],"killed_by":"Snake Plant","ascension_level":20}}