{"host":"n2qe6kv76pnzo2gp","time":1612761436,"event":{"mods":["AchievementEnabler","BaseMod","Better Third Choice","BetterRewards","Downfall","Energized Spire","GifTheSpireLib","Infinite Spire","Minty Spire (QoL Compilation)","Quick Restart","Shade Mod","Shop Mod","StSLib","Stuff the Spire","SuperFastMode"],"gold_per_floor":[116,133,153,133,151,182,32,59,59,59,59,59,74,85,85,184,184,195,206,217,167,184,216,216,216,216,228,128,147,167,92,92,187,187,198,213,225,239,239,265,265,285,285,285,285,285,317,339,339,444,444,452,463,475,473,348,368,373,392,392,133,133,145,7,12,12,106,106,102,102,102,110,107,127,123,123],"floor_reached":75,"language":"ENG","playtime":2750,"items_purged":["Shade:Strike_Shade","Shade:Strike_Shade","Shade:Strike_Shade","Shade:Defend_Shade","Shade:Strike_Shade"],"score":1113,"play_id":"0c5a8c2c-6e06-4d07-b8b9-50e555010506","local_time":"20210208001716","is_ascension_mode":false,"campfire_choices":[{"data":"Shade:LichForm","floor":10.0,"key":"SMITH"},{"data":"Shade:PressTheAttack","floor":12.0,"key":"SMITH"},{"data":"Shade:GraveStillness","floor":15.0,"key":"SMITH"},{"data":"infinitespire:Fortify","floor":24.0,"key":"SMITH"},{"floor":32.0,"key":"REST"},{"data":"infinitespire:UltimateForm","floor":41.0,"key":"SMITH"},{"floor":44.0,"key":"REST"},{"floor":49.0,"key":"REST"},{"floor":63,"key":"REST"},{"data":"infinitespire:Fortify","floor":66,"key":"SMITH"}],"circlet_count":0,"master_deck":["Shade:Defend_Shade","Shade:Defend_Shade","Shade:Defend_Shade","Shade:AnimateDead","Shade:CarefulCut","Shade:Bonestorm","Shade:GraveStillness+1","Shade:FeralStrike","Shade:LichForm+1","Shade:PressTheAttack+1","Shade:Bonestorm","Shade:OpenGraves","Shade:FreshBones+1","infinitespire:Fortify+1","Shade:PressTheAttack","infinitespire:UltimateForm+1","Shade:SkeletonHug","Shade:FingerOfDeath","Shade:FuneraryArmor+1","Shade:CloudOfShrapnel","Shade:CommandSoldier+1","Shade:AblativeArmor+1","infinitespire:Menacing","infinitespire:Fortify+1","infinitespire:NeuralNetwork","Writhe","Shade:AncientSpear","Shade:FleshToFlesh","Shade:DarkOfNight","Shade:SoulToxin"],"relics":["StuffTheSpire:OccultApparatus","NeowsBlessing","infinitespire:PuzzleCube","StuffTheSpire:Barrel","Oddly Smooth Stone","Velvet Choker","energizedSpire:HugeHouse","Bird Faced Urn","Kunai","infinitespire:EmpoweringShard","SlaversCollar","infinitespire:BottledMercury","infinitespire:Midas Blood","StuffTheSpire:BottledEssence","infinitespire:Lucky Rock","Busted Crown","StuffTheSpire:GrapeVine","Calipers","infinitespire:ShieldingShard","MawBank","StuffTheSpire:HeavyRock","energizedSpire:OgreHead","MutagenicStrength","Gambling Chip"],"acts_visited":["Exordium","TheCity","TheBeyond","TheCity"],"potions_floor_usage":[67,74,74,74],"damage_taken":[{"damage":0.0,"enemies":"Small Slimes","floor":1.0,"turns":1.0},{"damage":0.0,"enemies":"Cultist","floor":2.0,"turns":1.0},{"damage":0.0,"enemies":"Jaw Worm","floor":3.0,"turns":1.0},{"damage":9.0,"enemies":"Large Slime","floor":5.0,"turns":4.0},{"damage":4.0,"enemies":"3 Sentries","floor":6.0,"turns":4.0},{"damage":18.0,"enemies":"Lagavulin","floor":8.0,"turns":5.0},{"damage":12.0,"enemies":"Blue Slaver","floor":13.0,"turns":3.0},{"damage":0.0,"enemies":"2 Fungi Beasts","floor":14.0,"turns":2.0},{"damage":12.0,"enemies":"The Guardian","floor":16.0,"turns":8.0},{"damage":0.0,"enemies":"3 Byrds","floor":18.0,"turns":3.0},{"damage":0.0,"enemies":"Spheric Guardian","floor":19.0,"turns":3.0},{"damage":21.0,"enemies":"Snake Plant","floor":20.0,"turns":3.0},{"damage":0.0,"enemies":"Snecko","floor":22.0,"turns":4.0},{"damage":8.0,"enemies":"Nightmare","floor":23.0,"turns":4.0},{"damage":19.0,"enemies":"Sentry and Sphere","floor":27.0,"turns":4.0},{"damage":5.0,"enemies":"Snake Plant","floor":29.0,"turns":4.0},{"damage":0.0,"enemies":"Centurion and Healer","floor":30.0,"turns":7.0},{"damage":13.0,"enemies":"Champ","floor":33.0,"turns":7.0},{"damage":0.0,"enemies":"3 Darklings","floor":35.0,"turns":4.0},{"damage":3.0,"enemies":"Orb Walker","floor":36.0,"turns":3.0},{"damage":11.0,"enemies":"Transient","floor":37.0,"turns":5.0},{"damage":0.0,"enemies":"Maw","floor":38.0,"turns":6.0},{"damage":0.0,"enemies":"Giant Head","floor":40.0,"turns":8.0},{"damage":18.0,"enemies":"Jaw Worm Horde","floor":42.0,"turns":4.0},{"damage":9.0,"enemies":"Reptomancer","floor":47.0,"turns":4.0},{"damage":16.0,"enemies":"4 Shapes","floor":48.0,"turns":3.0},{"damage":17.0,"enemies":"infinitespire:MassOfShapes","floor":50.0,"turns":7.0},{"damage":24,"enemies":"Small Slimes","floor":52,"turns":3},{"damage":0,"enemies":"Cultist","floor":53,"turns":2},{"damage":0,"enemies":"Jaw Worm","floor":54,"turns":2},{"damage":7,"enemies":"Large Slime","floor":55,"turns":4},{"damage":12,"enemies":"Lagavulin","floor":57,"turns":4},{"damage":16,"enemies":"Exordium Wildlife","floor":58,"turns":3},{"damage":18,"enemies":"2 Fungi Beasts","floor":59,"turns":2},{"damage":1,"enemies":"Gremlin Gang","floor":65,"turns":3},{"damage":18,"enemies":"Hexaghost","floor":67,"turns":6},{"damage":4,"enemies":"3 Byrds","floor":69,"turns":5},{"damage":14,"enemies":"Chosen","floor":72,"turns":3},{"damage":0,"enemies":"Snake Plant","floor":73,"turns":4},{"damage":48,"enemies":"Slavers","floor":74,"turns":4},{"damage":18,"enemies":"Shelled Parasite and Fungi","floor":75,"turns":1}],"seed_played":"2761160893293604965","potions_obtained":[{"floor":2.0,"key":"Slimebound:ThreeZeroPotion"},{"floor":3.0,"key":"champ:CounterPotion"},{"floor":4.0,"key":"FearPotion"},{"floor":8.0,"key":"Fruit Juice"},{"floor":19.0,"key":"Ancient Potion"},{"floor":23.0,"key":"Block Potion"},{"floor":27.0,"key":"Regen Potion"},{"floor":30.0,"key":"sneckomod:MuddlingPotion"},{"floor":37.0,"key":"LiquidMemories"},{"floor":38.0,"key":"Explosive Potion"},{"floor":52,"key":"infinitespire:BlackPotion"},{"floor":54,"key":"BlessingOfTheForge"},{"floor":65,"key":"SpeedPotion"},{"floor":67,"key":"SteroidPotion"},{"floor":72,"key":"Fire Potion"},{"floor":73,"key":"SpeedPotion"}],"is_trial":false,"path_per_floor":["M","M","M","?","M","E","$","E","T","R","$","R","M","M","R","B",null,"M","M","M","AVR","M","NM","R","?","T","M","$","M","M","?","R","B",null,"M","M","M","M","?","E","R","M","T","R","AVR","?","E","M","R","B",null,"M","M","M","M","$","E","M","M","T","$","?","R","$","M","R","B",null,"M","?","?","M","M","E","M"],"character_chosen":"SHADE","items_purchased":["Shade:PressTheAttack","infinitespire:ShieldingShard","StuffTheSpire:HeavyRock"],"campfire_rested":4,"item_purchase_floors":[7,61,64],"current_hp_per_floor":[65,65,65,65,56,52,52,34,34,34,34,34,22,22,22,15,70,70,70,49,49,51,47,47,47,47,32,32,31,37,37,56,58,65,65,62,54,60,44,50,50,32,32,51,51,65,58,44,63,52,65,43,43,43,40,40,30,18,2,2,2,2,21,21,28,28,24,65,61,61,61,51,53,7,0,0],"gold":123,"neow_bonus":"THREE_ENEMY_KILL","is_daily":false,"chose_seed":false,"campfire_upgraded":6,"win_rate":0.0,"timestamp":1612761436,"path_taken":["M","M","M","?","?","E","$","E","T","R","?","R","M","M","R","BOSS","M","M","M","AVR","M","NM","R","?","T","M","$","M","M","?","R","BOSS","M","M","M","M","?","E","R","M","T","R","AVR","?","E","M","R","BOSS","M","M","M","M","$","E","M","M","T","$","?","R","?","M","R","BOSS","M","?","?","M","M","E","M"],"items_purchased_type":["Card","Relic","Relic"],"build_version":"2020-12-22","purchased_purges":5,"victory":false,"max_hp_per_floor":[65,65,65,65,65,65,65,65,65,65,65,65,65,65,65,70,70,70,70,70,65,65,65,65,65,65,65,65,65,65,65,65,65,65,65,65,65,65,65,65,65,65,65,65,65,65,65,65,65,65,65,65,65,65,65,65,65,65,65,65,65,65,65,65,65,65,65,65,65,65,65,65,65,65,65,65],"card_choices":[{"not_picked":["Shade:BoneShards","Shade:RavenousHorde"],"picked":"Shade:Bonestorm","floor":1.0},{"not_picked":["Shade:ClawBack","Shade:CoffinDance"],"picked":"Shade:GraveStillness","floor":2.0},{"not_picked":["Shade:AblativeArmor","Shade:GoDigging"],"picked":"Shade:Bonestorm","floor":3.0},{"not_picked":["Shade:ExtraLimbs","Shade:Patience"],"picked":"Shade:FeralStrike","floor":5.0},{"not_picked":["Shade:ExtraLimbs","Shade:PoundOfFlesh"],"picked":"Shade:LichForm","floor":6.0},{"not_picked":["Shade:StitchTogether","Shade:SanguineRitual"],"picked":"Shade:Bonestorm","floor":8.0},{"not_picked":["Shade:CallOfTheGrave","Shade:FeralStrike"],"picked":"Shade:OpenGraves","floor":13.0},{"not_picked":["Shade:OfferingToTheBeyond","Shade:SpontaneousRitual","Shade:ExtraLimbs"],"picked":"SKIP","floor":14.0},{"not_picked":["Shade:FuneraryArmor","Shade:WallOfFlesh","Shade:Asphyxiate"],"picked":"SKIP","floor":18.0},{"not_picked":["Shade:Carnophage","Shade:CoffinDance+1"],"picked":"Shade:FreshBones+1","floor":19.0},{"not_picked":["Shade:SensePrey","Shade:Bonestorm","Shade:Trample+1"],"picked":"SKIP","floor":20.0},{"not_picked":["Shade:GraveStillness+1","Shade:FleshLikeOak+1","Shade:FuneraryArmor"],"picked":"SKIP","floor":22.0},{"not_picked":["infinitespire:Collect","infinitespire:SealOfDarkness+"],"picked":"infinitespire:UltimateForm","floor":23.0},{"not_picked":["Shade:OfferingToTheBeyond","Shade:PoundOfFlesh"],"picked":"Shade:SkeletonHug","floor":23.0},{"not_picked":["Shade:PressTheAttack","Shade:Brains+1"],"picked":"Shade:FingerOfDeath","floor":27.0},{"not_picked":["Shade:PotionOfRestlessness","Shade:Bonestorm+1"],"picked":"Shade:FuneraryArmor+1","floor":29.0},{"not_picked":["Shade:Brains","Shade:FreshBones"],"picked":"Shade:CloudOfShrapnel","floor":30.0},{"not_picked":["Shade:FeralStrike+1","Shade:CoffinDance"],"picked":"Shade:CommandSoldier+1","floor":35.0},{"not_picked":["Shade:CloudOfShrapnel","Shade:SanguineRitual+1","Shade:AncientSpear"],"picked":"SKIP","floor":36.0},{"not_picked":["Shade:CloudOfShrapnel","Shade:GreyBargain"],"picked":"Shade:AblativeArmor+1","floor":37.0},{"not_picked":["Shade:BoneShards","Shade:CommandSoldier","Shade:FingerOfDeath+1"],"picked":"SKIP","floor":38.0},{"not_picked":["infinitespire:NeuralNetwork","infinitespire:FinalStrike"],"picked":"infinitespire:Menacing","floor":39.0},{"not_picked":["Shade:GreaterAnimation","Shade:RavenousHorde","Shade:CoffinDance+1"],"picked":"SKIP","floor":40.0},{"not_picked":["Shade:AncientSpear","Shade:Haruspicy","Shade:ScuttlingHand+1"],"picked":"SKIP","floor":42.0},{"not_picked":["Shade:SkeletonHug+1","Shade:StitchTogether+1","Shade:Bonestorm"],"picked":"SKIP","floor":47.0},{"not_picked":["Shade:Premonition","Shade:GoDigging","Shade:SkeletonHug"],"picked":"SKIP","floor":48.0},{"not_picked":[],"picked":"Shade:AncientSpear","floor":52},{"not_picked":["Shade:Trample"],"picked":"SKIP","floor":53},{"not_picked":["Shade:CloudOfShrapnel"],"picked":"SKIP","floor":54},{"not_picked":["Shade:FuneraryArmor"],"picked":"SKIP","floor":55},{"not_picked":[],"picked":"Shade:FleshToFlesh","floor":57},{"not_picked":["Shade:SanguineRitual"],"picked":"SKIP","floor":58},{"not_picked":["Shade:Trample"],"picked":"SKIP","floor":59},{"not_picked":["Shade:FingerOfDeath"],"picked":"SKIP","floor":65},{"not_picked":[],"picked":"Shade:DarkOfNight","floor":67},{"not_picked":["Shade:SpectralStrikes"],"picked":"SKIP","floor":69},{"not_picked":[],"picked":"Shade:SoulToxin","floor":72},{"not_picked":["Shade:AblativeArmor"],"picked":"SKIP","floor":73},{"not_picked":["Shade:ScuttlingHand"],"picked":"SKIP","floor":74}],"player_experience":9,"relics_obtained":[{"floor":6.0,"key":"infinitespire:PuzzleCube"},{"floor":8.0,"key":"StuffTheSpire:Barrel"},{"floor":9.0,"key":"Oddly Smooth Stone"},{"floor":23.0,"key":"Kunai"},{"floor":26.0,"key":"infinitespire:EmpoweringShard"},{"floor":40.0,"key":"infinitespire:BottledMercury"},{"floor":43.0,"key":"infinitespire:Midas Blood"},{"floor":47.0,"key":"infinitespire:Lucky Rock"},{"floor":57,"key":"StuffTheSpire:GrapeVine"},{"floor":60,"key":"Calipers"},{"floor":74,"key":"Gambling Chip"}],"event_choices":[{"damage_healed":0.0,"max_hp_gain":0.0,"max_hp_loss":0.0,"gold_gain":0.0,"event_name":"The Woman in Blue","player_choice":"Bought 1 Potion","floor":4.0,"gold_loss":0.0,"damage_taken":0.0},{"cards_removed":["Shade:Strike_Shade"],"damage_healed":0.0,"max_hp_gain":0.0,"max_hp_loss":0.0,"gold_gain":0.0,"event_name":"Beggar","player_choice":"Gave Gold","floor":31.0,"gold_loss":75.0,"damage_taken":0.0},{"damage_healed":16.0,"max_hp_gain":0.0,"max_hp_loss":0.0,"gold_gain":0.0,"event_name":"Winding Halls","player_choice":"Writhe","floor":46.0,"gold_loss":0.0,"damage_taken":0.0,"cards_obtained":["Writhe"]},{"damage_healed":0,"gold_gain":0,"player_choice":"Gave Potion","damage_taken":0,"relics_obtained":["MawBank"],"max_hp_gain":0,"max_hp_loss":0,"event_name":"WeMeetAgain","floor":62,"gold_loss":0},{"damage_healed":0,"gold_gain":0,"player_choice":"Inject Mutagens","damage_taken":0,"relics_obtained":["MutagenicStrength"],"max_hp_gain":0,"max_hp_loss":0,"event_name":"Drug Dealer","floor":70,"gold_loss":0},{"damage_healed":0,"gold_gain":0,"player_choice":"Ignored","damage_taken":0,"max_hp_gain":0,"max_hp_loss":0,"event_name":"Vampires","floor":71,"gold_loss":0}],"is_beta":false,"boss_relics":[{"not_picked":["StuffTheSpire:ModemDavis","energizedSpire:MagnifyingGlass"],"picked":"Velvet Choker"},{"not_picked":["infinitespire:Cupcake","Snecko Eye"],"picked":"SlaversCollar"},{"not_picked":["Tiny House","energizedSpire:EnergizedDie"],"picked":"Busted Crown"},{"not_picked":["energizedSpire:NeverEndingSparkler","Runic Pyramid"],"picked":"energizedSpire:OgreHead"}],"items_purged_floors":[7,21,28,45,56],"is_endless":true,"potions_floor_spawned":[2,3,8,13,19,23,27,30,37,38,42,47,52,54,65,67,72,73],"killed_by":"Shelled Parasite and Fungi","ascension_level":0}}