{"host":"zwezhz46a5cjkxff","time":1612776107,"event":{"mods":["AchievementEnabler","BaseMod","Colored Map","Colored Powertips","DeckTracker","Minty Spire (QoL Compilation)","Permanent Neow","Quick Restart","Rare Cards Sparkle","Relic Stats","StSLib","SuperFastMode"],"gold_per_floor":[116,42,42,53,53,78,78,40,118,40,59,84,84,115,115,215,215,226,176,190,208,225,225,225],"floor_reached":23,"language":"ENG","playtime":945,"items_purged":["Creative AI"],"score":285,"play_id":"d7667c30-c03b-4e35-a71b-f1aece8e000d","local_time":"20210208032147","is_ascension_mode":true,"campfire_choices":[{"data":"Zap","floor":7,"key":"SMITH"},{"floor":13,"key":"RECALL"},{"data":"Defragment","floor":15,"key":"SMITH"}],"circlet_count":0,"master_deck":["Strike_B","Strike_B","Strike_B","Defend_B","Defend_B","Zap+1","Dualcast","Capacitor","Blizzard","Cold Snap","Defragment+1","Glacier","Chill","Hologram","Creative AI+1","Undo+1","Steam+1"],"relics":["Coffee Dripper","CaptainsWheel","Eternal Feather","Smiling Mask","Tiny Chest","Astrolabe"],"acts_visited":["Exordium","TheCity"],"potions_floor_usage":[6,12,21,21],"damage_taken":[{"damage":0,"enemies":"Cultist","floor":1,"turns":3},{"damage":2,"enemies":"Jaw Worm","floor":4,"turns":3},{"damage":10,"enemies":"Lagavulin","floor":6,"turns":8},{"damage":2,"enemies":"2 Louse","floor":11,"turns":3},{"damage":11,"enemies":"3 Sentries","floor":12,"turns":7},{"damage":7,"enemies":"Gremlin Nob","floor":14,"turns":6},{"damage":0,"enemies":"Slime Boss","floor":16,"turns":15},{"damage":6,"enemies":"Spheric Guardian","floor":18,"turns":5},{"damage":13,"enemies":"Shell Parasite","floor":20,"turns":8},{"damage":0,"enemies":"Cultist and Chosen","floor":21,"turns":6},{"damage":4,"enemies":"Snake Plant","floor":22,"turns":8},{"damage":90,"enemies":"Gremlin Leader","floor":23,"turns":9}],"seed_played":"-3925667449212371517","potions_obtained":[{"floor":1,"key":"SkillPotion"},{"floor":6,"key":"FairyPotion"},{"floor":11,"key":"PowerPotion"},{"floor":16,"key":"BlessingOfTheForge"},{"floor":18,"key":"Energy Potion"},{"floor":20,"key":"AttackPotion"}],"is_trial":false,"path_per_floor":["M","$","?","M","T","E","R","$","T","$","M","E","R","E","R","B",null,"M","$","M","M","M","E"],"character_chosen":"DEFECT","items_purchased":["Blizzard","Defragment","Glacier"],"campfire_rested":0,"item_purchase_floors":[2,8,10],"current_hp_per_floor":[75,75,75,73,73,63,63,63,63,63,61,50,59,52,61,61,75,69,69,56,56,52,0,0],"gold":225,"neow_bonus":"BOSS_RELIC","is_daily":false,"chose_seed":false,"campfire_upgraded":2,"win_rate":0.0,"timestamp":1612776107,"path_taken":["M","?","?","M","?","E","R","?","T","$","M","E","R","E","R","BOSS","M","$","M","M","M","E"],"items_purchased_type":["Card","Card","Card"],"build_version":"2020-12-22","purchased_purges":1,"victory":false,"max_hp_per_floor":[75,75,75,75,75,75,75,75,75,75,75,75,75,75,75,75,75,75,75,75,75,75,75,75],"relic_stats":{"counters":[12,81],"Astrolabe":["Creative AI","Undo","Steam"],"Eternal Feather":18,"Tiny Chest":0,"Smiling Mask":25,"obtain_stats":[{"CaptainsWheel":6,"Astrolabe":17,"Eternal Feather":9,"Tiny Chest":14,"Coffee Dripper":0,"Cracked Core":0,"Smiling Mask":12},{"CaptainsWheel":3,"Astrolabe":7,"Eternal Feather":3,"Tiny Chest":6,"Coffee Dripper":0,"Cracked Core":0,"Smiling Mask":5},{"CaptainsWheel":14,"Astrolabe":45,"Eternal Feather":14,"Tiny Chest":30,"Coffee Dripper":0,"Cracked Core":0,"Smiling Mask":24}]},"card_choices":[{"not_picked":["Undo","Rebound"],"picked":"Capacitor","floor":1},{"not_picked":["White Noise","Consume"],"picked":"Cold Snap","floor":4},{"not_picked":["Melter","Sweeping Beam","Go for the Eyes"],"picked":"SKIP","floor":6},{"not_picked":["Leap","Rebound","Turbo"],"picked":"SKIP","floor":11},{"not_picked":["Compile Driver","Force Field"],"picked":"Chill","floor":12},{"not_picked":["Machine Learning","Barrage"],"picked":"Hologram","floor":14},{"not_picked":["Biased Cognition","Reboot"],"picked":"Creative AI","floor":16},{"not_picked":["Turbo+1","Streamline","Auto Shields"],"picked":"SKIP","floor":18},{"not_picked":["Barrage+1","Hologram","Redo"],"picked":"SKIP","floor":20},{"not_picked":["Fusion+1","Go for the Eyes","Stack"],"picked":"SKIP","floor":21},{"not_picked":["Barrage","Hello World+1","Rainbow"],"picked":"SKIP","floor":22}],"player_experience":81701,"relics_obtained":[{"floor":6,"key":"CaptainsWheel"},{"floor":9,"key":"Eternal Feather"},{"floor":12,"key":"Smiling Mask"},{"floor":14,"key":"Tiny Chest"}],"event_choices":[{"damage_healed":0,"gold_gain":0,"player_choice":"Leave","damage_taken":0,"max_hp_gain":0,"max_hp_loss":0,"event_name":"The Cleric","floor":3,"gold_loss":0}],"is_beta":false,"boss_relics":[{"not_picked":["Empty Cage","SacredBark"],"picked":"Astrolabe"}],"items_purged_floors":[19],"is_endless":false,"potions_floor_spawned":[1,6,11,16,18,20],"killed_by":"Gremlin Leader","ascension_level":2}}