{"host":"0r2yuz9akuqaukjg","time":1612818153,"event":{"mods":["2.2 Compatiblity","AchievementEnabler","BaseMod","Dota2Spire","Downfall","Friendly Minions","Hermit","Hubris","HumanHunterMod(????mod)","Infinite Spire","Jorbs\u0027s Wanderer Trilogy","Lobotomy","LobotomyExtend","Minty Spire (QoL Compilation)","Reliquary","Replay The Spire","Spicy Shops","Spires \u0026 Sneckos","StSLib","The Bug Knight","The Construct","The Cursed","The Disciple","The Hierophant","The Jungle","The Marked","The Mystic","The Runesmith","The Servant 0.9.4","Trackpad"],"gold_per_floor":[117,117,217,227,337,337,353,353,377,388,400,438,450,493,505,622,634,660,672,702,651,751,784,794,794,819,819,42,61,61,75,75,170,170,184,40,40,53,3,3,3,3],"floor_reached":41,"language":"ENG","playtime":4056,"items_purged":["mysticmod:Shield","mysticmod:BladedDash"],"score":419,"play_id":"13c894cd-8af4-4f94-aa43-988ddd2a55c1","local_time":"20210208150233","daily_mods":["SealedDeck","Specialized","Vintage"],"is_ascension_mode":false,"campfire_choices":[{"floor":6,"key":"REST"},{"data":"mysticmod:ComponentsPouch","floor":13,"key":"SMITH"},{"data":"mysticmod:HeavyStrike","floor":15,"key":"SMITH"},{"floor":32,"key":"DIG"},{"floor":40,"key":"REST"}],"circlet_count":0,"master_deck":["mysticmod:PreparedCaster+1","mysticmod:PreparedCaster+1","mysticmod:PreparedCaster","mysticmod:PreparedCaster","mysticmod:PreparedCaster","Necronomicurse","mysticmod:LightningBolt","mysticmod:CureLightWounds","mysticmod:HeavyStrike","mysticmod:MirrorStrike","mysticmod:ComponentsPouch+1","mysticmod:Snowball","mysticmod:MagicWeapon","mysticmod:CureLightWounds+1","mysticmod:HeavyStrike+1","mysticmod:EnchantedMoulinet+1","mysticmod:ComponentsPouch","Mayhem","mysticmod:ComboCaster","mysticmod:EnchantedMoulinet","Mayhem"],"relics":["Snecko Eye","Ring of Chaos","hubris:Icosahedron","hubris:AncientText","infinitespire:Satchel","Lantern","Pet Ghost","Necronomicon","hubris:SphereOfDissonance","reliquary:Buckler","Singing Bowl","Dota2Spire:LotusOrb","reliquary:HotPoker","Replay:Rubber Ducky","MawBank","infinitespire:Lucky Rock","bronze:BronzeIdol","Sozu","HollowMod:PaleOreRelic","Guide Book","PreservedInsect","ReplayTheSpireMod:ShopPack","Smiling Mask","Snack Pack","mysticmod:TrainingManual","trackpad:WritersBlock","NeowsBlessing","Pantograph","Membership Card","Regal Pillow","hubris:ToyBattleship","reliquary:TuningFork","hubris:DisguiseKit","infinitespire:WardingShard","reliquary:WritOfMandamus","Ornamental Fan"],"acts_visited":["Exordium","theJungle:Jungle","TheBeyond"],"potions_floor_usage":[16,33],"damage_taken":[{"damage":10,"enemies":"Small Slimes","floor":1,"turns":1},{"damage":12,"enemies":"Jaw Worm","floor":4,"turns":2},{"damage":0,"enemies":"Cultist","floor":5,"turns":2},{"damage":0,"enemies":"Large Slime","floor":7,"turns":1},{"damage":7,"enemies":"Exordium Thugs","floor":10,"turns":2},{"damage":1,"enemies":"HollowMod:MossKnight","floor":12,"turns":2},{"damage":0,"enemies":"Lagavulin","floor":14,"turns":3},{"damage":29,"enemies":"Fading Forest","floor":16,"turns":11},{"damage":32,"enemies":"theJungle:Flameango_and_Byrd","floor":18,"turns":2},{"damage":4,"enemies":"theJungle:MUSHROOMGANG","floor":20,"turns":1},{"damage":3,"enemies":"theJungle:2_Phrogs","floor":23,"turns":3},{"damage":0,"enemies":"theJungle:Lyon","floor":24,"turns":1},{"damage":0,"enemies":"theJungle:2_Snecko_Cultists","floor":29,"turns":1},{"damage":0,"enemies":"theJungle:SlimyTreeVines","floor":31,"turns":1},{"damage":82,"enemies":"theJungle:TotemBoss","floor":33,"turns":5},{"damage":39,"enemies":"3 Shapes","floor":35,"turns":3},{"damage":16,"enemies":"3 Darklings","floor":38,"turns":2},{"damage":97,"enemies":"Sphere and 2 Shapes","floor":41,"turns":9}],"seed_played":"-549984195285752522","potions_obtained":[{"floor":1,"key":"SkillPotion"},{"floor":5,"key":"GamblersBrew"},{"floor":7,"key":"construct:ShiftPotion"},{"floor":14,"key":"Fire Potion"}],"is_trial":true,"path_per_floor":["M","?","?","M","M","R","M","WH","T","M","WH","E","R","E","R","B",null,"M","AVR","M","$","WH","E","M","WH","T","WH","$","M","WH","M","R","B",null,"M","$","?","M","$","R","M"],"character_chosen":"MYSTIC_CLASS","items_purchased":["ReplayTheSpireMod:ShopPack","Mayhem","Pantograph","Membership Card","Regal Pillow","mysticmod:ComboCaster","Mayhem"],"campfire_rested":2,"item_purchase_floors":[21,28,28,28,28,28,36],"current_hp_per_floor":[67,67,67,56,59,77,77,84,84,77,79,78,78,83,83,59,88,56,56,52,58,58,64,64,64,64,64,64,64,64,64,64,29,94,66,66,66,57,57,89,24,24],"gold":3,"neow_bonus":"RANDOM_COMMON_RELIC","is_daily":false,"chose_seed":false,"campfire_upgraded":2,"win_rate":0.0,"timestamp":1612818153,"path_taken":["M","?","?","M","M","R","M","WH","T","M","WH","E","R","E","R","BOSS","M","AVR","M","$","WH","E","M","WH","T","WH","$","?","WH","M","R","BOSS","M","$","?","M","?","R","M"],"items_purchased_type":["Relic","Card","Relic","Relic","Relic","Card","Card"],"build_version":"2020-12-22","purchased_purges":2,"victory":false,"max_hp_per_floor":[77,77,77,77,77,77,77,84,84,84,86,86,86,88,88,88,88,88,88,88,94,94,94,94,94,94,94,94,94,94,94,94,94,94,94,94,89,89,89,89,89,89],"card_choices":[{"not_picked":["mysticmod:TomeOfSpells","mysticmod:Shield","mysticmod:Feint"],"picked":"Singing Bowl","floor":11},{"not_picked":["mysticmod:TomeOfSpells","mysticmod:Probe"],"picked":"mysticmod:HeavyStrike","floor":12},{"not_picked":["mysticmod:ComponentsPouch","mysticmod:Snowball","mysticmod:Fireball"],"picked":"Singing Bowl","floor":14},{"not_picked":["mysticmod:Disintegrate","mysticmod:Haste"],"picked":"mysticmod:EnchantedMoulinet","floor":16},{"not_picked":["ReplayTheSpireMod:Necrogeddon","Chrysalis","Violence"],"picked":"Singing Bowl","floor":21},{"not_picked":["ReplayTheSpireMod:Uncanny Aura","Survey Options","Good Instincts"],"picked":"Singing Bowl","floor":21},{"not_picked":["Discovery","Jack Of All Trades","hubris:EnhanceAbility"],"picked":"Singing Bowl","floor":21},{"not_picked":["mysticmod:KeenEdge","mysticmod:Natural20"],"picked":"mysticmod:ComponentsPouch","floor":23},{"not_picked":["mysticmod:KnowledgePool","mysticmod:Doublecast","Core Surge"],"picked":"mysticmod:EnchantedMoulinet","floor":33}],"player_experience":75505,"relics_obtained":[{"floor":1,"key":"reliquary:Buckler"},{"floor":4,"key":"Singing Bowl"},{"floor":5,"key":"Dota2Spire:LotusOrb"},{"floor":7,"key":"reliquary:HotPoker"},{"floor":9,"key":"Replay:Rubber Ducky"},{"floor":10,"key":"MawBank"},{"floor":12,"key":"infinitespire:Lucky Rock"},{"floor":14,"key":"bronze:BronzeIdol"},{"floor":18,"key":"HollowMod:PaleOreRelic"},{"floor":20,"key":"PreservedInsect"},{"floor":23,"key":"Smiling Mask"},{"floor":24,"key":"Snack Pack"},{"floor":26,"key":"trackpad:WritersBlock"},{"floor":29,"key":"hubris:ToyBattleship"},{"floor":31,"key":"hubris:DisguiseKit"},{"floor":32,"key":"infinitespire:WardingShard"},{"floor":35,"key":"Ornamental Fan"}],"event_choices":[{"damage_healed":0,"gold_gain":100,"player_choice":"Gold","damage_taken":0,"max_hp_gain":0,"max_hp_loss":0,"event_name":"Wheel of Change","floor":3,"gold_loss":0},{"damage_healed":0,"gold_gain":0,"player_choice":"Max HP","damage_taken":0,"max_hp_gain":0,"max_hp_loss":5,"event_name":"Winding Halls","floor":37,"gold_loss":0}],"is_beta":false,"boss_relics":[{"not_picked":["mysticmod:DeckOfManyThings","hubris:VirtuousBlindfold"],"picked":"Sozu"},{"not_picked":["Philosopher\u0027s Stone","Dota2Spire:RefresherOrb"],"picked":"reliquary:WritOfMandamus"}],"items_purged_floors":[36,39],"is_endless":false,"potions_floor_spawned":[1,5,7,14,18,23,29,33,35],"killed_by":"Sphere and 2 Shapes","ascension_level":0}}