{"host":"at5b10nm0iti0w4x","time":1612749490,"event":{"mods":["2.2 Compatiblity","AchievementEnabler","BaseMod","Bestiary","Block Reminder","Colored Map","Colored Powertips","Highlight Path","Keyboard Shortcuts","Minty Spire (QoL Compilation)","Relic Stats","Slay the Relics Exporter","StSLib","SuperFastMode","Unknown Chances"],"gold_per_floor":[117,131,149,149,71,107,107,132,213,236,236,5,48,73,73,192,192,212,226,10,33,66,66,105,105,105,105,126,126,146,2,2,121,121,134,1133,1133,573,588,588,631,631,631,646,646,665,887,887,887,887],"floor_reached":51,"language":"ENG","playtime":2101,"items_purged":["Injury","Normality"],"score":880,"play_id":"198e9933-2acc-4304-b188-436eb78daa81","local_time":"20210207205810","is_ascension_mode":false,"campfire_choices":[{"data":"After Image","floor":11,"key":"SMITH"},{"data":"Night Terror","floor":15,"key":"SMITH"},{"floor":23,"key":"REST"},{"data":"Catalyst","floor":25,"key":"SMITH"},{"data":"Blade Dance","floor":27,"key":"SMITH"},{"data":"Blade Dance","floor":29,"key":"SMITH"},{"data":"Blade Dance","floor":32,"key":"SMITH"},{"data":"Catalyst","floor":40,"key":"SMITH"},{"data":"Terror","floor":42,"key":"SMITH"},{"floor":45,"key":"REST"},{"data":"Well Laid Plans","floor":49,"key":"SMITH"}],"circlet_count":0,"master_deck":["Strike_G","Strike_G","Defend_G","Defend_G","Defend_G","Defend_G","Defend_G","Survivor","Neutralize","Well Laid Plans+1","Blade Dance+1","Backflip","After Image+1","Night Terror+1","Blade Dance+1","Terror+1","Dagger Spray","Infinite Blades+1","Envenom+1","Panache+1","Blade Dance+1","Infinite Blades+1","Catalyst+1","Noxious Fumes+1","Catalyst+1","Finisher+1","Night Terror+1","Escape Plan+1","Catalyst+1","Backstab","Footwork+1","Deadly Poison"],"relics":["Cursed Key","Golden Idol","Dream Catcher","Frozen Egg 2","Snake Skull","Omamori","WristBlade","Red Mask","Tingsha","FossilizedHelix","DollysMirror","Astrolabe","Anchor","Orichalcum","Bag of Preparation"],"acts_visited":["Exordium","TheCity","TheBeyond"],"potions_floor_usage":[22,24],"damage_taken":[{"damage":4,"enemies":"Jaw Worm","floor":1,"turns":5},{"damage":0,"enemies":"Cultist","floor":2,"turns":4},{"damage":3,"enemies":"2 Louse","floor":3,"turns":2},{"damage":2,"enemies":"3 Sentries","floor":6,"turns":11},{"damage":6,"enemies":"2 Fungi Beasts","floor":8,"turns":4},{"damage":5,"enemies":"Exordium Thugs","floor":10,"turns":6},{"damage":9,"enemies":"Lagavulin","floor":13,"turns":7},{"damage":2,"enemies":"Lots of Slimes","floor":14,"turns":4},{"damage":9,"enemies":"Slime Boss","floor":16,"turns":9},{"damage":2,"enemies":"Chosen","floor":18,"turns":4},{"damage":0,"enemies":"3 Byrds","floor":19,"turns":3},{"damage":10,"enemies":"Centurion and Healer","floor":21,"turns":4},{"damage":20,"enemies":"Masked Bandits","floor":22,"turns":4},{"damage":0,"enemies":"Slavers","floor":24,"turns":3},{"damage":0,"enemies":"Sentry and Sphere","floor":28,"turns":3},{"damage":5,"enemies":"Snake Plant","floor":30,"turns":4},{"damage":0,"enemies":"Champ","floor":33,"turns":4},{"damage":6,"enemies":"3 Shapes","floor":35,"turns":4},{"damage":21,"enemies":"3 Darklings","floor":39,"turns":4},{"damage":0,"enemies":"Giant Head","floor":41,"turns":5},{"damage":0,"enemies":"Maw","floor":44,"turns":4},{"damage":0,"enemies":"Transient","floor":46,"turns":5},{"damage":23,"enemies":"Time Eater","floor":50,"turns":5}],"seed_played":"1978120317859864854","potions_obtained":[{"floor":1,"key":"DistilledChaos"},{"floor":3,"key":"EntropicBrew"},{"floor":6,"key":"DuplicationPotion"}],"is_trial":false,"path_per_floor":["M","M","M","?","$","E","T","M","T","M","R","$","E","M","R","B",null,"M","M","$","M","?","R","E","R","T","R","M","R","M","$","R","B",null,"M","?","?","$","M","R","E","R","T","M","R","M","?","?","R","B",null],"character_chosen":"THE_SILENT","items_purchased":["After Image","Snake Skull","Panache+1","Blade Dance","DollysMirror","Anchor","DistilledChaos","Energy Potion","Catalyst","Orichalcum"],"campfire_rested":2,"item_purchase_floors":[5,12,20,20,31,38,38,38,38,38],"current_hp_per_floor":[66,66,63,63,63,61,61,55,55,50,50,50,41,39,39,30,65,63,63,63,53,33,52,52,52,52,52,52,52,47,47,47,47,65,59,59,59,59,38,38,38,38,38,38,57,57,57,57,57,34],"gold":887,"neow_bonus":"BOSS_RELIC","is_daily":false,"chose_seed":false,"campfire_upgraded":9,"win_rate":0.0,"timestamp":1612749490,"path_taken":["M","M","M","?","$","E","?","M","T","M","R","$","E","M","R","BOSS","M","M","$","?","?","R","E","R","T","R","M","R","M","$","R","BOSS","M","?","?","$","M","R","E","R","T","?","R","?","?","?","R","BOSS"],"items_purchased_type":["Card","Relic","Card","Card","Relic","Relic","Potion","Potion","Card","Relic"],"build_version":"2020-12-22","purchased_purges":2,"victory":true,"max_hp_per_floor":[70,70,70,65,65,65,65,65,65,65,65,65,65,65,65,65,65,65,65,65,65,65,65,65,65,65,65,65,65,65,65,65,65,65,65,65,65,65,65,65,65,65,65,65,65,65,65,62,62,62],"relic_stats":{"Dream Catcher":2,"counters":[23,108],"Golden Idol":162,"Astrolabe":["Finisher","Night Terror","Escape Plan"],"Tingsha":[3],"Snake Skull":[100],"Bag of Preparation":[6],"Orichalcum":[6],"Cursed Key":2,"obtain_stats":[{"Golden Idol":4,"Astrolabe":34,"Tingsha":24,"Snake Skull":12,"Omamori":13,"Bag of Preparation":41,"Frozen Egg 2":9,"Orichalcum":38,"Cursed Key":0,"Dream Catcher":6,"Anchor":38,"WristBlade":17,"DollysMirror":31,"Red Mask":22,"FossilizedHelix":26,"Ring of the Snake":0},{"Golden Idol":3,"Astrolabe":17,"Tingsha":14,"Snake Skull":6,"Omamori":7,"Bag of Preparation":20,"Frozen Egg 2":5,"Orichalcum":18,"Cursed Key":0,"Dream Catcher":4,"Anchor":18,"WristBlade":9,"DollysMirror":16,"Red Mask":13,"FossilizedHelix":14,"Ring of the Snake":0},{"Golden Idol":11,"Astrolabe":81,"Tingsha":70,"Snake Skull":32,"Omamori":39,"Bag of Preparation":94,"Frozen Egg 2":26,"Orichalcum":85,"Cursed Key":0,"Dream Catcher":22,"Anchor":85,"WristBlade":52,"DollysMirror":77,"Red Mask":67,"FossilizedHelix":70,"Ring of the Snake":0}]},"card_choices":[{"not_picked":["Expertise","Sucker Punch"],"picked":"Well Laid Plans","floor":1},{"not_picked":["Deflect","Calculated Gamble"],"picked":"Blade Dance","floor":2},{"not_picked":["Prepared","Underhanded Strike"],"picked":"Backflip","floor":3},{"not_picked":["Well Laid Plans","Poisoned Stab"],"picked":"Night Terror","floor":6},{"not_picked":["Deflect","Sucker Punch"],"picked":"Blade Dance","floor":8},{"not_picked":["Bane","Bouncing Flask"],"picked":"Terror","floor":10},{"not_picked":["Backflip","Blade Dance"],"picked":"Dagger Spray","floor":13},{"not_picked":["Prepared","Poisoned Stab"],"picked":"Infinite Blades+1","floor":14},{"not_picked":["After Image+1","Tools of the Trade+1"],"picked":"Envenom+1","floor":16},{"not_picked":["Heel Hook","Bane+1","Outmaneuver"],"picked":"SKIP","floor":18},{"not_picked":["Bane","Cloak And Dagger","Dash+1"],"picked":"SKIP","floor":19},{"not_picked":["Deflect+1","Outmaneuver","Distraction"],"picked":"SKIP","floor":21},{"not_picked":["Sucker Punch","Prepared+1"],"picked":"Infinite Blades+1","floor":22},{"not_picked":["Noxious Fumes+1","Leg Sweep"],"picked":"Catalyst","floor":24},{"not_picked":["Blade Dance","Flying Knee+1","Deadly Poison"],"picked":"SKIP","floor":28},{"not_picked":["Deflect","Acrobatics"],"picked":"Noxious Fumes+1","floor":30},{"not_picked":["Slice","Skewer","Outmaneuver"],"picked":"SKIP","floor":35},{"not_picked":["Blade Dance","Bane"],"picked":"Backstab","floor":39},{"not_picked":["Escape Plan","Quick Slash","Underhanded Strike+1"],"picked":"SKIP","floor":41},{"not_picked":["Blade Dance","Noxious Fumes+1"],"picked":"Footwork+1","floor":44},{"not_picked":["Bane+1","Flying Knee+1"],"picked":"Deadly Poison","floor":46}],"player_experience":72829,"relics_obtained":[{"floor":6,"key":"Dream Catcher"},{"floor":9,"key":"Frozen Egg 2"},{"floor":13,"key":"Omamori"},{"floor":22,"key":"Red Mask"},{"floor":24,"key":"Tingsha"},{"floor":26,"key":"FossilizedHelix"},{"floor":41,"key":"Bag of Preparation"}],"event_choices":[{"damage_healed":0,"gold_gain":0,"player_choice":"Lose Max HP","damage_taken":0,"relics_obtained":["Golden Idol"],"max_hp_gain":0,"max_hp_loss":5,"event_name":"Golden Idol","floor":4,"gold_loss":0},{"damage_healed":0,"gold_gain":0,"player_choice":"Fought Bandits","damage_taken":0,"max_hp_gain":0,"max_hp_loss":0,"event_name":"Masked Bandits","floor":22,"gold_loss":0},{"damage_healed":0,"gold_gain":999,"player_choice":"Gold","damage_taken":0,"max_hp_gain":0,"max_hp_loss":0,"event_name":"MindBloom","floor":36,"gold_loss":0,"cards_obtained":["Normality","Normality"]},{"damage_healed":0,"gold_gain":0,"player_choice":"Memory 1","damage_taken":0,"max_hp_gain":0,"max_hp_loss":0,"event_name":"SensoryStone","floor":37,"gold_loss":0},{"damage_healed":0,"gold_gain":222,"player_choice":"Wore Mask","damage_taken":0,"max_hp_gain":0,"max_hp_loss":0,"event_name":"Tomb of Lord Red Mask","floor":47,"gold_loss":0},{"damage_healed":0,"gold_gain":0,"player_choice":"Max HP","damage_taken":0,"max_hp_gain":0,"max_hp_loss":3,"event_name":"Winding Halls","floor":48,"gold_loss":0}],"is_beta":false,"boss_relics":[{"not_picked":["Calling Bell","Busted Crown"],"picked":"WristBlade"},{"not_picked":["Sozu","Snecko Eye"],"picked":"Astrolabe"}],"items_purged_floors":[12,38],"is_endless":false,"potions_floor_spawned":[1,3,6,8,14,18,21,22,41,44],"ascension_level":0}}