{"host":"0r2yuz9akuqaukjg","time":1612779166,"event":{"mods":["2.2 Compatiblity","AchievementEnabler","BaseMod","Dota2Spire","Downfall","Friendly Minions","Hermit","HumanHunterMod(????mod)","Infinite Spire","Jorbs\u0027s Wanderer Trilogy","Lobotomy","LobotomyExtend","Minty Spire (QoL Compilation)","Reliquary","Replay The Spire","Spicy Shops","StSLib","The Bug Knight","The Construct","The Cursed","The Disciple","The Hierophant","The Jungle","The Marked","The Mystic","The Runesmith","The Servant 0.9.4","Trackpad"],"gold_per_floor":[120,120,120,120,120,172,172,272,272,317,364,315,360,360,360,485,485,508,508,62,140,140,140,140],"floor_reached":23,"language":"ENG","playtime":1079,"items_purged":[],"score":210,"play_id":"35bc879a-66c5-4d46-abb2-d32d2787f0fd","local_time":"20210208041246","daily_mods":["SealedDeck","Vintage"],"is_ascension_mode":false,"campfire_choices":[{"data":"TheCursedMod:SpreadPlague","floor":7,"key":"SMITH"},{"data":"TheCursedMod:CircleOfCorruption","floor":15,"key":"SMITH"}],"circlet_count":0,"master_deck":["hierophant:TollTheBells","TheCursedMod:CursedSpellbook","TheCursedMod:BlessingInDisguise","hierophant:Endure","hierophant:OrnateBuckler","hierophant:HolyVerse","hierophant:HolyVerse","hierophant:RustyCrate","TheCursedMod:Wield","TheCursedMod:CircleOfCorruption+1","hierophant:Doubloon","hierophant:Doubloon","TheCursedMod:SpreadPlague+1","downfall:Icky","TheCursedMod:CollectTribute","TheCursedMod:CursedSpellbook","TheCursedMod:LuckyCharm"],"relics":["reliquary:JackalopeAntler","Cursed Key","NeowsBlessing","NeowsBlessing","hierophant:DonationBoxRelic","Happy Flower","Guardian:GemstoneGun","Unceasing Top","reliquary:RoseTintedGlasses","Omamori","trackpad:StolenKidneys","Dota2Spire:AghanimScepter","Membership Card","Replay:Baseball","Strange Spoon","Dota2Spire:DrumOfEndurance","Vajra","Singing Bowl","Guardian:PocketSentry"],"acts_visited":["Exordium","TheCity"],"potions_floor_usage":[],"damage_taken":[{"damage":8,"enemies":"Jaw Worm","floor":1,"turns":3},{"damage":0,"enemies":"Lagavulin","floor":6,"turns":1},{"damage":0,"enemies":"Cultist","floor":10,"turns":1},{"damage":0,"enemies":"Small Slimes","floor":11,"turns":1},{"damage":0,"enemies":"Exordium Thugs","floor":13,"turns":1},{"damage":0,"enemies":"Hexaghost","floor":16,"turns":1},{"damage":3,"enemies":"3 Byrds","floor":18,"turns":1},{"damage":197,"enemies":"Snake Plant","floor":23,"turns":3}],"seed_played":"7459778206431466110","potions_obtained":[{"floor":10,"key":"Block Potion"},{"floor":13,"key":"GamblersBrew"},{"floor":16,"key":"Fire Potion"}],"is_trial":true,"path_per_floor":["M","WH","WH","WH","WH","E","R","WH","T","M","M","?","M","WH","R","B",null,"M","?","$","T","WH","M"],"character_chosen":"HIEROPHANT","items_purchased":["Membership Card","Replay:Baseball","TheCursedMod:LuckyCharm","Strange Spoon","Dota2Spire:DrumOfEndurance","Vajra"],"campfire_rested":0,"item_purchase_floors":[20,20,20,20,20,20],"current_hp_per_floor":[67,67,74,74,74,74,74,74,74,74,74,74,74,74,74,74,82,79,79,79,79,79,0,0],"gold":140,"neow_bonus":"RANDOM_COMMON_RELIC","is_daily":false,"chose_seed":false,"campfire_upgraded":2,"win_rate":0.0,"timestamp":1612779166,"path_taken":["M","WH","WH","WH","WH","E","R","WH","T","M","M","?","M","WH","R","BOSS","M","?","$","?","WH","M"],"items_purchased_type":["Relic","Relic","Card","Relic","Relic","Relic"],"build_version":"2020-12-22","purchased_purges":0,"victory":false,"max_hp_per_floor":[75,75,82,82,82,82,82,82,82,82,82,82,82,82,82,82,82,82,82,82,82,82,82,82],"card_choices":[{"not_picked":["hierophant:FieryStrike","hierophant:TollTheBells"],"picked":"TheCursedMod:SpreadPlague","floor":6},{"not_picked":["TheCursedMod:UltimatePain","hierophant:Determination"],"picked":"TheCursedMod:CollectTribute","floor":16}],"player_experience":70949,"relics_obtained":[{"floor":1,"key":"reliquary:JackalopeAntler"},{"floor":6,"key":"hierophant:DonationBoxRelic"},{"floor":9,"key":"Happy Flower"},{"floor":10,"key":"Guardian:GemstoneGun"},{"floor":11,"key":"Unceasing Top"},{"floor":13,"key":"reliquary:RoseTintedGlasses"},{"floor":18,"key":"Dota2Spire:AghanimScepter"},{"floor":21,"key":"Singing Bowl"}],"event_choices":[{"damage_healed":0,"gold_gain":0,"player_choice":"Left Gold","damage_taken":0,"max_hp_gain":0,"max_hp_loss":0,"event_name":"World of Goop","floor":12,"gold_loss":49},{"damage_healed":0,"gold_gain":0,"player_choice":"Copied","damage_taken":0,"max_hp_gain":0,"max_hp_loss":0,"event_name":"Duplicator","floor":19,"gold_loss":0,"cards_obtained":["TheCursedMod:CursedSpellbook"]}],"is_beta":false,"boss_relics":[{"not_picked":["Ectoplasm","Replay:Drink Me"],"picked":"trackpad:StolenKidneys"}],"items_purged_floors":[],"is_endless":false,"potions_floor_spawned":[10,13,16,18],"killed_by":"Snake Plant","ascension_level":0}}