{"host":"3g3is9aqajzt74xt","time":1612782807,"event":{"mods":["2.2 Compatiblity","BaseMod","Better Synergies","Downfall","Minty Spire (QoL Compilation)","Prisma Mod","Replay The Spire","StS++","StSLib","The IronCluck","The Necromancer","TheSwordswoman"],"gold_per_floor":[109,109,129,149,164,164,49,49,73,73,20,55,67,67,67,169,169,188,188,202,202,218,252,252,252,252,252,276,295,295,325,325,338,338,441,441,460,473,523,523,534,543,557,566,591,321,341,355,364,364,364,364],"floor_reached":53,"language":"ENG","playtime":3883,"items_purged":["Strike_W"],"score":697,"play_id":"b09c2a1d-26c8-4f53-95ed-1e74510089fd","local_time":"20210208051327","daily_mods":["Vintage","Heirloom","downfall:ExchangeController"],"is_ascension_mode":false,"campfire_choices":[{"data":"Negative_Energy_Arrows","floor":6.0,"key":"SMITH"},{"data":"Strike_W","floor":8.0,"key":"SMITH"},{"floor":10.0,"key":"DIG"},{"floor":15.0,"key":"REST"},{"floor":27.0,"key":"DIG"},{"floor":34.0,"key":"REST"},{"floor":42,"key":"REST"},{"floor":44,"key":"REST"},{"floor":49,"key":"REST"},{"data":"Hellfire","floor":51,"key":"SMITH"}],"circlet_count":0,"master_deck":["Strike_W+1","Strike_W+1","Defend_W","Defend_W+1","Defend_W+1","Defend_W+1","Negative_Energy_Arrows+1","Bone_Wall","Thousand_Bone_Knives+1","Bone_Armor+1","Negative_Energy_Sphere","Shade_Step+1","Bone_Armor","Summon_Death_Knight+1","Spectral_Armor","Shackles_Of_Pain+1","Blood_Curse+1","Negative_Energy_Mist+1","Hellfire+1","Negative_Energy_Bomb","Necrotic_Claws+1","Acid_Javelin+1","Poisoned Strike","Trip+1","Negative_Energy_Javelin"],"relics":["Vampire_Amulet","downfall:NeowBlessing_Player","Replay:Multitool","Bag of Marbles","NeowsBlessing","StrikeDummy","ReplayFunnel","Dream Catcher","Gremlin Food","ReplayTheSpireMod:Lightbulb","Ancient Tea Set","NeowsBlessing","Philosopher\u0027s Stone","The Courier","NeowsBlessing","Slimebound:StickyStick","Anchor","Question Card","NeowsBlessing","Toxic Egg 2","sneckomod:BlankCard","bronze:DecasWashers","Juzu Bracelet","Strawberry","Runic Dome","Happy Flower","Centennial Puzzle","StSpp:BoiledEgg","Blue Candle","CeramicFish","Art of War","Toy Ornithopter","War Paint","Bird Faced Urn"],"acts_visited":["Exordium","TheCity","TheBeyond"],"potions_floor_usage":[],"damage_taken":[{"damage":25.0,"enemies":"Cultist","floor":1.0,"turns":6.0},{"damage":0.0,"enemies":"Small Slimes","floor":3.0,"turns":1.0},{"damage":0.0,"enemies":"Jaw Worm","floor":4.0,"turns":1.0},{"damage":1.0,"enemies":"2 Fungi Beasts","floor":5.0,"turns":2.0},{"damage":109.0,"enemies":"Gremlin Nob","floor":12.0,"turns":9.0},{"damage":4.0,"enemies":"Looter","floor":13.0,"turns":4.0},{"damage":0.0,"enemies":"The Guardian","floor":16.0,"turns":1.0},{"damage":57.0,"enemies":"Spheric Guardian","floor":18.0,"turns":9.0},{"damage":13.0,"enemies":"3 Byrds","floor":20.0,"turns":2.0},{"damage":0.0,"enemies":"Snecko","floor":22.0,"turns":1.0},{"damage":0.0,"enemies":"Gremlin Leader","floor":23.0,"turns":1.0},{"damage":10.0,"enemies":"Sentry and Sphere","floor":29.0,"turns":3.0},{"damage":0.0,"enemies":"Slavers","floor":31.0,"turns":2.0},{"damage":0.0,"enemies":"Centurion and Healer","floor":33.0,"turns":2.0},{"damage":125.0,"enemies":"Collector","floor":35.0,"turns":9.0},{"damage":23.0,"enemies":"3 Shapes","floor":37.0,"turns":4.0},{"damage":4,"enemies":"Orb Walker","floor":38,"turns":3},{"damage":163,"enemies":"Mind Bloom Boss Battle","floor":39,"turns":5},{"damage":8,"enemies":"Maw","floor":41,"turns":8},{"damage":41,"enemies":"Spire Growth","floor":43,"turns":5},{"damage":7,"enemies":"Jaw Worm Horde","floor":47,"turns":4},{"damage":16,"enemies":"Writhing Mass","floor":48,"turns":4},{"damage":115,"enemies":"Awakened One","floor":52,"turns":17}],"seed_played":"-1340267436101354276","potions_obtained":[{"floor":3.0,"key":"Guardian:BlockOnCardUsePotion"},{"floor":4.0,"key":"AttackPotion"},{"floor":18.0,"key":"StSpp:ScatteredPotion"},{"floor":23.0,"key":"ColorlessPotion"},{"floor":31.0,"key":"Venom Potion"},{"floor":37,"key":"PowerPotion"},{"floor":41,"key":"StSpp:SecondWindPotion"},{"floor":43,"key":"ColorlessPotion"},{"floor":47,"key":"FearPotion"}],"is_trial":true,"path_per_floor":["M","WH","M","M","M","R","$","R","T","R","$","E","M","WH","R","B",null,"M","WH","M","$","M","E","WH","PTL","PTL","R","T","M","R","E","?","M","R","B",null,"M","M","?","?","M","R","M","R","T","$","M","M","R","?","R","B",null],"character_chosen":"NECROMANCER","items_purchased":["Thousand_Bone_Knives","Bone_Armor","Negative_Energy_Sphere","Poisoned Strike","Trip+1"],"campfire_rested":5,"item_purchase_floors":[7,7,11,46,46],"current_hp_per_floor":[152,152,156,158,161,161,161,161,161,161,161,54,52,52,104,106,275,220,220,213,213,215,219,219,219,219,219,219,213,213,219,219,230,282,163,382,365,363,202,197,191,305,266,380,380,380,379,365,382,382,382,273],"gold":364,"neow_bonus":"THREE_ENEMY_KILL","is_daily":false,"chose_seed":false,"campfire_upgraded":3,"win_rate":0.0,"timestamp":1612782807,"path_taken":["M","WH","M","M","M","R","$","R","T","R","$","E","M","WH","R","BOSS","M","WH","M","$","M","E","WH","PTL","PTL","R","T","M","R","E","?","M","R","BOSS","M","M","?","?","M","R","M","R","T","?","M","M","R","?","R","BOSS"],"items_purchased_type":["Card","Card","Card","Card","Card"],"build_version":"2020-12-22","purchased_purges":1,"victory":true,"max_hp_per_floor":[175,175,175,175,175,175,175,175,175,175,175,175,175,175,175,175,275,275,275,275,275,275,275,275,275,275,275,275,275,275,275,275,282,282,282,382,382,382,382,382,382,382,382,382,382,382,382,382,382,382,382,382],"card_choices":[{"not_picked":["Bone_Bullets","Epidemic"],"picked":"Shade_Step","floor":12.0},{"not_picked":["Shade_Step","Summon_Undead"],"picked":"Bone_Armor","floor":15.0},{"not_picked":["Blood_Magic","Grasp_Heart"],"picked":"Summon_Death_Knight","floor":16.0},{"not_picked":["Consume_Illness","Vampiric_Strike"],"picked":"Spectral_Armor","floor":23.0},{"not_picked":["Bone_Spikes","Negative_Energy_Shield+1","Toxic_Smoke_Screen+1"],"picked":"Blood_Curse+1","floor":31.0},{"not_picked":["Bone_Armor+1","Grasp_Heart","Strike_from_Beyond+1"],"picked":"Negative_Energy_Mist+1","floor":34.0},{"not_picked":["Detonate_Bones","Skeleton_Dragon","Summon_Death_Knight"],"picked":"Hellfire","floor":35.0},{"not_picked":["Finger_Of_Death","Death_Coil","Blood_Whip+1"],"picked":"Negative_Energy_Bomb","floor":39},{"not_picked":["Blood_for_Blood+1","Scare+1","Death_March_Dance+1"],"picked":"Necrotic_Claws+1","floor":42},{"not_picked":["Death_Coil+1","Negative_Energy_Sphere+1","Shackles_Of_Pain+1"],"picked":"Acid_Javelin+1","floor":44},{"not_picked":["Shackles_Of_Pain+1","Requiem","Vampiric_Strike"],"picked":"Negative_Energy_Javelin","floor":49}],"player_experience":16985,"relics_obtained":[{"floor":1.0,"key":"Bag of Marbles"},{"floor":3.0,"key":"StrikeDummy"},{"floor":4.0,"key":"ReplayFunnel"},{"floor":5.0,"key":"Dream Catcher"},{"floor":9.0,"key":"Gremlin Food"},{"floor":10.0,"key":"ReplayTheSpireMod:Lightbulb"},{"floor":13.0,"key":"Ancient Tea Set"},{"floor":18.0,"key":"The Courier"},{"floor":20.0,"key":"Slimebound:StickyStick"},{"floor":22.0,"key":"Anchor"},{"floor":23.0,"key":"Question Card"},{"floor":27.0,"key":"Toxic Egg 2"},{"floor":28.0,"key":"sneckomod:BlankCard"},{"floor":29.0,"key":"bronze:DecasWashers"},{"floor":31.0,"key":"Juzu Bracelet"},{"floor":33.0,"key":"Strawberry"},{"floor":37,"key":"Happy Flower"},{"floor":38,"key":"Centennial Puzzle"},{"floor":39,"key":"StSpp:BoiledEgg"},{"floor":41,"key":"CeramicFish"},{"floor":43,"key":"Art of War"},{"floor":45,"key":"Toy Ornithopter"},{"floor":47,"key":"War Paint"},{"floor":48,"key":"Bird Faced Urn"}],"event_choices":[{"damage_healed":0.0,"max_hp_gain":0.0,"max_hp_loss":0.0,"gold_gain":0.0,"event_name":"Accursed Blacksmith","player_choice":"Forge","floor":32.0,"gold_loss":0.0,"damage_taken":0.0,"cards_upgraded":["Strike_W"]},{"damage_healed":0,"gold_gain":0,"player_choice":"Fight","damage_taken":0,"max_hp_gain":0,"max_hp_loss":0,"event_name":"MindBloom","floor":39,"gold_loss":0}],"is_beta":false,"boss_relics":[{"not_picked":["Pandora\u0027s Box","Replay:Grab Bag"],"picked":"Philosopher\u0027s Stone"},{"not_picked":["Abe\u0027s Treasure","bronze:MakeshiftBattery"],"picked":"Runic Dome"}],"items_purged_floors":[46],"is_endless":false,"potions_floor_spawned":[3,4,18,23,31,37,41,43,47],"ascension_level":0}}