{"host":"0r2yuz9akuqaukjg","time":1612777985,"event":{"mods":["2.2 Compatiblity","AchievementEnabler","BaseMod","Dota2Spire","Downfall","Friendly Minions","Hermit","HumanHunterMod(????mod)","Infinite Spire","Jorbs\u0027s Wanderer Trilogy","Lobotomy","LobotomyExtend","Minty Spire (QoL Compilation)","Reliquary","Replay The Spire","Spicy Shops","StSLib","The Bug Knight","The Construct","The Cursed","The Disciple","The Hierophant","The Jungle","The Marked","The Mystic","The Runesmith","The Servant 0.9.4","Trackpad"],"gold_per_floor":[110,110,128,171,271,271,36,36,36,36,101,101,120,133,133,233,233,280,327,327,327,343,343,398,129,155,155,155,180,180,216,216,327,327,372,401,455,516,516,516,516,516,516,526,526],"floor_reached":44,"language":"ENG","playtime":4450,"items_purged":[],"score":471,"play_id":"7a81d297-b249-4f16-b02e-794fabbf58cc","local_time":"20210208035305","daily_mods":["SealedDeck","Vintage"],"is_ascension_mode":false,"campfire_choices":[{"data":"mysticmod:LightningBolt","floor":6.0,"key":"SMITH"},{"data":"mysticmod:Disengage","floor":10.0,"key":"SMITH"},{"data":"mysticmod:Natural20","floor":23.0,"key":"SMITH"},{"data":"hierophant:Endure","floor":32.0,"key":"SMITH"},{"floor":40,"key":"REST"}],"circlet_count":0,"master_deck":["mysticmod:Shield","hierophant:FieryStrike+1","hierophant:HammerAndAnvil+1","hierophant:Endure+1","mysticmod:FloatingDisk+1","mysticmod:PureInstinct","mysticmod:LightningBolt+1","mysticmod:PowerSlash","mysticmod:Disengage+1","mysticmod:PowerSlash+1","hierophant:Rebuild+1","mysticmod:MysticalShield+1","mysticmod:Natural20+1","infinitespire:NeuralNetwork+1","Pot Of Greed+1","Pot Of Greed+1","mysticmod:ComboCaster+1","hierophant:Glossolalia+1","mysticmod:Disintegrate"],"relics":["HollowMod:StagPassRelic","infinitespire:Cubic Diamond","Dota2Spire:HandOfMidas","Frozen Egg 2","Pen Nib","Replay:Bronze Core","trackpad:WondrousWand","construct:RocketBooster","NeowsBlessing","infinitespire:Magic Flask","White Beast Statue","construct:ClawGrip","Chameleon Ring","bronze:BronzeIdol","CaptainsWheel","mysticmod:RunicPrism","Grinning Jar","trackpad:PocketGalaxy","War Paint","Orichalcum","reliquary:Knoch","Potion Belt","Busted Crown","Replay:Bandana","reliquary:BoilingFlask","reliquary:NewFriend","hexamod:CandleOfCauterizing","mysticmod:Kama","reliquary:JackalopeAntler"],"acts_visited":["Exordium","theJungle:Jungle","TheBeyond"],"potions_floor_usage":[33,33,33,33,36,38,44,44],"damage_taken":[{"damage":0.0,"enemies":"Small Slimes","floor":1.0,"turns":3.0},{"damage":0.0,"enemies":"2 Louse","floor":3.0,"turns":2.0},{"damage":0.0,"enemies":"Cultist","floor":4.0,"turns":3.0},{"damage":15.0,"enemies":"Gremlin Nob","floor":11.0,"turns":5.0},{"damage":0.0,"enemies":"Exordium Thugs","floor":13.0,"turns":2.0},{"damage":0.0,"enemies":"Red Slaver","floor":14.0,"turns":1.0},{"damage":0.0,"enemies":"The Guardian","floor":16.0,"turns":1.0},{"damage":0.0,"enemies":"theJungle:MUSHROOMGANG","floor":18.0,"turns":4.0},{"damage":11.0,"enemies":"theJungle:GiantWrat","floor":19.0,"turns":4.0},{"damage":0.0,"enemies":"theJungle:SlimyTreeVines","floor":22.0,"turns":4.0},{"damage":0.0,"enemies":"theJungle:MamaSnecko","floor":24.0,"turns":4.0},{"damage":4.0,"enemies":"theJungle:Cassacara","floor":29.0,"turns":3.0},{"damage":0.0,"enemies":"theJungle:JungleHuntersEncounter","floor":31.0,"turns":3.0},{"damage":29,"enemies":"theJungle:TotemBoss","floor":33,"turns":7},{"damage":8,"enemies":"Orb Walker","floor":35,"turns":3},{"damage":0,"enemies":"3 Shapes","floor":36,"turns":4},{"damage":1,"enemies":"Sphere and 2 Shapes","floor":37,"turns":6},{"damage":20,"enemies":"4 Shapes","floor":38,"turns":4},{"damage":87,"enemies":"Transient","floor":44,"turns":3}],"seed_played":"-1144979981092757621","potions_obtained":[{"floor":1.0,"key":"infinitespire:BlackPotion"},{"floor":11.0,"key":"Elixir"},{"floor":16.0,"key":"AttackPotion"},{"floor":31.0,"key":"Ancient Potion"},{"floor":33,"key":"EssenceOfSteel"},{"floor":35,"key":"Dota2Spire:HealingSalve"},{"floor":36,"key":"SpeedPotion"},{"floor":37,"key":"Explosive Potion"},{"floor":38,"key":"SteroidPotion"},{"floor":42,"key":"hexamod:SoulburnPotion"},{"floor":42,"key":"Adrenaline Potion"}],"is_trial":true,"path_per_floor":["M","?","M","M","WH","R","$","WH","T","R","E","WH","M","M","R","B",null,"M","M","WH","AVR","M","R","E","$","T","WH","?","E","WH","M","R","B",null,"M","M","M","M","?","R","AVR","R","T","M"],"character_chosen":"MYSTIC_CLASS","items_purchased":["hierophant:Rebuild+1","Pen Nib","mysticmod:ComboCaster+1","trackpad:PocketGalaxy"],"campfire_rested":1,"item_purchase_floors":[7,7,25,25],"current_hp_per_floor":[77,77,77,77,77,77,77,77,77,77,62,62,62,62,77,77,77,77,66,66,66,71,71,71,71,71,71,71,67,67,67,67,38,77,69,77,76,56,56,77,77,77,77,0,0],"gold":526,"neow_bonus":"RANDOM_COMMON_RELIC","is_daily":false,"chose_seed":false,"campfire_upgraded":4,"win_rate":0.0,"timestamp":1612777985,"path_taken":["M","?","M","M","WH","R","$","WH","T","R","E","WH","M","M","R","BOSS","M","M","WH","AVR","M","R","E","$","T","WH","?","E","WH","M","R","BOSS","M","M","M","M","?","R","AVR","R","T","?"],"items_purchased_type":["Card","Relic","Card","Relic"],"build_version":"2020-12-22","purchased_purges":0,"victory":false,"max_hp_per_floor":[77,77,77,77,77,77,77,77,77,77,77,77,77,77,77,77,77,77,77,77,77,77,77,77,77,77,77,77,77,77,77,77,77,77,77,77,77,77,77,77,77,77,77,77,77],"card_choices":[{"not_picked":["mysticmod:Sideswipe","mysticmod:Fly"],"picked":"mysticmod:MysticalShield+1","floor":11.0},{"not_picked":["mysticmod:Discipline+1","mysticmod:KnowledgePool"],"picked":"mysticmod:Natural20","floor":16.0},{"not_picked":["hierophant:Charity+1","mysticmod:Snowball","hierophant:Generosity+1"],"picked":"SKIP","floor":24.0},{"not_picked":["mysticmod:ComboCaster+1","mysticmod:Snowball+1"],"picked":"hierophant:Glossolalia+1","floor":29.0},{"not_picked":["hierophant:AuricForm+1","mysticmod:KnowledgePool"],"picked":"mysticmod:Disintegrate","floor":33}],"player_experience":66499,"relics_obtained":[{"floor":1.0,"key":"HollowMod:StagPassRelic"},{"floor":3.0,"key":"Dota2Spire:HandOfMidas"},{"floor":4.0,"key":"Frozen Egg 2"},{"floor":9.0,"key":"trackpad:WondrousWand"},{"floor":11.0,"key":"construct:RocketBooster"},{"floor":13.0,"key":"infinitespire:Magic Flask"},{"floor":14.0,"key":"White Beast Statue"},{"floor":18.0,"key":"Chameleon Ring"},{"floor":19.0,"key":"bronze:BronzeIdol"},{"floor":22.0,"key":"mysticmod:RunicPrism"},{"floor":24.0,"key":"Grinning Jar"},{"floor":26.0,"key":"War Paint"},{"floor":29.0,"key":"Orichalcum"},{"floor":31.0,"key":"Potion Belt"},{"floor":35,"key":"Replay:Bandana"},{"floor":36,"key":"reliquary:BoilingFlask"},{"floor":37,"key":"reliquary:NewFriend"},{"floor":38,"key":"hexamod:CandleOfCauterizing"},{"floor":43,"key":"reliquary:JackalopeAntler"}],"event_choices":[{"cards_removed":["Languid"],"damage_healed":0,"gold_gain":0,"player_choice":"Purged","damage_taken":0,"max_hp_gain":0,"max_hp_loss":0,"event_name":"Purifier","floor":39,"gold_loss":0}],"is_beta":false,"boss_relics":[{"not_picked":["trackpad:Trackpad","reliquary:KinkedSpring"],"picked":"construct:ClawGrip"},{"not_picked":["Astrolabe","Replay:Wanted Poster"],"picked":"Busted Crown"}],"items_purged_floors":[],"is_endless":false,"potions_floor_spawned":[1,11,16,18,19,22,24,29,31,33,35,36,37,38],"killed_by":"Transient","ascension_level":0}}