{"host":"94qggqh0xz0sp6ai","time":1612815609,"event":{"mods":["100% Spire Juice","Abigail Mod","Act Like it!","BaseMod","CapriCore","Downfall","Friendly Minions","Gensokyo","Hermit","Jorbs\u0027s Wanderer Trilogy","Koishi","Marisa（霧雨　魔理沙）","Minty Spire (QoL Compilation)","Permanent Neow","Reimu（博??梦）","StSLib","The Alterego","The Construct","The Cursed","The Hierophant","The Immortal","The Marked","The Mystic","The Senshi","The Servant 0.9.4","TheBandit","Waifu the Spire"],"gold_per_floor":[111,122,137,151,151,151,171,171,171,171,171,171,171],"floor_reached":12,"language":"ENG","playtime":290,"items_purged":[],"score":129,"play_id":"64105320-a717-4be4-8f7c-0214921455d6","local_time":"20210208142009","is_ascension_mode":true,"campfire_choices":[{"floor":6,"key":"REST"},{"floor":8,"key":"REST"},{"data":"TightArray:ReiMu","floor":10,"key":"SMITH"}],"circlet_count":0,"master_deck":["AscendersBane","Strike_Lin:ReiMu","Strike_Lin:ReiMu","Strike_Lin:ReiMu","Defend_Lin:ReiMu","Defend_Lin:ReiMu","Defend_Lin:ReiMu","Defend_Lin:ReiMu","NB:ReiMu","Stagnation:ReiMu","RainPray2:ReiMu","TightArray:ReiMu","Meditation:ReiMu","PayForSelf:ReiMu","TightArray:ReiMu+1"],"relics":["FlyPower:ReiMu","Turnip","theSenshi:FeatherClipsRelic","Odd Mushroom","Bottled Flame"],"acts_visited":["Exordium"],"potions_floor_usage":[7],"damage_taken":[{"damage":11,"enemies":"Cultist","floor":1,"turns":5},{"damage":0,"enemies":"2 Louse","floor":2,"turns":6},{"damage":12,"enemies":"Jaw Worm","floor":3,"turns":4},{"damage":2,"enemies":"Red Slaver","floor":4,"turns":5},{"damage":25,"enemies":"The Mushroom Lair","floor":7,"turns":5},{"damage":35,"enemies":"3 Sentries","floor":12,"turns":6}],"seed_played":"-4137996277918700807","potions_obtained":[{"floor":3,"key":"Explosive Potion"}],"is_trial":false,"path_per_floor":["M","M","M","M","T","R","?","R","T","R","?","E"],"character_chosen":"REIMU","items_purchased":[],"campfire_rested":2,"item_purchase_floors":[],"current_hp_per_floor":[28,28,16,14,14,32,13,31,31,31,31,0,0],"gold":171,"neow_bonus":"ONE_RARE_RELIC","is_daily":false,"chose_seed":false,"campfire_upgraded":1,"win_rate":0.0,"timestamp":1612815609,"path_taken":["M","M","M","M","?","R","?","R","T","R","?","E"],"items_purchased_type":[],"build_version":"2020-12-22","purchased_purges":0,"victory":false,"max_hp_per_floor":[60,60,60,60,60,60,60,60,60,60,60,60,60],"card_choices":[{"not_picked":["OrbThrow:ReiMu","Enchanting:ReiMu"],"picked":"RainPray2:ReiMu","floor":1},{"not_picked":["AlertArray:ReiMu","CareerPray:ReiMu"],"picked":"TightArray:ReiMu","floor":2},{"not_picked":["LearningPray:ReiMu","AirStrike:ReiMu"],"picked":"Meditation:ReiMu","floor":3},{"not_picked":["PrepareRite:ReiMu","CollectionFlower2:ReiMu"],"picked":"PayForSelf:ReiMu","floor":4},{"not_picked":["SubcavityInstant:ReiMu","Revelation:ReiMu"],"picked":"TightArray:ReiMu","floor":7}],"player_experience":1530231,"relics_obtained":[{"floor":5,"key":"theSenshi:FeatherClipsRelic"},{"floor":7,"key":"Odd Mushroom"},{"floor":9,"key":"Bottled Flame"}],"event_choices":[{"damage_healed":0,"gold_gain":0,"player_choice":"Fought Mushrooms","damage_taken":0,"max_hp_gain":0,"max_hp_loss":0,"event_name":"Mushrooms","floor":7,"gold_loss":0},{"cards_removed":["Strike_Lin:ReiMu"],"damage_healed":0,"gold_gain":0,"player_choice":"Offered Basic","damage_taken":0,"max_hp_gain":0,"max_hp_loss":0,"event_name":"Bonfire Elementals","floor":11,"gold_loss":0}],"is_beta":false,"boss_relics":[],"items_purged_floors":[],"is_endless":false,"potions_floor_spawned":[3],"killed_by":"3 Sentries","ascension_level":18}}