{"host":"15sbyzswzncjigmz","time":1612743084,"event":{"mods":["AchievementEnabler","BaseMod","Bestiary","Block Reminder","Colored Map","Colored Powertips","DeckTracker","Minty Spire (QoL Compilation)","Relic Stats","StSLib","Weighted Paths"],"gold_per_floor":[114,129,22,22,197,230,230,195,222,256,5,24,57,57,57,181,181,197,0,0,15,15,15,35,35,35,68,68,108,123,51,51,171,171,185,33,33,33,33,67,67,92,92,108,108,131,38,62,62,62,62,62,13,46,46,46],"floor_reached":55,"language":"ENG","playtime":5009,"items_purged":[],"score":808,"play_id":"f6d98160-9888-4a41-8220-8e115727a688","local_time":"20210207181124","is_ascension_mode":true,"campfire_choices":[{"floor":7,"key":"REST"},{"floor":15,"key":"REST"},{"floor":23,"key":"REST"},{"floor":25,"key":"REST"},{"floor":28,"key":"RECALL"},{"floor":32,"key":"REST"},{"floor":41,"key":"REST"},{"floor":45,"key":"REST"},{"data":"1","floor":49,"key":"LIFT"},{"data":"2","floor":52,"key":"LIFT"}],"circlet_count":0,"master_deck":["Strike_G","Strike_G","Strike_G","Defend_G","Defend_G","Defend_G","Defend_G","Defend_G","Survivor","Neutralize","Envenom","Endless Agony","Flying Knee","Bouncing Flask","Heel Hook","Injury","Doubt","Endless Agony","Well Laid Plans","Bane+1","Flying Knee+1","Corpse Explosion","CurseOfTheBell","Tactician+1","Dagger Throw+1","Bane+1","Dodge and Roll","Prepared","Poisoned Stab+1","Malaise+1","Terror+1","Endless Agony+1","Wraith Form v2","Catalyst+1","Backstab+1","Dodge and Roll+1","Flechettes+1","Blind+1","PiercingWail+1","Night Terror+1"],"relics":["Ring of the Snake","Golden Idol","Girya","Bag of Marbles","Tiny Chest","Molten Egg 2","Regal Pillow","Calling Bell","Snake Skull","Sundial","CaptainsWheel","Toxic Egg 2","Bottled Lightning","Letter Opener","SlaversCollar","TwistedFunnel","Bronze Scales","Ornamental Fan","Smiling Mask","Strawberry","Pen Nib","Bird Faced Urn"],"acts_visited":["Exordium","TheCity","TheBeyond","TheEnding"],"potions_floor_usage":[16,27,33,38,50],"damage_taken":[{"damage":1,"enemies":"Cultist","floor":1,"turns":5},{"damage":0,"enemies":"Jaw Worm","floor":2,"turns":5},{"damage":46,"enemies":"Lagavulin","floor":6,"turns":7},{"damage":29,"enemies":"Gremlin Nob","floor":10,"turns":5},{"damage":5,"enemies":"2 Louse","floor":12,"turns":2},{"damage":15,"enemies":"Lagavulin","floor":13,"turns":6},{"damage":40,"enemies":"Hexaghost","floor":16,"turns":8},{"damage":36,"enemies":"Shell Parasite","floor":18,"turns":7},{"damage":17,"enemies":"3 Byrds","floor":21,"turns":5},{"damage":11,"enemies":"Cultist and Chosen","floor":24,"turns":5},{"damage":17,"enemies":"Slavers","floor":27,"turns":3},{"damage":27,"enemies":"Gremlin Leader","floor":29,"turns":4},{"damage":7,"enemies":"Snecko","floor":30,"turns":4},{"damage":38,"enemies":"Automaton","floor":33,"turns":8},{"damage":21,"enemies":"Orb Walker","floor":35,"turns":5},{"damage":0,"enemies":"3 Darklings","floor":38,"turns":1},{"damage":32,"enemies":"Nemesis","floor":40,"turns":7},{"damage":0,"enemies":"4 Shapes","floor":42,"turns":1},{"damage":0,"enemies":"Jaw Worm Horde","floor":44,"turns":1},{"damage":58,"enemies":"Time Eater","floor":50,"turns":11},{"damage":33,"enemies":"Shield and Spear","floor":54,"turns":4},{"damage":50,"enemies":"The Heart","floor":55,"turns":3}],"seed_played":"7795723954780320887","potions_obtained":[{"floor":10,"key":"EssenceOfSteel"},{"floor":16,"key":"Poison Potion"},{"floor":18,"key":"AttackPotion"},{"floor":27,"key":"SmokeBomb"},{"floor":29,"key":"SmokeBomb"},{"floor":35,"key":"CunningPotion"}],"is_trial":false,"path_per_floor":["M","M","$","?","?","E","R","?","T","E","$","M","E","?","R","B",null,"M","?","T","M","?","R","M","R","T","E","R","E","M","$","R","B",null,"M","$","T","M","$","E","R","M","T","M","R","T","$","T","R","B",null,"R","$","E","B"],"character_chosen":"THE_SILENT","items_purchased":["Bouncing Flask","Heel Hook","Molten Egg 2","Endless Agony+1","TwistedFunnel","Blind+1","PiercingWail+1"],"campfire_rested":7,"item_purchase_floors":[3,3,11,31,36,47,53],"current_hp_per_floor":[69,69,69,69,69,23,44,61,61,32,32,27,12,12,48,8,70,34,34,34,17,17,53,42,70,70,53,53,26,19,19,55,17,70,49,49,49,49,49,17,53,53,53,53,70,77,77,77,77,19,77,77,77,44,0,0],"gold":46,"neow_bonus":"ONE_RANDOM_RARE_CARD","is_daily":false,"chose_seed":false,"campfire_upgraded":0,"win_rate":0.0,"timestamp":1612743084,"path_taken":["M","M","$","?","?","E","R","?","T","E","$","?","E","?","R","BOSS","M","?","?","M","?","R","M","R","T","E","R","E","?","?","R","BOSS","M","$","?","?","?","E","R","M","T","M","R","?","$","?","R","BOSS","R","$","E","BOSS"],"items_purchased_type":["Card","Card","Relic","Card","Relic","Card","Card"],"build_version":"2020-12-22","purchased_purges":0,"victory":false,"max_hp_per_floor":[70,70,70,70,70,70,70,70,70,70,70,70,70,70,70,70,70,70,70,70,70,70,70,70,70,70,70,70,70,70,70,70,70,70,70,70,70,70,70,70,70,70,70,70,70,77,77,77,77,77,77,77,77,77,77,77],"relic_stats":{"Regal Pillow":67,"counters":[22,107],"Golden Idol":155,"Snake Skull":[141],"Pen Nib":[4],"Letter Opener":[25],"Smiling Mask":0,"Sundial":[2],"Ornamental Fan":[40],"Bronze Scales":[127],"Bird Faced Urn":[2],"Tiny Chest":3,"obtain_stats":[{"TwistedFunnel":36,"Girya":6,"Regal Pillow":13,"Golden Idol":4,"Snake Skull":17,"Pen Nib":48,"Letter Opener":29,"Smiling Mask":43,"Calling Bell":17,"SlaversCollar":34,"CaptainsWheel":17,"Sundial":17,"Ornamental Fan":40,"Bronze Scales":37,"Strawberry":46,"Bird Faced Urn":54,"Tiny Chest":10,"Molten Egg 2":11,"Bag of Marbles":9,"Bottled Lightning":27,"Toxic Egg 2":26,"Ring of the Snake":0},{"TwistedFunnel":15,"Girya":3,"Regal Pillow":6,"Golden Idol":2,"Snake Skull":7,"Pen Nib":19,"Letter Opener":12,"Smiling Mask":18,"Calling Bell":7,"SlaversCollar":14,"CaptainsWheel":7,"Sundial":7,"Ornamental Fan":17,"Bronze Scales":15,"Strawberry":19,"Bird Faced Urn":21,"Tiny Chest":4,"Molten Egg 2":4,"Bag of Marbles":3,"Bottled Lightning":11,"Toxic Egg 2":10,"Ring of the Snake":0},{"TwistedFunnel":79,"Girya":17,"Regal Pillow":30,"Golden Idol":10,"Snake Skull":38,"Pen Nib":89,"Letter Opener":62,"Smiling Mask":88,"Calling Bell":38,"SlaversCollar":74,"CaptainsWheel":38,"Sundial":38,"Ornamental Fan":87,"Bronze Scales":79,"Strawberry":89,"Bird Faced Urn":104,"Tiny Chest":22,"Molten Egg 2":22,"Bag of Marbles":17,"Bottled Lightning":58,"Toxic Egg 2":55,"Ring of the Snake":0}],"Ring of the Snake":[46]},"card_choices":[{"not_picked":["Dagger Throw","Masterful Stab"],"picked":"Endless Agony","floor":1},{"not_picked":["Sucker Punch","Dodge and Roll"],"picked":"Flying Knee","floor":2},{"not_picked":["Deadly Poison","Backflip"],"picked":"Endless Agony","floor":6},{"not_picked":["Eviscerate","PiercingWail"],"picked":"Well Laid Plans","floor":10},{"not_picked":["Backflip","Expertise"],"picked":"Bane+1","floor":12},{"not_picked":["Storm of Steel","Predator+1"],"picked":"Flying Knee+1","floor":13},{"not_picked":["After Image","Wraith Form v2"],"picked":"Corpse Explosion","floor":16},{"not_picked":["Deflect","Leg Sweep"],"picked":"Tactician+1","floor":18},{"not_picked":["Quick Slash+1","Dodge and Roll"],"picked":"Dagger Throw+1","floor":21},{"not_picked":["Dodge and Roll","Reflex"],"picked":"Prepared","floor":24},{"not_picked":["Venomology+1","Slice+1"],"picked":"Poisoned Stab+1","floor":27},{"not_picked":["Dagger Throw+1","Heel Hook+1"],"picked":"Malaise+1","floor":29},{"not_picked":["Sucker Punch+1","Cloak And Dagger+1"],"picked":"Terror+1","floor":30},{"not_picked":["A Thousand Cuts","Unload+1"],"picked":"Wraith Form v2","floor":33},{"not_picked":["Flying Knee+1","Well Laid Plans+1"],"picked":"Catalyst+1","floor":35},{"not_picked":["Masterful Stab+1","Footwork"],"picked":"Backstab+1","floor":40},{"not_picked":["Backflip+1","PiercingWail+1"],"picked":"Dodge and Roll+1","floor":42},{"not_picked":["Predator+1","Distraction+1"],"picked":"Flechettes+1","floor":44},{"not_picked":["Bane+1","Caltrops"],"picked":"Night Terror+1","floor":54}],"player_experience":138755,"relics_obtained":[{"floor":6,"key":"Girya"},{"floor":9,"key":"Bag of Marbles"},{"floor":10,"key":"Tiny Chest"},{"floor":13,"key":"Regal Pillow"},{"floor":17,"key":"Snake Skull"},{"floor":17,"key":"Sundial"},{"floor":17,"key":"CaptainsWheel"},{"floor":26,"key":"Toxic Egg 2"},{"floor":27,"key":"Bottled Lightning"},{"floor":29,"key":"Letter Opener"},{"floor":37,"key":"Bronze Scales"},{"floor":40,"key":"Ornamental Fan"},{"floor":43,"key":"Smiling Mask"},{"floor":46,"key":"Strawberry"},{"floor":48,"key":"Pen Nib"},{"floor":54,"key":"Bird Faced Urn"}],"event_choices":[{"damage_healed":0,"gold_gain":0,"player_choice":"Take Wound","damage_taken":0,"relics_obtained":["Golden Idol"],"max_hp_gain":0,"max_hp_loss":0,"event_name":"Golden Idol","floor":4,"gold_loss":0,"cards_obtained":["Injury"]},{"damage_healed":0,"gold_gain":175,"player_choice":"AGREE","damage_taken":0,"max_hp_gain":0,"max_hp_loss":0,"event_name":"Liars Game","floor":5,"gold_loss":0,"cards_obtained":["Doubt"]},{"damage_healed":17,"gold_gain":0,"player_choice":"Healed","damage_taken":0,"max_hp_gain":0,"max_hp_loss":0,"event_name":"The Cleric","floor":8,"gold_loss":35},{"damage_healed":0,"gold_gain":0,"player_choice":"Ignored","damage_taken":0,"max_hp_gain":0,"max_hp_loss":0,"event_name":"Shining Light","floor":14,"gold_loss":0},{"damage_healed":0,"gold_gain":0,"player_choice":"Paid Fearfully","damage_taken":0,"max_hp_gain":0,"max_hp_loss":0,"event_name":"Masked Bandits","floor":19,"gold_loss":197},{"damage_healed":0,"gold_gain":0,"cards_transformed":["Strike_G","Strike_G"],"player_choice":"Became Test Subject","damage_taken":0,"max_hp_gain":0,"max_hp_loss":0,"event_name":"Drug Dealer","floor":22,"gold_loss":0,"cards_obtained":["Bane","Dodge and Roll"]}],"is_beta":false,"boss_relics":[{"not_picked":["Ring of the Serpent","Runic Dome"],"picked":"Calling Bell"},{"not_picked":["SacredBark","Empty Cage"],"picked":"SlaversCollar"}],"items_purged_floors":[],"is_endless":false,"potions_floor_spawned":[10,16,18,27,29,35],"killed_by":"The Heart","ascension_level":1}}