{"host":"o9lehcdjc4u6j9un","time":1612828525,"event":{"mods":["BaseMod","Better-Laid Plans","Colored Map","Downfall","Hermit","Koishi","Marisa£®ÏF”Í°°ƒß¿Ì…≥£©","Minty Spire (QoL Compilation)","Reimu£®≤©¿ˆ¡È√Œ£©","Remilia£®¿Ÿ√◊¿Ú—«£©","StSLib","The Alterego","The Runesmith","The Senshi","Youmu£®ªÍ∆«—˝√Œ£©"],"gold_per_floor":[367,367,387,397,469,501,501,501,579,25,45,64,64,74,74,74,74],"floor_reached":16,"language":"ZHS","playtime":1303,"items_purged":[],"score":102,"play_id":"9a7eed0f-6623-4408-bd02-65913d316820","local_time":"20210209075525","is_ascension_mode":false,"campfire_choices":[{"data":"alterego_mod:Nekomimi","floor":8,"key":"SMITH"},{"data":"alterego_mod:Venus","floor":13,"key":"SMITH"},{"data":"alterego_mod:Maid","floor":15,"key":"SMITH"}],"circlet_count":0,"master_deck":["alterego_mod:Strike","alterego_mod:Strike","alterego_mod:Strike","alterego_mod:Defend","alterego_mod:Defend+1","alterego_mod:Defend+1","alterego_mod:Defend","alterego_mod:Impale","alterego_mod:BigMeatyClaws","alterego_mod:BrynhildrsRune","alterego_mod:Nekomimi+1","alterego_mod:DeftHands","alterego_mod:Cushion","alterego_mod:Venus+1","Regret","alterego_mod:Clap+1","alterego_mod:Maid+1","alterego_mod:Clones+1"],"relics":["alterego_mod:MasochisticConstitution","Toxic Egg 2","War Paint","Anchor","Meat on the Bone","theSenshi:SailorFukuRelic","theSenshi:FeatherClipsRelic","alterego_mod:SistersRibbon"],"acts_visited":["Exordium"],"potions_floor_usage":[6,16],"damage_taken":[{"damage":4,"enemies":"2 Louse","floor":1,"turns":5},{"damage":10,"enemies":"Cultist","floor":3,"turns":7},{"damage":6,"enemies":"Jaw Worm","floor":4,"turns":10},{"damage":36,"enemies":"3 Sentries","floor":6,"turns":18},{"damage":14,"enemies":"Exordium Wildlife","floor":11,"turns":5},{"damage":16,"enemies":"Exordium Thugs","floor":12,"turns":5},{"damage":5,"enemies":"Looter","floor":14,"turns":3},{"damage":45,"enemies":"Hexaghost","floor":16,"turns":9}],"seed_played":"-7859453122030133915","potions_obtained":[{"floor":3,"key":"ColorlessPotion"},{"floor":6,"key":"BlessingOfTheForge"},{"floor":12,"key":"ColorlessPotion"}],"is_trial":false,"path_per_floor":["M","?","M","M","T","E","?","R","T","$","M","M","R","M","R","B"],"character_chosen":"The_Alterego","items_purchased":["theSenshi:SailorFukuRelic","theSenshi:FeatherClipsRelic","alterego_mod:SistersRibbon"],"campfire_rested":0,"item_purchase_floors":[10,10,10],"current_hp_per_floor":[53,53,44,46,46,25,25,25,25,25,44,47,47,56,56,11,11],"gold":74,"neow_bonus":"TWO_FIFTY_GOLD","is_daily":false,"chose_seed":false,"campfire_upgraded":3,"win_rate":0.0,"timestamp":1612828525,"path_taken":["M","?","M","?","?","E","?","R","T","?","M","?","R","M","R","BOSS"],"items_purchased_type":["Relic","Relic","Relic"],"build_version":"2020-12-22","purchased_purges":0,"victory":false,"max_hp_per_floor":[71,71,72,73,73,74,74,74,74,74,75,76,76,77,77,77,77],"card_choices":[{"not_picked":["alterego_mod:Pet","alterego_mod:GoddessCore"],"picked":"alterego_mod:Nekomimi","floor":1},{"not_picked":["alterego_mod:Pet","alterego_mod:Lingerie"],"picked":"alterego_mod:DeftHands","floor":3},{"not_picked":["alterego_mod:Schoolgirl","alterego_mod:Complex"],"picked":"alterego_mod:Cushion","floor":4},{"not_picked":["alterego_mod:GoddessCore","alterego_mod:Mirror+1"],"picked":"alterego_mod:Venus","floor":6},{"not_picked":["alterego_mod:Rip","alterego_mod:BeGentle+1"],"picked":"alterego_mod:Clap+1","floor":11},{"not_picked":["alterego_mod:Skirt","alterego_mod:BusterCard"],"picked":"alterego_mod:Maid","floor":12},{"not_picked":["alterego_mod:Santa+1","alterego_mod:Smother"],"picked":"alterego_mod:Clones+1","floor":14}],"player_experience":169454,"relics_obtained":[{"floor":5,"key":"Toxic Egg 2"},{"floor":6,"key":"War Paint"},{"floor":9,"key":"Meat on the Bone"}],"event_choices":[{"cards_removed":["alterego_mod:Strike"],"damage_healed":0,"gold_gain":0,"player_choice":"Offered Basic","damage_taken":0,"max_hp_gain":0,"max_hp_loss":0,"event_name":"Bonfire Elementals","floor":2,"gold_loss":0},{"damage_healed":0,"gold_gain":0,"player_choice":"Box","damage_taken":0,"relics_obtained":["Anchor"],"max_hp_gain":0,"max_hp_loss":0,"event_name":"Big Fish","floor":7,"gold_loss":0,"cards_obtained":["Regret"]}],"is_beta":false,"boss_relics":[],"items_purged_floors":[],"is_endless":false,"potions_floor_spawned":[3,6,12],"killed_by":"Hexaghost","ascension_level":0}}