{"host":"zeqqfkj762i3pba1","time":1612782891,"event":{"mods":["BaseMod","Colored Map","Infinite Spire","Minty Spire (QoL Compilation)","Replay The Spire","StSLib"],"gold_per_floor":[118,118,118,131,146,171,171,189,189,189,200,109,134,151,151,151,151],"floor_reached":16,"language":"ENG","playtime":699,"items_purged":["Regret"],"score":118,"play_id":"f6a0d1b8-d492-43c9-ba7c-c38a334bda58","local_time":"20210208061451","is_ascension_mode":true,"campfire_choices":[{"data":"Armaments","floor":7.0,"key":"SMITH"},{"data":"Body Slam","floor":10,"key":"SMITH"},{"data":"Strike_R","floor":15,"key":"PURGE"}],"circlet_count":0,"master_deck":["Strike_R","Strike_R","Strike_R","Defend_R","Defend_R","Defend_R","Defend_R","Bash","Body Slam+1","ReplayTheSpireMod:Limb From Limb","Pommel Strike","Armaments+1","Power Through","Cleave","Apotheosis","Exhume","True Grit"],"relics":["Burning Blood","NeowsBlessing","Pear","Unceasing Top","ReplayTheSpireMod:CursedCoin","Peace Pipe"],"acts_visited":["Exordium"],"potions_floor_usage":[13,16],"damage_taken":[{"damage":0.0,"enemies":"2 Louse","floor":1.0,"turns":1.0},{"damage":0.0,"enemies":"Small Slimes","floor":4.0,"turns":1.0},{"damage":0.0,"enemies":"Cultist","floor":5.0,"turns":1.0},{"damage":46.0,"enemies":"Lagavulin","floor":6.0,"turns":6.0},{"damage":12,"enemies":"Gremlin Gang","floor":8,"turns":6},{"damage":1,"enemies":"Exordium Wildlife","floor":11,"turns":3},{"damage":22,"enemies":"3 Sentries","floor":13,"turns":5},{"damage":9,"enemies":"2 Fungi Beasts","floor":14,"turns":2},{"damage":0,"enemies":"The Guardian","floor":16,"turns":2}],"seed_played":"2758612175553332532","potions_obtained":[{"floor":4.0,"key":"SpeedPotion"},{"floor":11,"key":"Energy Potion"},{"floor":13,"key":"SpeedPotion"},{"floor":14,"key":"Milkshake"}],"is_trial":false,"path_per_floor":["M","?","?","M","M","E","R","M","T","R","M","$","E","M","R_BF","B"],"character_chosen":"IRONCLAD","items_purchased":["ReplayTheSpireMod:CursedCoin","Apotheosis"],"campfire_rested":0,"item_purchase_floors":[12,12],"current_hp_per_floor":[80,80,80,80,80,50,50,44,44,44,49,49,33,30,30,30,30],"gold":151,"neow_bonus":"THREE_ENEMY_KILL","is_daily":false,"chose_seed":false,"campfire_upgraded":2,"win_rate":0.0,"timestamp":1612782891,"path_taken":["M","?","?","?","M","E","R","?","T","R","M","$","E","M","R_BF","BOSS"],"items_purchased_type":["Relic","Card"],"build_version":"2020-12-22","purchased_purges":1,"victory":false,"max_hp_per_floor":[80,80,80,80,80,90,90,90,90,90,90,90,90,90,90,90,90],"card_choices":[{"not_picked":["Twin Strike","Hemokinesis"],"picked":"Body Slam","floor":1.0},{"not_picked":["Iron Wave","ReplayReversal"],"picked":"Pommel Strike","floor":4.0},{"not_picked":["Intimidate","Twin Strike"],"picked":"Armaments","floor":5.0},{"not_picked":["Run Through","Dropkick"],"picked":"Power Through","floor":6.0},{"not_picked":["Bloodletting","Twin Strike","Flex"],"picked":"SKIP","floor":8},{"not_picked":["Anger","Disarm"],"picked":"Cleave","floor":11},{"not_picked":["ReplayTheSpireMod:Corrosion Curse","Rage"],"picked":"Exhume","floor":13},{"not_picked":["Warcry","Body Slam"],"picked":"True Grit","floor":14}],"player_experience":209698,"relics_obtained":[{"floor":6.0,"key":"Pear"},{"floor":9,"key":"Unceasing Top"},{"floor":13,"key":"Peace Pipe"}],"event_choices":[{"damage_healed":0.0,"max_hp_gain":0.0,"max_hp_loss":0.0,"gold_gain":0.0,"event_name":"Liars Game","player_choice":"Ignored","floor":2.0,"gold_loss":0.0,"damage_taken":0.0},{"damage_healed":0.0,"max_hp_gain":0.0,"max_hp_loss":0.0,"gold_gain":0.0,"cards_transformed":["Strike_R"],"event_name":"Transmorgrifier","player_choice":"Transformed","floor":3.0,"gold_loss":0.0,"damage_taken":0.0,"cards_obtained":["ReplayTheSpireMod:Limb From Limb"]}],"is_beta":false,"boss_relics":[],"items_purged_floors":[12],"is_endless":false,"potions_floor_spawned":[4,11,13,14],"killed_by":"The Guardian","ascension_level":1}}