{"host":"d8cz15m779bv9isj","time":1612812144,"event":{"mods":["Aspiration","BaseMod","Colored Map","Colored Powertips","DeckTracker","Downfall","Hermit","Highlight Path","Hubris","Infinite Spire","Minty Spire (QoL Compilation)","Quick Restart","Random Character Button","Relic Sorter","Replay The Spire","StSLib","SuperFastMode","Synergy Search","The Cursed","The Disciple","The Jungle","The Runesmith"],"gold_per_floor":[111,121,134,151,169,204,204,215,215,215,215,490,338,308,308,308,308],"floor_reached":16,"language":"ENG","playtime":698,"items_purged":["Regret"],"score":102,"play_id":"4ccdf95e-24f6-4e7b-96ee-ff4551c02ae7","local_time":"20210208202224","is_ascension_mode":false,"campfire_choices":[{"data":"ReplayTheSpireMod:Shiv Toss","floor":10,"key":"SMITH"},{"data":"After Image","floor":15,"key":"SMITH"}],"circlet_count":0,"master_deck":["Strike_G","Strike_G","Strike_G","Strike_G","Strike_G","Defend_G","Defend_G","Defend_G","Defend_G","Defend_G","Survivor","Neutralize","Blade Dance","ReplayTheSpireMod:Shiv Toss+1","Underhanded Strike","After Image+1","Escape Plan","Sneak Up","Backflip","Choke","Catalyst"],"relics":["Ring of the Snake","NeowsBlessing","hubris:PeanutButter","Ring of Fangs","Ring of Peace","infinitespire:PuzzleCube","hubris:Towel"],"acts_visited":["Exordium"],"potions_floor_usage":[8,16],"damage_taken":[{"damage":0,"enemies":"Jaw Worm","floor":1,"turns":1},{"damage":0,"enemies":"2 Louse","floor":2,"turns":1},{"damage":0,"enemies":"Cultist","floor":3,"turns":1},{"damage":2,"enemies":"3 Louse","floor":4,"turns":4},{"damage":0,"enemies":"Large Slime","floor":5,"turns":6},{"damage":30,"enemies":"3 Sentries","floor":6,"turns":14},{"damage":4,"enemies":"Exordium Wildlife","floor":8,"turns":11},{"damage":0,"enemies":"Looter","floor":14,"turns":4},{"damage":33,"enemies":"Fading Forest","floor":16,"turns":8}],"seed_played":"-1015810958469966311","potions_obtained":[{"floor":2,"key":"Poison Potion"},{"floor":6,"key":"Elixir"},{"floor":8,"key":"sneckomod:MuddlingPotion"}],"is_trial":false,"path_per_floor":["M","M","M","M","M","E","?","M","T","R","?","?","$","M","R","B"],"character_chosen":"THE_SILENT","items_purchased":["Choke"],"campfire_rested":0,"item_purchase_floors":[13],"current_hp_per_floor":[70,70,70,68,68,38,38,34,34,34,34,34,34,34,34,11,11],"gold":308,"neow_bonus":"THREE_ENEMY_KILL","is_daily":false,"chose_seed":false,"campfire_upgraded":2,"win_rate":0.0,"timestamp":1612812144,"path_taken":["M","M","M","M","M","E","?","M","T","R","?","?","$","M","R","BOSS"],"items_purchased_type":["Card"],"build_version":"2020-12-22","purchased_purges":1,"victory":false,"max_hp_per_floor":[70,70,70,70,70,70,70,70,70,70,70,70,70,70,70,70,70],"card_choices":[{"not_picked":["ReplayTheSpireMod:Exploit Weakness","Sucker Punch"],"picked":"Blade Dance","floor":1},{"not_picked":["Dagger Spray","Quick Slash"],"picked":"ReplayTheSpireMod:Shiv Toss","floor":2},{"not_picked":["Bane","All Out Attack"],"picked":"Underhanded Strike","floor":3},{"not_picked":["PiercingWail","Poisoned Stab"],"picked":"After Image","floor":4},{"not_picked":["Underhanded Strike","Slice"],"picked":"Escape Plan","floor":5},{"not_picked":["Backstab","Riddle With Holes"],"picked":"Sneak Up","floor":6},{"not_picked":["Calculated Gamble","Outmaneuver"],"picked":"Backflip","floor":8},{"not_picked":["Bouncing Flask","Dagger Throw"],"picked":"Catalyst","floor":14}],"player_experience":232865,"relics_obtained":[{"floor":6,"key":"hubris:PeanutButter"},{"floor":7,"key":"Ring of Fangs"},{"floor":7,"key":"Ring of Peace"},{"floor":9,"key":"infinitespire:PuzzleCube"}],"event_choices":[{"damage_healed":0,"gold_gain":275,"player_choice":"Desecrate","damage_taken":0,"max_hp_gain":0,"max_hp_loss":0,"event_name":"Golden Shrine","floor":12,"gold_loss":0,"cards_obtained":["Regret"]}],"is_beta":false,"boss_relics":[],"items_purged_floors":[13],"is_endless":false,"potions_floor_spawned":[2,6,8],"killed_by":"Fading Forest","ascension_level":0}}