{"host":"zxkjcgzis4pm3za5","time":1612758146,"event":{"mods":["AchievementEnabler","BaseMod","Colored Map","Colored Powertips","Minty Spire (QoL Compilation)","Quick Restart","RNG Fix","Random Character Button","Relic Sorter","Relic Stats","StSLib"],"gold_per_floor":[365,365,76,76,48,48,78,78,103,103,122,154,54,81,81,154,154,173,190,190,190],"floor_reached":20,"language":"ENG","playtime":514,"items_purged":["Clumsy","Strike_P"],"score":464,"play_id":"3e99b47b-b09d-46ea-82c3-9c82483baae5","local_time":"20210208095226","is_ascension_mode":true,"campfire_choices":[{"floor":6.0,"key":"REST"},{"data":"Eruption","floor":8.0,"key":"SMITH"},{"data":"Vengeance","floor":15,"key":"SMITH"}],"circlet_count":0,"master_deck":["AscendersBane","Strike_P+1","Defend_P","Defend_P","Defend_P","Defend_P+1","Eruption+1","Vigilance","FlurryOfBlows","Vengeance+1","FlurryOfBlows","EmptyBody","Consecrate","BattleHymn","Crescendo","DevaForm","EmptyFist","Prostrate"],"relics":["PureWater","Vajra","Bag of Marbles","Damaru","Bronze Scales","Regal Pillow","Orichalcum","Happy Flower","Empty Cage"],"acts_visited":["Exordium","TheCity"],"potions_floor_usage":[16,18],"damage_taken":[{"damage":11.0,"enemies":"Jaw Worm","floor":1.0,"turns":7.0},{"damage":0.0,"enemies":"Gremlin Nob","floor":7.0,"turns":2.0},{"damage":0.0,"enemies":"Cultist","floor":11.0,"turns":1.0},{"damage":0.0,"enemies":"Lagavulin","floor":12.0,"turns":2.0},{"damage":19,"enemies":"3 Sentries","floor":14,"turns":4},{"damage":6,"enemies":"Hexaghost","floor":16,"turns":7},{"damage":33,"enemies":"Chosen","floor":18,"turns":5},{"damage":17,"enemies":"Shell Parasite","floor":19,"turns":4},{"damage":10,"enemies":"Shelled Parasite and Fungi","floor":20,"turns":1}],"seed_played":"3909589270775772829","potions_obtained":[{"floor":11.0,"key":"SpeedPotion"},{"floor":14,"key":"ColorlessPotion"},{"floor":16,"key":"Swift Potion"}],"is_trial":false,"path_per_floor":["M","?","$","T","$","R","E","R","T","T","M","E","$","E","R","B",null,"M","M","M"],"character_chosen":"WATCHER","items_purchased":["Vajra","Vengeance","FlurryOfBlows"],"campfire_rested":1,"item_purchase_floors":[3,3,5],"current_hp_per_floor":[50,30,30,30,30,50,50,50,50,50,50,50,50,31,31,25,57,24,7,0,0],"gold":190,"neow_bonus":"TWO_FIFTY_GOLD","is_daily":false,"chose_seed":false,"campfire_upgraded":2,"win_rate":0.0,"timestamp":1612758146,"path_taken":["M","?","?","?","$","R","E","R","T","?","M","E","$","E","R","BOSS","M","M","?"],"items_purchased_type":["Relic","Card","Card"],"build_version":"2020-12-22","purchased_purges":2,"victory":false,"max_hp_per_floor":[68,68,68,68,68,68,68,68,68,68,68,68,68,68,68,68,68,68,68,68,68],"relic_stats":{"Regal Pillow":0,"Happy Flower":[5],"counters":[9,33],"Bronze Scales":[63],"Orichalcum":[12],"obtain_stats":[{"Regal Pillow":10,"Happy Flower":14,"Bronze Scales":9,"Vajra":3,"Damaru":7,"Bag of Marbles":4,"PureWater":0,"Orichalcum":12,"Empty Cage":17},{"Regal Pillow":2,"Happy Flower":5,"Bronze Scales":2,"Vajra":1,"Damaru":2,"Bag of Marbles":1,"PureWater":0,"Orichalcum":4,"Empty Cage":6},{"Regal Pillow":9,"Happy Flower":16,"Bronze Scales":9,"Vajra":7,"Damaru":9,"Bag of Marbles":7,"PureWater":0,"Orichalcum":12,"Empty Cage":23}]},"card_choices":[{"not_picked":["EmptyBody","Fasting2"],"picked":"FlurryOfBlows","floor":1.0},{"not_picked":["FollowUp","FlurryOfBlows"],"picked":"EmptyBody","floor":7.0},{"not_picked":["JustLucky","ClearTheMind"],"picked":"Consecrate","floor":11.0},{"not_picked":["WaveOfTheHand","DevaForm"],"picked":"BattleHymn","floor":12.0},{"not_picked":["Halt","ThirdEye"],"picked":"Crescendo","floor":14},{"not_picked":["Alpha","Omniscience"],"picked":"DevaForm","floor":16},{"not_picked":["CutThroughFate","WreathOfFlame+1"],"picked":"EmptyFist","floor":18},{"not_picked":["Evaluate","PathToVictory"],"picked":"Prostrate","floor":19}],"player_experience":337183,"relics_obtained":[{"floor":4.0,"key":"Bag of Marbles"},{"floor":7.0,"key":"Damaru"},{"floor":9.0,"key":"Bronze Scales"},{"floor":10.0,"key":"Regal Pillow"},{"floor":12.0,"key":"Orichalcum"},{"floor":14,"key":"Happy Flower"}],"event_choices":[{"damage_healed":0.0,"max_hp_gain":0.0,"max_hp_loss":0.0,"gold_gain":0.0,"event_name":"Shining Light","player_choice":"Entered Light","floor":2.0,"gold_loss":0.0,"damage_taken":20.0,"cards_upgraded":["Defend_P","Strike_P"]}],"is_beta":false,"boss_relics":[{"not_picked":["Pandora\u0027s Box","Coffee Dripper"],"picked":"Empty Cage"}],"items_purged_floors":[3,13],"is_endless":false,"potions_floor_spawned":[11,14,16],"killed_by":"Shelled Parasite and Fungi","ascension_level":19}}