{"host":"7tvb1em0d2fx72q7","time":1612763567,"event":{"mods":["BaseMod","Challenge The Spire","Minty Spire (QoL Compilation)","StSLib","everything is the same but u backflip on backflip"],"gold_per_floor":[110,110,121,140,10,42,61,73,73,89,100,127,142,174,174,252,252,262,262,18,37,37,37,37,53,76,76,76],"floor_reached":27,"language":"ENG","playtime":1640,"items_purged":["Endless Agony"],"score":474,"play_id":"adc4c72e-743c-4504-84e8-6769ee4158b1","local_time":"20210208005247","is_ascension_mode":true,"campfire_choices":[{"data":"Wraith Form v2","floor":15.0,"key":"SMITH"},{"data":"Ghostly","floor":23,"key":"SMITH"}],"circlet_count":0,"master_deck":["AscendersBane","Strike_G","Strike_G+1","Strike_G+1","Strike_G","Defend_G","Defend_G","Defend_G","Defend_G","Defend_G","Survivor","Neutralize","Flying Knee","Envenom","Dagger Spray","Backstab","Dagger Spray","Blade Dance","PiercingWail","Dash","Finisher","Sucker Punch","PiercingWail","Infinite Blades","Wraith Form v2+1","Night Terror","Accuracy+1","Ghostly+1","Ghostly","Ghostly","Noxious Fumes","Finisher"],"relics":["Ring of the Snake","Bag of Marbles","Whetstone","Omamori","StrikeDummy","Snecko Eye","ClockworkSouvenir","Oddly Smooth Stone","Strawberry"],"acts_visited":["Exordium","TheCity"],"potions_floor_usage":[],"damage_taken":[{"damage":0.0,"enemies":"Cultist","floor":1.0,"turns":3.0},{"damage":1.0,"enemies":"Small Slimes","floor":3.0,"turns":5.0},{"damage":0.0,"enemies":"2 Louse","floor":4.0,"turns":3.0},{"damage":31.0,"enemies":"Gremlin Nob","floor":6.0,"turns":4.0},{"damage":0.0,"enemies":"Large Slime","floor":7.0,"turns":2.0},{"damage":0.0,"enemies":"2 Fungi Beasts","floor":8.0,"turns":1.0},{"damage":0.0,"enemies":"Exordium Thugs","floor":10.0,"turns":3.0},{"damage":0.0,"enemies":"Large Slime","floor":11.0,"turns":2.0},{"damage":7.0,"enemies":"3 Sentries","floor":12.0,"turns":5.0},{"damage":0.0,"enemies":"Red Slaver","floor":13.0,"turns":2.0},{"damage":3.0,"enemies":"Gremlin Nob","floor":14.0,"turns":3.0},{"damage":1,"enemies":"Slime Boss","floor":16,"turns":6},{"damage":2,"enemies":"Chosen","floor":18,"turns":5},{"damage":18,"enemies":"Spheric Guardian","floor":21,"turns":8},{"damage":14,"enemies":"Centurion and Healer","floor":25,"turns":9},{"damage":13,"enemies":"3 Cultists","floor":27,"turns":3}],"seed_played":"7009173713315551820","potions_obtained":[{"floor":1.0,"key":"SpeedPotion"},{"floor":3.0,"key":"DuplicationPotion"},{"floor":8.0,"key":"SpeedPotion"},{"floor":10.0,"key":"BlessingOfTheForge"},{"floor":14.0,"key":"CultistPotion"}],"is_trial":false,"path_per_floor":["M","?","M","M","$","E","M","M","T","M","M","E","M","E","R","B",null,"M","?","$","M","?","R","?","M","T","M"],"character_chosen":"THE_SILENT","items_purchased":["Backstab","Dagger Spray","ClockworkSouvenir"],"campfire_rested":0,"item_purchase_floors":[5,5,20],"current_hp_per_floor":[59,59,58,58,58,27,27,27,27,27,27,20,20,17,17,16,54,52,33,33,15,15,15,15,1,8,0,0],"gold":76,"neow_bonus":"RANDOM_COMMON_RELIC","is_daily":false,"chose_seed":false,"campfire_upgraded":2,"win_rate":0.0,"timestamp":1612763567,"path_taken":["M","?","M","M","?","E","?","M","T","M","M","E","M","E","R","BOSS","M","?","$","M","?","R","?","M","T","M"],"items_purchased_type":["Card","Card","Relic"],"build_version":"2020-12-22","purchased_purges":1,"victory":false,"max_hp_per_floor":[66,66,66,66,66,66,66,66,66,66,66,66,66,66,66,66,66,66,33,33,33,33,33,33,33,40,40,40],"card_choices":[{"not_picked":["Bane","Footwork"],"picked":"Flying Knee","floor":1.0},{"not_picked":["Escape Plan","Flying Knee"],"picked":"Endless Agony","floor":3.0},{"not_picked":["Deadly Poison","Outmaneuver"],"picked":"Dagger Spray","floor":4.0},{"not_picked":["Noxious Fumes","Sucker Punch"],"picked":"Blade Dance","floor":6.0},{"not_picked":["Underhanded Strike","Acrobatics"],"picked":"PiercingWail","floor":7.0},{"not_picked":["Bane","Heel Hook"],"picked":"Dash","floor":8.0},{"not_picked":["Sucker Punch","Backflip"],"picked":"Finisher","floor":10.0},{"not_picked":["PiercingWail","Venomology"],"picked":"Sucker Punch","floor":11.0},{"not_picked":["Blur","Backflip"],"picked":"PiercingWail","floor":12.0},{"not_picked":["Bouncing Flask","Concentrate"],"picked":"Infinite Blades","floor":13.0},{"not_picked":["Concentrate","Cloak And Dagger"],"picked":"Wraith Form v2","floor":14.0},{"not_picked":["Doppelganger","Bullet Time"],"picked":"Night Terror","floor":16},{"not_picked":["Slice+1","Deflect"],"picked":"Accuracy+1","floor":18},{"not_picked":["Backflip+1","Deadly Poison"],"picked":"Noxious Fumes","floor":21},{"not_picked":["Quick Slash","Expertise"],"picked":"Finisher","floor":25}],"player_experience":2038072,"relics_obtained":[{"floor":9.0,"key":"Whetstone"},{"floor":12.0,"key":"Omamori"},{"floor":14.0,"key":"StrikeDummy"},{"floor":26,"key":"Strawberry"}],"event_choices":[{"damage_healed":0.0,"max_hp_gain":0.0,"max_hp_loss":0.0,"gold_gain":0.0,"cards_transformed":["Strike_G"],"event_name":"Transmorgrifier","player_choice":"Transformed","floor":2.0,"gold_loss":0.0,"damage_taken":0.0,"cards_obtained":["Envenom"]},{"damage_healed":0,"gold_gain":0,"player_choice":"Became a Ghost","damage_taken":0,"max_hp_gain":0,"max_hp_loss":33,"event_name":"Ghosts","floor":19,"gold_loss":0,"cards_obtained":["Ghostly","Ghostly","Ghostly"]},{"damage_healed":0,"gold_gain":0,"player_choice":"Ignored","damage_taken":0,"max_hp_gain":0,"max_hp_loss":0,"event_name":"Cursed Tome","floor":22,"gold_loss":0},{"damage_healed":0,"gold_gain":0,"player_choice":"Opened","damage_taken":0,"relics_obtained":["Oddly Smooth Stone"],"max_hp_gain":0,"max_hp_loss":0,"event_name":"The Mausoleum","floor":24,"gold_loss":0,"cards_obtained":["Writhe"]}],"is_beta":false,"boss_relics":[{"not_picked":["HoveringKite","SlaversCollar"],"picked":"Snecko Eye"}],"items_purged_floors":[20],"is_endless":false,"potions_floor_spawned":[1,3,8,10,14,21],"killed_by":"3 Cultists","ascension_level":20}}