{"host":"rn4c402gwd40h2z6","time":1612803193,"event":{"mods":["10 clothes from DAL","A Penny For Your Troubles","ATMod(阿瑾Mod)","Act Like it!","Ascension Unlocker","BaseMod","CapriCore","Card Forge","Challenge The Spire","DNKmod","Data Control","Downfall","Easy Mod","Friendly Minions","Good Game Mod","Infinite Spire","Mimic Mod","Minty Spire (QoL Compilation)","MostiFishMod","Pale of the Ancients","Permanent Neow","Quick Restart","Random Character Button","RumiaBox-露米娅的神秘盒子","Spicy Shops","StSLib","TestMod","The Construct","[GremlinLeader]The Maniac","[LAZYMAN]RSMod","noobMod","theHeart","【功能Mod】混沌之环修复补丁","【功能Mod】精心准备","【功能Mod】聪明的最终Boss","【遗物Mod】死灵法师NEW"],"gold_per_floor":[199,199,499,724,724,724,724,724,724,724,424,424,424,424,424,424,424,424,424,424,624,624,624,624,624,624,624,624,624,624,524,524,524,524,524,524,524,524,524,524,524,524,524,524,524,524,524,524,524,524,524,524,524,524,524,524],"floor_reached":57,"language":"ZHS","playtime":1282,"items_purged":["EasyMod:card_1","downfall:Haunted","champ:Execute"],"score":2792,"play_id":"35f1edfc-c80c-487a-92fc-c4d8b6af222e","local_time":"20210209005313","is_ascension_mode":true,"campfire_choices":[{"floor":1,"key":"RECALL"},{"data":"champ:Strike","floor":11,"key":"SMITH"},{"data":"champ:Strike","floor":13,"key":"SMITH"},{"data":"champ:Strike","floor":18,"key":"SMITH"},{"data":"champ:Strike","floor":23,"key":"SMITH"},{"data":"champ:Defend","floor":35,"key":"SMITH"},{"data":"champ:Defend","floor":40,"key":"SMITH"},{"data":"champ:Defend","floor":44,"key":"SMITH"},{"data":"champ:Defend","floor":47,"key":"SMITH"},{"floor":54,"key":"REST"}],"circlet_count":0,"master_deck":["AscendersBane","champ:Strike+1","champ:Strike+1","champ:Strike+1","champ:Strike+1","champ:Defend+1","champ:Defend+1","champ:Defend+1","champ:Defend+1"],"relics":["downfall:HeartBlessingRed","downfall:HeartBlessingGreen","downfall:HeartBlessingBlue"],"acts_visited":["Exordium","TheCity","TheBeyond","TheEnding"],"potions_floor_usage":[],"damage_taken":[{"damage":0,"enemies":"Jaw Worm","floor":2,"turns":1},{"damage":0,"enemies":"downfall:FleeingMerchant","floor":4,"turns":1},{"damage":0,"enemies":"Cultist","floor":5,"turns":1},{"damage":0,"enemies":"infinitespire:Voidling","floor":6,"turns":1},{"damage":0,"enemies":"Gremlin Gang","floor":8,"turns":1},{"damage":0,"enemies":"Gremlin Nob","floor":9,"turns":1},{"damage":0,"enemies":"3 Louse","floor":10,"turns":1},{"damage":0,"enemies":"Blue Slaver","floor":14,"turns":1},{"damage":0,"enemies":"2 Fungi Beasts","floor":15,"turns":1},{"damage":0,"enemies":"SI_SHIV_ARCHETYPE","floor":16,"turns":1},{"damage":0,"enemies":"3 Byrds","floor":19,"turns":1},{"damage":0,"enemies":"Centurion and Healer","floor":20,"turns":1},{"damage":0,"enemies":"Snake Plant","floor":25,"turns":1},{"damage":0,"enemies":"Sentry and Sphere","floor":27,"turns":1},{"damage":0,"enemies":"Chosen and Byrds","floor":28,"turns":1},{"damage":0,"enemies":"Snecko","floor":29,"turns":1},{"damage":0,"enemies":"Shelled Parasite and Fungi","floor":30,"turns":1},{"damage":0,"enemies":"Centurion and Healer","floor":32,"turns":1},{"damage":0,"enemies":"WA_ARCHETYPE_CALM","floor":33,"turns":1},{"damage":0,"enemies":"3 Darklings","floor":36,"turns":1},{"damage":0,"enemies":"3 Shapes","floor":37,"turns":1},{"damage":0,"enemies":"Jaw Worm Horde","floor":38,"turns":1},{"damage":0,"enemies":"3 Darklings","floor":39,"turns":1},{"damage":0,"enemies":"Nightmare","floor":43,"turns":1},{"damage":0,"enemies":"Writhing Mass","floor":45,"turns":1},{"damage":0,"enemies":"Transient","floor":46,"turns":1},{"damage":0,"enemies":"3 Darklings","floor":48,"turns":1},{"damage":0,"enemies":"4 Shapes","floor":49,"turns":1},{"damage":0,"enemies":"IC_BLOCK_ARCHETYPE","floor":50,"turns":1},{"damage":0,"enemies":"downfall:CharBossMerchant","floor":52,"turns":1},{"damage":0,"enemies":"downfall:NeowBoss","floor":55,"turns":3},{"damage":39,"enemies":"downfall:NeowBossFinal","floor":56,"turns":4}],"seed_played":"4008656918707957503","potions_obtained":[],"is_trial":false,"path_per_floor":["R","M","?","$","M","M","T","M","E","M","R","?","R","M","M","B",null,"R","M","M","?","T","R","T","M","AVR","M","M","M","M","$","M","B",null,"R","M","M","M","M","R","T","AVR","NM","R","M","M","R","M","M","B",null,"E","$","R","B","B",null],"character_chosen":"THE_CHAMP","items_purchased":[],"campfire_rested":1,"item_purchase_floors":[],"current_hp_per_floor":[73,73,73,73,73,73,73,73,73,73,83,83,83,83,83,83,89,89,89,89,89,89,89,89,89,89,89,89,89,89,89,89,89,91,91,91,91,91,91,91,91,91,91,91,91,91,91,91,91,91,91,91,91,91,91,52],"gold":524,"neow_bonus":"HUNDRED_GOLD","is_daily":false,"chose_seed":false,"campfire_upgraded":8,"win_rate":0.0,"timestamp":1612803193,"path_taken":["R","M","?","$","M","M","T","M","E","M","R","?","R","M","M","BOSS","R","M","M","?","?","R","T","M","AVR","M","M","M","M","?","M","BOSS","R","M","M","M","?","R","T","AVR","NM","R","?","M","R","M","M","BOSS","E","$","R","BOSS","BOSS"],"items_purchased_type":[],"build_version":"2020-12-22","purchased_purges":3,"victory":true,"max_hp_per_floor":[81,81,81,81,81,81,81,81,81,81,91,91,91,91,91,91,91,91,91,91,91,91,91,91,91,91,91,91,91,91,91,91,91,91,91,91,91,91,91,91,91,91,91,91,91,91,91,91,91,91,91,91,91,91,91,91],"card_choices":[{"not_picked":["champ:Duel","champ:Circumvent","champ:CrownThrow"],"picked":"SKIP","floor":2},{"not_picked":["champ:Parry","champ:PerfectedStrike","champ:FocusedBerserking"],"picked":"SKIP","floor":4},{"not_picked":["champ:BerserkersShout","champ:BladeFlurry","champ:GladiatorStyle"],"picked":"SKIP","floor":5},{"not_picked":["champ:FalseCounter","champ:Duel","champ:BringItOn"],"picked":"SKIP","floor":6},{"not_picked":["champ:EndlessRage","champ:RapidStrikes","champ:Backstep"],"picked":"SKIP","floor":8},{"not_picked":["champ:ShieldSigil","champ:Improvising","champ:AdrenalArmor"],"picked":"SKIP","floor":9},{"not_picked":["champ:Circumvent","champ:TornadoPunch","champ:DeathBlow"],"picked":"SKIP","floor":10},{"not_picked":["champ:ShieldSlam","champ:SetATrap","champ:EnGarde"],"picked":"SKIP","floor":14},{"not_picked":["champ:Backstep","champ:RecklessLeap","champ:EnGarde"],"picked":"SKIP","floor":15},{"not_picked":["champ:StanceDance","champ:IronFortress","champ:Backstep"],"picked":"SKIP","floor":19},{"not_picked":["champ:EndlessRage","champ:RageSigil","champ:BringItOn"],"picked":"SKIP","floor":20},{"not_picked":["champ:ShieldSlam","champ:PreciseThrust","champ:TornadoPunch"],"picked":"SKIP","floor":25},{"not_picked":["champ:StanceDance","champ:SwordSigil","champ:ShieldSigil"],"picked":"SKIP","floor":27},{"not_picked":["champ:SwordThrow","champ:GutPunch","champ:Endure"],"picked":"SKIP","floor":28},{"not_picked":["champ:DefensiveShout","champ:CrownThrow","champ:Circumvent"],"picked":"SKIP","floor":29},{"not_picked":["champ:SetATrap","champ:AdrenalArmor","champ:ShieldSigil"],"picked":"SKIP","floor":30},{"not_picked":["champ:ArenaPreparation","champ:StanceDance","champ:PreciseThrust"],"picked":"SKIP","floor":32},{"not_picked":["champ:Haymaker","champ:EnragedBash","champ:PreciseThrust"],"picked":"SKIP","floor":36},{"not_picked":["champ:CalledShot","champ:AdrenalArmor","champ:PerfectedStrike"],"picked":"SKIP","floor":37},{"not_picked":["champ:CrookedStrike","champ:FlashCut","champ:AdrenalArmor"],"picked":"SKIP","floor":38},{"not_picked":["champ:Devastate","champ:Endure","champ:Shatter"],"picked":"SKIP","floor":39},{"not_picked":["champ:StanceDance","champ:UltimateStance","champ:BerserkersShout+1"],"picked":"SKIP","floor":43},{"not_picked":["champ:PreciseThrust+1","champ:ShieldSlam","champ:ShieldSigil"],"picked":"SKIP","floor":45},{"not_picked":["champ:CrownThrow","champ:FlashCut+1","champ:PerfectedStrike"],"picked":"SKIP","floor":46},{"not_picked":["champ:FlashCut+1","champ:Shatter","champ:PerfectedStrike"],"picked":"SKIP","floor":48},{"not_picked":["champ:FocusedDefense","champ:BerserkerStyle","champ:FanOfKnives+1"],"picked":"SKIP","floor":49},{"not_picked":["champ:FlashCut","champ:Backstep","champ:BerserkerStyle"],"picked":"SKIP","floor":52}],"player_experience":162177,"relics_obtained":[],"event_choices":[{"damage_healed":0,"gold_gain":300,"player_choice":"Sell","damage_taken":0,"max_hp_gain":0,"max_hp_loss":0,"event_name":"恩洛斯的盘子","floor":3,"relics_lost":["champ:ChampionCrown"],"gold_loss":0},{"cards_removed":["champ:Taunt"],"damage_healed":0,"gold_gain":0,"player_choice":"Card Removal","damage_taken":0,"max_hp_gain":0,"max_hp_loss":0,"event_name":"Wheel of Change","floor":12,"gold_loss":0}],"is_beta":false,"boss_relics":[{"not_picked":["RingOfChaos2","expansioncontent:StudyCardRelic","testmod-CardMagician"]},{"not_picked":["RingOfChaos2","expansioncontent:StudyCardRelic","testmod-CardMagician"]}],"items_purged_floors":[4,26,31],"is_endless":false,"potions_floor_spawned":[2,5,8,10,16,25,28,29,30,33,37,38,43,46,48,52],"ascension_level":20}}