{"host":"xo0glkmxta74xh34","time":1612803664,"event":{"mods":["BaseMod","Downfall","Minty Spire (QoL Compilation)","Replay The Spire","StSLib"],"gold_per_floor":[99,112,132,151,151,151,176,203,222,322,412,427,427,427,427,37,53,156,156,156,169,179,152,180,180,180,193,221,254,271,271,297,307,319,424,424,424,447,219,232,244,286,286,322,372,391,391,32,32,32,48,48],"floor_reached":53,"language":"ENG","playtime":8440,"items_purged":["ReplayTheSpireMod:Splinters","hexamod:Defend"],"score":922,"play_id":"7c3254fb-a23f-426e-88e8-4b2804093829","local_time":"20210208110104","is_ascension_mode":true,"campfire_choices":[{"floor":15.0,"key":"REST"},{"data":"hexamod:Defend","floor":20.0,"key":"PURGE"},{"data":"Pain","floor":37,"key":"PURGE"},{"floor":47,"key":"REST"},{"data":"Replay:SS_forest_2","floor":49,"key":"SMITH"}],"circlet_count":0,"master_deck":["hexamod:Strike+1","hexamod:Strike+1","hexamod:Defend+1","hexamod:Float+1","hexamod:NightmareStrike+1","hexamod:FlamesFromBeyond+1","hexamod:ParanormalForm+1","hexamod:ExtraCrispy","hexamod:ParanormalForm+1","hexamod:CatchUp+1","hexamod:RadiantFlame+1","hexamod:Rewind+1","hexamod:EmpoweredFlame+1","hexamod:RainOfEmbers+1","hexamod:HeatShield","hexamod:GhostShield","hexamod:FirstSeal","hexamod:GhostflameBarrier+1","hexamod:ForkedFlame+1","hexamod:FirstSeal","hexamod:ParanormalForm","Replay:SS_fish_1","hexamod:FourthSeal","hexamod:SecondSeal","hexamod:WildfireWeapon+1","hexamod:FourthSeal","hexamod:SpectralSpark+1","hexamod:HeatCrush+1","hexamod:GhostflameInferno","hexamod:GhostOfSpirePast","hexamod:ApocalypticArmor","hexamod:EmpoweredFlame","hexamod:RainOfEmbers+1","hexamod:AdvancingGuard","hexamod:SearingWound","Replay:SS_forest_2+1","expansioncontent:DashGenerateEvil","expansioncontent:LastStand","hexamod:Incineration+1"],"relics":["hexamod:SpiritBrand","Anchor","Mercury Hourglass","Membership Card","Mummified Hand","ReplayTheSpireMod:TigerMarble","Philosopher\u0027s Stone","Pear","Replay:WaspNest","WarpedTongs","Sundial","hexamod:TheBrokenSeal","Snack Pack","SlaversCollar","Guardian:GemstoneGun","Whetstone","Letter Opener","Blue Candle","MealTicket","Pocketwatch","FossilizedHelix","Guardian:PocketSentry"],"acts_visited":["Exordium","TheCity","TheBeyond"],"potions_floor_usage":[23,33,35,41,42,44,45,46,52,52],"damage_taken":[{"damage":9.0,"enemies":"Small Slimes","floor":2.0,"turns":5.0},{"damage":6.0,"enemies":"2 Louse","floor":3.0,"turns":3.0},{"damage":1.0,"enemies":"Cultist","floor":4.0,"turns":3.0},{"damage":23.0,"enemies":"Gremlin Nob","floor":8.0,"turns":4.0},{"damage":0.0,"enemies":"2 Fungi Beasts","floor":9.0,"turns":3.0},{"damage":18.0,"enemies":"downfall:Heads","floor":10.0,"turns":5.0},{"damage":0.0,"enemies":"Large Slime","floor":12.0,"turns":4.0},{"damage":0.0,"enemies":"downfall:FleeingMerchant","floor":16.0,"turns":4.0},{"damage":0.0,"enemies":"Red Slaver","floor":17.0,"turns":3.0},{"damage":20.0,"enemies":"WA_ARCHETYPE_RETAIN","floor":18.0,"turns":6.0},{"damage":0.0,"enemies":"Chosen","floor":21.0,"turns":4.0},{"damage":1.0,"enemies":"Sentry and Sphere","floor":22.0,"turns":4.0},{"damage":0,"enemies":"downfall:FleeingMerchant","floor":23,"turns":4},{"damage":0,"enemies":"Cultist and Chosen","floor":24,"turns":3},{"damage":6,"enemies":"Chosen and Byrds","floor":27,"turns":3},{"damage":0,"enemies":"Snecko","floor":28,"turns":3},{"damage":20,"enemies":"3 Cultists","floor":29,"turns":3},{"damage":3,"enemies":"Centurion and Healer","floor":30,"turns":5},{"damage":16,"enemies":"Book of Stabbing","floor":32,"turns":3},{"damage":20,"enemies":"Snecko","floor":33,"turns":3},{"damage":0,"enemies":"Snake Plant","floor":34,"turns":2},{"damage":52,"enemies":"DF_ARCHETYPE_CLAW","floor":35,"turns":4},{"damage":0,"enemies":"3 Shapes","floor":38,"turns":3},{"damage":0,"enemies":"Orb Walker","floor":40,"turns":3},{"damage":23,"enemies":"4 Shapes","floor":41,"turns":3},{"damage":22,"enemies":"R_Hoarder","floor":42,"turns":6},{"damage":23,"enemies":"Reptomancer","floor":44,"turns":4},{"damage":12,"enemies":"2 Orb Walkers","floor":45,"turns":2},{"damage":11,"enemies":"Jaw Worm Horde","floor":46,"turns":4},{"damage":0,"enemies":"3 Darklings","floor":51,"turns":2},{"damage":0,"enemies":"SI_POISON_ARCHETYPE","floor":52,"turns":5}],"seed_played":"-4682506485342117786","potions_obtained":[{"floor":8.0,"key":"hexamod:EctoCoolerPotion"},{"floor":9.0,"key":"Dexterity Potion"},{"floor":10.0,"key":"Ancient Potion"},{"floor":12.0,"key":"AttackPotion"},{"floor":17.0,"key":"Elixir"},{"floor":18.0,"key":"Ancient Potion"},{"floor":21.0,"key":"Death Potion"},{"floor":22.0,"key":"champ:CounterPotion"},{"floor":24,"key":"hexamod:DoubleChargePotion"},{"floor":32,"key":"Languid Potion"},{"floor":33,"key":"FairyPotion"},{"floor":35,"key":"Explosive Potion"},{"floor":41,"key":"Toxic Potion"},{"floor":42,"key":"ColorlessPotion"},{"floor":44,"key":"LiquidBronze"},{"floor":45,"key":"PowerPotion"},{"floor":46,"key":"hexamod:EctoCoolerPotion"}],"is_trial":false,"path_per_floor":["R","M","M","M","?","?","T","E","M","?","?","M","PTL","PTL","R","$","M","B",null,"R","M","M","$","M","?","T","M","M","M","M","?","E","M","M","B",null,"R","M","$","M","M","E","T","E","?","M","R","$","R","?","M","B",null],"character_chosen":"THE_SPIRIT","items_purchased":["Membership Card","Mummified Hand","ReplayTheSpireMod:TigerMarble","Pear","Replay:WaspNest","Replay:SS_fish_1","Guardian:GemstoneGun","Whetstone","FossilizedHelix","Guardian:PocketSentry","Replay:SS_forest_2","expansioncontent:DashGenerateEvil"],"campfire_rested":2,"item_purchase_floors":[16,16,16,23,23,23,39,39,48,48,48,48],"current_hp_per_floor":[70,61,55,54,54,54,54,31,31,13,13,13,13,13,34,41,41,35,70,70,70,70,80,80,80,80,80,80,80,90,90,81,68,68,30,90,90,90,90,90,81,66,66,57,45,41,68,83,83,83,90,90],"gold":48,"neow_bonus":"ONE_RANDOM_RARE_CARD","is_daily":false,"chose_seed":false,"campfire_upgraded":1,"win_rate":0.0,"timestamp":1612803664,"path_taken":["R","M","M","M","?","?","T","E","?","?","?","?","PTL","PTL","R","$","M","BOSS","R","M","M","$","M","?","T","M","?","M","?","?","E","?","M","BOSS","R","M","$","M","M","E","T","E","?","M","R","$","R","?","M","BOSS"],"items_purchased_type":["Relic","Relic","Relic","Relic","Relic","Card","Relic","Relic","Relic","Relic","Card","Card"],"build_version":"2020-12-22","purchased_purges":2,"victory":true,"max_hp_per_floor":[70,70,70,70,70,70,70,70,70,70,70,70,70,70,70,70,70,70,70,70,70,70,80,80,80,80,80,80,80,90,90,90,90,90,90,90,90,90,90,90,90,90,90,90,90,90,90,90,90,90,90,90],"card_choices":[{"not_picked":["hexamod:Firestarter","hexamod:FastForward"],"picked":"hexamod:FlamesFromBeyond","floor":2.0},{"not_picked":["hexamod:AdvancingGuard","hexamod:FlamesFromBeyond"],"picked":"hexamod:ParanormalForm","floor":3.0},{"not_picked":["hexamod:SpectersWail","hexamod:CatchUp"],"picked":"hexamod:ExtraCrispy","floor":4.0},{"not_picked":["hexamod:InspiringFlames","hexamod:HeatShield"],"picked":"hexamod:FifthSeal","floor":8.0},{"not_picked":["hexamod:FastForward","hexamod:HauntingEcho"],"picked":"hexamod:CatchUp","floor":9.0},{"not_picked":["hexamod:NightmareStrike","hexamod:HauntingEcho"],"picked":"hexamod:Rewind","floor":10.0},{"not_picked":["hexamod:HeatShield","hexamod:HeatCrush"],"picked":"hexamod:EmpoweredFlame","floor":11.0},{"not_picked":["hexamod:BacktrackSmack","hexamod:BurningTouch"],"picked":"hexamod:RainOfEmbers","floor":11.0},{"not_picked":["hexamod:ThermalTransfer","hexamod:UnlimitedPower"],"picked":"hexamod:HeatShield","floor":11.0},{"not_picked":["hexamod:SecondSeal","hexamod:SixthSeal"],"picked":"hexamod:FirstSeal","floor":12.0},{"not_picked":["hexamod:Hexaguard","hexamod:FastForward","hexamod:FlamesFromBeyond"],"picked":"SKIP","floor":12.0},{"not_picked":["hexamod:NightmareGuise","hexamod:BacktrackSmack"],"picked":"hexamod:GhostShield","floor":16.0},{"not_picked":["hexamod:ThirdSeal","hexamod:SecondSeal"],"picked":"hexamod:FirstSeal","floor":17.0},{"not_picked":["hexamod:Incineration","hexamod:BurningTouch"],"picked":"hexamod:GhostflameBarrier","floor":17.0},{"not_picked":["hexamod:SecondSeal","hexamod:FirstSeal"],"picked":"hexamod:FourthSeal","floor":18.0},{"not_picked":["hexamod:UnleashSpirits","hexamod:FlameSwitch"],"picked":"hexamod:ForkedFlame","floor":18.0},{"not_picked":["hexamod:EmpoweredFlame+1","hexamod:NightmareStrike+1"],"picked":"hexamod:ThirdSeal","floor":21.0},{"not_picked":["hexamod:SixthSeal","hexamod:FourthSeal"],"picked":"hexamod:SecondSeal","floor":22.0},{"not_picked":["hexamod:Firestarter","hexamod:PhantomFireball","hexamod:Hexaguard"],"picked":"SKIP","floor":22.0},{"not_picked":["hexamod:StepThrough","hexamod:SpectersWail+1","hexamod:Again"],"picked":"SKIP","floor":22.0},{"not_picked":["hexamod:FourthSeal","hexamod:SixthSeal"],"picked":"hexamod:FirstSeal","floor":23},{"not_picked":["hexamod:FlamesFromBeyond+1","hexamod:FastForward"],"picked":"hexamod:ParanormalForm","floor":23},{"not_picked":["hexamod:SpectersWail","hexamod:NightmareGuise+1","hexamod:StepThrough"],"picked":"SKIP","floor":23},{"not_picked":["hexamod:ThirdSeal","hexamod:SecondSeal"],"picked":"hexamod:FourthSeal","floor":24},{"not_picked":["hexamod:Firestarter","hexamod:ThermalTransfer+1","hexamod:Rewind"],"picked":"SKIP","floor":24},{"not_picked":["hexamod:FourthSeal","hexamod:ThirdSeal"],"picked":"hexamod:SecondSeal","floor":27},{"not_picked":["hexamod:Again","hexamod:BurningTouch","hexamod:NightmareStrike"],"picked":"SKIP","floor":27},{"not_picked":["hexamod:PhantomCloak","hexamod:FlamesFromBeyond+1","hexamod:SwordOfDarkness+1"],"picked":"SKIP","floor":27},{"not_picked":["hexamod:FastForward+1","hexamod:GhostLash+1"],"picked":"hexamod:WildfireWeapon","floor":28},{"not_picked":["hexamod:SixthSeal","hexamod:SecondSeal"],"picked":"hexamod:FourthSeal","floor":29},{"not_picked":["hexamod:InspiringFlames","hexamod:GhostLash"],"picked":"hexamod:SpectralSpark+1","floor":29},{"not_picked":["hexamod:SwordOfDarkness","hexamod:ThirdSeal"],"picked":"hexamod:HeatCrush","floor":30},{"not_picked":["hexamod:ThirdSeal","hexamod:PhantomCloak+1"],"picked":"hexamod:GhostflameInferno","floor":32},{"not_picked":["hexamod:ThermalTransfer","hexamod:RetreatToShadows","hexamod:Hexaguard"],"picked":"SKIP","floor":33},{"not_picked":["hexamod:NightmareStrike+1","hexamod:HeatMetal"],"picked":"hexamod:GhostOfSpirePast","floor":34},{"not_picked":["hexamod:VolcanoVisage","hexamod:UnlimitedPower"],"picked":"hexamod:ApocalypticArmor","floor":35},{"not_picked":["hexamod:SwordOfDarkness+1","hexamod:FirstSeal"],"picked":"hexamod:EmpoweredFlame","floor":38},{"not_picked":["hexamod:ExtraCrispy","hexamod:DynamicBlow+1"],"picked":"hexamod:RainOfEmbers+1","floor":40},{"not_picked":["hexamod:ShieldOfDarkness","hexamod:PhantomCloak","hexamod:FlamesFromBeyond"],"picked":"SKIP","floor":41},{"not_picked":["hexamod:BacktrackSmack","hexamod:Again","hexamod:HeatMetal+1"],"picked":"SKIP","floor":42},{"not_picked":["hexamod:Again+1","hexamod:SpectersWail","hexamod:Hexaguard"],"picked":"SKIP","floor":44},{"not_picked":["hexamod:InspiringFlames","hexamod:GhostLash"],"picked":"hexamod:AdvancingGuard","floor":45},{"not_picked":["hexamod:GhostOfSpireFuture+1","hexamod:ThermalTransfer+1"],"picked":"hexamod:SearingWound","floor":46},{"not_picked":["expansioncontent:GuardianWhirl","Replay:SS_fish_1"],"picked":"expansioncontent:LastStand","floor":50},{"not_picked":["hexamod:ThirdSeal","hexamod:NightmareStrike"],"picked":"hexamod:Incineration+1","floor":51}],"player_experience":393640,"relics_obtained":[{"floor":7.0,"key":"Anchor"},{"floor":8.0,"key":"Mercury Hourglass"},{"floor":26,"key":"Sundial"},{"floor":32,"key":"Snack Pack"},{"floor":42,"key":"Letter Opener"},{"floor":43,"key":"Blue Candle"},{"floor":44,"key":"MealTicket"},{"floor":45,"key":"Pocketwatch"}],"event_choices":[{"cards_removed":["hexamod:Defend"],"damage_healed":0.0,"max_hp_gain":0.0,"max_hp_loss":0.0,"gold_gain":0.0,"event_name":"The Cleric","player_choice":"Card Removal","floor":5.0,"gold_loss":0.0,"damage_taken":0.0},{"damage_healed":0,"gold_gain":0,"player_choice":"Rummage","damage_taken":0,"relics_obtained":["WarpedTongs"],"max_hp_gain":0,"max_hp_loss":0,"event_name":"Accursed Blacksmith","floor":25,"gold_loss":0,"cards_obtained":["Pain"]},{"damage_healed":0,"gold_gain":0,"player_choice":"Fight","damage_taken":0,"max_hp_gain":0,"max_hp_loss":0,"event_name":"Mysterious Sphere","floor":45,"gold_loss":0}],"is_beta":false,"boss_relics":[{"not_picked":["Replay:Drink Me","Runic Pyramid"],"picked":"Philosopher\u0027s Stone"},{"not_picked":["Ring of Chaos","Tiny House"],"picked":"SlaversCollar"}],"items_purged_floors":[16,23],"is_endless":false,"potions_floor_spawned":[8,9,10,12,17,18,22,24,30,32,33,38,40,46],"ascension_level":2}}