{"host":"3tyeyqdkopu0dn2g","time":1612773604,"event":{"mods":["AchievementEnabler","BaseMod","Minty Spire (QoL Compilation)","Quick Restart","Remove Card Discount Mod"],"gold_per_floor":[359,359,211,229,9,9,23,23,23,23,48,60,91,118,130,238,250,272,383,407,419,431,475,501,513,525,549,141,141,151,162,162,260,260,271,283,141,154,174,174,174],"floor_reached":40,"language":"ZHS","playtime":2356,"items_purged":["Strike_P","Defend_P","Defend_P","Defend_P","Strike_P","Defend_P"],"score":586,"play_id":"b564fae0-b50a-47ef-a65a-02146d3566bb","local_time":"20210208164004","is_ascension_mode":true,"campfire_choices":[{"data":"Adaptation","floor":6.0,"key":"SMITH"},{"data":"Eruption","floor":8.0,"key":"SMITH"},{"data":"Vigilance","floor":10.0,"key":"SMITH"},{"data":"Prostrate","floor":15.0,"key":"SMITH"},{"data":"Vault","floor":29.0,"key":"SMITH"},{"data":"Wallop","floor":32.0,"key":"SMITH"}],"circlet_count":0,"master_deck":["Eruption+1","Vigilance+1","Brilliance","Adaptation+1","Wallop+1","Prostrate+1","Vault+1","WindmillStrike+1","Prostrate+1","Alpha","Omniscience","Prostrate","Brilliance","CutThroughFate+1"],"relics":["PureWater","Damaru","Odd Mushroom","MawBank","Philosopher\u0027s Stone","Art of War","Vajra","Gremlin Horn","ClockworkSouvenir","Sozu"],"acts_visited":["Exordium","TheCity","TheBeyond"],"potions_floor_usage":[40],"damage_taken":[{"damage":6.0,"enemies":"Jaw Worm","floor":1.0,"turns":6.0},{"damage":0.0,"enemies":"Cultist","floor":4.0,"turns":3.0},{"damage":0.0,"enemies":"Small Slimes","floor":7.0,"turns":2.0},{"damage":3.0,"enemies":"The Mushroom Lair","floor":11.0,"turns":3.0},{"damage":0.0,"enemies":"3 Louse","floor":12.0,"turns":2.0},{"damage":0.0,"enemies":"Gremlin Nob","floor":13.0,"turns":3.0},{"damage":0.0,"enemies":"Large Slime","floor":14.0,"turns":4.0},{"damage":0.0,"enemies":"Slime Boss","floor":16.0,"turns":6.0},{"damage":0.0,"enemies":"Spheric Guardian","floor":18.0,"turns":2.0},{"damage":2.0,"enemies":"3 Byrds","floor":20.0,"turns":4.0},{"damage":4.0,"enemies":"Slavers","floor":23.0,"turns":6.0},{"damage":0.0,"enemies":"Centurion and Healer","floor":24.0,"turns":3.0},{"damage":9.0,"enemies":"Chosen and Byrds","floor":27.0,"turns":4.0},{"damage":0.0,"enemies":"Snecko","floor":30.0,"turns":3.0},{"damage":12.0,"enemies":"Snake Plant","floor":31.0,"turns":4.0},{"damage":1.0,"enemies":"Automaton","floor":33.0,"turns":4.0},{"damage":2.0,"enemies":"Orb Walker","floor":35.0,"turns":3.0},{"damage":19.0,"enemies":"3 Shapes","floor":36.0,"turns":4.0},{"damage":22.0,"enemies":"Jaw Worm Horde","floor":38.0,"turns":3.0},{"damage":0.0,"enemies":"Transient","floor":39.0,"turns":6.0},{"damage":29,"enemies":"Nemesis","floor":40,"turns":3}],"seed_played":"3739914313631540784","potions_obtained":[{"floor":1.0,"key":"DuplicationPotion"},{"floor":7.0,"key":"StancePotion"},{"floor":13.0,"key":"SpeedPotion"},{"floor":14.0,"key":"BottledMiracle"},{"floor":23.0,"key":"Swift Potion"},{"floor":30.0,"key":"Block Potion"},{"floor":33.0,"key":"BlessingOfTheForge"}],"is_trial":false,"path_per_floor":["M","?","$","M","$","R","M","R","T","R","?","M","E","M","R","B",null,"M","?","M","?","$","E","M","?","T","M","$","R","M","M","R","B",null,"M","M","$","M","M","E"],"character_chosen":"WATCHER","items_purchased":["Brilliance","Damaru","Adaptation","Gremlin Horn","ClockworkSouvenir","Brilliance"],"campfire_rested":0,"item_purchase_floors":[3,5,5,28,28,37],"current_hp_per_floor":[45,45,45,45,45,45,45,45,45,45,42,42,42,42,42,42,72,72,72,70,70,70,66,66,66,66,57,57,57,57,45,45,44,72,70,51,51,29,29,0,0],"gold":174,"neow_bonus":"TWO_FIFTY_GOLD","is_daily":false,"chose_seed":false,"campfire_upgraded":6,"win_rate":0.0,"timestamp":1612773604,"path_taken":["M","?","$","?","$","R","M","R","T","R","?","M","E","M","R","BOSS","M","?","M","?","$","E","M","?","T","M","$","R","M","M","R","BOSS","M","M","$","M","M","E"],"items_purchased_type":["Card","Relic","Card","Relic","Relic","Card"],"build_version":"2020-12-22","purchased_purges":6,"victory":false,"max_hp_per_floor":[72,72,72,72,72,72,72,72,72,72,72,72,72,72,72,72,72,72,72,72,72,72,72,72,72,72,72,72,72,72,72,72,72,72,72,72,72,72,72,72,72],"card_choices":[{"not_picked":["Tantrum","FollowUp","CrushJoints"],"picked":"SKIP","floor":1.0},{"not_picked":["Crescendo","BowlingBash","WaveOfTheHand"],"picked":"SKIP","floor":4.0},{"not_picked":["Halt","Pray"],"picked":"Wallop","floor":7.0},{"not_picked":["Indignation","Evaluate"],"picked":"Prostrate","floor":12.0},{"not_picked":["Protect","CrushJoints","LikeWater"],"picked":"SKIP","floor":13.0},{"not_picked":["CrushJoints","CarveReality","Vengeance"],"picked":"SKIP","floor":14.0},{"not_picked":["SpiritShield","Judgement"],"picked":"Vault","floor":16.0},{"not_picked":["Evaluate","ForeignInfluence","Adaptation"],"picked":"SKIP","floor":18.0},{"not_picked":["FlyingSleeves","Halt+1"],"picked":"WindmillStrike+1","floor":20.0},{"not_picked":["Adaptation","CutThroughFate","Vengeance"],"picked":"SKIP","floor":23.0},{"not_picked":["DeceiveReality","FlurryOfBlows","Protect"],"picked":"SKIP","floor":24.0},{"not_picked":["ReachHeaven+1","Protect"],"picked":"Prostrate+1","floor":27.0},{"not_picked":["EmptyMind","Halt"],"picked":"Alpha","floor":30.0},{"not_picked":["SashWhip","Crescendo","BowlingBash"],"picked":"SKIP","floor":31.0},{"not_picked":["Alpha","Establishment"],"picked":"Omniscience","floor":33.0},{"not_picked":["Vengeance","CrushJoints+1"],"picked":"Prostrate","floor":35.0},{"not_picked":["SandsOfTime+1","CutThroughFate","JustLucky"],"picked":"SKIP","floor":36.0},{"not_picked":["FollowUp","ReachHeaven"],"picked":"CutThroughFate+1","floor":38.0},{"not_picked":["SignatureMove","JustLucky+1","SashWhip+1"],"picked":"SKIP","floor":39.0}],"player_experience":253623,"relics_obtained":[{"floor":11.0,"key":"Odd Mushroom"},{"floor":13.0,"key":"MawBank"},{"floor":23.0,"key":"Art of War"},{"floor":26.0,"key":"Vajra"}],"event_choices":[{"cards_removed":["Strike_P"],"damage_healed":0.0,"max_hp_gain":0.0,"max_hp_loss":0.0,"gold_gain":0.0,"event_name":"Purifier","player_choice":"Purged","floor":2.0,"gold_loss":0.0,"damage_taken":0.0},{"damage_healed":0.0,"max_hp_gain":0.0,"max_hp_loss":0.0,"gold_gain":0.0,"event_name":"Mushrooms","player_choice":"Fought Mushrooms","floor":11.0,"gold_loss":0.0,"damage_taken":0.0},{"damage_healed":0.0,"max_hp_gain":0.0,"max_hp_loss":0.0,"gold_gain":99.0,"event_name":"Nest","player_choice":"Stole From Cult","floor":19.0,"gold_loss":0.0,"damage_taken":0.0},{"damage_healed":0.0,"max_hp_gain":0.0,"max_hp_loss":0.0,"gold_gain":0.0,"event_name":"Ghosts","player_choice":"Ignored","floor":21.0,"gold_loss":0.0,"damage_taken":0.0},{"cards_removed":["Strike_P"],"damage_healed":0.0,"max_hp_gain":0.0,"max_hp_loss":0.0,"gold_gain":0.0,"event_name":"Back to Basics","player_choice":"Elegance","floor":25.0,"gold_loss":0.0,"damage_taken":0.0}],"is_beta":false,"boss_relics":[{"not_picked":["Astrolabe","Tiny House"],"picked":"Philosopher\u0027s Stone"},{"not_picked":["Pandora\u0027s Box","Empty Cage"],"picked":"Sozu"}],"items_purged_floors":[3,5,28,28,37,37],"is_endless":false,"potions_floor_spawned":[1,7,13,14,16,23,30,31,33,35],"killed_by":"Nemesis","ascension_level":2}}