{"host":"yhhyog5h1q67ienp","time":1612815560,"event":{"mods":["AchievementEnabler","BaseMod","Block Reminder","Colored Map","Colored Powertips","Minty Spire (QoL Compilation)","Quick Restart","Relic Stats","StSLib","ojb\u0027s Better Paths Mod","ojb\u0027s Info Mod"],"gold_per_floor":[16,16,27,43,43,69,10,29,29,43,43,43,43,61,61,61,61],"floor_reached":16,"language":"ENG","playtime":857,"items_purged":[],"score":204,"play_id":"dc4edf5e-4a61-4d49-82ae-3bb3ab720706","local_time":"20210208171920","is_ascension_mode":true,"campfire_choices":[{"floor":13,"key":"REST"},{"floor":15,"key":"REST"}],"circlet_count":0,"master_deck":["AscendersBane","Strike_G","Strike_G","Strike_G","Strike_G","Strike_G","Defend_G","Defend_G","Defend_G","Defend_G","Defend_G","Survivor","Neutralize","Malaise+1","Underhanded Strike","Masterful Stab","All Out Attack","Dodge and Roll","PiercingWail","Bouncing Flask","PiercingWail","Concentrate"],"relics":["Ring of the Snake","PreservedInsect","Matryoshka"],"acts_visited":["Exordium"],"potions_floor_usage":[10,16,16],"damage_taken":[{"damage":5,"enemies":"Jaw Worm","floor":1,"turns":8},{"damage":0,"enemies":"Small Slimes","floor":3,"turns":4},{"damage":1,"enemies":"2 Louse","floor":4,"turns":3},{"damage":49,"enemies":"Gremlin Nob","floor":6,"turns":5},{"damage":0,"enemies":"Looter","floor":8,"turns":4},{"damage":3,"enemies":"Exordium Thugs","floor":10,"turns":4},{"damage":1,"enemies":"Exordium Wildlife","floor":14,"turns":7},{"damage":43,"enemies":"Slime Boss","floor":16,"turns":7}],"seed_played":"-6507568652962367124","potions_obtained":[{"floor":6,"key":"SpeedPotion"},{"floor":8,"key":"Explosive Potion"},{"floor":14,"key":"FearPotion"}],"is_trial":false,"path_per_floor":["M","?","M","M","?","E","$","M","T","M","?","$","R","M","R","B"],"character_chosen":"THE_SILENT","items_purchased":["PiercingWail"],"campfire_rested":2,"item_purchase_floors":[7],"current_hp_per_floor":[54,54,54,53,53,4,4,4,4,1,1,1,20,19,38,0,0],"gold":61,"neow_bonus":"THREE_RARE_CARDS","is_daily":false,"chose_seed":false,"campfire_upgraded":0,"win_rate":0.0,"timestamp":1612815560,"path_taken":["M","?","M","M","?","E","$","M","T","M","?","?","R","M","R","BOSS"],"items_purchased_type":["Card"],"build_version":"2020-12-22","purchased_purges":0,"victory":false,"max_hp_per_floor":[66,66,66,66,66,66,66,66,66,66,66,66,66,66,66,66,66],"relic_stats":{"counters":[8,42],"PreservedInsect":0,"obtain_stats":[{"Matryoshka":9,"PreservedInsect":6,"Ring of the Snake":0},{"Matryoshka":5,"PreservedInsect":4,"Ring of the Snake":0},{"Matryoshka":24,"PreservedInsect":20,"Ring of the Snake":0}],"Ring of the Snake":[16]},"card_choices":[{"not_picked":["A Thousand Cuts","Tools of the Trade"],"picked":"Malaise","floor":0},{"not_picked":["Acrobatics","Cloak And Dagger"],"picked":"Underhanded Strike","floor":1},{"not_picked":["Sucker Punch","Acrobatics"],"picked":"Masterful Stab","floor":3},{"not_picked":["Flechettes","Escape Plan"],"picked":"All Out Attack","floor":4},{"not_picked":["Expertise","Flechettes"],"picked":"Dodge and Roll","floor":6},{"not_picked":["Concentrate","Bane"],"picked":"Bouncing Flask","floor":8},{"not_picked":["Bane","Backstab"],"picked":"PiercingWail","floor":10},{"not_picked":["Prepared","Distraction"],"picked":"Concentrate","floor":14}],"player_experience":1437231,"relics_obtained":[{"floor":6,"key":"PreservedInsect"},{"floor":9,"key":"Matryoshka"}],"event_choices":[{"damage_healed":0,"gold_gain":0,"player_choice":"Grow","damage_taken":0,"max_hp_gain":0,"max_hp_loss":0,"event_name":"Living Wall","floor":2,"gold_loss":0,"cards_upgraded":["Malaise"]},{"damage_healed":0,"gold_gain":0,"player_choice":"Ignored","damage_taken":0,"max_hp_gain":0,"max_hp_loss":0,"event_name":"Liars Game","floor":5,"gold_loss":0},{"damage_healed":0,"gold_gain":0,"player_choice":"Ignored","damage_taken":0,"max_hp_gain":0,"max_hp_loss":0,"event_name":"Shining Light","floor":11,"gold_loss":0}],"is_beta":false,"boss_relics":[],"items_purged_floors":[],"is_endless":false,"potions_floor_spawned":[6,8,14],"killed_by":"Slime Boss","ascension_level":20}}