{"host":"qbjtml023iza03hb","time":1612791784,"event":{"mods":["AchievementEnabler","BaseMod","Better Sensory Stone","Hermit","Minty Spire (QoL Compilation)","StSLib","The Animator","The Cursed"],"gold_per_floor":[119,131,131,81,81,81,99,99,99,118,159,234,234,273,273,403,403,419,419,435,450,473,516,516,557,606,606,531,552,552,552,552,655,655,670,670,670,720,733,767,767,38,61,61,93,109,124,139,139,139,139],"floor_reached":50,"language":"FRA","playtime":4242,"items_purged":["hermit:Strike_Hermit","hermit:Defend_Hermit"],"score":653,"play_id":"021b3d1e-1074-4502-a277-278f3cbe0815","local_time":"20210208144304","is_ascension_mode":true,"campfire_choices":[{"data":"hermit:Glare","floor":6.0,"key":"SMITH"},{"data":"hermit:Covet","floor":8.0,"key":"SMITH"},{"data":"hermit:Manifest","floor":15.0,"key":"SMITH"},{"data":"hermit:Malice","floor":24,"key":"SMITH"},{"data":"hermit:Grudge","floor":27,"key":"SMITH"},{"data":"Panacea","floor":32,"key":"SMITH"},{"data":"hermit:LoneWolf","floor":41,"key":"SMITH"},{"data":"hermit:ShadowCloak","floor":44,"key":"SMITH"},{"floor":49,"key":"RECALL"}],"circlet_count":0,"master_deck":["hermit:Strike_Hermit+1","hermit:Defend_Hermit+1","hermit:Defend_Hermit","hermit:Defend_Hermit","hermit:Snapshot","hermit:Covet+1","TheCursedMod:Dregs","hermit:Glare+1","hermit:Malice+1","Injury","Pain","hermit:Manifest+1","hermit:LuckOfTheDraw+1","hermit:Reprieve","hermit:Grudge+1","hermit:Grudge+1","hermit:Misfire+1","hermit:Spite+1","hermit:Cheat","Thinking Ahead","Panacea+1","hermit:Roughhouse","hermit:LoneWolf+1","hermit:Manifest+1","hermit:Midnight","hermit:ShadowCloak+1","Metamorphosis","hermit:SprayPray+1","hermit:Brawl+1","hermit:Roulette+1"],"relics":["hermit:ClaspedLocket","hermit:CharredGlove","Bloody Idol","WarpedTongs","Lantern","InkBottle","War Paint","Runic Pyramid","Lizard Tail","Centennial Puzzle","Ornamental Fan","Torii","Darkstone Periapt","Pen Nib","Whetstone","Art of War","Bronze Scales"],"acts_visited":["Exordium","TheCity","TheBeyond"],"potions_floor_usage":[22,23,25,33,38,39,40,45,50],"damage_taken":[{"damage":0.0,"enemies":"Small Slimes","floor":1.0,"turns":3.0},{"damage":3.0,"enemies":"2 Louse","floor":2.0,"turns":3.0},{"damage":0.0,"enemies":"Cultist","floor":7.0,"turns":2.0},{"damage":0.0,"enemies":"2 Fungi Beasts","floor":10.0,"turns":2.0},{"damage":0.0,"enemies":"Lagavulin","floor":11.0,"turns":6.0},{"damage":13.0,"enemies":"Gremlin Nob","floor":14.0,"turns":3.0},{"damage":16.0,"enemies":"Slime Boss","floor":16.0,"turns":6.0},{"damage":0.0,"enemies":"Chosen","floor":18.0,"turns":3.0},{"damage":16.0,"enemies":"2 Thieves","floor":20.0,"turns":4.0},{"damage":11.0,"enemies":"Cultist and Chosen","floor":21.0,"turns":7.0},{"damage":3,"enemies":"Centurion and Healer","floor":22,"turns":7},{"damage":5,"enemies":"Book of Stabbing","floor":23,"turns":5},{"damage":2,"enemies":"Slavers","floor":25,"turns":3},{"damage":0,"enemies":"3 Cultists","floor":29,"turns":2},{"damage":62,"enemies":"Automaton","floor":33,"turns":9},{"damage":14,"enemies":"Orb Walker","floor":35,"turns":4},{"damage":27,"enemies":"Mind Bloom Boss Battle","floor":38,"turns":8},{"damage":0,"enemies":"3 Shapes","floor":39,"turns":2},{"damage":39,"enemies":"Giant Head","floor":40,"turns":8},{"damage":22,"enemies":"Reptomancer","floor":45,"turns":6},{"damage":1,"enemies":"3 Darklings","floor":46,"turns":2},{"damage":0,"enemies":"Transient","floor":47,"turns":5},{"damage":0,"enemies":"Sphere and 2 Shapes","floor":48,"turns":4},{"damage":103,"enemies":"Donu and Deca","floor":50,"turns":6}],"seed_played":"-3748719678488331140","potions_obtained":[{"floor":1.0,"key":"SteroidPotion"},{"floor":7.0,"key":"EssenceOfSteel"},{"floor":14.0,"key":"Weak Potion"},{"floor":16.0,"key":"BlessingOfTheForge"},{"floor":20.0,"key":"ColorlessPotion"},{"floor":21.0,"key":"Strength Potion"},{"floor":29,"key":"DistilledChaos"},{"floor":33,"key":"Explosive Potion"},{"floor":35,"key":"GamblersBrew"},{"floor":39,"key":"SkillPotion"},{"floor":45,"key":"EssenceOfSteel"}],"is_trial":false,"path_per_floor":["M","M","?","?","?","R","M","R","T","M","E","?","?","E","R","B",null,"M","?","M","M","M","E","R","E","T","R","$","M","?","?","R","B",null,"M","?","T","?","M","E","R","$","T","R","E","M","M","M","R","B"],"character_chosen":"HERMIT","items_purchased":["Pen Nib","Whetstone","hermit:ShadowCloak","Metamorphosis","Regen Potion"],"campfire_rested":0,"item_purchase_floors":[42,42,42,42,42],"current_hp_per_floor":[75,72,72,72,72,72,72,72,72,72,72,61,54,41,41,25,75,75,75,59,60,57,60,60,58,58,58,58,58,58,58,58,42,75,75,75,75,75,75,54,54,54,59,59,58,66,75,75,75,0,0],"gold":139,"neow_bonus":"ONE_RARE_RELIC","is_daily":false,"chose_seed":false,"campfire_upgraded":8,"win_rate":0.0,"timestamp":1612791784,"path_taken":["M","M","?","?","?","R","?","R","T","M","E","?","?","E","R","BOSS","M","?","M","M","M","E","R","E","T","R","?","?","?","?","R","BOSS","M","?","?","?","M","E","R","?","T","R","E","M","M","M","R","BOSS"],"items_purchased_type":["Relic","Relic","Card","Card","Potion"],"build_version":"2020-12-22","purchased_purges":2,"victory":false,"max_hp_per_floor":[75,75,75,75,75,75,75,75,75,75,75,75,75,75,75,75,75,75,75,75,75,75,75,75,75,75,75,75,75,75,75,75,75,75,75,75,75,75,75,75,75,75,75,75,75,75,75,75,75,75,75],"card_choices":[{"not_picked":["hermit:Ricochet","hermit:Virtue"],"picked":"hermit:Glare","floor":1.0},{"not_picked":["hermit:Glare","hermit:BodyArmor"],"picked":"hermit:Malice","floor":2.0},{"not_picked":["hermit:ItchyTrigger","hermit:Snipe","hermit:CalledShot"],"picked":"SKIP","floor":7.0},{"not_picked":["hermit:NoHoldsBarred","hermit:Coalescence"],"picked":"hermit:Manifest","floor":10.0},{"not_picked":["hermit:Combo","hermit:Showdown"],"picked":"hermit:LuckOfTheDraw","floor":11.0},{"not_picked":["hermit:Snipe","hermit:Ricochet","hermit:Vantage"],"picked":"SKIP","floor":14.0},{"not_picked":["hermit:Snipe","hermit:Ricochet","hermit:Vantage"],"picked":"SKIP","floor":14.0},{"not_picked":["hermit:OverwhelmingPower","hermit:HighNoon"],"picked":"hermit:Reprieve","floor":16.0},{"not_picked":["hermit:CursedWeapon","hermit:HighCaliber","hermit:CalledShot"],"picked":"SKIP","floor":18.0},{"not_picked":["hermit:Brawl+1","hermit:Malice"],"picked":"hermit:Grudge","floor":20.0},{"not_picked":["hermit:Quickdraw","hermit:Desperado"],"picked":"hermit:Grudge+1","floor":21.0},{"not_picked":["hermit:Quickdraw","hermit:Glare+1"],"picked":"hermit:Misfire+1","floor":22},{"not_picked":["hermit:TakeCover+1","hermit:Quickdraw","hermit:TrackingShot"],"picked":"SKIP","floor":23},{"not_picked":["hermit:Deadeye","hermit:Reprieve"],"picked":"hermit:Spite","floor":25},{"not_picked":["hermit:Deadeye","hermit:Vantage"],"picked":"hermit:Cheat","floor":29},{"not_picked":["Impatience","Dramatic Entrance"],"picked":"Thinking Ahead","floor":31},{"not_picked":["Secret Technique","Trip"],"picked":"Panacea","floor":31},{"not_picked":["hermit:EternalForm","hermit:Gambit"],"picked":"hermit:Roughhouse","floor":33},{"not_picked":["hermit:LowProfile+1","hermit:TrackingShot","hermit:Virtue+1"],"picked":"SKIP","floor":35},{"not_picked":["hermit:Roulette+1","hermit:ItchyTrigger+1"],"picked":"hermit:LoneWolf","floor":38},{"not_picked":["hermit:FlashPowder+1","hermit:Snipe+1"],"picked":"hermit:Manifest+1","floor":39},{"not_picked":["hermit:Roughhouse","hermit:Dive"],"picked":"hermit:Midnight","floor":40},{"not_picked":["hermit:Manifest+1","hermit:BodyArmor+1"],"picked":"hermit:SprayPray+1","floor":45},{"not_picked":["hermit:HighCaliber","hermit:Ricochet"],"picked":"hermit:Brawl+1","floor":46},{"not_picked":["hermit:BodyArmor","hermit:WideOpen+1","hermit:Spite+1"],"picked":"SKIP","floor":47},{"not_picked":["hermit:FromBeyond","hermit:Quickdraw"],"picked":"hermit:Roulette+1","floor":48}],"player_experience":550971,"relics_obtained":[{"floor":9.0,"key":"Lantern"},{"floor":11.0,"key":"InkBottle"},{"floor":14.0,"key":"War Paint"},{"floor":23,"key":"Lizard Tail"},{"floor":25,"key":"Centennial Puzzle"},{"floor":37,"key":"Ornamental Fan"},{"floor":38,"key":"Torii"},{"floor":40,"key":"Darkstone Periapt"},{"floor":43,"key":"Art of War"},{"floor":45,"key":"Bronze Scales"}],"event_choices":[{"damage_healed":0.0,"max_hp_gain":0.0,"max_hp_loss":0.0,"gold_gain":0.0,"event_name":"Golden Idol","player_choice":"Take Wound","floor":3.0,"gold_loss":0.0,"damage_taken":0.0,"relics_obtained":["Golden Idol"],"cards_obtained":["Injury"]},{"cards_removed":["hermit:Strike_Hermit"],"damage_healed":0.0,"max_hp_gain":0.0,"max_hp_loss":0.0,"gold_gain":0.0,"event_name":"The Cleric","player_choice":"Card Removal","floor":4.0,"gold_loss":50.0,"damage_taken":0.0},{"damage_healed":0.0,"max_hp_gain":0.0,"max_hp_loss":0.0,"gold_gain":0.0,"event_name":"Accursed Blacksmith","player_choice":"Rummage","floor":5.0,"gold_loss":0.0,"damage_taken":0.0,"relics_obtained":["WarpedTongs"],"cards_obtained":["Pain"]},{"damage_healed":0.0,"max_hp_gain":0.0,"max_hp_loss":0.0,"gold_gain":75.0,"event_name":"World of Goop","player_choice":"Gather Gold","floor":12.0,"gold_loss":0.0,"damage_taken":11.0},{"cards_removed":["hermit:Strike_Hermit"],"damage_healed":0.0,"max_hp_gain":0.0,"max_hp_loss":0.0,"gold_gain":0.0,"event_name":"Golden Wing","player_choice":"Card Removal","floor":13.0,"gold_loss":0.0,"damage_taken":7.0},{"damage_healed":0.0,"max_hp_gain":0.0,"max_hp_loss":0.0,"gold_gain":0.0,"event_name":"Fountain of Cleansing","player_choice":"Ignored","floor":19.0,"gold_loss":0.0,"damage_taken":0.0},{"damage_healed":0,"gold_gain":0,"player_choice":"Gave Idol","damage_taken":0,"relics_obtained":["Bloody Idol"],"max_hp_gain":0,"max_hp_loss":0,"event_name":"Forgotten Altar","floor":30,"relics_lost":["Golden Idol"],"gold_loss":0},{"damage_healed":0,"gold_gain":2,"player_choice":"1","damage_taken":0,"max_hp_gain":0,"max_hp_loss":0,"event_name":"betterStone:BetterStone","floor":31,"gold_loss":0},{"damage_healed":0,"gold_gain":0,"player_choice":"Ignored","damage_taken":0,"max_hp_gain":0,"max_hp_loss":0,"event_name":"Tomb of Lord Red Mask","floor":36,"gold_loss":0},{"damage_healed":0,"gold_gain":0,"player_choice":"Fight","damage_taken":0,"max_hp_gain":0,"max_hp_loss":0,"event_name":"MindBloom","floor":38,"gold_loss":0}],"is_beta":false,"boss_relics":[{"not_picked":["hermit:BartenderGlass","hermit:DentedPlate"],"picked":"Runic Pyramid"},{"not_picked":["Busted Crown","SacredBark"],"picked":"hermit:ClaspedLocket"}],"items_purged_floors":[28,42],"is_endless":false,"potions_floor_spawned":[1,7,14,16,20,21,29,33,35,39,45],"killed_by":"Donu and Deca","ascension_level":1}}