{"host":"kig4ty9d1aubg29s","time":1612755987,"event":{"mods":["BaseMod","Minty Spire (QoL Compilation)","READ ME - Guardian Mod","READ ME - Snecko Mod","StSLib","The Cursed","The Gatherer","The Hierophant","The Runesmith"],"gold_per_floor":[121,283,370,382,394,434,446,487,522,534,562,590,161,174,174,174,174],"floor_reached":16,"language":"KOR","playtime":548,"items_purged":[],"score":216,"play_id":"81f74dd2-cee9-4d57-9c4d-992a8ba67cbb","local_time":"20210208124627","is_ascension_mode":true,"campfire_choices":[{"floor":7.0,"key":"REST"},{"floor":10.0,"key":"REST"},{"floor":15.0,"key":"REST"}],"circlet_count":0,"master_deck":["AscendersBane","Strike_B","Strike_B","Strike_B","Strike_B","Defend_B","Defend_B","Defend_B","Defend_B+1","Zap+1","Dualcast","Cold Snap","Beam Cell","Glacier","FTL","Chill","Redo"],"relics":["Cracked Core","MawBank","HornCleat","Blood Vial","War Paint","Blue Candle","Bag of Preparation"],"acts_visited":["Exordium"],"potions_floor_usage":[],"damage_taken":[{"damage":1.0,"enemies":"Small Slimes","floor":1.0,"turns":4.0},{"damage":39.0,"enemies":"Lagavulin","floor":6.0,"turns":9.0},{"damage":43.0,"enemies":"Gremlin Nob","floor":8.0,"turns":5.0},{"damage":5.0,"enemies":"2 Louse","floor":11.0,"turns":2.0},{"damage":2.0,"enemies":"Jaw Worm","floor":12.0,"turns":3.0},{"damage":1.0,"enemies":"Lots of Slimes","floor":14.0,"turns":4.0},{"damage":0,"enemies":"Hexaghost","floor":16,"turns":1}],"seed_played":"-3678269255620039553","potions_obtained":[{"floor":11.0,"key":"AttackPotion"},{"floor":12.0,"key":"Block Potion"}],"is_trial":false,"path_per_floor":["M","?","?","?","?","E","R","E","T","R","M","M","$","M","R","B"],"character_chosen":"DEFECT","items_purchased":["Blue Candle","Bag of Preparation"],"campfire_rested":3,"item_purchase_floors":[13,13],"current_hp_per_floor":[63,63,52,45,68,29,50,7,7,28,25,25,25,26,47,49,49],"gold":174,"neow_bonus":"RANDOM_COMMON_RELIC","is_daily":false,"chose_seed":false,"campfire_upgraded":0,"win_rate":0.0,"timestamp":1612755987,"path_taken":["M","?","?","?","?","E","R","E","T","R","M","?","?","M","R","BOSS"],"items_purchased_type":["Relic","Relic"],"build_version":"2020-12-22","purchased_purges":0,"victory":false,"max_hp_per_floor":[71,71,71,71,71,71,71,71,71,71,71,71,71,71,71,71,71],"card_choices":[{"not_picked":["Redo","BootSequence"],"picked":"Cold Snap","floor":1.0},{"not_picked":["Tempest","Barrage"],"picked":"Beam Cell","floor":6.0},{"not_picked":["Rainbow","Chaos"],"picked":"Glacier","floor":8.0},{"not_picked":["Recycle","Gash"],"picked":"FTL","floor":11.0},{"not_picked":["Scrape","Compile Driver"],"picked":"Chill","floor":12.0},{"not_picked":["Rebound","Undo"],"picked":"Redo","floor":14.0}],"player_experience":1967212,"relics_obtained":[{"floor":6.0,"key":"HornCleat"},{"floor":8.0,"key":"Blood Vial"},{"floor":9.0,"key":"War Paint"}],"event_choices":[{"damage_healed":0.0,"max_hp_gain":0.0,"max_hp_loss":0.0,"gold_gain":150.0,"event_name":"Liars Game","player_choice":"AGREE","floor":2.0,"gold_loss":0.0,"damage_taken":0.0,"cards_obtained":["Doubt"]},{"damage_healed":0.0,"max_hp_gain":0.0,"max_hp_loss":0.0,"gold_gain":75.0,"event_name":"World of Goop","player_choice":"Gather Gold","floor":3.0,"gold_loss":0.0,"damage_taken":11.0},{"cards_removed":["Doubt"],"damage_healed":0.0,"max_hp_gain":0.0,"max_hp_loss":0.0,"gold_gain":0.0,"event_name":"Golden Wing","player_choice":"Card Removal","floor":4.0,"gold_loss":0.0,"damage_taken":7.0},{"damage_healed":23.0,"max_hp_gain":0.0,"max_hp_loss":0.0,"gold_gain":0.0,"event_name":"Big Fish","player_choice":"Banana","floor":5.0,"gold_loss":0.0,"damage_taken":0.0}],"is_beta":false,"boss_relics":[],"items_purged_floors":[],"is_endless":false,"potions_floor_spawned":[11,12,14],"killed_by":"Hexaghost","ascension_level":20}}