{"host":"xsuxkwaivmtd234a","time":1612804573,"event":{"mods":["BaseMod","Colored Map","Filter the Spire","Minty Spire (QoL Compilation)","Relic Stats","StSLib"],"gold_per_floor":[113,131,141,91,91,91,123,141,166,194,122,149,170,196,196,299,299,312,411,411,426,441,441,451,482,509,557,482,397,397,415,415,519,519,529,377,401,19,31,31,66,66,90,415,435,487,519,519,519,519,519,519,34,63,63,63],"floor_reached":55,"language":"ENG","playtime":3317,"items_purged":["Strike_B"],"score":1111,"play_id":"970bcc42-f287-4e34-86cb-4cf37616a176","local_time":"20210208121613","is_ascension_mode":true,"campfire_choices":[{"data":"Doom and Gloom","floor":6.0,"key":"SMITH"},{"floor":15.0,"key":"REST"},{"floor":23.0,"key":"REST"},{"floor":32.0,"key":"RECALL"},{"floor":40.0,"key":"REST"},{"floor":42.0,"key":"REST"},{"floor":49.0,"key":"REST"},{"floor":52.0,"key":"REST"}],"circlet_count":0,"master_deck":["Strike_B","Strike_B","Defend_B","Defend_B","Defend_B","Zap","Dualcast","Go for the Eyes","Conserve Battery","Doom and Gloom+1","Tempest","Coolheaded","Glacier","Ball Lightning","Echo Form","BootSequence+1","Hologram","Darkness+1","Turbo","Amplify","Recycle","Glacier","Creative AI","Biased Cognition","Chaos+1","Aggregate+1","Stack+1","Doom and Gloom+1","Capacitor","Coolheaded+1","Force Field+1","Static Discharge+1","Stack+1","Hologram+1","Defragment","Discovery","Echo Form"],"relics":["SlaversCollar","Juzu Bracelet","Akabeko","Orichalcum","Letter Opener","Vajra","Odd Mushroom","Centennial Puzzle","Fusion Hammer","Nilry\u0027s Codex","Bird Faced Urn","Blood Vial","Tiny Chest","Anchor","PreservedInsect","Inserter","Orrery","Bag of Marbles","Cables","Strawberry","Old Coin","Calipers","Art of War","Toy Ornithopter","Happy Flower"],"acts_visited":["Exordium","TheCity","TheBeyond","TheEnding"],"potions_floor_usage":[54,55,55],"damage_taken":[{"damage":11.0,"enemies":"Jaw Worm","floor":1.0,"turns":4.0},{"damage":2.0,"enemies":"2 Louse","floor":2.0,"turns":2.0},{"damage":9.0,"enemies":"Cultist","floor":3.0,"turns":4.0},{"damage":10.0,"enemies":"3 Sentries","floor":7.0,"turns":5.0},{"damage":7.0,"enemies":"Exordium Thugs","floor":8.0,"turns":3.0},{"damage":8.0,"enemies":"Gremlin Nob","floor":10.0,"turns":3.0},{"damage":9.0,"enemies":"3 Sentries","floor":12.0,"turns":6.0},{"damage":13.0,"enemies":"The Mushroom Lair","floor":13.0,"turns":5.0},{"damage":3.0,"enemies":"The Guardian","floor":16.0,"turns":11.0},{"damage":2.0,"enemies":"2 Thieves","floor":18.0,"turns":2.0},{"damage":3.0,"enemies":"Shell Parasite","floor":21.0,"turns":4.0},{"damage":0.0,"enemies":"Centurion and Healer","floor":22.0,"turns":4.0},{"damage":3.0,"enemies":"Chosen and Byrds","floor":24.0,"turns":4.0},{"damage":10.0,"enemies":"Book of Stabbing","floor":25.0,"turns":3.0},{"damage":40.0,"enemies":"Slavers","floor":27.0,"turns":11.0},{"damage":17.0,"enemies":"3 Cultists","floor":31.0,"turns":5.0},{"damage":40.0,"enemies":"Automaton","floor":33.0,"turns":9.0},{"damage":5.0,"enemies":"3 Shapes","floor":35.0,"turns":5.0},{"damage":23.0,"enemies":"3 Darklings","floor":39.0,"turns":4.0},{"damage":1.0,"enemies":"Giant Head","floor":41.0,"turns":10.0},{"damage":0.0,"enemies":"Nemesis","floor":44.0,"turns":9.0},{"damage":26.0,"enemies":"Jaw Worm Horde","floor":45.0,"turns":3.0},{"damage":28.0,"enemies":"2 Orb Walkers","floor":46.0,"turns":4.0},{"damage":0.0,"enemies":"Giant Head","floor":47.0,"turns":12.0},{"damage":1.0,"enemies":"Donu and Deca","floor":50.0,"turns":9.0},{"damage":41,"enemies":"Shield and Spear","floor":54,"turns":5},{"damage":70,"enemies":"The Heart","floor":55,"turns":8}],"seed_played":"-6986829599630844415","potions_obtained":[{"floor":2.0,"key":"Fire Potion"},{"floor":3.0,"key":"BlessingOfTheForge"},{"floor":12.0,"key":"PowerPotion"},{"floor":13.0,"key":"FearPotion"},{"floor":18.0,"key":"PowerPotion"},{"floor":25.0,"key":"ColorlessPotion"},{"floor":33.0,"key":"Dexterity Potion"},{"floor":39.0,"key":"EssenceOfSteel"},{"floor":44.0,"key":"EssenceOfDarkness"},{"floor":46.0,"key":"PowerPotion"},{"floor":47.0,"key":"SmokeBomb"}],"is_trial":false,"path_per_floor":["M","M","M","?","?","R","E","M","T","E","?","E","?","T","R","B",null,"M","?","?","M","M","R","M","E","T","E","?","?","T","M","R","B",null,"M","$","T","$","M","R","E","R","T","E","M","?","E","?","R","B",null,"R","$","E","B"],"character_chosen":"DEFECT","items_purchased":["Orrery","Capacitor","Cables","ColorlessPotion","Defragment","Discovery","Weak Potion","Toy Ornithopter","Swift Potion"],"campfire_rested":6,"item_purchase_floors":[36,38,38,38,53,53,53,53,53],"current_hp_per_floor":[64,62,53,53,53,53,43,36,36,28,28,19,6,6,28,25,63,61,61,45,42,42,64,61,51,51,75,75,75,75,64,64,52,69,68,68,68,68,55,75,82,82,82,82,60,40,72,72,82,82,82,82,82,47,0,0],"gold":63,"neow_bonus":"BOSS_RELIC","is_daily":false,"chose_seed":false,"campfire_upgraded":1,"win_rate":0.0,"timestamp":1612804573,"path_taken":["M","M","M","?","?","R","E","M","T","E","?","E","?","?","R","BOSS","M","?","?","M","M","R","M","E","T","E","?","?","?","M","R","BOSS","M","$","?","$","M","R","E","R","T","E","M","?","E","?","R","BOSS","R","$","E","BOSS"],"items_purchased_type":["Relic","Card","Relic","Potion","Card","Card","Potion","Relic","Potion"],"build_version":"2020-12-22","purchased_purges":1,"victory":false,"max_hp_per_floor":[75,75,75,75,75,75,75,75,75,75,75,75,75,75,75,75,75,75,75,75,75,75,75,75,75,75,75,75,75,75,75,75,75,75,75,75,75,75,75,75,82,82,82,82,82,82,82,82,82,82,82,82,82,82,82,82],"relic_stats":{"Inserter":[25],"Happy Flower":[2],"counters":[27,153],"PreservedInsect":365,"Juzu Bracelet":1,"Letter Opener":[427],"Orichalcum":[96],"Cables":[57,15,32,8,2],"Blood Vial":14,"Centennial Puzzle":[48],"Bird Faced Urn":[162],"Tiny Chest":1,"Art of War":[9],"obtain_stats":[{"Calipers":46,"Nilry\u0027s Codex":20,"Vajra":12,"Juzu Bracelet":7,"Old Coin":44,"Blood Vial":26,"Centennial Puzzle":14,"Strawberry":41,"Tiny Chest":27,"Fusion Hammer":17,"Cracked Core":0,"Inserter":34,"Happy Flower":54,"PreservedInsect":30,"Letter Opener":11,"Orichalcum":10,"Odd Mushroom":13,"Akabeko":9,"Cables":38,"SlaversCollar":0,"Anchor":29,"Bird Faced Urn":25,"Orrery":36,"Bag of Marbles":37,"Art of War":47,"Toy Ornithopter":53},{"Calipers":23,"Nilry\u0027s Codex":10,"Vajra":7,"Juzu Bracelet":4,"Old Coin":21,"Blood Vial":14,"Centennial Puzzle":8,"Strawberry":20,"Tiny Chest":15,"Fusion Hammer":9,"Cracked Core":0,"Inserter":17,"Happy Flower":26,"PreservedInsect":15,"Letter Opener":6,"Orichalcum":6,"Odd Mushroom":8,"Akabeko":5,"Cables":18,"SlaversCollar":0,"Anchor":15,"Bird Faced Urn":14,"Orrery":18,"Bag of Marbles":18,"Art of War":24,"Toy Ornithopter":25},{"Calipers":120,"Nilry\u0027s Codex":45,"Vajra":27,"Juzu Bracelet":15,"Old Coin":113,"Blood Vial":60,"Centennial Puzzle":32,"Strawberry":104,"Tiny Chest":71,"Fusion Hammer":43,"Cracked Core":0,"Inserter":85,"Happy Flower":145,"PreservedInsect":71,"Letter Opener":21,"Orichalcum":21,"Odd Mushroom":32,"Akabeko":18,"Cables":90,"SlaversCollar":0,"Anchor":71,"Bird Faced Urn":60,"Orrery":90,"Bag of Marbles":90,"Art of War":132,"Toy Ornithopter":140}],"Toy Ornithopter":10},"card_choices":[{"not_picked":["Turbo","Capacitor"],"picked":"Go for the Eyes","floor":1.0},{"not_picked":["Turbo","Blizzard"],"picked":"Conserve Battery","floor":2.0},{"not_picked":["Scrape","Defragment"],"picked":"Doom and Gloom","floor":3.0},{"not_picked":["Go for the Eyes","Scrape"],"picked":"Tempest","floor":7.0},{"not_picked":["Barrage","Recycle","Go for the Eyes"],"picked":"SKIP","floor":8.0},{"not_picked":["Skim","Steam"],"picked":"Coolheaded","floor":10.0},{"not_picked":["Defragment","White Noise"],"picked":"Glacier","floor":12.0},{"not_picked":["Hologram","Melter"],"picked":"Ball Lightning","floor":13.0},{"not_picked":["Creative AI","Hyperbeam"],"picked":"Echo Form","floor":16.0},{"not_picked":["Streamline","Aggregate"],"picked":"BootSequence+1","floor":18.0},{"not_picked":["Sunder","Streamline"],"picked":"Hologram","floor":21.0},{"not_picked":["Reinforced Body","Streamline"],"picked":"Darkness+1","floor":22.0},{"not_picked":["Stack","Steam"],"picked":"Turbo","floor":24.0},{"not_picked":["Reboot","Auto Shields"],"picked":"Amplify","floor":25.0},{"not_picked":["Force Field","Hello World+1"],"picked":"Recycle","floor":27.0},{"not_picked":["Sunder","Turbo"],"picked":"Glacier","floor":31.0},{"not_picked":["Thunder Strike","Reboot"],"picked":"Creative AI","floor":33.0},{"not_picked":["Leap","Turbo","FTL+1"],"picked":"SKIP","floor":35.0},{"not_picked":["Glacier","Streamline"],"picked":"Biased Cognition","floor":36.0},{"not_picked":["Rip and Tear","Conserve Battery+1"],"picked":"Chaos+1","floor":36.0},{"not_picked":["Steam Power","Leap+1"],"picked":"Aggregate+1","floor":36.0},{"not_picked":["Sweeping Beam","Cold Snap"],"picked":"Stack+1","floor":36.0},{"not_picked":["Cold Snap","Barrage"],"picked":"Doom and Gloom+1","floor":36.0},{"not_picked":["Storm+1","Conserve Battery"],"picked":"Coolheaded+1","floor":39.0},{"not_picked":["Coolheaded","Steam Power+1","Sunder"],"picked":"SKIP","floor":41.0},{"not_picked":["Streamline+1","Static Discharge"],"picked":"Force Field+1","floor":44.0},{"not_picked":["Auto Shields+1","Meteor Strike"],"picked":"Static Discharge+1","floor":45.0},{"not_picked":["Tempest","Sweeping Beam+1"],"picked":"Stack+1","floor":46.0},{"not_picked":["Redo+1","Storm"],"picked":"Hologram+1","floor":47.0},{"not_picked":["Coolheaded+1","Heatsinks"],"picked":"Echo Form","floor":54}],"player_experience":1221858,"relics_obtained":[{"floor":7.0,"key":"Juzu Bracelet"},{"floor":9.0,"key":"Akabeko"},{"floor":10.0,"key":"Orichalcum"},{"floor":12.0,"key":"Vajra"},{"floor":13.0,"key":"Odd Mushroom"},{"floor":14.0,"key":"Centennial Puzzle"},{"floor":20.0,"key":"Nilry\u0027s Codex"},{"floor":25.0,"key":"Bird Faced Urn"},{"floor":26.0,"key":"Blood Vial"},{"floor":27.0,"key":"Tiny Chest"},{"floor":30.0,"key":"PreservedInsect"},{"floor":37.0,"key":"Bag of Marbles"},{"floor":41.0,"key":"Strawberry"},{"floor":44.0,"key":"Old Coin"},{"floor":46.0,"key":"Calipers"},{"floor":47.0,"key":"Art of War"},{"floor":54,"key":"Happy Flower"}],"event_choices":[{"cards_removed":["Defend_B"],"damage_healed":0.0,"max_hp_gain":0.0,"max_hp_loss":0.0,"gold_gain":0.0,"event_name":"The Cleric","player_choice":"Card Removal","floor":4.0,"gold_loss":50.0,"damage_taken":0.0},{"damage_healed":0.0,"max_hp_gain":0.0,"max_hp_loss":0.0,"gold_gain":0.0,"event_name":"Liars Game","player_choice":"Ignored","floor":5.0,"gold_loss":0.0,"damage_taken":0.0},{"damage_healed":0.0,"max_hp_gain":0.0,"max_hp_loss":0.0,"gold_gain":0.0,"event_name":"WeMeetAgain","player_choice":"Paid Gold","floor":11.0,"gold_loss":72.0,"damage_taken":0.0,"relics_obtained":["Letter Opener"]},{"damage_healed":0.0,"max_hp_gain":0.0,"max_hp_loss":0.0,"gold_gain":0.0,"event_name":"Mushrooms","player_choice":"Fought Mushrooms","floor":13.0,"gold_loss":0.0,"damage_taken":0.0},{"damage_healed":0.0,"max_hp_gain":0.0,"max_hp_loss":0.0,"gold_gain":99.0,"event_name":"Nest","player_choice":"Stole From Cult","floor":19.0,"gold_loss":0.0,"damage_taken":0.0},{"damage_healed":0.0,"max_hp_gain":0.0,"max_hp_loss":0.0,"gold_gain":0.0,"event_name":"Cursed Tome","player_choice":"Obtained Book","floor":20.0,"gold_loss":0.0,"damage_taken":16.0},{"cards_removed":["Strike_B"],"damage_healed":0.0,"max_hp_gain":0.0,"max_hp_loss":0.0,"gold_gain":0.0,"event_name":"Beggar","player_choice":"Gave Gold","floor":28.0,"gold_loss":75.0,"damage_taken":0.0},{"damage_healed":0.0,"max_hp_gain":0.0,"max_hp_loss":0.0,"gold_gain":0.0,"event_name":"Addict","player_choice":"Obtained Relic","floor":29.0,"gold_loss":85.0,"damage_taken":0.0,"relics_obtained":["Anchor"]},{"damage_healed":0.0,"max_hp_gain":0.0,"max_hp_loss":0.0,"gold_gain":0.0,"event_name":"Mysterious Sphere","player_choice":"Fight","floor":46.0,"gold_loss":0.0,"damage_taken":0.0},{"damage_healed":0.0,"max_hp_gain":0.0,"max_hp_loss":0.0,"gold_gain":0.0,"event_name":"SecretPortal","player_choice":"Ignored","floor":48.0,"gold_loss":0.0,"damage_taken":0.0}],"is_beta":false,"boss_relics":[{"not_picked":["Tiny House","Runic Pyramid"],"picked":"Fusion Hammer"},{"not_picked":["Busted Crown","Empty Cage"],"picked":"Inserter"}],"items_purged_floors":[53],"is_endless":false,"potions_floor_spawned":[2,3,12,13,18,25,33,39,44,46,47],"killed_by":"The Heart","ascension_level":5}}