{"host":"mychigd5o98hbqtx","time":1612792522,"event":{"mods":["2.2 Compatiblity","Act Like it!","Aspiration","BaseMod","Better Sensory Stone","Better Third Choice","BetterRewards","Block Reminder","Bossed Relics","Dota2Spire","Fox Events","Friendly Minions","GifTheSpireLib","Jedi Mod","Minty Spire (QoL Compilation)","Pale of the Ancients","Reliquary","Replay The Spire","StSLib","SuperFastMode","TheWitcher","Wandering Minibosses"],"gold_per_floor":[114,126,66,66,66,66,66,66,66,66,66,66,66,66,66,66,66],"floor_reached":16,"language":"RUS","playtime":757,"items_purged":["Strike_R"],"score":137,"play_id":"4e296fdb-642a-4278-9b05-c13b1cc78e16","local_time":"20210208165522","is_ascension_mode":false,"campfire_choices":[{"data":"Feed","floor":13,"key":"SMITH"},{"data":"Bludgeon","floor":15,"key":"SMITH"}],"circlet_count":0,"master_deck":["Strike_R","Strike_R","Strike_R","Strike_R","Defend_R","Defend_R","Defend_R","Defend_R","Bash","Replay:Undeath\u0027s Touch+1","jedi:unlimitedpower","Shrug It Off","Feed+1","Replay:Undeath\u0027s Touch+1","Battle Trance","jedi:collectorstrike","Bludgeon+1"],"relics":["Burning Blood","aspiration:DSix","jedi:ominousloannote","Matryoshka","Divine Protection","Replay:Bottled Eggs","ReplayTheSpireMod:Ninjato"],"acts_visited":["Exordium"],"potions_floor_usage":[8,11,12],"damage_taken":[{"damage":10,"enemies":"Cultist","floor":1,"turns":4},{"damage":10,"enemies":"Jaw Worm","floor":2,"turns":5},{"damage":3,"enemies":"Small Slimes","floor":4,"turns":3},{"damage":45,"enemies":"Lagavulin","floor":6,"turns":7},{"damage":0,"enemies":"Exordium Wildlife","floor":7,"turns":4},{"damage":21,"enemies":"Lagavulin Event","floor":8,"turns":3},{"damage":0,"enemies":"Blue Slaver","floor":10,"turns":2},{"damage":16,"enemies":"Gremlin Nob","floor":11,"turns":2},{"damage":0,"enemies":"2 Fungi Beasts","floor":12,"turns":3},{"damage":58,"enemies":"Hexaghost","floor":16,"turns":9}],"seed_played":"-4372308987362164361","potions_obtained":[{"floor":2,"key":"Strength Potion"},{"floor":6,"key":"jedi:hoardpotion"},{"floor":8,"key":"Venom Potion"},{"floor":12,"key":"BloodPotion"}],"is_trial":false,"path_per_floor":["M","M","$","M","?","E","M","?","T","M","E","M","R","$","R","B"],"character_chosen":"IRONCLAD","items_purchased":["jedi:ominousloannote","Matryoshka","jedi:unlimitedpower"],"campfire_rested":0,"item_purchase_floors":[3,3,3],"current_hp_per_floor":[76,72,72,75,75,36,45,30,30,36,29,55,55,55,55,0,0],"gold":66,"neow_bonus":"DSIX","is_daily":false,"chose_seed":false,"campfire_upgraded":2,"win_rate":0.0,"timestamp":1612792522,"path_taken":["M","M","$","?","?","E","?","?","T","M","E","M","R","?","R","BOSS"],"items_purchased_type":["Relic","Relic","Card"],"build_version":"2020-12-22","purchased_purges":1,"victory":false,"max_hp_per_floor":[80,80,80,80,80,80,83,83,83,83,86,89,89,89,89,89,89],"card_choices":[{"not_picked":["Run Through","Havoc","Headbutt"],"picked":"SKIP","floor":1},{"not_picked":["Sword Boomerang","Evolve"],"picked":"Replay:Undeath\u0027s Touch","floor":2},{"not_picked":["Headbutt","Bloodletting"],"picked":"Shrug It Off","floor":4},{"not_picked":["Body Slam","Sever Soul"],"picked":"Feed","floor":6},{"not_picked":["Shrug It Off","ReplayTheSpireMod:Strike From Hell"],"picked":"Replay:Undeath\u0027s Touch","floor":7},{"not_picked":["Sword Boomerang","Headbutt"],"picked":"Battle Trance","floor":8},{"not_picked":["ReplayTheSpireMod:Stacked","Iron Wave","ReplayTheSpireMod:Strike From Hell"],"picked":"SKIP","floor":10},{"not_picked":["True Grit","Flex"],"picked":"jedi:collectorstrike","floor":11},{"not_picked":["jedi:fear","Life Link"],"picked":"Bludgeon","floor":12}],"player_experience":173717,"relics_obtained":[{"floor":6,"key":"Divine Protection"},{"floor":8,"key":"Replay:Bottled Eggs"},{"floor":11,"key":"ReplayTheSpireMod:Ninjato"}],"event_choices":[{"damage_healed":0,"gold_gain":0,"player_choice":"Bought 0 Potions","damage_taken":0,"max_hp_gain":0,"max_hp_loss":0,"event_name":"The Woman in Blue","floor":5,"gold_loss":0},{"damage_healed":0,"gold_gain":0,"player_choice":"Searched \u00272\u0027 times","damage_taken":0,"max_hp_gain":0,"max_hp_loss":0,"event_name":"Dead Adventurer","floor":8,"gold_loss":0}],"is_beta":false,"boss_relics":[],"items_purged_floors":[3],"is_endless":false,"potions_floor_spawned":[2,6,8,12],"killed_by":"Hexaghost","ascension_level":0}}