{"host":"bxn2em57qlx5u4i0","time":1612811724,"event":{"mods":["BaseMod","Colored Map","Colored Powertips","Highlight Path","Minty Spire (QoL Compilation)","Random Character Button","Relic Sorter","Relic Stats","StSLib","SuperFastMode"],"gold_per_floor":[118,193,193,193,222,222,269,319,319,319,347,356,17,61,61,159,159,134,1,42,67,67,101,101,129,129,144,144,19,19,53,53,53,53],"floor_reached":33,"language":"ENG","playtime":1072,"items_purged":["Strike_G","Strike_G","Strike_G"],"score":614,"play_id":"a0321446-6b67-431c-9f82-6c53d263ecbc","local_time":"20210208141524","is_ascension_mode":true,"campfire_choices":[{"data":"Flying Knee","floor":6.0,"key":"SMITH"},{"floor":10.0,"key":"REST"},{"data":"Neutralize","floor":15.0,"key":"SMITH"},{"data":"After Image","floor":24.0,"key":"SMITH"},{"data":"Footwork","floor":30.0,"key":"SMITH"},{"data":"Predator","floor":32.0,"key":"SMITH"}],"circlet_count":0,"master_deck":["AscendersBane","Strike_G","Defend_G","Defend_G","Defend_G","Defend_G","Defend_G","Survivor","Neutralize+1","Flying Knee+1","Endless Agony","Poisoned Stab","Predator+1","Prepared","Backflip","After Image+1","Footwork+1"],"relics":["Ring of the Snake","CeramicFish","Bloody Idol","Sundial","White Beast Statue","Omamori","ClockworkSouvenir","Bronze Scales","Busted Crown","Red Mask","Toy Ornithopter","Ninja Scroll","Pear","MutagenicStrength","InkBottle"],"acts_visited":["Exordium","TheCity"],"potions_floor_usage":[33,33],"damage_taken":[{"damage":2.0,"enemies":"Small Slimes","floor":1.0,"turns":5.0},{"damage":0.0,"enemies":"Jaw Worm","floor":5.0,"turns":6.0},{"damage":39.0,"enemies":"Lagavulin","floor":7.0,"turns":9.0},{"damage":0.0,"enemies":"2 Louse","floor":11.0,"turns":4.0},{"damage":7.0,"enemies":"Gremlin Nob","floor":14.0,"turns":4.0},{"damage":6.0,"enemies":"The Guardian","floor":16.0,"turns":13.0},{"damage":5.0,"enemies":"2 Thieves","floor":18.0,"turns":4.0},{"damage":6.0,"enemies":"Masked Bandits","floor":20.0,"turns":6.0},{"damage":3.0,"enemies":"Spheric Guardian","floor":21.0,"turns":6.0},{"damage":23.0,"enemies":"Slavers","floor":23.0,"turns":8.0},{"damage":14.0,"enemies":"Gremlin Leader","floor":25.0,"turns":10.0},{"damage":1.0,"enemies":"3 Cultists","floor":27.0,"turns":6.0},{"damage":15.0,"enemies":"Slavers","floor":31.0,"turns":9.0},{"damage":49,"enemies":"Champ","floor":33,"turns":11}],"seed_played":"6285780618289363024","potions_obtained":[{"floor":1.0,"key":"CultistPotion"},{"floor":7.0,"key":"SpeedPotion"},{"floor":11.0,"key":"LiquidBronze"},{"floor":14.0,"key":"GhostInAJar"},{"floor":16.0,"key":"AttackPotion"},{"floor":18.0,"key":"Block Potion"},{"floor":20.0,"key":"Fire Potion"},{"floor":23.0,"key":"Regen Potion"},{"floor":25.0,"key":"Explosive Potion"},{"floor":27.0,"key":"SteroidPotion"},{"floor":31.0,"key":"LiquidMemories"}],"is_trial":false,"path_per_floor":["M","?","?","T","M","R","E","T","T","R","M","?","$","E","R","B",null,"M","$","?","M","?","E","R","E","T","M","?","$","R","E","R","B"],"character_chosen":"THE_SILENT","items_purchased":["ClockworkSouvenir","Backflip","PowerPotion","Footwork"],"campfire_rested":1,"item_purchase_floors":[13,13,13,19],"current_hp_per_floor":[57,46,46,46,46,46,7,7,7,25,25,25,25,18,18,12,48,43,43,37,34,34,16,16,27,37,46,46,46,46,36,36,0,0],"gold":53,"neow_bonus":"RANDOM_COMMON_RELIC","is_daily":false,"chose_seed":false,"campfire_upgraded":5,"win_rate":0.0,"timestamp":1612811724,"path_taken":["M","?","?","?","M","R","E","?","T","R","M","?","$","E","R","BOSS","M","?","?","M","?","E","R","E","T","M","?","$","R","E","R","BOSS"],"items_purchased_type":["Relic","Card","Potion","Card"],"build_version":"2020-12-22","purchased_purges":3,"victory":false,"max_hp_per_floor":[66,66,60,60,60,60,60,60,60,60,60,60,60,60,60,60,60,60,60,60,60,60,60,60,60,70,70,70,70,70,70,70,70,70],"relic_stats":{"Busted Crown":14,"counters":[14,101],"Sundial":[26],"CeramicFish":72,"Bloody Idol":20,"Bronze Scales":[233],"obtain_stats":[{"Pear":26,"Golden Idol":3,"CeramicFish":0,"Omamori":8,"White Beast Statue":7,"ClockworkSouvenir":13,"Busted Crown":17,"Sundial":4,"Ninja Scroll":25,"Bronze Scales":14,"Bloody Idol":22,"MutagenicStrength":28,"Red Mask":20,"Toy Ornithopter":23,"InkBottle":31,"Ring of the Snake":0},{"Pear":11,"Golden Idol":1,"CeramicFish":0,"Omamori":3,"White Beast Statue":3,"ClockworkSouvenir":4,"Busted Crown":6,"Sundial":1,"Ninja Scroll":11,"Bronze Scales":5,"Bloody Idol":9,"MutagenicStrength":12,"Red Mask":8,"Toy Ornithopter":10,"InkBottle":13,"Ring of the Snake":0},{"Pear":75,"Golden Idol":5,"CeramicFish":0,"Omamori":20,"White Beast Statue":20,"ClockworkSouvenir":24,"Busted Crown":41,"Sundial":5,"Ninja Scroll":75,"Bronze Scales":28,"Bloody Idol":57,"MutagenicStrength":81,"Red Mask":51,"Toy Ornithopter":65,"InkBottle":90,"Ring of the Snake":0}],"Toy Ornithopter":20,"InkBottle":[6],"Ring of the Snake":[29]},"card_choices":[{"not_picked":["Concentrate","Underhanded Strike"],"picked":"Flying Knee","floor":1.0},{"not_picked":["Prepared","Dodge and Roll"],"picked":"Endless Agony","floor":5.0},{"not_picked":["Blade Dance","Outmaneuver"],"picked":"Poisoned Stab","floor":7.0},{"not_picked":["Unload","Expertise"],"picked":"Predator","floor":11.0},{"not_picked":["Prepared","Grand Finale","Dash"],"picked":"SKIP","floor":14.0},{"not_picked":["Malaise","Doppelganger"],"picked":"After Image","floor":16.0},{"not_picked":["Finisher"],"picked":"SKIP","floor":18.0},{"not_picked":["Prepared"],"picked":"SKIP","floor":21.0},{"not_picked":["Bane"],"picked":"SKIP","floor":23.0},{"not_picked":["Poisoned Stab"],"picked":"SKIP","floor":25.0},{"not_picked":["Bane"],"picked":"SKIP","floor":27.0},{"not_picked":["Eviscerate"],"picked":"SKIP","floor":31.0}],"player_experience":3014736,"relics_obtained":[{"floor":4.0,"key":"Sundial"},{"floor":7.0,"key":"White Beast Statue"},{"floor":8.0,"key":"Omamori"},{"floor":14.0,"key":"Bronze Scales"},{"floor":20.0,"key":"Red Mask"},{"floor":23.0,"key":"Toy Ornithopter"},{"floor":25.0,"key":"Ninja Scroll"},{"floor":26.0,"key":"Pear"},{"floor":31.0,"key":"InkBottle"}],"event_choices":[{"damage_healed":0.0,"max_hp_gain":0.0,"max_hp_loss":0.0,"gold_gain":75.0,"event_name":"World of Goop","player_choice":"Gather Gold","floor":2.0,"gold_loss":0.0,"damage_taken":11.0},{"damage_healed":0.0,"max_hp_gain":0.0,"max_hp_loss":6.0,"gold_gain":0.0,"event_name":"Golden Idol","player_choice":"Lose Max HP","floor":3.0,"gold_loss":0.0,"damage_taken":0.0,"relics_obtained":["Golden Idol"]},{"damage_healed":0.0,"max_hp_gain":0.0,"max_hp_loss":0.0,"gold_gain":0.0,"cards_transformed":["Strike_G"],"event_name":"Transmorgrifier","player_choice":"Transformed","floor":12.0,"gold_loss":0.0,"damage_taken":0.0,"cards_obtained":["Prepared"]},{"damage_healed":0.0,"max_hp_gain":0.0,"max_hp_loss":0.0,"gold_gain":0.0,"event_name":"Masked Bandits","player_choice":"Fought Bandits","floor":20.0,"gold_loss":0.0,"damage_taken":0.0},{"damage_healed":0.0,"max_hp_gain":0.0,"max_hp_loss":0.0,"gold_gain":0.0,"event_name":"Forgotten Altar","player_choice":"Gave Idol","floor":22.0,"relics_lost":["Golden Idol"],"gold_loss":0.0,"damage_taken":0.0,"relics_obtained":["Bloody Idol"]},{"damage_healed":0.0,"max_hp_gain":0.0,"max_hp_loss":0.0,"gold_gain":0.0,"event_name":"Drug Dealer","player_choice":"Inject Mutagens","floor":28.0,"gold_loss":0.0,"damage_taken":0.0,"relics_obtained":["MutagenicStrength"]}],"is_beta":false,"boss_relics":[{"not_picked":["WristBlade","Black Star"],"picked":"Busted Crown"}],"items_purged_floors":[13,19,29],"is_endless":false,"potions_floor_spawned":[1,7,11,14,16,18,20,21,23,25,27,31],"killed_by":"Champ","ascension_level":20}}