{"host":"jleefzi2bpdiggb4","time":1612827785,"event":{"mods":["AchievementEnabler","BaseMod","Colored Map","Highlight Path","Infinite Spire","Minty Spire (QoL Compilation)","Relic Stats","StSLib","UnlockEverythingMod"],"gold_per_floor":[109,129,140,140,155,155,155,2,26,26,58,58,83,100,100,198,198,208,208,228,245,260,260,292,292,292,304,304,219,246,265,265,265,265],"floor_reached":33,"language":"ENG","playtime":1277,"items_purged":[],"score":312,"play_id":"d5cb67e9-f6ed-4e65-a339-d93f3cbf88ab","local_time":"20210208184305","is_ascension_mode":true,"campfire_choices":[{"data":"Deadly Poison","floor":6.0,"key":"SMITH"},{"data":"Sucker Punch","floor":10.0,"key":"SMITH"},{"data":"Leg Sweep","floor":12.0,"key":"SMITH"},{"data":"Dodge and Roll","floor":15.0,"key":"SMITH"},{"data":"infinitespire:Neurotoxin","floor":23.0,"key":"SMITH"},{"data":"Noxious Fumes","floor":25.0,"key":"SMITH"},{"floor":28.0,"key":"REST"},{"floor":32,"key":"RECALL"}],"circlet_count":0,"master_deck":["Strike_G","Strike_G","Strike_G","Defend_G","Defend_G","Defend_G","Defend_G","Survivor","Neutralize+1","Leg Sweep+1","Sucker Punch+1","Dodge and Roll+1","Deadly Poison+1","infinitespire:Neurotoxin+1","Noxious Fumes+1","Backflip+1"],"relics":["Ring of the Snake","Bag of Marbles","PreservedInsect","Strawberry","Bag of Preparation","infinitespire:CursedDice","Empty Cage","Meat on the Bone","Bottled Lightning","MealTicket","Question Card"],"acts_visited":["Exordium","TheCity"],"potions_floor_usage":[30,30],"damage_taken":[{"damage":0.0,"enemies":"Small Slimes","floor":1.0,"turns":5.0},{"damage":3.0,"enemies":"2 Louse","floor":2.0,"turns":3.0},{"damage":0.0,"enemies":"Cultist","floor":3.0,"turns":3.0},{"damage":3.0,"enemies":"Lots of Slimes","floor":5.0,"turns":7.0},{"damage":16.0,"enemies":"Lagavulin","floor":11.0,"turns":7.0},{"damage":4.0,"enemies":"Gremlin Nob","floor":13.0,"turns":4.0},{"damage":2.0,"enemies":"Exordium Wildlife","floor":14.0,"turns":4.0},{"damage":9.0,"enemies":"The Guardian","floor":16.0,"turns":11.0},{"damage":0.0,"enemies":"Spheric Guardian","floor":18.0,"turns":3.0},{"damage":5.0,"enemies":"3 Byrds","floor":20.0,"turns":8.0},{"damage":12.0,"enemies":"Centurion and Healer","floor":21.0,"turns":13.0},{"damage":9.0,"enemies":"Sentry and Sphere","floor":22.0,"turns":5.0},{"damage":13.0,"enemies":"Book of Stabbing","floor":24.0,"turns":6.0},{"damage":0.0,"enemies":"Snecko","floor":27.0,"turns":5.0},{"damage":1,"enemies":"Slavers","floor":30,"turns":5},{"damage":7,"enemies":"Snake Plant","floor":31,"turns":4},{"damage":58,"enemies":"Collector","floor":33,"turns":6}],"seed_played":"6210238113284582364","potions_obtained":[{"floor":2.0,"key":"PowerPotion"},{"floor":3.0,"key":"Explosive Potion"},{"floor":13.0,"key":"FearPotion"},{"floor":16.0,"key":"EntropicBrew"},{"floor":20.0,"key":"ColorlessPotion"}],"is_trial":false,"path_per_floor":["M","M","M","?","M","R","?","$","T","R","E","R","E","M","R","B",null,"M","?","M","M","M","R","E","R","T","M","R","?","E","M","R","B"],"character_chosen":"THE_SILENT","items_purchased":["PreservedInsect"],"campfire_rested":1,"item_purchase_floors":[8],"current_hp_per_floor":[70,67,67,67,64,64,69,69,76,76,60,60,56,54,54,45,82,82,82,77,65,56,56,43,43,43,43,67,67,66,59,59,1,1],"gold":265,"neow_bonus":"RANDOM_COMMON_RELIC","is_daily":false,"chose_seed":false,"campfire_upgraded":6,"win_rate":0.0,"timestamp":1612827785,"path_taken":["M","M","M","?","M","R","?","$","T","R","E","R","E","M","R","BOSS","M","?","?","M","M","R","E","R","T","M","R","?","E","M","R","BOSS"],"items_purchased_type":["Relic"],"build_version":"2020-12-22","purchased_purges":0,"victory":false,"max_hp_per_floor":[70,70,70,70,70,70,75,75,82,82,82,82,82,82,82,82,82,82,82,82,82,82,82,82,82,82,82,82,82,82,82,82,82,82],"relic_stats":{"counters":[17,99],"MealTicket":0,"PreservedInsect":129,"Bag of Preparation":[24],"Question Card":1,"obtain_stats":[{"infinitespire:CursedDice":13,"Strawberry":9,"MealTicket":29,"PreservedInsect":8,"Bag of Marbles":0,"Bag of Preparation":11,"Bottled Lightning":26,"Empty Cage":17,"Question Card":30,"Ring of the Snake":0,"Meat on the Bone":24},{"infinitespire:CursedDice":6,"Strawberry":4,"MealTicket":14,"PreservedInsect":4,"Bag of Marbles":0,"Bag of Preparation":5,"Bottled Lightning":13,"Empty Cage":8,"Question Card":15,"Ring of the Snake":0,"Meat on the Bone":13},{"infinitespire:CursedDice":29,"Strawberry":18,"MealTicket":84,"PreservedInsect":18,"Bag of Marbles":0,"Bag of Preparation":25,"Bottled Lightning":79,"Empty Cage":44,"Question Card":89,"Ring of the Snake":0,"Meat on the Bone":79}],"Ring of the Snake":[34],"Meat on the Bone":0},"card_choices":[{"not_picked":["Escape Plan","Backstab"],"picked":"Leg Sweep","floor":1.0},{"not_picked":["Dagger Throw","Concentrate"],"picked":"Sucker Punch","floor":2.0},{"not_picked":["Underhanded Strike","Dagger Spray"],"picked":"Dodge and Roll","floor":3.0},{"not_picked":["Malaise","PiercingWail"],"picked":"Deadly Poison","floor":5.0},{"not_picked":["Dagger Throw","Outmaneuver","Flying Knee"],"picked":"SKIP","floor":11.0},{"not_picked":["Reflex","Deflect","Choke"],"picked":"SKIP","floor":13.0},{"not_picked":["Dodge and Roll","Predator","Outmaneuver"],"picked":"SKIP","floor":14.0},{"not_picked":["Bullet Time","Unload"],"picked":"infinitespire:Neurotoxin","floor":16.0},{"not_picked":["Deadly Poison","Slice","Dodge and Roll"],"picked":"SKIP","floor":18.0},{"not_picked":["Flechettes","Sucker Punch","Expertise"],"picked":"SKIP","floor":20.0},{"not_picked":["Footwork","Quick Slash"],"picked":"Noxious Fumes","floor":21.0},{"not_picked":["Endless Agony","Quick Slash"],"picked":"Backflip+1","floor":22.0},{"not_picked":["Phantasmal Killer","Terror","PiercingWail"],"picked":"SKIP","floor":24.0},{"not_picked":["Prepared","Dodge and Roll","Distraction+1"],"picked":"SKIP","floor":27.0},{"not_picked":["Heel Hook+1","Backflip","Masterful Stab+1"],"picked":"SKIP","floor":30},{"not_picked":["PiercingWail","Accuracy","Reflex","Outmaneuver"],"picked":"SKIP","floor":31}],"player_experience":111915,"relics_obtained":[{"floor":9.0,"key":"Strawberry"},{"floor":11.0,"key":"Bag of Preparation"},{"floor":13.0,"key":"infinitespire:CursedDice"},{"floor":24.0,"key":"Meat on the Bone"},{"floor":26.0,"key":"Bottled Lightning"},{"floor":30,"key":"Question Card"}],"event_choices":[{"damage_healed":0.0,"max_hp_gain":0.0,"max_hp_loss":0.0,"gold_gain":0.0,"event_name":"Living Wall","player_choice":"Grow","floor":4.0,"gold_loss":0.0,"damage_taken":0.0,"cards_upgraded":["Neutralize"]},{"damage_healed":0.0,"max_hp_gain":5.0,"max_hp_loss":0.0,"gold_gain":0.0,"event_name":"Big Fish","player_choice":"Donut","floor":7.0,"gold_loss":0.0,"damage_taken":0.0},{"cards_removed":["Defend_G"],"damage_healed":0.0,"max_hp_gain":0.0,"max_hp_loss":0.0,"gold_gain":0.0,"event_name":"Bonfire Elementals","player_choice":"Offered Basic","floor":19.0,"gold_loss":0.0,"damage_taken":0.0},{"damage_healed":0.0,"max_hp_gain":0.0,"max_hp_loss":0.0,"gold_gain":0.0,"event_name":"Addict","player_choice":"Obtained Relic","floor":29.0,"gold_loss":85.0,"damage_taken":0.0,"relics_obtained":["MealTicket"]}],"is_beta":false,"boss_relics":[{"not_picked":["Snecko Eye","Ectoplasm"],"picked":"Empty Cage"}],"items_purged_floors":[],"is_endless":false,"potions_floor_spawned":[2,3,13,16,20,22,24,27],"killed_by":"Collector","ascension_level":1}}