{"host":"8jfwj5moovfm32bt","time":1612821952,"event":{"mods":["Act Like it!","AlwaysNeverKeys","Aspiration","BaseMod","BetterRewards","CapriCore","Colored Map","Conspire","Defuse TimeMaze Blight","Downfall","Googly Eyes","Hallownest","Hermit","Hubris","Infinite Spire","Marisa????????","Minty Spire (QoL Compilation)","Quick Restart","Replay The Spire","StSLib","The Bug Knight","The Cursed","The Death Knight","The Hierophant","The Immortal","The Kombatant","Waifu the Spire","Wandering Minibosses"],"gold_per_floor":[99,117,117,130,130,130,130,152,152,184,198,198,215,7,20,119,119,119,135,174,209,219,230,230,264,264,280,280,316,320,320,320],"floor_reached":30,"language":"ENG","playtime":1268,"items_purged":["bronze:Goto"],"score":270,"play_id":"7f7babca-a41d-4f24-9eb6-e0f7bdd36999","local_time":"20210208140552","is_ascension_mode":false,"campfire_choices":[{"data":"bronze:Replicate","floor":1,"key":"SMITH"},{"data":"bronze:ChosenStrike","floor":9,"key":"SMITH"},{"data":"bronze:AlphaBuild","floor":18,"key":"SMITH"},{"floor":28,"key":"REST"}],"circlet_count":0,"master_deck":["bronze:Strike","bronze:Strike","bronze:Strike","bronze:Defend","bronze:Defend","bronze:Defend","bronze:Defend","bronze:Replicate+1","bronze:ChosenStrike+1","bronze:Branch","bronze:DigitalCarnage","bronze:ForceShield","bronze:Flail","bronze:BuggyMess","bronze:Verify","expansioncontent:YouAreMine","bronze:FineTuning","bronze:Repulsor","bronze:Repulsor","bronze:CloningBeam","bronze:BitShift","bronze:Branch","bronze:DelayedSlice","bronze:AlphaBuild+1","bronze:ClassDefault","bronze:FineTuning+1","ReplayTheSpireMod:Splinters","bronze:CutThrough+1","bronze:Overheat+1","bronze:DelayedGuard","bronze:MaxOutput","bronze:ForceShield","bronze:RecursiveStrike","bronze:Safeguard+1"],"relics":["bronze:BronzeCore","Ring of Hypnosis","Ring of Fury","infinitespire:BottledMercury","Odd Mushroom","Blood Vial","BargainBundle","aspiration:DefectSkillbook","Thread and Needle","infinitespire:CheckeredPen","infinitespire:Midas Blood","aspiration:ChemicalBlood"],"acts_visited":["Exordium","TheCity"],"potions_floor_usage":[16,16,16,23,27,29],"damage_taken":[{"damage":2,"enemies":"2 Louse","floor":2,"turns":3},{"damage":0,"enemies":"Small Slimes","floor":4,"turns":2},{"damage":23,"enemies":"The Mushroom Lair","floor":8,"turns":3},{"damage":1,"enemies":"HollowMod:MossKnight","floor":10,"turns":6},{"damage":0,"enemies":"Cultist","floor":11,"turns":2},{"damage":0,"enemies":"3 Louse","floor":13,"turns":1},{"damage":10,"enemies":"downfall:FleeingMerchant","floor":14,"turns":4},{"damage":11,"enemies":"Lots of Slimes","floor":15,"turns":2},{"damage":4,"enemies":"SI_SHIV_ARCHETYPE","floor":16,"turns":4},{"damage":4,"enemies":"Chosen","floor":19,"turns":3},{"damage":15,"enemies":"3 Cultists","floor":20,"turns":5},{"damage":0,"enemies":"Sentry and Sphere","floor":22,"turns":3},{"damage":20,"enemies":"Centurion and Healer","floor":23,"turns":3},{"damage":28,"enemies":"conspire:SneckoGhost","floor":25,"turns":6},{"damage":0,"enemies":"Snake Plant","floor":27,"turns":1},{"damage":29,"enemies":"Book of Stabbing","floor":29,"turns":4},{"damage":19,"enemies":"Shelled Parasite and Fungi","floor":30,"turns":3}],"seed_played":"1598731204152100221","potions_obtained":[{"floor":8,"key":"Guardian:BlockOnCardUsePotion"},{"floor":12,"key":"Ancient Potion"},{"floor":12,"key":"bronze:CleanCodePotion"},{"floor":12,"key":"bronze:BurnAndBuffPotion"},{"floor":16,"key":"CultistPotion"},{"floor":19,"key":"Strength Potion"},{"floor":23,"key":"Adrenaline Potion"},{"floor":27,"key":"DistilledChaos"}],"is_trial":false,"path_per_floor":["R","M","?","M","?","?","T","?","R","E","M","?","M","$","M","B",null,"R","M","M","?","M","M","T","E","?","M","R","E","M"],"character_chosen":"THE_AUTOMATON","items_purchased":["BargainBundle","expansioncontent:YouAreMine","bronze:FineTuning","bronze:Repulsor","LifebloodPotion","AttackPotion","bronze:CloningBeam","bronze:BitShift","bronze:Branch"],"campfire_rested":1,"item_purchase_floors":[14,14,14,14,14,14,14,14,14],"current_hp_per_floor":[77,75,75,75,75,75,75,52,52,51,53,53,55,47,38,36,77,77,73,60,60,62,44,44,18,18,20,43,16,0,0,0],"gold":320,"neow_bonus":"TEN_PERCENT_HP_BONUS","is_daily":false,"chose_seed":false,"campfire_upgraded":3,"win_rate":0.0,"timestamp":1612821952,"path_taken":["R","M","?","M","?","?","T","?","R","E","M","?","?","$","M","BOSS","R","M","M","?","M","M","T","E","?","M","R","E","M"],"items_purchased_type":["Relic","Card","Card","Card","Potion","Potion","Card","Card","Card"],"build_version":"2020-12-22","purchased_purges":1,"victory":false,"max_hp_per_floor":[77,77,77,77,77,77,77,77,77,77,77,77,77,77,77,77,77,77,77,77,77,77,77,77,77,77,77,77,77,77,77,77],"card_choices":[{"not_picked":["bronze:DarkDash","bronze:CloningBeam"],"picked":"bronze:ChosenStrike","floor":2},{"not_picked":["bronze:BugBarrage","bronze:Shield"],"picked":"bronze:Branch","floor":4},{"not_picked":["bronze:Shield","bronze:Overheat"],"picked":"bronze:DigitalCarnage","floor":8},{"not_picked":["bronze:WhirlingStrike","bronze:Return"],"picked":"bronze:ForceShield","floor":10},{"not_picked":["bronze:BronzeArmor","bronze:ForLoop"],"picked":"bronze:Flail","floor":11},{"not_picked":["bronze:CutThrough","bronze:Deprecate"],"picked":"bronze:BuggyMess","floor":13},{"not_picked":["bronze:DarkDash","bronze:BuggyMess"],"picked":"bronze:Verify","floor":14},{"not_picked":["bronze:BugBarrage","bronze:WhirlingStrike"],"picked":"bronze:DelayedSlice","floor":15},{"not_picked":["bronze:Virus","bronze:FindAndReplace"],"picked":"bronze:AlphaBuild","floor":16},{"not_picked":["bronze:BitShift","bronze:Frontload","bronze:Flail"],"picked":"bronze:ClassDefault","floor":19},{"not_picked":["bronze:Flail+1","bronze:DarkDash","bronze:Return"],"picked":"bronze:FineTuning+1","floor":20},{"not_picked":["bronze:BitShift","bronze:Boost+1","bronze:WildBeam"],"picked":"bronze:CutThrough+1","floor":21},{"not_picked":["bronze:FollowUp","bronze:ThunderWave","bronze:BuggyMess"],"picked":"bronze:Overheat+1","floor":22},{"not_picked":["bronze:BuggyMess","bronze:WildBeam+1","bronze:Deprecate"],"picked":"bronze:DelayedGuard","floor":23},{"not_picked":["bronze:ChildClass","bronze:Deprecate","bronze:BugBarrage+1"],"picked":"bronze:MaxOutput","floor":25},{"not_picked":["bronze:WhirlingStrike+1","bronze:Shield+1","bronze:DarkDash"],"picked":"bronze:RecursiveStrike","floor":27},{"not_picked":["bronze:NullPointer","bronze:OilSpill","bronze:CutThrough"],"picked":"bronze:Safeguard+1","floor":29}],"player_experience":435563,"relics_obtained":[{"floor":5,"key":"Ring of Hypnosis"},{"floor":5,"key":"Ring of Fury"},{"floor":7,"key":"infinitespire:BottledMercury"},{"floor":8,"key":"Odd Mushroom"},{"floor":10,"key":"Blood Vial"},{"floor":21,"key":"Thread and Needle"},{"floor":24,"key":"infinitespire:CheckeredPen"},{"floor":25,"key":"infinitespire:Midas Blood"},{"floor":29,"key":"aspiration:ChemicalBlood"}],"event_choices":[{"damage_healed":0,"gold_gain":0,"player_choice":"Leave","damage_taken":0,"max_hp_gain":0,"max_hp_loss":0,"event_name":"conspire:Investor","floor":3,"gold_loss":0},{"damage_healed":0,"gold_gain":0,"player_choice":"Disagree","damage_taken":0,"max_hp_gain":0,"max_hp_loss":0,"event_name":"conspire:LoneGhost","floor":6,"gold_loss":0},{"damage_healed":0,"gold_gain":0,"player_choice":"Fought Mushrooms","damage_taken":0,"max_hp_gain":0,"max_hp_loss":0,"event_name":"Mushrooms","floor":8,"gold_loss":0},{"damage_healed":0,"gold_gain":0,"player_choice":"Got Potions","damage_taken":0,"max_hp_gain":0,"max_hp_loss":0,"event_name":"Lab","floor":12,"gold_loss":0}],"is_beta":false,"boss_relics":[{"not_picked":["ReplayTheSpireMod:SealedPack","Runic Pyramid"],"picked":"aspiration:DefectSkillbook"}],"items_purged_floors":[14],"is_endless":false,"potions_floor_spawned":[8,13,15,16,19,23,27],"killed_by":"Shelled Parasite and Fungi","ascension_level":0}}