{"host":"y1oqg7uy0jc6f5mb","time":1612777407,"event":{"mods":["AchievementEnabler","BaseMod","Better Altar","Better Match","Better Note","Better Sensory Stone","Better Skull","Better Third Choice","BetterRewards","Colored Map","Colored Powertips","Downfall","Highlight Path","Minty Spire (QoL Compilation)","Permanent Neow","Quick Restart","Relic Stats","Replay The Spire","Shop Mod","Smile Girya","StSLib"],"gold_per_floor":[99,115,130,1,1,13,81,81,81,81,111,111,9,41,56,152,152,52,69,3,3,14,33,33,45,45,77,96,7,7,38,51,150,150,50,64,138,138,156,241,241,268,283,183,202,202,202,12,29,29,29,62,62,62,62,62],"floor_reached":57,"language":"ENG","playtime":6360,"items_purged":["Slimebound:Defend_Slimebound","Slimebound:Strike_Slimebound","Pain"],"score":1277,"play_id":"4c2ac085-ba26-4780-ac6b-eeea11f2783c","local_time":"20210208174327","is_ascension_mode":true,"campfire_choices":[{"floor":1.0,"key":"RECALL"},{"data":"Slimebound:CorrosiveSpit","floor":8.0,"key":"SMITH"},{"data":"Slimebound:Split","floor":10.0,"key":"SMITH"},{"data":"Thinking Ahead","floor":18.0,"key":"SMITH"},{"data":"Slimebound:SlimeSlap","floor":26.0,"key":"SMITH"},{"data":"Slimebound:WasteNot","floor":30.0,"key":"SMITH"},{"data":"Slimebound:Darklings","floor":35.0,"key":"SMITH"},{"data":"Replay:Parry","floor":44.0,"key":"SMITH"},{"floor":54,"key":"REST"}],"circlet_count":0,"master_deck":["Slimebound:Strike_Slimebound","Slimebound:Tackle","Slimebound:Defend_Slimebound","Slimebound:Defend_Slimebound","Slimebound:Defend_Slimebound","Slimebound:Split+1","Slimebound:CorrosiveSpit+1","Slimebound:WasteNot+1","Slimebound:Prepare","Slimebound:LivingWall","Slimebound:FinishingTackle","Slimebound:LeadByExample","Slimebound:RejuvenatingLick","Slimebound:LevelUp","Thinking Ahead+1","Slimebound:AcidTongue","Replay:Parry+1","Slimebound:ViciousTackle","Slimebound:SlimeSlap+1","Slimebound:LeechLife","Slimebound:Schlurp","Slimebound:RejuvenatingLick","Slimebound:RollThrough","Slimebound:MegaLick","Slimebound:GrowthPunch","Slimebound:Gluttony","Slimebound:SpikyOuterGoop+1","Slimebound:GoopSpray","Slimebound:LevelUp+1","Slimebound:TongueLash","Slimebound:RollThrough+1","Slimebound:Prepare","Slimebound:Darklings+1","Slimebound:GoopSpray+1","Slimebound:Schlurp+1","Slimebound:LeechingTouch","Slimebound:RainOfGoop","Slimebound:LeadByExample","Slimebound:SplitMire","Slimebound:GoopSpray+1","Slimebound:TongueLash+1","Slimebound:Gluttony+1","Slimebound:Repurpose+1","Slimebound:LivingWall+1","Slimebound:Schlurp","Jack Of All Trades","Slimebound:MassRepurpose+1","Slimebound:Prepare+1"],"relics":["Slimebound:AbsorbEndCombat","Question Card","Blood Vial","Gremlin Food","SlaversCollar","downfall:HeartBlessingRed","Meat on the Bone","Mummified Hand","Kunai","Philosopher\u0027s Stone","downfall:HeartBlessingGreen","Membership Card","WarpedTongs","Replay:Bottled Snecko","downfall:HeartBlessingBlue","Bottled Lightning","Centennial Puzzle","Pen Nib"],"acts_visited":["Exordium","TheCity","TheBeyond","TheEnding"],"potions_floor_usage":[50,50,55],"damage_taken":[{"damage":2.0,"enemies":"Small Slimes","floor":2.0,"turns":4.0},{"damage":1.0,"enemies":"Jaw Worm","floor":3.0,"turns":4.0},{"damage":0.0,"enemies":"downfall:FleeingMerchant","floor":4.0,"turns":4.0},{"damage":3.0,"enemies":"2 Louse","floor":6.0,"turns":3.0},{"damage":5.0,"enemies":"Lagavulin","floor":11.0,"turns":6.0},{"damage":0.0,"enemies":"downfall:FleeingMerchant","floor":13.0,"turns":4.0},{"damage":39.0,"enemies":"Gremlin Nob","floor":14.0,"turns":5.0},{"damage":11.0,"enemies":"Red Slaver","floor":15.0,"turns":3.0},{"damage":21.0,"enemies":"SI_SHIV_ARCHETYPE","floor":16.0,"turns":8.0},{"damage":7.0,"enemies":"Shell Parasite","floor":19.0,"turns":4.0},{"damage":14.0,"enemies":"downfall:FleeingMerchant","floor":20.0,"turns":4.0},{"damage":16.0,"enemies":"Chosen","floor":22.0,"turns":5.0},{"damage":1.0,"enemies":"Sentry and Sphere","floor":23.0,"turns":4.0},{"damage":26.0,"enemies":"Shelled Parasite and Fungi","floor":25.0,"turns":5.0},{"damage":37.0,"enemies":"Book of Stabbing","floor":27.0,"turns":5.0},{"damage":15.0,"enemies":"Centurion and Healer","floor":28.0,"turns":6.0},{"damage":4.0,"enemies":"downfall:FleeingMerchant","floor":29.0,"turns":4.0},{"damage":9.0,"enemies":"Gremlin Leader","floor":31.0,"turns":5.0},{"damage":17.0,"enemies":"Snake Plant","floor":32.0,"turns":3.0},{"damage":33.0,"enemies":"DF_ARCHETYPE_CLAW","floor":33.0,"turns":7.0},{"damage":22.0,"enemies":"Orb Walker","floor":36.0,"turns":3.0},{"damage":0.0,"enemies":"downfall:FleeingMerchant","floor":37.0,"turns":1.0},{"damage":19.0,"enemies":"3 Shapes","floor":39.0,"turns":5.0},{"damage":22.0,"enemies":"Giant Head","floor":42.0,"turns":7.0},{"damage":0.0,"enemies":"Maw","floor":43.0,"turns":6.0},{"damage":30.0,"enemies":"Jaw Worm Horde","floor":45.0,"turns":4.0},{"damage":4,"enemies":"Jaw Worm Horde","floor":47,"turns":3},{"damage":7,"enemies":"3 Darklings","floor":49,"turns":3},{"damage":107,"enemies":"IC_BLOCK_ARCHETYPE","floor":50,"turns":8},{"damage":57,"enemies":"downfall:CharBossMerchant","floor":52,"turns":8},{"damage":88,"enemies":"downfall:NeowBoss","floor":55,"turns":15},{"damage":86,"enemies":"downfall:NeowBossFinal","floor":56,"turns":11}],"seed_played":"-2872012598413921031","potions_obtained":[{"floor":11.0,"key":"Block Potion"},{"floor":14.0,"key":"Adrenaline Potion"},{"floor":15.0,"key":"bronze:BurnAndBuffPotion"},{"floor":16.0,"key":"Explosive Potion"},{"floor":19.0,"key":"Energy Potion"},{"floor":25.0,"key":"champ:CounterPotion"},{"floor":27.0,"key":"SpeedPotion"},{"floor":32.0,"key":"champ:CounterPotion"},{"floor":39.0,"key":"Dexterity Potion"},{"floor":45.0,"key":"Cursed Concoction"},{"floor":47,"key":"Elixir"},{"floor":52,"key":"AttackPotion"}],"is_trial":false,"path_per_floor":["R","M","M","$","?","M","T","R","?","R","E","?","$","E","M","B",null,"R","M","$","?","M","M","T","M","R","E","M","$","R","E","M","B",null,"R","M","$","?","M","?","T","E","M","R","M","T","?","$","M","B",null,"E","$","R","B","B",null],"character_chosen":"SLIMEBOUND","items_purchased":["Slimebound:LeadByExample","Replay:Parry","Slimebound:RollThrough","Slimebound:TongueLash","Membership Card","Slimebound:LeechingTouch","Slimebound:RainOfGoop","Slimebound:LeadByExample","Jack Of All Trades","Centennial Puzzle"],"campfire_rested":1,"item_purchase_floors":[4,13,20,29,37,37,37,37,48,48],"current_hp_per_floor":[65,63,65,65,65,64,64,64,64,64,64,64,65,32,29,18,65,65,60,65,65,56,65,65,61,61,62,65,65,65,59,48,37,65,65,49,65,65,62,62,62,49,65,75,53,53,61,61,62,37,75,32,32,54,48,22],"gold":62,"neow_bonus":"ONE_RANDOM_RARE_CARD","is_daily":false,"chose_seed":false,"campfire_upgraded":7,"win_rate":0.0,"timestamp":1612777407,"path_taken":["R","M","M","$","?","M","T","R","?","R","E","?","$","E","M","BOSS","R","M","$","?","M","?","T","M","R","E","M","$","R","E","M","BOSS","R","M","$","?","?","?","T","E","M","R","M","?","?","$","M","BOSS","E","$","R","BOSS","BOSS"],"items_purchased_type":["Card","Card","Card","Card","Relic","Card","Card","Card","Card","Relic"],"build_version":"2020-12-22","purchased_purges":3,"victory":true,"max_hp_per_floor":[65,65,65,65,65,65,65,65,65,65,65,65,65,65,65,65,65,65,65,65,65,65,65,65,65,65,65,65,65,65,65,65,65,65,65,65,65,65,65,65,65,65,65,75,75,75,75,75,75,75,75,75,75,75,75,75],"relic_stats":{"Blood Vial":33,"Centennial Puzzle":[15],"counters":[32,166],"Mummified Hand":[111],"Pen Nib":[3],"Kunai":[8],"Question Card":29,"obtain_stats":[{"Gremlin Food":14,"downfall:HeartBlessingRed":18,"downfall:HeartBlessingGreen":35,"Pen Nib":52,"Question Card":7,"WarpedTongs":38,"Blood Vial":11,"SlaversCollar":17,"Centennial Puzzle":48,"Mummified Hand":27,"downfall:HeartBlessingBlue":44,"Philosopher\u0027s Stone":34,"Slimebound:AbsorbEndCombat":0,"Kunai":31,"Membership Card":37,"Replay:Bottled Snecko":42,"Bottled Lightning":46,"Meat on the Bone":24},{"Gremlin Food":7,"downfall:HeartBlessingRed":9,"downfall:HeartBlessingGreen":20,"Pen Nib":30,"Question Card":4,"WarpedTongs":22,"Blood Vial":5,"SlaversCollar":9,"Centennial Puzzle":27,"Mummified Hand":15,"downfall:HeartBlessingBlue":25,"Philosopher\u0027s Stone":20,"Slimebound:AbsorbEndCombat":0,"Kunai":18,"Membership Card":22,"Replay:Bottled Snecko":24,"Bottled Lightning":26,"Meat on the Bone":13},{"Gremlin Food":30,"downfall:HeartBlessingRed":41,"downfall:HeartBlessingGreen":93,"Pen Nib":140,"Question Card":15,"WarpedTongs":97,"Blood Vial":21,"SlaversCollar":41,"Centennial Puzzle":121,"Mummified Hand":68,"downfall:HeartBlessingBlue":114,"Philosopher\u0027s Stone":93,"Slimebound:AbsorbEndCombat":0,"Kunai":83,"Membership Card":97,"Replay:Bottled Snecko":109,"Bottled Lightning":118,"Meat on the Bone":58}],"Meat on the Bone":60,"WarpedTongs":[61]},"card_choices":[{"not_picked":["Slimebound:PressTheAttack","Slimebound:LeechingTouch"],"picked":"Slimebound:Prepare","floor":2.0},{"not_picked":["Slimebound:RollThrough","Slimebound:SplitBruiser"],"picked":"Slimebound:LivingWall","floor":3.0},{"not_picked":["Slimebound:SplitMire","Slimebound:SlimeBrawl"],"picked":"Slimebound:FinishingTackle","floor":4.0},{"not_picked":["Slimebound:MegaLick","Slimebound:LeechingTouch"],"picked":"Slimebound:RejuvenatingLick","floor":6.0},{"not_picked":["Slimebound:OneTwoCombo","Slimebound:LeechingTouch","Slimebound:FinishingTackle"],"picked":"Slimebound:LevelUp","floor":11.0},{"not_picked":["Enlightenment","ReplayTheSpireMod:Necrogeddon","ReplayTheSpireMod:Trickstab"],"picked":"Thinking Ahead","floor":12.0},{"not_picked":["Slimebound:ComboTackle","Slimebound:DivideAndConquer","Slimebound:LivingWall"],"picked":"Slimebound:AcidTongue","floor":13.0},{"not_picked":["Slimebound:HauntingLick","Slimebound:FinishingTackle","Slimebound:Schlurp"],"picked":"Slimebound:ViciousTackle","floor":14.0},{"not_picked":["Slimebound:SplitMire","Slimebound:PressTheAttack","Slimebound:SplitAcid"],"picked":"Slimebound:SlimeSlap","floor":15.0},{"not_picked":["Slimebound:Overexert","Slimebound:OozeBath","Slimebound:PrepareCrush"],"picked":"Slimebound:LeechLife","floor":16.0},{"not_picked":["Slimebound:RollThrough","Slimebound:SplitAcid","Slimebound:SlimeBrawl"],"picked":"Slimebound:Schlurp","floor":19.0},{"not_picked":["Slimebound:LeechEnergy+1","Slimebound:BestDefense","Slimebound:Repurpose"],"picked":"Slimebound:RejuvenatingLick","floor":20.0},{"not_picked":["Slimebound:SplitLeeching","Slimebound:Prepare","Slimebound:LeadByExample"],"picked":"Slimebound:MegaLick","floor":22.0},{"not_picked":["Slimebound:Equalize","Slimebound:ComboTackle","Slimebound:SplitBruiser"],"picked":"Slimebound:GrowthPunch","floor":23.0},{"not_picked":["Slimebound:SlimeBrawl+1","Slimebound:DivideAndConquer","Slimebound:RejuvenatingLick+1"],"picked":"Slimebound:Gluttony","floor":25.0},{"not_picked":["Slimebound:ServeAndProtect","Slimebound:RejuvenatingLick","Slimebound:GoopTackle+1"],"picked":"Slimebound:SpikyOuterGoop+1","floor":27.0},{"not_picked":["Slimebound:LeechEnergy+1","Slimebound:SplitAcid+1","Slimebound:ViciousTackle"],"picked":"Slimebound:GoopSpray","floor":28.0},{"not_picked":["Slimebound:CheckThePlaybook","Slimebound:SlimeBrawl+1","Slimebound:Schlurp"],"picked":"Slimebound:LevelUp+1","floor":29.0},{"not_picked":["Slimebound:ViciousTackle","Slimebound:WasteNot","Slimebound:LeechEnergy"],"picked":"Slimebound:RollThrough+1","floor":31.0},{"not_picked":["Slimebound:GoopTackle+1","Slimebound:SlimeTap+1","Slimebound:LeadByExample"],"picked":"Slimebound:Prepare","floor":32.0},{"not_picked":["Slimebound:SlimeSlap","Slimebound:TagTeam","Slimebound:MinionMaster"],"picked":"Slimebound:Darklings","floor":33.0},{"not_picked":["Slimebound:ItLooksTasty","Slimebound:SlimeBrawl+1","Slimebound:SplitMire"],"picked":"Slimebound:GoopSpray+1","floor":36.0},{"not_picked":["Slimebound:RejuvenatingLick+1","Slimebound:FinishingTackle","Slimebound:RainOfGoop"],"picked":"Slimebound:Schlurp+1","floor":37.0},{"not_picked":["Slimebound:RallyTheTroops","Slimebound:Nibble","Slimebound:ServeAndProtect"],"picked":"Slimebound:SplitMire","floor":39.0},{"not_picked":["Slimebound:LeechingTouch","Slimebound:SplitSpecialist+1","Slimebound:Prepare"],"picked":"Slimebound:GoopSpray+1","floor":40.0},{"not_picked":["Slimebound:BestDefense+1","Slimebound:Gluttony","Slimebound:Grow"],"picked":"Slimebound:TongueLash+1","floor":40.0},{"not_picked":["Slimebound:FlameTackle","Slimebound:DivideAndConquer","Slimebound:RollThrough+1"],"picked":"Slimebound:Gluttony+1","floor":40.0},{"not_picked":["Slimebound:ServeAndProtect","Slimebound:GoopSpray","Slimebound:FinishingTackle+1","Slimebound:GrowthPunch"],"picked":"SKIP","floor":42.0},{"not_picked":["Slimebound:ServeAndProtect","Slimebound:GoopSpray","Slimebound:FinishingTackle+1","Slimebound:GrowthPunch"],"picked":"SKIP","floor":42.0},{"not_picked":["Slimebound:PressTheAttack","Slimebound:FinishingTackle+1","Slimebound:SamplingLick"],"picked":"Slimebound:Repurpose+1","floor":43.0},{"not_picked":["Slimebound:SplitBruiser+1","Slimebound:SlimeSpikes","Slimebound:SplitMire"],"picked":"Slimebound:LivingWall+1","floor":45.0},{"not_picked":["Slimebound:ItLooksTasty+1","Slimebound:SamplingLick","Slimebound:BestDefense"],"picked":"Slimebound:Schlurp","floor":47},{"not_picked":["Slimebound:Chomp+1","Slimebound:LeadByExample+1","Slimebound:ForwardTackle"],"picked":"Slimebound:MassRepurpose","floor":49},{"not_picked":["Slimebound:RejuvenatingLick+1","Slimebound:ProtectTheBoss","Slimebound:ItLooksTasty"],"picked":"Slimebound:Prepare+1","floor":52}],"player_experience":398365,"relics_obtained":[{"floor":7.0,"key":"Question Card"},{"floor":11.0,"key":"Blood Vial"},{"floor":14.0,"key":"Gremlin Food"},{"floor":24.0,"key":"Meat on the Bone"},{"floor":27.0,"key":"Mummified Hand"},{"floor":31.0,"key":"Kunai"},{"floor":42.0,"key":"Replay:Bottled Snecko"},{"floor":46.0,"key":"Bottled Lightning"},{"floor":52,"key":"Pen Nib"}],"event_choices":[{"damage_healed":0.0,"max_hp_gain":0.0,"max_hp_loss":0.0,"gold_gain":1.0,"event_name":"betterStone:BetterStone","player_choice":"1","floor":12.0,"gold_loss":0.0,"damage_taken":0.0},{"damage_healed":0.0,"max_hp_gain":0.0,"max_hp_loss":0.0,"gold_gain":0.0,"event_name":"Accursed Blacksmith","player_choice":"Rummage","floor":38.0,"gold_loss":0.0,"damage_taken":0.0,"relics_obtained":["WarpedTongs"],"cards_obtained":["Pain"]}],"is_beta":false,"boss_relics":[{"not_picked":["Replay:Drink Me","Pandora\u0027s Box"],"picked":"SlaversCollar"},{"not_picked":["Snecko Eye","bronze:MakeshiftBattery"],"picked":"Philosopher\u0027s Stone"}],"items_purged_floors":[4,37,48],"is_endless":false,"potions_floor_spawned":[11,14,15,16,19,22,25,27,32,39,45,47,52],"ascension_level":1}}