{"host":"k919bq8mkuzdqhzi","time":1612748383,"event":{"mods":["AchievementEnabler","BaseMod","Colored Map","Colored Powertips","DeckTracker","Minty Spire (QoL Compilation)","Relic Sorter","SuperFastMode"],"gold_per_floor":[109,120,51,51,65,65,65,65,91,71,94,94,94,110,110,235,235,259,275,299,323,24,24,37,37,60,60,81,81,81,94,94,94,94],"floor_reached":33,"language":"ENG","playtime":2264,"items_purged":["Strike_B"],"score":239,"play_id":"7ded1cfc-0203-432a-9591-f8aba96b7ff4","local_time":"20210207203943","is_ascension_mode":false,"campfire_choices":[{"data":"Dualcast","floor":6,"key":"SMITH"},{"data":"Go for the Eyes","floor":8,"key":"SMITH"},{"data":"Conserve Battery","floor":12,"key":"SMITH"},{"data":"Glacier","floor":15,"key":"SMITH"},{"data":"Hello World","floor":23,"key":"SMITH"},{"data":"Darkness","floor":25,"key":"SMITH"},{"floor":30,"key":"REST"},{"data":"Scrape","floor":32,"key":"SMITH"}],"circlet_count":0,"master_deck":["Strike_B","Defend_B","Defend_B","Defend_B","Defend_B","Zap+1","Dualcast+1","Go for the Eyes+1","Scrape+1","Capacitor","Conserve Battery+1","Stack","Glacier+1","Thunder Strike","FTL+1","Melter+1","Fusion+1","Darkness+1","Hello World+1","Beam Cell","Consume+1","Barrage+1","Hologram+1"],"relics":["Cracked Core","Golden Idol","Orichalcum","Velvet Choker","Strawberry","Regal Pillow","MutagenicStrength","Enchiridion"],"acts_visited":["Exordium","TheCity"],"potions_floor_usage":[16,16,16],"damage_taken":[{"damage":1,"enemies":"Jaw Worm","floor":1,"turns":3},{"damage":0,"enemies":"Cultist","floor":2,"turns":3},{"damage":0,"enemies":"2 Louse","floor":5,"turns":2},{"damage":0,"enemies":"Lots of Slimes","floor":11,"turns":3},{"damage":1,"enemies":"2 Fungi Beasts","floor":14,"turns":4},{"damage":43,"enemies":"Hexaghost","floor":16,"turns":18},{"damage":0,"enemies":"Shell Parasite","floor":18,"turns":8},{"damage":7,"enemies":"Spheric Guardian","floor":19,"turns":6},{"damage":0,"enemies":"Snecko","floor":20,"turns":5},{"damage":5,"enemies":"Snake Plant","floor":21,"turns":5},{"damage":2,"enemies":"Centurion and Healer","floor":24,"turns":7},{"damage":6,"enemies":"Cultist and Chosen","floor":28,"turns":6},{"damage":0,"enemies":"Snecko","floor":31,"turns":3},{"damage":80,"enemies":"Collector","floor":33,"turns":10}],"seed_played":"4749844855569415265","potions_obtained":[{"floor":1,"key":"Dexterity Potion"},{"floor":5,"key":"Block Potion"},{"floor":10,"key":"Fire Potion"},{"floor":18,"key":"ColorlessPotion"},{"floor":21,"key":"PowerPotion"},{"floor":28,"key":"ColorlessPotion"},{"floor":31,"key":"AttackPotion"}],"is_trial":false,"path_per_floor":["M","M","$","?","M","R","?","R","T","?","M","R","?","M","R","B",null,"M","M","M","M","$","R","M","R","T","?","M","?","R","M","R","B"],"character_chosen":"DEFECT","items_purchased":["Capacitor","Hello World","Strawberry","Beam Cell"],"campfire_rested":1,"item_purchase_floors":[3,22,22,22],"current_hp_per_floor":[74,74,74,74,74,74,69,69,69,69,69,69,69,68,68,25,69,69,62,62,57,64,64,62,62,62,62,56,40,76,76,76,0,0],"gold":94,"neow_bonus":"REMOVE_CARD","is_daily":false,"chose_seed":false,"campfire_upgraded":7,"win_rate":0.0,"timestamp":1612748383,"path_taken":["M","M","$","?","?","R","?","R","T","?","?","R","?","M","R","BOSS","M","M","M","M","$","R","?","R","T","?","M","?","R","M","R","BOSS"],"items_purchased_type":["Card","Card","Relic","Card"],"build_version":"2020-12-22","purchased_purges":1,"victory":false,"max_hp_per_floor":[75,75,75,75,75,75,69,69,69,69,69,69,69,69,69,69,69,69,69,69,69,76,76,76,76,76,76,76,76,76,76,76,76,76],"card_choices":[{"not_picked":["Storm","Sweeping Beam"],"picked":"Go for the Eyes","floor":1},{"not_picked":["Compile Driver","Undo"],"picked":"Scrape","floor":2},{"not_picked":["Streamline","Chaos"],"picked":"Conserve Battery","floor":5},{"not_picked":["Scrape","Go for the Eyes"],"picked":"Stack","floor":11},{"not_picked":["Buffer","Undo"],"picked":"Glacier","floor":14},{"not_picked":["Fission","Reboot"],"picked":"Thunder Strike","floor":16},{"not_picked":["Tempest","Steam"],"picked":"FTL+1","floor":18},{"not_picked":["Turbo","Barrage"],"picked":"Melter+1","floor":19},{"not_picked":["Steam Power+1","Tempest"],"picked":"Fusion+1","floor":20},{"not_picked":["Aggregate","Coolheaded"],"picked":"Darkness","floor":21},{"not_picked":["Darkness","Go for the Eyes"],"picked":"Consume+1","floor":24},{"not_picked":["Heatsinks","Reinforced Body"],"picked":"Barrage+1","floor":28},{"not_picked":["Tempest","Turbo+1"],"picked":"Hologram+1","floor":31}],"player_experience":122015,"relics_obtained":[{"floor":9,"key":"Orichalcum"},{"floor":26,"key":"Regal Pillow"},{"floor":29,"key":"Enchiridion"}],"event_choices":[{"damage_healed":0,"gold_gain":0,"player_choice":"Forge","damage_taken":0,"max_hp_gain":0,"max_hp_loss":0,"event_name":"Accursed Blacksmith","floor":4,"gold_loss":0,"cards_upgraded":["Zap"]},{"damage_healed":0,"gold_gain":0,"player_choice":"Lose Max HP","damage_taken":0,"relics_obtained":["Golden Idol"],"max_hp_gain":0,"max_hp_loss":6,"event_name":"Golden Idol","floor":7,"gold_loss":0},{"damage_healed":0,"gold_gain":0,"player_choice":"Bought 1 Potion","damage_taken":0,"max_hp_gain":0,"max_hp_loss":0,"event_name":"The Woman in Blue","floor":10,"gold_loss":0},{"cards_removed":["Strike_B"],"damage_healed":0,"gold_gain":0,"player_choice":"Purged","damage_taken":0,"max_hp_gain":0,"max_hp_loss":0,"event_name":"Purifier","floor":13,"gold_loss":0},{"damage_healed":0,"gold_gain":0,"player_choice":"Inject Mutagens","damage_taken":0,"relics_obtained":["MutagenicStrength"],"max_hp_gain":0,"max_hp_loss":0,"event_name":"Drug Dealer","floor":27,"gold_loss":0},{"damage_healed":0,"gold_gain":0,"player_choice":"Obtained Book","damage_taken":16,"max_hp_gain":0,"max_hp_loss":0,"event_name":"Cursed Tome","floor":29,"gold_loss":0}],"is_beta":false,"boss_relics":[{"not_picked":["Tiny House","Busted Crown"],"picked":"Velvet Choker"}],"items_purged_floors":[22],"is_endless":false,"potions_floor_spawned":[1,5,14,18,21,28,31],"killed_by":"Collector","ascension_level":0}}