{"host":"85rg8sallz0lemh6","time":1612770738,"event":{"mods":["BaseMod","Bestiary","Colored Powertips","Highlight Path","Minty Spire (QoL Compilation)","Quick Restart"],"gold_per_floor":[111,111,123,142,153,153,185,204,282,282,282,41,68,82,82,181,181,196,196,216,416,433,464,464,479,479,479,479],"floor_reached":27,"language":"ENG","playtime":646,"items_purged":[],"score":270,"play_id":"3e152d14-b901-4221-9861-4c94b3d831d4","local_time":"20210208015218","is_ascension_mode":true,"campfire_choices":[{"data":"Sunder","floor":6,"key":"SMITH"},{"data":"Zap","floor":11,"key":"SMITH"},{"data":"Leap","floor":15,"key":"SMITH"},{"data":"Core Surge","floor":24,"key":"SMITH"}],"circlet_count":0,"master_deck":["Strike_B+1","Strike_B+1","Strike_B+1","Strike_B+1","Defend_B+1","Defend_B+1","Defend_B+1","Defend_B+1","Zap+1","Dualcast+1","Sunder+1","Leap+1","Core Surge+1"],"relics":["Cracked Core","Bag of Marbles","StoneCalendar","Pantograph","Shuriken","Nunchaku","Busted Crown","Ancient Tea Set","Molten Egg 2"],"acts_visited":["Exordium","TheCity"],"potions_floor_usage":[13,13,27,27],"damage_taken":[{"damage":7,"enemies":"Small Slimes","floor":1,"turns":3},{"damage":1,"enemies":"Cultist","floor":3,"turns":3},{"damage":0,"enemies":"2 Louse","floor":4,"turns":3},{"damage":13,"enemies":"Exordium Wildlife","floor":5,"turns":4},{"damage":8,"enemies":"Gremlin Nob","floor":7,"turns":3},{"damage":10,"enemies":"Lots of Slimes","floor":8,"turns":3},{"damage":4,"enemies":"3 Sentries","floor":13,"turns":4},{"damage":5,"enemies":"Gremlin Gang","floor":14,"turns":3},{"damage":13,"enemies":"The Guardian","floor":16,"turns":9},{"damage":8,"enemies":"3 Byrds","floor":18,"turns":5},{"damage":4,"enemies":"Chosen","floor":20,"turns":2},{"damage":24,"enemies":"Snake Plant","floor":22,"turns":3},{"damage":25,"enemies":"Book of Stabbing","floor":23,"turns":7},{"damage":12,"enemies":"Sentry and Sphere","floor":25,"turns":5},{"damage":8,"enemies":"Slavers","floor":27,"turns":1}],"seed_played":"6630888804821159264","potions_obtained":[{"floor":1,"key":"AttackPotion"},{"floor":4,"key":"CultistPotion"},{"floor":5,"key":"LiquidBronze"},{"floor":13,"key":"Fruit Juice"},{"floor":16,"key":"GamblersBrew"},{"floor":22,"key":"AttackPotion"}],"is_trial":false,"path_per_floor":["M","?","M","M","M","R","E","M","T","?","R","$","E","M","R","B",null,"M","?","M","?","M","E","R","M","T","E"],"character_chosen":"DEFECT","items_purchased":["Shuriken"],"campfire_rested":0,"item_purchase_floors":[12],"current_hp_per_floor":[68,68,67,67,54,54,46,36,36,36,36,36,37,32,32,44,80,72,72,68,68,44,19,19,7,7,0,0],"gold":479,"neow_bonus":"RANDOM_COLORLESS","is_daily":false,"chose_seed":false,"campfire_upgraded":4,"win_rate":0.0,"timestamp":1612770738,"path_taken":["M","?","M","?","M","R","E","M","T","?","R","$","E","M","R","BOSS","M","?","M","?","?","E","R","M","T","E"],"items_purchased_type":["Relic"],"build_version":"2020-12-22","purchased_purges":0,"victory":false,"max_hp_per_floor":[75,75,75,75,75,75,75,75,75,75,75,75,80,80,80,80,80,80,80,80,80,80,80,80,80,80,80,80],"card_choices":[{"not_picked":["Dark Shackles","Enlightenment"],"picked":"Panacea","floor":0},{"not_picked":["Heatsinks","Rip and Tear","Lockon"],"picked":"SKIP","floor":1},{"not_picked":["Barrage","Conserve Battery","Beam Cell"],"picked":"SKIP","floor":3},{"not_picked":["Streamline","Coolheaded","All For One"],"picked":"SKIP","floor":4},{"not_picked":["Leap","Turbo"],"picked":"Sunder","floor":5},{"not_picked":["Gash","Coolheaded","Consume"],"picked":"SKIP","floor":7},{"not_picked":["Chill","Genetic Algorithm","Sweeping Beam"],"picked":"SKIP","floor":8},{"not_picked":["Beam Cell","Turbo","Coolheaded"],"picked":"SKIP","floor":13},{"not_picked":["Consume","Sweeping Beam"],"picked":"Leap","floor":14},{"not_picked":["Biased Cognition","All For One"],"picked":"Core Surge","floor":16},{"not_picked":["Rebound"],"picked":"SKIP","floor":18},{"not_picked":["Hologram"],"picked":"SKIP","floor":20},{"not_picked":["Go for the Eyes"],"picked":"SKIP","floor":22},{"not_picked":["Compile Driver"],"picked":"SKIP","floor":23},{"not_picked":["Chill"],"picked":"SKIP","floor":25}],"player_experience":80603,"relics_obtained":[{"floor":7,"key":"StoneCalendar"},{"floor":9,"key":"Pantograph"},{"floor":13,"key":"Nunchaku"},{"floor":23,"key":"Ancient Tea Set"},{"floor":26,"key":"Molten Egg 2"}],"event_choices":[{"cards_removed":["Panacea"],"damage_healed":0,"gold_gain":0,"player_choice":"Gave Card","damage_taken":0,"relics_obtained":["Bag of Marbles"],"max_hp_gain":0,"max_hp_loss":0,"event_name":"WeMeetAgain","floor":2,"gold_loss":0},{"damage_healed":0,"gold_gain":0,"player_choice":"Grow","damage_taken":0,"max_hp_gain":0,"max_hp_loss":0,"event_name":"Living Wall","floor":10,"gold_loss":0,"cards_upgraded":["Dualcast"]},{"damage_healed":0,"gold_gain":0,"player_choice":"Simplicity","damage_taken":0,"max_hp_gain":0,"max_hp_loss":0,"event_name":"Back to Basics","floor":19,"gold_loss":0,"cards_upgraded":["Strike_B","Strike_B","Strike_B","Strike_B","Defend_B","Defend_B","Defend_B","Defend_B"]},{"damage_healed":0,"gold_gain":250,"player_choice":"Bet on Owner","damage_taken":0,"max_hp_gain":0,"max_hp_loss":0,"event_name":"The Joust","floor":21,"gold_loss":50}],"is_beta":false,"boss_relics":[{"not_picked":["Velvet Choker","Snecko Eye"],"picked":"Busted Crown"}],"items_purged_floors":[],"is_endless":false,"potions_floor_spawned":[1,4,5,13,16,22],"killed_by":"Slavers","ascension_level":2}}