{"host":"yqw1zpryoutrnocq","time":1612827779,"event":{"mods":["2.2 Compatiblity","AchievementEnabler","BaseMod","Colored Map","Custom Start","DeckTracker","Minty Spire (QoL Compilation)","StSLib","SuperFastMode"],"gold_per_floor":[116,15,28,28,40,72,72,72,126,145,145,145,145,145],"floor_reached":13,"language":"KOR","playtime":301,"items_purged":[],"score":120,"play_id":"40cc006b-2d39-4b53-9ae9-da5098d4b1a2","local_time":"20210208174259","is_ascension_mode":true,"campfire_choices":[{"data":"Body Slam","floor":8,"key":"SMITH"},{"data":"Body Slam","floor":11,"key":"SMITH"}],"circlet_count":0,"master_deck":["Strike_R+1","Strike_R","Strike_R","Defend_R","Defend_R","Defend_R","Defend_R","Bash","Writhe","Brutality+1","Body Slam+1","Pummel","Entrench","Wild Strike","Shrug It Off","Fiend Fire","Spot Weakness","Body Slam+1"],"relics":["Burning Blood","Tiny Chest","Potion Belt","Nunchaku"],"acts_visited":["Exordium"],"potions_floor_usage":[6,6,13],"damage_taken":[{"damage":13.0,"enemies":"Jaw Worm","floor":1.0,"turns":4.0},{"damage":11.0,"enemies":"2 Louse","floor":3.0,"turns":4.0},{"damage":4.0,"enemies":"Small Slimes","floor":5.0,"turns":4.0},{"damage":55,"enemies":"Gremlin Nob","floor":6,"turns":5},{"damage":14,"enemies":"3 Louse","floor":10,"turns":3},{"damage":19,"enemies":"3 Sentries","floor":13,"turns":2}],"seed_played":"439605009219521794","potions_obtained":[{"floor":5.0,"key":"EntropicBrew"},{"floor":10,"key":"BlessingOfTheForge"}],"is_trial":false,"path_per_floor":["M","$","M","?","M","E","?","R","T","M","R","?","E"],"character_chosen":"IRONCLAD","items_purchased":["Entrench","Wild Strike"],"campfire_rested":0,"item_purchase_floors":[2,2],"current_hp_per_floor":[65,65,60,57,59,10,36,36,36,28,28,12,0,0],"gold":145,"neow_bonus":"TRANSFORM_TWO_CARDS","is_daily":false,"chose_seed":false,"campfire_upgraded":2,"win_rate":0.0,"timestamp":1612827779,"path_taken":["M","$","M","?","M","E","?","R","T","M","R","?","E"],"items_purchased_type":["Card","Card"],"build_version":"2020-12-22","purchased_purges":0,"victory":false,"max_hp_per_floor":[80,80,80,80,80,80,80,80,80,80,80,80,80,80],"card_choices":[{"not_picked":["Heavy Blade","Reckless Charge"],"picked":"Pummel","floor":1.0},{"not_picked":["Headbutt","Twin Strike"],"picked":"Shrug It Off","floor":3.0},{"not_picked":["Dual Wield","Sword Boomerang"],"picked":"Fiend Fire","floor":5.0},{"not_picked":["Disarm","Seeing Red"],"picked":"Spot Weakness","floor":6},{"not_picked":["Thunderclap","Heavy Blade"],"picked":"Body Slam","floor":10}],"player_experience":319220,"relics_obtained":[{"floor":6,"key":"Potion Belt"},{"floor":9,"key":"Nunchaku"}],"event_choices":[{"damage_healed":0.0,"max_hp_gain":0.0,"max_hp_loss":0.0,"gold_gain":0.0,"event_name":"Scrap Ooze","player_choice":"Success","floor":4.0,"gold_loss":0.0,"damage_taken":3.0,"relics_obtained":["Tiny Chest"]},{"damage_healed":26,"gold_gain":0,"player_choice":"Banana","damage_taken":0,"max_hp_gain":0,"max_hp_loss":0,"event_name":"Big Fish","floor":7,"gold_loss":0},{"damage_healed":0,"gold_gain":0,"player_choice":"Entered Light","damage_taken":16,"max_hp_gain":0,"max_hp_loss":0,"event_name":"Shining Light","floor":12,"gold_loss":0,"cards_upgraded":["Brutality","Strike_R"]}],"is_beta":false,"boss_relics":[],"items_purged_floors":[],"is_endless":false,"potions_floor_spawned":[5,10],"killed_by":"3 Sentries","ascension_level":9}}