{"host":"v3qphhcqhwfpabne","time":1612813540,"event":{"mods":["100% Spire Juice","2.2 Compatiblity","AchievementEnabler","BaseMod","CapriCore","DeckTracker","KinomotoSakuraMod(ÙÊñýÜâ?)","Koishi","Marisa£¨Ùöéë¡¡Øª×âÞÞ£©","Minty Spire (QoL Compilation)","Permanent Neow","Prisma Mod","StSLib","Td1madao Mod","The Bug Knight","The Cursed","The Immortal","The Runesmith","WarShipGirlsR/??á´Ò³R mod"],"gold_per_floor":[111,129,145,161,173,201,201,171,218,218,231,246,132,149,149,244,244,257,172,26,37,52,52,71,71,71],"floor_reached":25,"language":"KOR","playtime":925,"items_purged":["Strike_R"],"score":230,"play_id":"5ba8fbe8-f2d7-48a1-ba28-9c6361302d14","local_time":"20210209044540","is_ascension_mode":true,"campfire_choices":[{"floor":7,"key":"REST"},{"data":"Fire Breathing","floor":10,"key":"SMITH"},{"floor":15,"key":"REST"},{"data":"Armaments","floor":23,"key":"SMITH"}],"circlet_count":0,"master_deck":["Strike_R","Strike_R","Defend_R","Defend_R","Defend_R","Defend_R","Bash","Shame","Fire Breathing+1","Flame Barrier","Carnage","Power Through","Armaments+1","Sever Soul","Shrug It Off","Immolate","CurseOfTheBell","Evolve"],"relics":["Burning Blood","Kunai","Vajra","Calling Bell","Red Skull","White Beast Statue","Ginger","Meat on the Bone","MealTicket"],"acts_visited":["Exordium","TheCity"],"potions_floor_usage":[6,16,16,16,22,24,25,25],"damage_taken":[{"damage":18,"enemies":"2 Louse","floor":1,"turns":6},{"damage":4,"enemies":"Small Slimes","floor":2,"turns":5},{"damage":10,"enemies":"Cultist","floor":3,"turns":5},{"damage":19,"enemies":"3 Louse","floor":4,"turns":4},{"damage":7,"enemies":"2 Fungi Beasts","floor":5,"turns":3},{"damage":31,"enemies":"Lagavulin","floor":6,"turns":5},{"damage":3,"enemies":"Looter","floor":8,"turns":4},{"damage":23,"enemies":"Exordium Thugs","floor":11,"turns":5},{"damage":11,"enemies":"Red Slaver","floor":12,"turns":4},{"damage":28,"enemies":"Gremlin Gang","floor":14,"turns":4},{"damage":15,"enemies":"Hexaghost","floor":16,"turns":10},{"damage":13,"enemies":"3 Byrds","floor":18,"turns":2},{"damage":36,"enemies":"2 Thieves","floor":21,"turns":4},{"damage":51,"enemies":"Cultist and Chosen","floor":22,"turns":6},{"damage":33,"enemies":"Sentry and Sphere","floor":24,"turns":6},{"damage":24,"enemies":"Book of Stabbing","floor":25,"turns":4}],"seed_played":"4881717786875220842","potions_obtained":[{"floor":1,"key":"Explosive Potion"},{"floor":6,"key":"Block Potion"},{"floor":12,"key":"Swift Potion"},{"floor":14,"key":"PowerPotion"},{"floor":18,"key":"SteroidPotion"},{"floor":21,"key":"DistilledChaos"},{"floor":22,"key":"BloodPotion"},{"floor":24,"key":"SteroidPotion"}],"is_trial":false,"path_per_floor":["M","M","M","M","M","E","R","M","T","R","M","M","$","M","R","B",null,"M","?","$","M","M","R","M","E"],"character_chosen":"IRONCLAD","items_purchased":["Sever Soul","MealTicket"],"campfire_rested":2,"item_purchase_floors":[13,20],"current_hp_per_floor":[68,70,66,53,52,27,51,54,54,54,37,32,32,10,34,25,80,73,73,73,55,38,38,23,0,0],"gold":71,"neow_bonus":"TRANSFORM_TWO_CARDS","is_daily":false,"chose_seed":false,"campfire_upgraded":2,"win_rate":0.0,"timestamp":1612813540,"path_taken":["M","M","M","M","M","E","R","M","T","R","M","M","$","M","R","BOSS","M","?","$","M","M","R","M","E"],"items_purchased_type":["Card","Relic"],"build_version":"2020-12-22","purchased_purges":1,"victory":false,"max_hp_per_floor":[80,80,80,80,80,80,80,80,80,80,80,80,80,80,80,80,80,80,80,80,80,80,80,80,80,80],"card_choices":[{"not_picked":["Iron Wave","Twin Strike","Havoc"],"picked":"SKIP","floor":1},{"not_picked":["Headbutt","Battle Trance","Clothesline"],"picked":"SKIP","floor":2},{"not_picked":["Infernal Blade","Twin Strike"],"picked":"Carnage","floor":3},{"not_picked":["Flame Barrier","Headbutt","Second Wind"],"picked":"SKIP","floor":4},{"not_picked":["Body Slam","Warcry","Anger"],"picked":"SKIP","floor":5},{"not_picked":["Heavy Blade","Dark Embrace","Rage"],"picked":"SKIP","floor":6},{"not_picked":["Havoc","Headbutt","Clothesline"],"picked":"SKIP","floor":8},{"not_picked":["Clothesline","Uppercut"],"picked":"Power Through","floor":11},{"not_picked":["Blood for Blood","Intimidate"],"picked":"Armaments","floor":12},{"not_picked":["Disarm","Twin Strike"],"picked":"Shrug It Off","floor":14},{"not_picked":["Demon Form","Brutality"],"picked":"Immolate","floor":16},{"not_picked":["Body Slam","Clothesline"],"picked":"Evolve","floor":18},{"not_picked":["Anger","Uppercut","Entrench"],"picked":"SKIP","floor":21},{"not_picked":["Iron Wave","Brutality","Blood for Blood"],"picked":"SKIP","floor":22},{"not_picked":["Cleave","Infernal Blade","Clothesline+1"],"picked":"SKIP","floor":24}],"player_experience":128765,"relics_obtained":[{"floor":6,"key":"Kunai"},{"floor":9,"key":"Vajra"},{"floor":17,"key":"Red Skull"},{"floor":17,"key":"White Beast Statue"},{"floor":17,"key":"Ginger"}],"event_choices":[{"damage_healed":0,"gold_gain":0,"player_choice":"Obtained Relic","damage_taken":0,"relics_obtained":["Meat on the Bone"],"max_hp_gain":0,"max_hp_loss":0,"event_name":"Addict","floor":19,"gold_loss":85}],"is_beta":false,"boss_relics":[{"not_picked":["Tiny House","Philosopher\u0027s Stone"],"picked":"Calling Bell"}],"items_purged_floors":[13],"is_endless":false,"potions_floor_spawned":[1,6,12,14,18,21,22,24],"killed_by":"Book of Stabbing","ascension_level":2}}