{"host":"jr8kutoxe0dof5ui","time":1612786277,"event":{"mods":["AchievementEnabler","Aspiration","BaseMod","DeckTracker","Defuse TimeMaze Blight","Halation","Hubris","Infinite Spire","MarisaÅiñ∂âJÅ@ñÇóùçπÅj","Minty Spire (QoL Compilation)","Prisma Mod","Replay The Spire","Reworked Bosses","StSLib","SuperFastMode","The Construct","The Cursed","The Disciple","The Servant 0.9.4"],"gold_per_floor":[109,145,145,145,165,195,209,209,209,209,222,241,241,256,256,352,352,370,370,370,390,405,405,405],"floor_reached":23,"language":"ENG","playtime":1655,"items_purged":[],"score":218,"play_id":"1e0008e5-2501-47ee-8d7c-76764c7eb819","local_time":"20210208211117","is_ascension_mode":false,"campfire_choices":[{"data":"PrismaMod:ChloeEyeOfTheEuryale","floor":8,"key":"SMITH"},{"data":"PrismaMod:ChloeDiscardRecovery","floor":10,"key":"SMITH"},{"data":"PrismaMod:ChloeEyeOfTheEuryale","floor":13,"key":"SMITH"},{"data":"PrismaMod:ChloeMordred","floor":15,"key":"SMITH"}],"circlet_count":0,"master_deck":["PrismaMod:ChloeCommonAttack","PrismaMod:ChloeCommonAttack","PrismaMod:ChloeCommonAttack","PrismaMod:ChloeCommonAttack","PrismaMod:ChloeCommonAttack","PrismaMod:ChloeCommonDefend","PrismaMod:ChloeCommonDefend","PrismaMod:ChloeCommonDefend","PrismaMod:ChloeCommonDefend","PrismaMod:ChloeCommonDefend","PrismaMod:ChloeCheapAttack","PrismaMod:ChloeCheapDefend","PrismaMod:ChloeCommonAOEAttack","PrismaMod:ChloeRuleBreaker","PrismaMod:ChloeDiscardRecovery+1","PrismaMod:ChloeEyeOfTheEuryale+1","PrismaMod:ChloeExhaustOne","PrismaMod:ChloeMordred+1","PrismaMod:ChloeEyeOfTheEuryale+1","PrismaMod:ChloeUnlimitedBladeWorks","Allargando","Accelerando","Pain","PrismaMod:ChloeRitsuka+1","Adagio+1"],"relics":["PrismaMod:PrismaTraceOn","NeowsBlessing","Unceasing Top","halation:PinkSoulGem","Replay:Accelerometer","infinitespire:Broken Mirror","aspiration:SecretTechniqueScroll","WarpedTongs"],"acts_visited":["Exordium","TheCity"],"potions_floor_usage":[23,23,23,23],"damage_taken":[{"damage":0,"enemies":"2 Louse","floor":1,"turns":1},{"damage":0,"enemies":"Small Slimes","floor":5,"turns":1},{"damage":0,"enemies":"Gremlin Nob","floor":6,"turns":1},{"damage":0,"enemies":"Jaw Worm","floor":7,"turns":3},{"damage":8,"enemies":"Large Slime","floor":11,"turns":5},{"damage":1,"enemies":"Red Slaver","floor":12,"turns":3},{"damage":0,"enemies":"3 Louse","floor":14,"turns":2},{"damage":30,"enemies":"Fading Forest","floor":16,"turns":11},{"damage":27,"enemies":"3 Byrds","floor":18,"turns":6},{"damage":3,"enemies":"Chosen","floor":21,"turns":5},{"damage":13,"enemies":"Shelled Parasite and Fungi","floor":22,"turns":6},{"damage":23,"enemies":"Gremlin Leader","floor":23,"turns":4}],"seed_played":"6933255824970338244","potions_obtained":[{"floor":5,"key":"EntropicBrew"},{"floor":6,"key":"Strength Potion"},{"floor":11,"key":"Elixir"},{"floor":16,"key":"BlessingOfTheForge"}],"is_trial":false,"path_per_floor":["M","?","?","?","M","E","M","R","T","R","M","M","R","M","R","B",null,"M","?","?","M","M","E"],"character_chosen":"CHLOE","items_purchased":[],"campfire_rested":0,"item_purchase_floors":[],"current_hp_per_floor":[75,57,57,57,57,57,57,57,57,57,49,48,48,48,48,18,75,48,34,34,31,18,0,0],"gold":405,"neow_bonus":"THREE_ENEMY_KILL","is_daily":false,"chose_seed":false,"campfire_upgraded":4,"win_rate":0.0,"timestamp":1612786277,"path_taken":["M","?","?","?","M","E","M","R","T","R","M","M","R","M","R","BOSS","M","?","?","M","M","E"],"items_purchased_type":[],"build_version":"2020-12-22","purchased_purges":0,"victory":false,"max_hp_per_floor":[75,75,75,75,75,75,75,75,75,75,75,75,75,75,75,75,75,75,80,80,80,80,80,80],"card_choices":[{"not_picked":["PrismaMod:ChloeCheapAttackTwo","PrismaMod:ChloeDiscardRecovery"],"picked":"PrismaMod:ChloeCommonAOEAttack","floor":1},{"not_picked":["PrismaMod:ChloeUncommonDefend","PrismaMod:ChloeExhaustOne"],"picked":"PrismaMod:ChloeRuleBreaker","floor":2},{"not_picked":["PrismaMod:ChloeCheapDefend","PrismaMod:ChloeCheapAttackTwo"],"picked":"PrismaMod:ChloeDiscardRecovery","floor":5},{"not_picked":["PrismaMod:ChloeCheapAttack","PrismaMod:ChloeExhaustOne"],"picked":"PrismaMod:ChloeEyeOfTheEuryale","floor":6},{"not_picked":["PrismaMod:ChloeMaid","PrismaMod:ChloeDiscardRecovery"],"picked":"PrismaMod:ChloeExhaustOne","floor":7},{"not_picked":["PrismaMod:ChloeCheapAttackTwo","PrismaMod:ChloeDemonicTutor"],"picked":"PrismaMod:ChloeMordred","floor":11},{"not_picked":["PrismaMod:ChloeBetterTracePools","PrismaMod:ChloeDiscardRecovery"],"picked":"PrismaMod:ChloeEyeOfTheEuryale","floor":12},{"not_picked":["PrismaMod:ChloeCheapAttack","PrismaMod:ChloeExhaustTwo","PrismaMod:ChloeGaeBolg"],"picked":"SKIP","floor":14},{"not_picked":["PrismaMod:ChloeAnyPowerTrace","PrismaMod:ChloeExhaustThree"],"picked":"PrismaMod:ChloeUnlimitedBladeWorks","floor":16},{"not_picked":["PrismaMod:ChloeMordred","PrismaMod:ChloeExhaustOne+1","PrismaMod:ChloeExhaustTwo+1"],"picked":"SKIP","floor":18},{"not_picked":["PrismaMod:ChloeExhaustOne+1","PrismaMod:ChloeCheapDefend","PrismaMod:ChloeBetterTracePools+1"],"picked":"SKIP","floor":21},{"not_picked":["PrismaMod:ChloeCheapAttack","PrismaMod:ChloeCheapAttackTwo"],"picked":"PrismaMod:ChloeRitsuka+1","floor":22}],"player_experience":317055,"relics_obtained":[{"floor":2,"key":"Unceasing Top"},{"floor":6,"key":"Replay:Accelerometer"},{"floor":9,"key":"infinitespire:Broken Mirror"}],"event_choices":[{"damage_healed":0,"gold_gain":0,"player_choice":"Shed Blood","damage_taken":19,"max_hp_gain":5,"max_hp_loss":0,"event_name":"Forgotten Altar","floor":19,"gold_loss":0},{"damage_healed":0,"gold_gain":0,"player_choice":"Rummage","damage_taken":0,"relics_obtained":["WarpedTongs"],"max_hp_gain":0,"max_hp_loss":0,"event_name":"Accursed Blacksmith","floor":20,"gold_loss":0,"cards_obtained":["Pain"]}],"is_beta":false,"boss_relics":[{"not_picked":["aspiration:SilentSkillbook","Tiny House"],"picked":"aspiration:SecretTechniqueScroll"}],"items_purged_floors":[],"is_endless":false,"potions_floor_spawned":[5,6,11,16,18],"killed_by":"Gremlin Leader","ascension_level":0}}