{"host":"f8toxsj3bk02pkeu","time":1612783222,"event":{"mods":["BaseMod","Minty Spire (QoL Compilation)","Permanent Neow","Quick Restart","StSLib","SuperFastMode"],"gold_per_floor":[112,87,87,105,255,255,255,255,335,335,150,166,166,201,201,201,201],"floor_reached":16,"language":"ENG","playtime":282,"items_purged":[],"score":192,"play_id":"98dc7de0-f64c-4939-9711-06791af5d3b4","local_time":"20210208042022","is_ascension_mode":true,"campfire_choices":[{"data":"Armaments","floor":6,"key":"SMITH"},{"floor":8,"key":"RECALL"},{"data":"True Grit","floor":13,"key":"SMITH"},{"data":"Shrug It Off","floor":15,"key":"SMITH"}],"circlet_count":0,"master_deck":["AscendersBane","Strike_R","Strike_R","Strike_R","Strike_R","Strike_R","Defend_R","Defend_R","Defend_R","Defend_R","Bash","Armaments+1","Heavy Blade","True Grit+1","Shrug It Off+1"],"relics":["Burning Blood","NeowsBlessing","StrikeDummy","Oddly Smooth Stone","Mercury Hourglass"],"acts_visited":["Exordium"],"potions_floor_usage":[14],"damage_taken":[{"damage":0,"enemies":"Cultist","floor":1,"turns":1},{"damage":0,"enemies":"Jaw Worm","floor":4,"turns":1},{"damage":0,"enemies":"Small Slimes","floor":12,"turns":1},{"damage":18,"enemies":"3 Sentries","floor":14,"turns":8},{"damage":68,"enemies":"Hexaghost","floor":16,"turns":14}],"seed_played":"-5766222704442279112","potions_obtained":[{"floor":1,"key":"LiquidBronze"},{"floor":3,"key":"SpeedPotion"}],"is_trial":false,"path_per_floor":["M","$","?","M","?","R","?","R","T","?","$","M","R","E","R","B"],"character_chosen":"IRONCLAD","items_purchased":["Heavy Blade","Shrug It Off","Oddly Smooth Stone"],"campfire_rested":0,"item_purchase_floors":[2,11,11],"current_hp_per_floor":[74,74,74,75,75,75,75,75,75,71,71,75,75,63,63,0,0],"gold":201,"neow_bonus":"THREE_ENEMY_KILL","is_daily":false,"chose_seed":false,"campfire_upgraded":3,"win_rate":0.0,"timestamp":1612783222,"path_taken":["M","?","?","?","?","R","?","R","T","?","$","?","R","E","R","BOSS"],"items_purchased_type":["Card","Card","Relic"],"build_version":"2020-12-22","purchased_purges":0,"victory":false,"max_hp_per_floor":[75,75,75,75,75,75,75,75,75,75,75,75,75,75,75,75,75],"card_choices":[{"not_picked":["Hemokinesis","Havoc"],"picked":"Armaments","floor":1},{"not_picked":["Intimidate","Feel No Pain"],"picked":"True Grit","floor":4},{"not_picked":["Heavy Blade","Rupture","Wild Strike"],"picked":"SKIP","floor":12},{"not_picked":["Iron Wave","Body Slam","Sword Boomerang"],"picked":"SKIP","floor":14}],"player_experience":986417,"relics_obtained":[{"floor":9,"key":"StrikeDummy"},{"floor":14,"key":"Mercury Hourglass"}],"event_choices":[{"damage_healed":0,"gold_gain":0,"player_choice":"Got Potions","damage_taken":0,"max_hp_gain":0,"max_hp_loss":0,"event_name":"Lab","floor":3,"gold_loss":0},{"damage_healed":0,"gold_gain":150,"player_choice":"AGREE","damage_taken":0,"max_hp_gain":0,"max_hp_loss":0,"event_name":"Liars Game","floor":5,"gold_loss":0,"cards_obtained":["Doubt"]},{"cards_removed":["Doubt"],"damage_healed":0,"gold_gain":0,"player_choice":"Forget","damage_taken":0,"max_hp_gain":0,"max_hp_loss":0,"event_name":"Living Wall","floor":7,"gold_loss":0},{"damage_healed":0,"gold_gain":0,"player_choice":"Bought 0 Potions","damage_taken":0,"max_hp_gain":0,"max_hp_loss":0,"event_name":"The Woman in Blue","floor":10,"gold_loss":0}],"is_beta":false,"boss_relics":[],"items_purged_floors":[],"is_endless":false,"potions_floor_spawned":[1,4],"killed_by":"Hexaghost","ascension_level":20}}