{"host":"92ge7uk92o4z80va","time":1612755624,"event":{"mods":["AchievementEnabler","Act Like it!","Aspiration","BaseMod","Beaked The Cultist","Better Third Choice","BetterRewards","Conspire","Curses Come First","Evolution","Hermit","Hubris","Infinite Spire","Koishi","Lobotomy","LobotomyExtend","Marisa????????","Minty Spire (QoL Compilation)","Quick Restart","Replay The Spire","Robot Space Explorer","Spire Arcade","StSLib","The Blue Laboratory","The Bug Knight","The Runesmith","The Saiyan"],"gold_per_floor":[110,130,130,81,56,81,94,94,94,109,142,156,156,174,174,174,174],"floor_reached":16,"language":"ENG","playtime":908,"items_purged":[],"score":118,"play_id":"5256e4fd-e425-4211-ac8e-f8aa3878d45b","local_time":"20210207224024","is_ascension_mode":true,"campfire_choices":[],"circlet_count":0,"master_deck":["SpecialBullet","SpecialBullet","SpecialBullet","SpecialBullet","SpecialBullet","SpecialBullet","SpecialBullet","SpecialBullet","SecurityCode","RecordCode","ControlCode","ShedSkin","Bloodbath","Regret_ego","ShyLook","Soda","Soda","FairyFestival","Regret_ego","LongBird","BigBadWolf","BlackSwan_ego","FieryBird","TT2Protocol","Logging"],"relics":["CogitoBucket","EVO:Axolotl","Pen Nib","Peace Pipe","Replay:Kaleidoscope","LetterFromLob","PreservedInsect","infinitespire:Bottled Soul","Ice Cream","Theresia"],"acts_visited":["Exordium"],"potions_floor_usage":[12],"damage_taken":[{"damage":0,"enemies":"Cultist","floor":1,"turns":4},{"damage":14,"enemies":"Small Slimes","floor":2,"turns":4},{"damage":10,"enemies":"Lagavulin","floor":6,"turns":10},{"damage":20,"enemies":"Jaw Worm","floor":7,"turns":4},{"damage":20,"enemies":"Looter","floor":10,"turns":4},{"damage":15,"enemies":"3 Sentries","floor":11,"turns":14},{"damage":38,"enemies":"Exordium Thugs","floor":12,"turns":11},{"damage":35,"enemies":"Large Slime","floor":14,"turns":7},{"damage":55,"enemies":"The Guardian","floor":16,"turns":3}],"seed_played":"-8464280314280900441","potions_obtained":[{"floor":1,"key":"LiquidMemories"},{"floor":6,"key":"blueLaboratory:FruitPunch"},{"floor":14,"key":"Milkshake"}],"is_trial":false,"path_per_floor":["M","M","?","$","$","E","M","R","T","M","E","M","E","M","R","B"],"character_chosen":"Angela","items_purchased":["Pen Nib","ShedSkin","Soda","Soda"],"campfire_rested":0,"item_purchase_floors":[0,0,4,5],"current_hp_per_floor":[46,41,41,41,41,65,64,64,64,70,70,60,60,51,51,0,0],"gold":174,"neow_bonus":"","is_daily":false,"chose_seed":false,"campfire_upgraded":0,"win_rate":0.0,"timestamp":1612755624,"path_taken":["M","?","?","?","$","E","M","R","T","M","E","M","E","M","R","BOSS"],"items_purchased_type":["Relic","Card","Card","Card"],"build_version":"2020-12-22","purchased_purges":0,"victory":false,"max_hp_per_floor":[70,70,70,70,70,70,70,70,70,70,70,72,72,72,72,72,72],"card_choices":[{"not_picked":["WhitesApple","MHz"],"picked":"Bloodbath","floor":1},{"not_picked":["Noise"],"picked":"Regret_ego","floor":1},{"not_picked":["SilentOrchestra","MHz"],"picked":"ShyLook","floor":2},{"not_picked":["Laetitia_ego","CUTE"],"picked":"SKIP","floor":2},{"not_picked":["WallGazer","Scorched"],"picked":"FairyFestival","floor":6},{"not_picked":["Galaxy","Adoration"],"picked":"SKIP","floor":6},{"not_picked":["BlueScar"],"picked":"Regret_ego","floor":7},{"not_picked":["FieryBird","OSAHOGD"],"picked":"LongBird","floor":10},{"not_picked":["Beak","Christmas"],"picked":"SKIP","floor":10},{"not_picked":["UniverseFragment","QueenBee"],"picked":"BigBadWolf","floor":11},{"not_picked":["Harvest"],"picked":"BlackSwan_ego","floor":11},{"not_picked":["Mercenary","RedShoes"],"picked":"FieryBird","floor":12},{"not_picked":["TodaysExpression","Lantern"],"picked":"SKIP","floor":12},{"not_picked":["FeatherOfHonor"],"picked":"Logging","floor":14}],"player_experience":52647,"relics_obtained":[{"floor":2,"key":"LetterFromLob"},{"floor":6,"key":"PreservedInsect"},{"floor":9,"key":"infinitespire:Bottled Soul"},{"floor":11,"key":"Ice Cream"}],"event_choices":[],"is_beta":false,"boss_relics":[],"items_purged_floors":[],"is_endless":false,"potions_floor_spawned":[1,6,14],"killed_by":"The Guardian","ascension_level":1}}