{"host":"ydg0vn0pu4pubmdt","time":1612757099,"event":{"mods":["AchievementEnabler","BaseMod","Colored Map","Gold Saver","Minty Spire (QoL Compilation)","Quick Restart","SuperFastMode"],"gold_per_floor":[111,111,126,141,141,141,151,167,167,167,182,196,210,46,46,123,123,137,137,137,150,170,170,12,62,62,62,92,92,92,111,111,111,111],"floor_reached":33,"language":"KOR","playtime":622,"items_purged":[],"score":518,"play_id":"f9b9875a-72b5-4725-8752-6fa2e59a9fee","local_time":"20210208130459","is_ascension_mode":true,"campfire_choices":[{"data":"Eruption","floor":6.0,"key":"SMITH"},{"data":"Tantrum","floor":15.0,"key":"SMITH"},{"floor":23.0,"key":"REST"},{"floor":27.0,"key":"RECALL"},{"data":"Wish","floor":32.0,"key":"SMITH"}],"circlet_count":0,"master_deck":["AscendersBane","Strike_P+1","Strike_P+1","Strike_P+1","Defend_P+1","Defend_P+1","Defend_P+1","Defend_P+1","Eruption+1","Vigilance","LessonLearned+1","Halt+1","EmptyBody+1","Tantrum+1","FearNoEvil+1","Wish+1"],"relics":["PureWater","Pantograph","OrangePellets","Cursed Key","Lee\u0027s Waffle","Yang"],"acts_visited":["Exordium","TheCity"],"potions_floor_usage":[33],"damage_taken":[{"damage":12.0,"enemies":"2 Louse","floor":1.0,"turns":2.0},{"damage":4.0,"enemies":"Jaw Worm","floor":3.0,"turns":3.0},{"damage":2.0,"enemies":"Small Slimes","floor":4.0,"turns":3.0},{"damage":3.0,"enemies":"Blue Slaver","floor":7.0,"turns":5.0},{"damage":0.0,"enemies":"2 Fungi Beasts","floor":8.0,"turns":3.0},{"damage":0.0,"enemies":"Looter","floor":11.0,"turns":3.0},{"damage":6.0,"enemies":"Large Slime","floor":12.0,"turns":8.0},{"damage":8.0,"enemies":"2 Fungi Beasts","floor":13.0,"turns":3.0},{"damage":43.0,"enemies":"Slime Boss","floor":16.0,"turns":7.0},{"damage":0.0,"enemies":"Chosen","floor":18.0,"turns":2.0},{"damage":14.0,"enemies":"2 Thieves","floor":21.0,"turns":3.0},{"damage":16.0,"enemies":"Snake Plant","floor":22.0,"turns":2.0},{"damage":1.0,"enemies":"Book of Stabbing","floor":28.0,"turns":2.0},{"damage":4.0,"enemies":"Snecko","floor":31.0,"turns":4.0},{"damage":93,"enemies":"Champ","floor":33,"turns":6}],"seed_played":"-6880850516408522207","potions_obtained":[{"floor":3.0,"key":"SpeedPotion"},{"floor":12.0,"key":"BlessingOfTheForge"},{"floor":21.0,"key":"ColorlessPotion"},{"floor":22.0,"key":"EntropicBrew"},{"floor":31.0,"key":"SteroidPotion"}],"is_trial":false,"path_per_floor":["M","?","M","M","?","R","M","M","T","?","M","M","M","$","R","B",null,"M","?","?","M","M","R","$","?","T","R","E","?","T","M","R","B"],"character_chosen":"WATCHER","items_purchased":["OrangePellets","Lee\u0027s Waffle"],"campfire_rested":1,"item_purchase_floors":[14,24],"current_hp_per_floor":[49,49,45,43,36,36,33,33,33,33,33,27,19,19,19,1,51,51,51,32,18,2,23,80,80,80,80,79,79,79,75,75,0,0],"gold":111,"neow_bonus":"ONE_RANDOM_RARE_CARD","is_daily":false,"chose_seed":false,"campfire_upgraded":3,"win_rate":0.0,"timestamp":1612757099,"path_taken":["M","?","M","M","?","R","M","M","T","?","?","M","M","$","R","BOSS","M","?","?","M","M","R","$","?","T","R","E","?","?","M","R","BOSS"],"items_purchased_type":["Relic","Relic"],"build_version":"2020-12-22","purchased_purges":0,"victory":false,"max_hp_per_floor":[68,68,68,68,68,68,68,68,68,68,68,68,68,68,68,68,68,68,68,73,73,73,73,80,80,80,80,80,80,80,80,80,80,80],"card_choices":[{"not_picked":["ForeignInfluence","Pray"],"picked":"Halt","floor":1.0},{"not_picked":["Worship","LikeWater"],"picked":"EmptyBody","floor":3.0},{"not_picked":["JustLucky","Halt","Vengeance"],"picked":"SKIP","floor":4.0},{"not_picked":["Pray","Worship","EmptyBody"],"picked":"SKIP","floor":7.0},{"not_picked":["BattleHymn","Meditate","LessonLearned"],"picked":"SKIP","floor":8.0},{"not_picked":["Crescendo","EmptyBody","FlyingSleeves"],"picked":"SKIP","floor":11.0},{"not_picked":["Collect","Fasting2","LikeWater"],"picked":"SKIP","floor":12.0},{"not_picked":["CutThroughFate","CarveReality"],"picked":"Tantrum","floor":13.0},{"not_picked":["LikeWater","BowlingBash"],"picked":"FearNoEvil","floor":18.0},{"not_picked":["Crescendo","Evaluate","CutThroughFate"],"picked":"SKIP","floor":21.0},{"not_picked":["SashWhip","Protect","FlyingSleeves"],"picked":"SKIP","floor":22.0},{"not_picked":["SashWhip","Protect","FlyingSleeves"],"picked":"SKIP","floor":22.0},{"not_picked":["DeceiveReality+1","LikeWater"],"picked":"Wish","floor":28.0},{"not_picked":["BattleHymn","Halt","PathToVictory"],"picked":"SKIP","floor":31.0}],"player_experience":662766,"relics_obtained":[{"floor":9.0,"key":"Pantograph"},{"floor":28.0,"key":"Yang"}],"event_choices":[{"damage_healed":0.0,"max_hp_gain":0.0,"max_hp_loss":0.0,"gold_gain":0.0,"event_name":"Liars Game","player_choice":"Ignored","floor":2.0,"gold_loss":0.0,"damage_taken":0.0},{"cards_removed":["Strike_P"],"damage_healed":0.0,"max_hp_gain":0.0,"max_hp_loss":0.0,"gold_gain":0.0,"event_name":"Golden Wing","player_choice":"Card Removal","floor":5.0,"gold_loss":0.0,"damage_taken":7.0},{"damage_healed":0.0,"max_hp_gain":0.0,"max_hp_loss":0.0,"gold_gain":0.0,"event_name":"Dead Adventurer","player_choice":"Searched \u00270\u0027 times","floor":10.0,"gold_loss":0.0,"damage_taken":0.0},{"damage_healed":0.0,"max_hp_gain":0.0,"max_hp_loss":0.0,"gold_gain":0.0,"event_name":"Ghosts","player_choice":"Ignored","floor":19.0,"gold_loss":0.0,"damage_taken":0.0},{"damage_healed":0.0,"max_hp_gain":5.0,"max_hp_loss":0.0,"gold_gain":0.0,"event_name":"Forgotten Altar","player_choice":"Shed Blood","floor":20.0,"gold_loss":0.0,"damage_taken":24.0},{"damage_healed":0.0,"max_hp_gain":0.0,"max_hp_loss":0.0,"gold_gain":50.0,"event_name":"Nest","player_choice":"Stole From Cult","floor":25.0,"gold_loss":0.0,"damage_taken":0.0},{"damage_healed":0.0,"max_hp_gain":0.0,"max_hp_loss":0.0,"gold_gain":0.0,"event_name":"The Mausoleum","player_choice":"Ignored","floor":29.0,"gold_loss":0.0,"damage_taken":0.0}],"is_beta":false,"boss_relics":[{"not_picked":["Philosopher\u0027s Stone","Busted Crown"],"picked":"Cursed Key"}],"items_purged_floors":[],"is_endless":false,"potions_floor_spawned":[3,12,13,21,22,31],"killed_by":"Champ","ascension_level":20}}