{"host":"v3qphhcqhwfpabne","time":1612802331,"event":{"mods":["100% Spire Juice","2.2 Compatiblity","AchievementEnabler","BaseMod","CapriCore","DeckTracker","KinomotoSakuraMod(ÙÊñýÜâ?)","Koishi","Marisa£¨Ùöéë¡¡Øª×âÞÞ£©","Minty Spire (QoL Compilation)","Permanent Neow","Prisma Mod","StSLib","Td1madao Mod","The Bug Knight","The Cursed","The Immortal","The Runesmith","WarShipGirlsR/??á´Ò³R mod"],"gold_per_floor":[13,31,41,6,6,6,32,32,56,90,103,114,129,139,139,244,294,264,284,294,44,44,44,44],"floor_reached":23,"language":"KOR","playtime":1081,"items_purged":[],"score":226,"play_id":"5b055abc-114a-4cdb-a441-dc537e8471f5","local_time":"20210209013851","is_ascension_mode":true,"campfire_choices":[{"data":"Juggernaut","floor":6,"key":"SMITH"},{"floor":8,"key":"REST"},{"floor":15,"key":"REST"}],"circlet_count":0,"master_deck":["Strike_R+1","Strike_R+1","Strike_R+1","Defend_R","Defend_R","Defend_R","Defend_R","Bash","Juggernaut+1","Armaments","Seeing Red","Thunderclap","Exhume","Shrug It Off","Shrug It Off","Juggernaut","Juggernaut","True Grit","Flame Barrier+1","Entrench","Magnetism","Evolve","Pommel Strike"],"relics":["Burning Blood","Happy Flower","Orichalcum","Whetstone","Tiny House"],"acts_visited":["Exordium","TheCity"],"potions_floor_usage":[16,19,19,19,19,19,19,19,19,23],"damage_taken":[{"damage":10,"enemies":"Small Slimes","floor":1,"turns":4},{"damage":13,"enemies":"Jaw Worm","floor":2,"turns":5},{"damage":9,"enemies":"2 Louse","floor":3,"turns":2},{"damage":62,"enemies":"Lagavulin","floor":7,"turns":10},{"damage":21,"enemies":"Gremlin Nob","floor":10,"turns":4},{"damage":5,"enemies":"Exordium Thugs","floor":11,"turns":3},{"damage":10,"enemies":"Exordium Wildlife","floor":12,"turns":4},{"damage":10,"enemies":"2 Fungi Beasts","floor":13,"turns":3},{"damage":8,"enemies":"Blue Slaver","floor":14,"turns":3},{"damage":7,"enemies":"Slime Boss","floor":16,"turns":8},{"damage":43,"enemies":"2 Thieves","floor":18,"turns":5},{"damage":24,"enemies":"3 Byrds","floor":19,"turns":6},{"damage":40,"enemies":"Sentry and Sphere","floor":20,"turns":6},{"damage":16,"enemies":"Book of Stabbing","floor":23,"turns":3}],"seed_played":"-2228924019936732739","potions_obtained":[{"floor":1,"key":"FearPotion"},{"floor":3,"key":"Swift Potion"},{"floor":11,"key":"EntropicBrew"},{"floor":14,"key":"Block Potion"},{"floor":17,"key":"FearPotion"},{"floor":18,"key":"BloodPotion"}],"is_trial":false,"path_per_floor":["M","M","M","?","$","R","E","R","T","E","M","M","M","M","R","B",null,"M","M","M","$","?","E"],"character_chosen":"IRONCLAD","items_purchased":["Entrench","Magnetism"],"campfire_rested":2,"item_purchase_floors":[21,21],"current_hp_per_floor":[76,69,66,80,80,80,24,48,48,33,34,30,26,24,48,47,85,48,47,13,13,13,0,0],"gold":44,"neow_bonus":"THREE_RARE_CARDS","is_daily":false,"chose_seed":false,"campfire_upgraded":1,"win_rate":0.0,"timestamp":1612802331,"path_taken":["M","M","M","?","$","R","E","R","T","E","M","M","M","M","R","BOSS","M","M","M","$","?","E"],"items_purchased_type":["Card","Card"],"build_version":"2020-12-22","purchased_purges":0,"victory":false,"max_hp_per_floor":[80,80,80,80,80,80,80,80,80,80,80,80,80,80,80,80,85,85,85,85,85,85,85,85],"card_choices":[{"not_picked":["Exhume","Feed"],"picked":"Juggernaut","floor":0},{"not_picked":["Combust","Carnage"],"picked":"Armaments","floor":1},{"not_picked":["Wild Strike","Twin Strike"],"picked":"Seeing Red","floor":2},{"not_picked":["Wild Strike","Combust"],"picked":"Thunderclap","floor":3},{"not_picked":["Armaments","Perfected Strike"],"picked":"Exhume","floor":7},{"not_picked":["Twin Strike","Anger"],"picked":"Shrug It Off","floor":10},{"not_picked":["Anger","Flex","Body Slam"],"picked":"SKIP","floor":11},{"not_picked":["Perfected Strike","Heavy Blade","True Grit"],"picked":"SKIP","floor":12},{"not_picked":["Reckless Charge","Heavy Blade"],"picked":"Shrug It Off","floor":13},{"not_picked":["Heavy Blade","Hemokinesis"],"picked":"Juggernaut","floor":14},{"not_picked":["Berserk","Feed"],"picked":"Juggernaut","floor":16},{"not_picked":["Hemokinesis","Iron Wave"],"picked":"True Grit","floor":17},{"not_picked":["Seeing Red","Flex","Warcry+1"],"picked":"SKIP","floor":18},{"not_picked":["Disarm","Clothesline"],"picked":"Flame Barrier+1","floor":19},{"not_picked":["Clothesline","Intimidate+1","Fire Breathing"],"picked":"SKIP","floor":20}],"player_experience":118767,"relics_obtained":[{"floor":7,"key":"Happy Flower"},{"floor":9,"key":"Orichalcum"},{"floor":10,"key":"Whetstone"}],"event_choices":[{"damage_healed":20,"gold_gain":0,"player_choice":"Healed","damage_taken":0,"max_hp_gain":0,"max_hp_loss":0,"event_name":"The Cleric","floor":4,"gold_loss":35},{"damage_healed":0,"gold_gain":0,"cards_transformed":["Strike_R","Strike_R"],"player_choice":"Became Test Subject","damage_taken":0,"max_hp_gain":0,"max_hp_loss":0,"event_name":"Drug Dealer","floor":22,"gold_loss":0,"cards_obtained":["Evolve","Pommel Strike"]}],"is_beta":false,"boss_relics":[{"not_picked":["Runic Pyramid","Runesmith:UraniumAnvil"],"picked":"Tiny House"}],"items_purged_floors":[],"is_endless":false,"potions_floor_spawned":[1,3,11,14,18],"killed_by":"Book of Stabbing","ascension_level":2}}