{"host":"aapp7ew3jk5k1bvd","time":1612766472,"event":{"mods":["AchievementEnabler","BaseMod","Colored Map","Custom Start","Minty Spire (QoL Compilation)","Permanent Neow","StSLib","SuperFastMode"],"gold_per_floor":[112,187,200,100,100,100,127,27,81,81,115,115,115,132,132,211,211,231,249,67,80,80,80,80,91,91,91,91],"floor_reached":27,"language":"KOR","playtime":517,"items_purged":["Strike_B","Strike_B","Strike_B"],"score":394,"play_id":"593a06a3-5308-4938-a231-791f5eeb39e5","local_time":"20210208154112","is_ascension_mode":true,"campfire_choices":[{"data":"Zap","floor":6,"key":"SMITH"},{"floor":10,"key":"REST"},{"floor":15,"key":"REST"},{"floor":23,"key":"REST"}],"circlet_count":0,"master_deck":["AscendersBane","Defend_B","Defend_B","Defend_B","Defend_B","Zap+1","Dualcast+1","All For One","Gash","Gash","All For One","Skim","Steam","Gash"],"relics":["Cracked Core","Girya","PreservedInsect","Bird Faced Urn","Eternal Feather"],"acts_visited":["Exordium","TheCity"],"potions_floor_usage":[16],"damage_taken":[{"damage":0,"enemies":"Cultist","floor":1,"turns":4},{"damage":3,"enemies":"2 Louse","floor":3,"turns":2},{"damage":39,"enemies":"Lagavulin","floor":7,"turns":7},{"damage":20,"enemies":"3 Sentries","floor":11,"turns":6},{"damage":0,"enemies":"Jaw Worm","floor":14,"turns":1},{"damage":27,"enemies":"The Guardian","floor":16,"turns":8},{"damage":39,"enemies":"3 Byrds","floor":18,"turns":4},{"damage":1,"enemies":"Spheric Guardian","floor":19,"turns":3},{"damage":7,"enemies":"Cultist and Chosen","floor":21,"turns":4},{"damage":6,"enemies":"Centurion and Healer","floor":25,"turns":5},{"damage":0,"enemies":"Snake Plant","floor":27,"turns":1}],"seed_played":"-5628501191798140434","potions_obtained":[{"floor":7,"key":"BlessingOfTheForge"},{"floor":11,"key":"PowerPotion"},{"floor":18,"key":"Strength Potion"}],"is_trial":false,"path_per_floor":["M","?","M","$","?","R","E","$","T","R","E","$","?","M","R","B",null,"M","M","$","M","?","R","?","M","T","M"],"character_chosen":"DEFECT","items_purchased":["Gash","Steam"],"campfire_rested":3,"item_purchase_floors":[4,20],"current_hp_per_floor":[64,53,50,50,50,50,11,11,11,32,12,12,12,12,33,8,55,16,15,15,8,8,29,29,23,23,23,23],"gold":91,"neow_bonus":"ONE_RANDOM_RARE_CARD","is_daily":false,"chose_seed":false,"campfire_upgraded":1,"win_rate":0.0,"timestamp":1612766472,"path_taken":["M","?","M","$","?","R","E","?","T","R","E","?","?","M","R","BOSS","M","M","$","M","?","R","?","M","T","?"],"items_purchased_type":["Card","Card"],"build_version":"2020-12-22","purchased_purges":3,"victory":false,"max_hp_per_floor":[71,71,71,71,71,71,71,71,71,71,71,71,71,71,71,71,71,71,71,71,71,71,71,71,71,71,71,71],"card_choices":[{"not_picked":["Streamline","Rebound","Lockon"],"picked":"SKIP","floor":1},{"not_picked":["Barrage","Self Repair","Streamline"],"picked":"SKIP","floor":3},{"not_picked":["White Noise","Barrage","Redo"],"picked":"SKIP","floor":7},{"not_picked":["Amplify","Rebound"],"picked":"Gash","floor":11},{"not_picked":["Hologram","Aggregate","BootSequence"],"picked":"SKIP","floor":14},{"not_picked":["Core Surge","Creative AI"],"picked":"All For One","floor":16},{"not_picked":["Leap","Steam"],"picked":"Skim","floor":18},{"not_picked":["Auto Shields+1","Darkness","Steam Power"],"picked":"SKIP","floor":19},{"not_picked":["Barrage+1","Blizzard","Chaos"],"picked":"SKIP","floor":21},{"not_picked":["Cold Snap","FTL"],"picked":"Gash","floor":25}],"player_experience":1345517,"relics_obtained":[{"floor":7,"key":"Girya"},{"floor":9,"key":"PreservedInsect"},{"floor":11,"key":"Bird Faced Urn"},{"floor":26,"key":"Eternal Feather"}],"event_choices":[{"damage_healed":0,"gold_gain":75,"player_choice":"Gather Gold","damage_taken":11,"max_hp_gain":0,"max_hp_loss":0,"event_name":"World of Goop","floor":2,"gold_loss":0},{"damage_healed":0,"gold_gain":0,"player_choice":"Ignored","damage_taken":0,"max_hp_gain":0,"max_hp_loss":0,"event_name":"Shining Light","floor":5,"gold_loss":0},{"damage_healed":0,"gold_gain":0,"player_choice":"Grow","damage_taken":0,"max_hp_gain":0,"max_hp_loss":0,"event_name":"Living Wall","floor":13,"gold_loss":0,"cards_upgraded":["Dualcast"]},{"cards_removed":["Strike_B"],"damage_healed":0,"gold_gain":0,"player_choice":"Offered Basic","damage_taken":0,"max_hp_gain":0,"max_hp_loss":0,"event_name":"Bonfire Elementals","floor":24,"gold_loss":0}],"is_beta":false,"boss_relics":[{"not_picked":["Philosopher\u0027s Stone","Coffee Dripper","Snecko Eye"]}],"items_purged_floors":[4,8,20],"is_endless":false,"potions_floor_spawned":[7,11,14,18,19,25],"killed_by":"Snake Plant","ascension_level":16}}