{"host":"2c84cb4cp1emursg","time":1612770525,"event":{"mods":["Act Like it!","BaseMod","Better Third Choice","Bossed Relics","Hermit","Mimic Mod","Minty Spire (QoL Compilation)","Permanent Neow","Robot Space Explorer","StSLib"],"gold_per_floor":[110,110,125,141,160,194,194,207,248,287,287,1,35,51,51,175,175,193,213,227,227,227],"floor_reached":21,"language":"ENG","playtime":1214,"items_purged":[],"score":308,"play_id":"97252883-b11c-415c-95e3-e5938c9632f6","local_time":"20210208004845","is_ascension_mode":true,"campfire_choices":[{"data":"1","floor":11,"key":"LIFT"},{"data":"2","floor":15,"key":"LIFT"}],"circlet_count":0,"master_deck":["Strike_R","Strike_R","Strike_R","Strike_R","Strike_R","Defend_R","Defend_R","Defend_R","Defend_R","Bash","Reaper","Iron Wave","Wild Strike","Flex","Cleave","Headbutt","Flex","Double Tap","Metamorphosis","Immolate","Disarm","Double Tap","Body Slam+1","Flex+1"],"relics":["Burning Blood","Golden Idol","TungstenRod","Tiny Chest","Girya","Meat on the Bone","Philosopher\u0027s Stone"],"acts_visited":["Exordium","TheCity"],"potions_floor_usage":[6,8,8,8,10,13,13,14,16],"damage_taken":[{"damage":19,"enemies":"Small Slimes","floor":1,"turns":6},{"damage":4,"enemies":"Jaw Worm","floor":3,"turns":5},{"damage":1,"enemies":"2 Louse","floor":4,"turns":4},{"damage":17,"enemies":"Looter","floor":5,"turns":3},{"damage":30,"enemies":"3 Sentries","floor":6,"turns":5},{"damage":7,"enemies":"Blue Slaver","floor":8,"turns":4},{"damage":4,"enemies":"Large Slime","floor":9,"turns":9},{"damage":26,"enemies":"Gremlin Nob","floor":10,"turns":4},{"damage":2,"enemies":"Lagavulin","floor":13,"turns":5},{"damage":6,"enemies":"Large Slime","floor":14,"turns":3},{"damage":20,"enemies":"Hexaghost","floor":16,"turns":8},{"damage":34,"enemies":"2 Thieves","floor":18,"turns":3},{"damage":13,"enemies":"Chosen","floor":19,"turns":4},{"damage":52,"enemies":"Centurion and Healer","floor":20,"turns":6},{"damage":48,"enemies":"Shelled Parasite and Fungi","floor":21,"turns":4}],"seed_played":"3138304567550736393","potions_obtained":[{"floor":1,"key":"PowerPotion"},{"floor":6,"key":"EntropicBrew"},{"floor":13,"key":"Fire Potion"},{"floor":14,"key":"Weak Potion"},{"floor":18,"key":"EssenceOfSteel"},{"floor":19,"key":"GamblersBrew"}],"is_trial":false,"path_per_floor":["M","?","M","M","M","E","?","M","MIM","E","R","$","E","M","R","B",null,"M","M","M","M"],"character_chosen":"IRONCLAD","items_purchased":["Metamorphosis","Block Potion","AttackPotion"],"campfire_rested":0,"item_purchase_floors":[12,12,12],"current_hp_per_floor":[42,22,24,37,32,20,11,18,22,8,8,8,12,24,24,31,68,52,54,44,0,0],"gold":227,"neow_bonus":"THREE_RARE_CARDS","is_daily":false,"chose_seed":false,"campfire_upgraded":0,"win_rate":0.0,"timestamp":1612770525,"path_taken":["M","?","M","M","M","E","?","M","MIM","E","R","$","E","M","R","BOSS","M","M","M","M"],"items_purchased_type":["Card","Potion","Potion"],"build_version":"2020-12-22","purchased_purges":0,"victory":false,"max_hp_per_floor":[80,80,80,80,80,80,80,80,80,80,80,80,80,80,80,80,80,80,80,80,80,80],"card_choices":[{"not_picked":["Exhume","Fiend Fire"],"picked":"Reaper","floor":0},{"not_picked":["Bloodletting","Clothesline"],"picked":"Iron Wave","floor":1},{"not_picked":["Pummel","Armaments"],"picked":"Wild Strike","floor":3},{"not_picked":["Shrug It Off","Feel No Pain"],"picked":"Flex","floor":4},{"not_picked":["Warcry","Clothesline","Anger"],"picked":"SKIP","floor":5},{"not_picked":["Anger","Second Wind"],"picked":"Cleave","floor":6},{"not_picked":["Dropkick","Body Slam"],"picked":"Headbutt","floor":8},{"not_picked":["Infernal Blade","Entrench"],"picked":"Flex","floor":9},{"not_picked":["Warcry","Pummel"],"picked":"Double Tap","floor":10},{"not_picked":["Whirlwind","Feel No Pain"],"picked":"Immolate","floor":13},{"not_picked":["True Grit","Wild Strike"],"picked":"Disarm","floor":14},{"not_picked":["Immolate","Juggernaut"],"picked":"Double Tap","floor":16},{"not_picked":["Havoc","Rupture"],"picked":"Body Slam+1","floor":18},{"not_picked":["Heavy Blade","Thunderclap+1","Searing Blow"],"picked":"SKIP","floor":19},{"not_picked":["Feel No Pain","Pommel Strike"],"picked":"Flex+1","floor":20}],"player_experience":455503,"relics_obtained":[{"floor":6,"key":"TungstenRod"},{"floor":10,"key":"Girya"},{"floor":13,"key":"Meat on the Bone"}],"event_choices":[{"damage_healed":0,"gold_gain":0,"player_choice":"Take Damage","damage_taken":20,"relics_obtained":["Golden Idol"],"max_hp_gain":0,"max_hp_loss":0,"event_name":"Golden Idol","floor":2,"gold_loss":0},{"damage_healed":0,"gold_gain":0,"player_choice":"Relic ","damage_taken":12,"max_hp_gain":0,"max_hp_loss":0,"event_name":"betterThird:BetterScrap","floor":7,"gold_loss":0,"cards_obtained":["Crippling Poison"]}],"is_beta":false,"boss_relics":[{"not_picked":["Coffee Dripper","Ectoplasm"],"picked":"Philosopher\u0027s Stone"}],"items_purged_floors":[],"is_endless":false,"potions_floor_spawned":[1,6,13,14,18,19],"killed_by":"Shelled Parasite and Fungi","ascension_level":7}}