{"host":"msmkw03x1o7nq45i","time":1612777795,"event":{"mods":["AchievementEnabler","BaseMod","Bestiary","Colored Powertips","GifTheSpireLib","Highlight Path","Minty Spire (QoL Compilation)","Random Character Button","StSLib","everything is the same but u backflip on backflip"],"gold_per_floor":[111,111,261,271,137,137,163,163,189,189,204,279,313,20,20,97,97,112,112,124,124,136,136,147,177,249,281,281,281,293,305,305,380,380,395,1394,1405,1405,1405,1405,789,789,789,789,819,451,484,503,503,503,503],"floor_reached":50,"language":"ENG","playtime":2437,"items_purged":["Doubt","Normality","Setup"],"score":1106,"play_id":"b0ef019f-4d50-4a92-89f9-b6ad60766e29","local_time":"20210208114955","is_ascension_mode":true,"campfire_choices":[{"data":"Blade Dance","floor":6,"key":"SMITH"},{"data":"Skewer","floor":8,"key":"SMITH"},{"data":"Phantasmal Killer","floor":10,"key":"SMITH"},{"data":"Poisoned Stab","floor":15,"key":"SMITH"},{"data":"Blade Dance","floor":23,"key":"SMITH"},{"floor":29,"key":"REST"},{"floor":32,"key":"REST"},{"data":"Bouncing Flask","floor":40,"key":"SMITH"},{"data":"Well Laid Plans","floor":42,"key":"SMITH"},{"floor":44,"key":"RECALL"},{"data":"After Image","floor":49,"key":"SMITH"}],"circlet_count":0,"master_deck":["AscendersBane","Survivor","Neutralize","Flying Knee","Phantasmal Killer+1","Poisoned Stab+1","Blade Dance+1","Skewer+1","Blade Dance+1","After Image+1","Well Laid Plans+1","Phantasmal Killer+1","Cloak And Dagger","Die Die Die+1","Adrenaline","Backstab","Blade Dance","Malaise","PiercingWail","Endless Agony","Corpse Explosion","Finisher","Flying Knee","Cloak And Dagger","Tactician","Deadly Poison","Flechettes","Slice","Terror+1","Bouncing Flask+1","Adrenaline","PiercingWail+1"],"relics":["Ring of the Snake","NeowsBlessing","Sundial","Omamori","White Beast Statue","DollysMirror","WristBlade","Tiny Chest","Bottled Lightning","Snake Skull","The Specimen","Pandora\u0027s Box","TwistedFunnel","Vajra","Strawberry","Mercury Hourglass","Membership Card","Pantograph","Bottled Flame"],"acts_visited":["Exordium","TheCity","TheBeyond"],"potions_floor_usage":[16,18,20,22,25,27,30,35,45,47,48,50,50],"damage_taken":[{"damage":0,"enemies":"Small Slimes","floor":1,"turns":1},{"damage":0,"enemies":"Jaw Worm","floor":4,"turns":1},{"damage":0,"enemies":"Gremlin Nob","floor":7,"turns":1},{"damage":0,"enemies":"Cultist","floor":11,"turns":2},{"damage":25,"enemies":"Lagavulin","floor":13,"turns":5},{"damage":25,"enemies":"Slime Boss","floor":16,"turns":5},{"damage":6,"enemies":"3 Byrds","floor":18,"turns":3},{"damage":0,"enemies":"Shell Parasite","floor":20,"turns":2},{"damage":9,"enemies":"3 Cultists","floor":22,"turns":4},{"damage":8,"enemies":"Snecko","floor":24,"turns":3},{"damage":23,"enemies":"Book of Stabbing","floor":25,"turns":3},{"damage":1,"enemies":"Slavers","floor":27,"turns":2},{"damage":0,"enemies":"Sentry and Sphere","floor":30,"turns":3},{"damage":0,"enemies":"Cultist and Chosen","floor":31,"turns":4},{"damage":44,"enemies":"Automaton","floor":33,"turns":10},{"damage":5,"enemies":"3 Darklings","floor":35,"turns":4},{"damage":0,"enemies":"Orb Walker","floor":37,"turns":1},{"damage":21,"enemies":"Nemesis","floor":45,"turns":3},{"damage":27,"enemies":"Giant Head","floor":47,"turns":5},{"damage":13,"enemies":"Maw","floor":48,"turns":4},{"damage":49,"enemies":"Time Eater","floor":50,"turns":5}],"seed_played":"7771034800172790763","potions_obtained":[{"floor":4,"key":"SteroidPotion"},{"floor":11,"key":"EntropicBrew"},{"floor":16,"key":"Dexterity Potion"},{"floor":18,"key":"Energy Potion"},{"floor":20,"key":"SteroidPotion"},{"floor":22,"key":"DuplicationPotion"},{"floor":25,"key":"EssenceOfSteel"},{"floor":27,"key":"AttackPotion"},{"floor":30,"key":"Weak Potion"},{"floor":31,"key":"Weak Potion"},{"floor":33,"key":"DistilledChaos"},{"floor":35,"key":"Strength Potion"},{"floor":45,"key":"DuplicationPotion"},{"floor":47,"key":"Poison Potion"},{"floor":48,"key":"SpeedPotion"}],"is_trial":false,"path_per_floor":["M","?","?","M","$","R","E","R","T","R","M","?","E","$","R","B",null,"M","?","M","?","M","R","M","E","T","E","?","R","M","M","R","B",null,"M","?","M","?","T","R","$","R","T","R","E","$","E","M","R","B"],"character_chosen":"THE_SILENT","items_purchased":["Blade Dance","DollysMirror","Well Laid Plans","Cloak And Dagger","TwistedFunnel","Vajra","Adrenaline","Membership Card","Pantograph"],"campfire_rested":2,"item_purchase_floors":[5,14,14,14,41,41,41,46,46],"current_hp_per_floor":[59,59,59,59,59,59,59,59,59,59,59,48,23,23,23,19,54,48,48,48,48,39,39,31,8,8,7,7,26,26,26,45,1,50,45,45,45,76,76,76,76,76,83,83,62,62,35,22,22,0,0],"gold":503,"neow_bonus":"THREE_ENEMY_KILL","is_daily":false,"chose_seed":false,"campfire_upgraded":8,"win_rate":0.0,"timestamp":1612777795,"path_taken":["M","?","?","M","$","R","E","R","T","R","M","?","E","?","R","BOSS","M","?","M","?","?","R","M","E","T","E","?","R","M","M","R","BOSS","M","?","M","?","?","R","$","R","T","R","E","$","E","M","R","BOSS"],"items_purchased_type":["Card","Relic","Card","Card","Relic","Relic","Card","Relic","Relic"],"build_version":"2020-12-22","purchased_purges":3,"victory":false,"max_hp_per_floor":[66,66,66,66,66,66,66,66,66,66,66,66,66,66,66,66,66,66,66,66,66,66,66,66,66,66,66,66,66,66,66,66,66,66,66,66,66,76,76,76,76,76,83,83,83,83,83,83,83,83,83],"card_choices":[{"not_picked":["Dodge and Roll","Prepared"],"picked":"Flying Knee","floor":1},{"not_picked":["Dodge and Roll","Outmaneuver"],"picked":"Poisoned Stab","floor":4},{"not_picked":["Backflip","Quick Slash"],"picked":"Skewer","floor":7},{"not_picked":["Prepared","Quick Slash"],"picked":"Blade Dance","floor":11},{"not_picked":["Escape Plan","Dagger Throw"],"picked":"After Image","floor":13},{"not_picked":["Tools of the Trade","A Thousand Cuts"],"picked":"Die Die Die","floor":16},{"not_picked":["Bane","Expertise","Tactician"],"picked":"SKIP","floor":18},{"not_picked":["Slice","Dagger Throw","Outmaneuver"],"picked":"SKIP","floor":20},{"not_picked":["Riddle With Holes","Bouncing Flask"],"picked":"Adrenaline","floor":22},{"not_picked":["Sucker Punch","Outmaneuver"],"picked":"Backstab","floor":24},{"not_picked":["Skewer","Poisoned Stab+1"],"picked":"Blade Dance","floor":25},{"not_picked":["Setup","Dodge and Roll"],"picked":"Malaise","floor":27},{"not_picked":["Reflex","Sucker Punch"],"picked":"PiercingWail","floor":30},{"not_picked":["Backflip","Slice+1"],"picked":"Endless Agony","floor":31},{"not_picked":["Die Die Die","Storm of Steel"],"picked":"Corpse Explosion","floor":33},{"not_picked":["Acrobatics","Leg Sweep"],"picked":"Terror+1","floor":35},{"not_picked":["Backflip","Dagger Throw"],"picked":"Bouncing Flask","floor":37},{"not_picked":["Deadly Poison","Deflect","Dagger Spray"],"picked":"SKIP","floor":45},{"not_picked":["Skewer+1","Predator"],"picked":"PiercingWail+1","floor":47},{"not_picked":["Dagger Throw","Dagger Spray","Concentrate+1"],"picked":"SKIP","floor":48}],"player_experience":506162,"relics_obtained":[{"floor":7,"key":"Sundial"},{"floor":9,"key":"Omamori"},{"floor":13,"key":"White Beast Statue"},{"floor":25,"key":"Tiny Chest"},{"floor":26,"key":"Bottled Lightning"},{"floor":27,"key":"Snake Skull"},{"floor":43,"key":"Strawberry"},{"floor":45,"key":"Mercury Hourglass"},{"floor":47,"key":"Bottled Flame"}],"event_choices":[{"damage_healed":0,"gold_gain":0,"cards_transformed":["Strike_G"],"player_choice":"Change","damage_taken":0,"max_hp_gain":0,"max_hp_loss":0,"event_name":"Living Wall","floor":2,"gold_loss":0,"cards_obtained":["Phantasmal Killer"]},{"damage_healed":0,"gold_gain":150,"player_choice":"AGREE","damage_taken":0,"max_hp_gain":0,"max_hp_loss":0,"event_name":"Liars Game","floor":3,"gold_loss":0,"cards_obtained":["Doubt"]},{"damage_healed":0,"gold_gain":75,"player_choice":"Gather Gold","damage_taken":11,"max_hp_gain":0,"max_hp_loss":0,"event_name":"World of Goop","floor":12,"gold_loss":0},{"damage_healed":0,"gold_gain":0,"player_choice":"Simplicity","damage_taken":0,"max_hp_gain":0,"max_hp_loss":0,"event_name":"Back to Basics","floor":19,"gold_loss":0,"cards_upgraded":["Strike_G","Strike_G","Strike_G","Strike_G","Defend_G","Defend_G","Defend_G","Defend_G","Defend_G"]},{"damage_healed":0,"gold_gain":0,"player_choice":"Upgraded","damage_taken":0,"max_hp_gain":0,"max_hp_loss":0,"event_name":"Upgrade Shrine","floor":21,"gold_loss":0,"cards_upgraded":["Die Die Die"]},{"damage_healed":0,"gold_gain":0,"player_choice":"Opened","damage_taken":0,"relics_obtained":["The Specimen"],"max_hp_gain":0,"max_hp_loss":0,"event_name":"The Mausoleum","floor":28,"gold_loss":0,"cards_obtained":["Writhe"]},{"damage_healed":0,"gold_gain":999,"player_choice":"Gold","damage_taken":0,"max_hp_gain":0,"max_hp_loss":0,"event_name":"MindBloom","floor":36,"gold_loss":0,"cards_obtained":["Normality","Normality"]},{"cards_removed":["Glass Knife"],"damage_healed":21,"gold_gain":0,"player_choice":"Offered Rare","damage_taken":0,"max_hp_gain":10,"max_hp_loss":0,"event_name":"Bonfire Elementals","floor":38,"gold_loss":0}],"is_beta":false,"boss_relics":[{"not_picked":["Ring of the Serpent","HoveringKite"],"picked":"WristBlade"},{"not_picked":["Busted Crown","Runic Pyramid"],"picked":"Pandora\u0027s Box"}],"items_purged_floors":[5,41,46],"is_endless":false,"potions_floor_spawned":[4,11,13,16,18,20,22,24,25,27,30,31,33,35,37,45,47,48],"killed_by":"Time Eater","ascension_level":18}}