{"host":"vumwfieg2b2mnrfl","time":1612758603,"event":{"mods":["AchievementEnabler","BaseMod","Minty Spire (QoL Compilation)","Rare Cards Sparkle","Relic Stats"],"gold_per_floor":[117,117,132,51,62,62,72,106,106,106,106,106,121,152,152,231,231,248,248,268,281,191,225,225,239,239,267,267,267,286,304,304,380,380,399,415,465,479,497,497,524,524,524,524,200,200,228,245,245,245,245],"floor_reached":50,"language":"ENG","playtime":2175,"items_purged":["Shame","Concentrate"],"score":1229,"play_id":"7f3fb752-c750-4b1b-90a5-a0ae431e6bdd","local_time":"20210207223003","is_ascension_mode":true,"campfire_choices":[{"data":"Endless Agony","floor":6.0,"key":"SMITH"},{"floor":11.0,"key":"REST"},{"data":"Footwork","floor":15.0,"key":"SMITH"},{"data":"Blade Dance","floor":24.0,"key":"SMITH"},{"floor":28.0,"key":"REST"},{"data":"Blade Dance","floor":32.0,"key":"SMITH"},{"data":"Night Terror","floor":40.0,"key":"SMITH"},{"data":"Well Laid Plans","floor":42.0,"key":"SMITH"},{"data":"Burst","floor":44.0,"key":"SMITH"},{"data":"Deadly Poison","floor":49,"key":"SMITH"}],"circlet_count":0,"master_deck":["AscendersBane","Survivor","Neutralize+1","Choke","Endless Agony+1","Footwork+1","Dagger Throw","Masterful Stab","Tools of the Trade","Adrenaline","Phantasmal Killer","CurseOfTheBell","Prepared+1","Tactician+1","Blade Dance+1","Deflect","Accuracy","Terror","Footwork","Acrobatics","Blade Dance+1","Blade Dance","Night Terror+1","Expertise","Distraction","Dagger Throw","Dagger Spray","Predator","Masterful Stab","Quick Slash","Corpse Explosion","Well Laid Plans+1","Escape Plan","Catalyst+1","Burst+1","Deadly Poison+1","Leg Sweep","After Image"],"relics":["WristBlade","Smiling Mask","Bag of Preparation","Ninja Scroll","Art of War","Calling Bell","Happy Flower","Eternal Feather","Prayer Wheel","FossilizedHelix","Ancient Tea Set","Gremlin Horn","Centennial Puzzle","Pandora\u0027s Box","Pocketwatch","Girya","Membership Card","Lantern"],"acts_visited":["Exordium","TheCity","TheBeyond"],"potions_floor_usage":[50],"damage_taken":[{"damage":0.0,"enemies":"Jaw Worm","floor":1.0,"turns":4.0},{"damage":1.0,"enemies":"Cultist","floor":3.0,"turns":3.0},{"damage":1.0,"enemies":"2 Louse","floor":5.0,"turns":3.0},{"damage":4.0,"enemies":"Blue Slaver","floor":7.0,"turns":4.0},{"damage":19.0,"enemies":"3 Sentries","floor":8.0,"turns":10.0},{"damage":0.0,"enemies":"3 Louse","floor":13.0,"turns":2.0},{"damage":1.0,"enemies":"Lagavulin","floor":14.0,"turns":5.0},{"damage":16.0,"enemies":"Slime Boss","floor":16.0,"turns":9.0},{"damage":14.0,"enemies":"Shell Parasite","floor":18.0,"turns":4.0},{"damage":0.0,"enemies":"Spheric Guardian","floor":20.0,"turns":1.0},{"damage":11.0,"enemies":"3 Cultists","floor":21.0,"turns":5.0},{"damage":5.0,"enemies":"Book of Stabbing","floor":23.0,"turns":3.0},{"damage":3.0,"enemies":"Cultist and Chosen","floor":25.0,"turns":4.0},{"damage":36.0,"enemies":"Gremlin Leader","floor":27.0,"turns":6.0},{"damage":0.0,"enemies":"Centurion and Healer","floor":30.0,"turns":3.0},{"damage":0.0,"enemies":"3 Cultists","floor":31.0,"turns":2.0},{"damage":50.0,"enemies":"Automaton","floor":33.0,"turns":7.0},{"damage":21.0,"enemies":"3 Shapes","floor":35.0,"turns":5.0},{"damage":0.0,"enemies":"Orb Walker","floor":36.0,"turns":2.0},{"damage":0.0,"enemies":"Transient","floor":38.0,"turns":6.0},{"damage":0.0,"enemies":"Jaw Worm Horde","floor":39.0,"turns":2.0},{"damage":0.0,"enemies":"Nemesis","floor":41.0,"turns":3.0},{"damage":13.0,"enemies":"Giant Head","floor":47.0,"turns":4.0},{"damage":0,"enemies":"Sphere and 2 Shapes","floor":48,"turns":3},{"damage":120,"enemies":"Time Eater","floor":50,"turns":9}],"seed_played":"3088918367729453666","potions_obtained":[{"floor":3.0,"key":"Poison Potion"},{"floor":8.0,"key":"Energy Potion"},{"floor":16.0,"key":"DistilledChaos"},{"floor":20.0,"key":"Swift Potion"},{"floor":23.0,"key":"LiquidBronze"},{"floor":25.0,"key":"FairyPotion"},{"floor":41.0,"key":"LiquidMemories"}],"is_trial":false,"path_per_floor":["M","?","M","$","M","R","M","E","T","?","R","?","M","E","R","B",null,"M","?","M","M","$","E","R","M","T","E","R","?","M","M","R","B",null,"M","M","?","M","M","R","E","R","T","R","$","?","E","M","R","B"],"character_chosen":"THE_SILENT","items_purchased":["Footwork","Footwork","Membership Card","Lantern","Deadly Poison"],"campfire_rested":2,"item_purchase_floors":[4,22,45,45,45],"current_hp_per_floor":[59,59,58,58,57,57,53,34,34,23,42,42,42,41,41,25,56,42,42,42,31,31,26,41,38,38,2,39,39,39,39,57,7,51,30,30,30,30,30,51,51,66,66,66,66,66,53,53,66,0,0],"gold":245,"neow_bonus":"BOSS_RELIC","is_daily":false,"chose_seed":false,"campfire_upgraded":8,"win_rate":0.0,"timestamp":1612758603,"path_taken":["M","?","?","$","M","R","M","E","T","?","R","?","M","E","R","BOSS","M","?","M","M","$","E","R","M","T","E","R","?","M","M","R","BOSS","M","M","?","M","?","R","E","R","T","R","?","?","E","M","R","BOSS"],"items_purchased_type":["Card","Card","Relic","Relic","Card"],"build_version":"2020-12-22","purchased_purges":2,"victory":false,"max_hp_per_floor":[66,66,66,66,66,66,66,66,66,66,66,66,66,66,66,66,66,66,66,66,66,66,66,66,66,66,66,66,66,66,66,66,66,66,66,66,66,66,66,66,66,66,66,66,66,66,66,66,66,66,66],"relic_stats":{"Centennial Puzzle":[12],"Happy Flower":[23],"Gremlin Horn":[16,16],"counters":[25,109],"Eternal Feather":100,"Prayer Wheel":11,"Pandora\u0027s Box":["Expertise","Distraction","Dagger Throw","Dagger Spray","Predator","Masterful Stab","Concentrate","Quick Slash","Corpse Explosion","Well Laid Plans"],"Bag of Preparation":[39],"Art of War":[11],"Smiling Mask":25,"obtain_stats":[{"Girya":43,"Lantern":45,"Happy Flower":17,"Gremlin Horn":26,"Eternal Feather":17,"Bag of Preparation":9,"Smiling Mask":8,"Ancient Tea Set":23,"Calling Bell":17,"Centennial Puzzle":27,"WristBlade":0,"Ninja Scroll":10,"Prayer Wheel":17,"Pandora\u0027s Box":34,"Art of War":14,"Membership Card":45,"FossilizedHelix":19,"Ring of the Snake":0,"Pocketwatch":41},{"Girya":22,"Lantern":22,"Happy Flower":8,"Gremlin Horn":13,"Eternal Feather":8,"Bag of Preparation":5,"Smiling Mask":5,"Ancient Tea Set":12,"Calling Bell":8,"Centennial Puzzle":14,"WristBlade":0,"Ninja Scroll":5,"Prayer Wheel":8,"Pandora\u0027s Box":17,"Art of War":7,"Membership Card":22,"FossilizedHelix":9,"Ring of the Snake":0,"Pocketwatch":22},{"Girya":93,"Lantern":93,"Happy Flower":40,"Gremlin Horn":57,"Eternal Feather":40,"Bag of Preparation":24,"Smiling Mask":24,"Ancient Tea Set":53,"Calling Bell":40,"Centennial Puzzle":63,"WristBlade":0,"Ninja Scroll":24,"Prayer Wheel":40,"Pandora\u0027s Box":75,"Art of War":31,"Membership Card":93,"FossilizedHelix":44,"Ring of the Snake":0,"Pocketwatch":93}],"Pocketwatch":[15]},"card_choices":[{"not_picked":["Prepared","Dodge and Roll"],"picked":"Choke","floor":1.0},{"not_picked":["Eviscerate","Bane"],"picked":"Endless Agony","floor":3.0},{"not_picked":["Endless Agony","Choke"],"picked":"Dagger Throw","floor":5.0},{"not_picked":["Outmaneuver","Unload"],"picked":"Masterful Stab","floor":7.0},{"not_picked":["Underhanded Strike","Quick Slash"],"picked":"Tools of the Trade","floor":8.0},{"not_picked":["Dagger Spray","Distraction","Acrobatics"],"picked":"SKIP","floor":13.0},{"not_picked":["Dagger Spray","Underhanded Strike"],"picked":"Adrenaline","floor":14.0},{"not_picked":["Tools of the Trade","Bullet Time"],"picked":"Phantasmal Killer","floor":16.0},{"not_picked":["Deflect","Bane"],"picked":"Prepared+1","floor":18.0},{"not_picked":["Bane","Concentrate"],"picked":"Tactician+1","floor":18.0},{"not_picked":["Dagger Spray","Flying Knee"],"picked":"Blade Dance","floor":20.0},{"not_picked":["Dagger Spray","Deflect","Riddle With Holes"],"picked":"SKIP","floor":20.0},{"not_picked":["Dagger Spray","Riddle With Holes"],"picked":"Deflect","floor":20.0},{"not_picked":["Deadly Poison","Endless Agony"],"picked":"Accuracy","floor":21.0},{"not_picked":["Sucker Punch+1","Prepared"],"picked":"Terror","floor":21.0},{"not_picked":["Concentrate","Prepared","Distraction"],"picked":"SKIP","floor":23.0},{"not_picked":["Choke","Caltrops"],"picked":"Acrobatics","floor":25.0},{"not_picked":["Grand Finale","Blur","Underhanded Strike"],"picked":"SKIP","floor":25.0},{"not_picked":["Flying Knee","Die Die Die"],"picked":"Blade Dance","floor":27.0},{"not_picked":["Quick Slash","Cloak And Dagger"],"picked":"Blade Dance","floor":30.0},{"not_picked":["Dagger Spray","Bane+1","Crippling Poison"],"picked":"SKIP","floor":30.0},{"not_picked":["Underhanded Strike","Predator","Dash"],"picked":"SKIP","floor":31.0},{"not_picked":["Poisoned Stab","Tools of the Trade","Dagger Throw"],"picked":"SKIP","floor":31.0},{"not_picked":["Wraith Form v2","Die Die Die"],"picked":"Night Terror","floor":33.0},{"not_picked":["Setup","Acrobatics","Outmaneuver"],"picked":"SKIP","floor":35.0},{"not_picked":["Reflex","Underhanded Strike","Quick Slash"],"picked":"SKIP","floor":35.0},{"not_picked":["Setup","Deadly Poison","Quick Slash+1"],"picked":"SKIP","floor":36.0},{"not_picked":["Escape Plan","Deadly Poison","Backstab"],"picked":"SKIP","floor":36.0},{"not_picked":["Deadly Poison","Backstab"],"picked":"Escape Plan","floor":36.0},{"not_picked":["Setup","Deadly Poison","Quick Slash+1"],"picked":"SKIP","floor":36.0},{"not_picked":["PiercingWail","Flechettes","Bane"],"picked":"SKIP","floor":38.0},{"not_picked":["Concentrate","Prepared","Infinite Blades"],"picked":"SKIP","floor":38.0},{"not_picked":["Cloak And Dagger","PiercingWail"],"picked":"Catalyst+1","floor":39.0},{"not_picked":["Quick Slash+1","Blade Dance"],"picked":"Burst","floor":39.0},{"not_picked":["Blade Dance","Blur","Reflex"],"picked":"SKIP","floor":41.0},{"not_picked":["Cloak And Dagger+1","Terror+1"],"picked":"Leg Sweep","floor":47},{"not_picked":["Flying Knee","Dodge and Roll"],"picked":"After Image","floor":48},{"not_picked":["Backflip","Flying Knee","Blade Dance"],"picked":"SKIP","floor":48}],"player_experience":535773,"relics_obtained":[{"floor":8.0,"key":"Smiling Mask"},{"floor":9.0,"key":"Bag of Preparation"},{"floor":14.0,"key":"Art of War"},{"floor":17.0,"key":"Happy Flower"},{"floor":17.0,"key":"Eternal Feather"},{"floor":17.0,"key":"Prayer Wheel"},{"floor":23.0,"key":"Ancient Tea Set"},{"floor":26.0,"key":"Gremlin Horn"},{"floor":27.0,"key":"Centennial Puzzle"},{"floor":41.0,"key":"Pocketwatch"},{"floor":43.0,"key":"Girya"}],"event_choices":[{"damage_healed":0.0,"max_hp_gain":0.0,"max_hp_loss":0.0,"gold_gain":0.0,"event_name":"Upgrade Shrine","player_choice":"Upgraded","floor":2.0,"gold_loss":0.0,"damage_taken":0.0,"cards_upgraded":["Neutralize"]},{"damage_healed":0.0,"max_hp_gain":0.0,"max_hp_loss":0.0,"gold_gain":0.0,"event_name":"Scrap Ooze","player_choice":"Success","floor":10.0,"gold_loss":0.0,"damage_taken":11.0,"relics_obtained":["Ninja Scroll"]},{"damage_healed":0.0,"max_hp_gain":0.0,"max_hp_loss":0.0,"gold_gain":0.0,"event_name":"Shining Light","player_choice":"Ignored","floor":12.0,"gold_loss":0.0,"damage_taken":0.0},{"damage_healed":0.0,"max_hp_gain":0.0,"max_hp_loss":0.0,"gold_gain":0.0,"event_name":"Addict","player_choice":"Stole Relic","floor":19.0,"gold_loss":0.0,"damage_taken":0.0,"relics_obtained":["FossilizedHelix"],"cards_obtained":["Shame"]},{"damage_healed":0.0,"max_hp_gain":0.0,"max_hp_loss":0.0,"gold_gain":0.0,"event_name":"The Mausoleum","player_choice":"Ignored","floor":29.0,"gold_loss":0.0,"damage_taken":0.0},{"damage_healed":0.0,"max_hp_gain":0.0,"max_hp_loss":0.0,"gold_gain":50.0,"event_name":"Golden Shrine","player_choice":"Pray","floor":37.0,"gold_loss":0.0,"damage_taken":0.0},{"damage_healed":0.0,"max_hp_gain":0.0,"max_hp_loss":0.0,"gold_gain":0.0,"event_name":"SecretPortal","player_choice":"Ignored","floor":46.0,"gold_loss":0.0,"damage_taken":0.0}],"is_beta":false,"boss_relics":[{"not_picked":["Velvet Choker","Tiny House"],"picked":"Calling Bell"},{"not_picked":["HoveringKite","Cursed Key"],"picked":"Pandora\u0027s Box"}],"items_purged_floors":[22,45],"is_endless":false,"potions_floor_spawned":[3,8,16,20,21,23,25,33,35,41,48],"killed_by":"Time Eater","ascension_level":20}}