{"host":"1y3caoxlf2txzqg0","time":1612821448,"event":{"mods":["Alarm Clock","BaseMod","Colored Map","DeckTracker","Downfall","GifTheSpireLib","Minty Spire (QoL Compilation)","Rare Cards Sparkle","Relic Stats","Spire Birthday Party","StSLib"],"gold_per_floor":[99,113,130,130,23,48,74,86,86,104,129,29,64,81,100,195,195,95,112,126,126,126,126,126],"floor_reached":22,"language":"DEU","playtime":3272,"items_purged":[],"score":252,"play_id":"7c9568e3-8a39-42a2-a294-2e3970d88682","local_time":"20210208225728","is_ascension_mode":true,"campfire_choices":[{"floor":1,"key":"RECALL"},{"floor":9,"key":"REST"},{"floor":12,"key":"REST"},{"data":"Slimebound:Split","floor":18,"key":"SMITH"}],"circlet_count":0,"master_deck":["Slimebound:Strike_Slimebound","Slimebound:Strike_Slimebound","Slimebound:Strike_Slimebound","Slimebound:Tackle","Slimebound:Defend_Slimebound","Slimebound:Defend_Slimebound","Slimebound:Defend_Slimebound","Slimebound:Defend_Slimebound","Slimebound:Split+1","Slimebound:CorrosiveSpit","Slimebound:Equalize","Slimebound:RollThrough","Slimebound:SplitAcid","Slimebound:LevelUp","Slimebound:LivingWall","Slimebound:LeechLife","Slimebound:SplitMire","Slimebound:HauntingLick","Slimebound:GoopSpray","Slimebound:CheckThePlaybook","Slimebound:RollThrough","Slimebound:SpikyOuterGoop","Slimebound:MassRepurpose","Slimebound:SplitSpecialist","Slimebound:Prepare+1"],"relics":["Slimebound:AbsorbEndCombat","Bag of Preparation","Boot","Ancient Tea Set","Singing Bowl","downfall:HeartBlessingBlue","Pear","Black Star","downfall:HeartBlessingGreen"],"acts_visited":["Exordium","TheCity"],"potions_floor_usage":[14,16,22,22],"damage_taken":[{"damage":9,"enemies":"Jaw Worm","floor":2,"turns":4},{"damage":5,"enemies":"Small Slimes","floor":3,"turns":5},{"damage":10,"enemies":"downfall:FleeingMerchant","floor":5,"turns":4},{"damage":55,"enemies":"Lagavulin","floor":6,"turns":7},{"damage":3,"enemies":"Cultist","floor":8,"turns":5},{"damage":33,"enemies":"Large Slime","floor":10,"turns":6},{"damage":17,"enemies":"3 Sentries","floor":11,"turns":6},{"damage":16,"enemies":"Gremlin Nob","floor":13,"turns":3},{"damage":11,"enemies":"Gremlin Gang","floor":14,"turns":2},{"damage":14,"enemies":"Red Slaver","floor":15,"turns":4},{"damage":59,"enemies":"WA_ARCHETYPE_RETAIN","floor":16,"turns":8},{"damage":18,"enemies":"Chosen","floor":19,"turns":4},{"damage":86,"enemies":"Shelled Parasite and Fungi","floor":20,"turns":8},{"damage":24,"enemies":"Snake Plant","floor":22,"turns":1}],"seed_played":"-1976802155091384256","potions_obtained":[{"floor":2,"key":"Regen Potion"},{"floor":3,"key":"ColorlessPotion"},{"floor":11,"key":"DistilledChaos"},{"floor":13,"key":"LiquidBronze"},{"floor":14,"key":"EssenceOfSteel"},{"floor":21,"key":"CultistPotion"}],"is_trial":false,"path_per_floor":["R","M","M","?","$","E","T","M","R","M","E","R","E","M","M","B",null,"R","M","M","?","M"],"character_chosen":"SLIMEBOUND","items_purchased":["Slimebound:LevelUp","Slimebound:LivingWall"],"campfire_rested":2,"item_purchase_floors":[5,5],"current_hp_per_floor":[65,60,62,50,56,15,15,22,41,26,33,65,73,68,66,27,85,85,71,7,7,0,0,0],"gold":126,"neow_bonus":"RANDOM_COMMON_RELIC","is_daily":false,"chose_seed":false,"campfire_upgraded":1,"win_rate":0.0,"timestamp":1612821448,"path_taken":["R","M","M","?","$","E","T","M","R","M","E","R","E","M","M","BOSS","R","M","M","?","M"],"items_purchased_type":["Card","Card"],"build_version":"2020-12-22","purchased_purges":0,"victory":false,"max_hp_per_floor":[65,65,65,65,65,65,65,65,65,65,65,75,85,85,85,85,85,85,85,85,85,85,85,85],"relic_stats":{"Singing Bowl":0,"counters":[14,65],"Bag of Preparation":[28],"Black Star":0,"Boot":[3],"obtain_stats":[{"Pear":13,"Singing Bowl":11,"downfall:HeartBlessingBlue":12,"downfall:HeartBlessingGreen":18,"Slimebound:AbsorbEndCombat":0,"Bag of Preparation":0,"Black Star":17,"Boot":4,"Ancient Tea Set":6},{"Pear":8,"Singing Bowl":7,"downfall:HeartBlessingBlue":7,"downfall:HeartBlessingGreen":11,"Slimebound:AbsorbEndCombat":0,"Bag of Preparation":0,"Black Star":11,"Boot":2,"Ancient Tea Set":4},{"Pear":39,"Singing Bowl":36,"downfall:HeartBlessingBlue":36,"downfall:HeartBlessingGreen":52,"Slimebound:AbsorbEndCombat":0,"Bag of Preparation":0,"Black Star":52,"Boot":9,"Ancient Tea Set":20}]},"card_choices":[{"not_picked":["Slimebound:Schlurp","Slimebound:LivingWall"],"picked":"Slimebound:Equalize","floor":2},{"not_picked":["Slimebound:SplitSpecialist","Slimebound:GoopSpray"],"picked":"Slimebound:RollThrough","floor":3},{"not_picked":["Slimebound:SlimeSpikes","Slimebound:LeechEnergy"],"picked":"Slimebound:SplitAcid","floor":5},{"not_picked":["Slimebound:GoopSpray","Slimebound:ViciousTackle"],"picked":"Slimebound:LeechLife","floor":6},{"not_picked":["Slimebound:Chomp","Slimebound:SplitBruiser"],"picked":"Slimebound:SplitMire","floor":8},{"not_picked":["Slimebound:SlimeSpikes","Slimebound:RollThrough"],"picked":"Slimebound:HauntingLick","floor":10},{"not_picked":["Slimebound:SplitAcid","Slimebound:SamplingLick"],"picked":"Slimebound:GoopSpray","floor":11},{"not_picked":["Slimebound:SamplingLick","Slimebound:Chomp"],"picked":"Slimebound:CheckThePlaybook","floor":13},{"not_picked":["Slimebound:LivingWall","Slimebound:Dissolve"],"picked":"Slimebound:RollThrough","floor":14},{"not_picked":["Slimebound:HauntingLick","Slimebound:Schlurp"],"picked":"Slimebound:SpikyOuterGoop","floor":15},{"not_picked":["Slimebound:Teamwork","Slimebound:LeechLife"],"picked":"Slimebound:MassRepurpose","floor":16},{"not_picked":["Slimebound:ItLooksTasty","Slimebound:LeechingTouch"],"picked":"Slimebound:SplitSpecialist","floor":19},{"not_picked":["Slimebound:Repurpose","Slimebound:GoopTackle"],"picked":"Slimebound:Prepare+1","floor":20}],"player_experience":957086,"relics_obtained":[{"floor":6,"key":"Ancient Tea Set"},{"floor":11,"key":"Singing Bowl"},{"floor":13,"key":"Pear"}],"event_choices":[{"damage_healed":0,"gold_gain":0,"player_choice":"Success","damage_taken":12,"relics_obtained":["Boot"],"max_hp_gain":0,"max_hp_loss":0,"event_name":"Scrap Ooze","floor":4,"gold_loss":0}],"is_beta":false,"boss_relics":[{"not_picked":["Tiny House","Snecko Eye"],"picked":"Black Star"}],"items_purged_floors":[],"is_endless":false,"potions_floor_spawned":[2,3,11,13,14,15],"killed_by":"Snake Plant","ascension_level":2}}