{"host":"hf83sijwe64ts2lm","time":1612746609,"event":{"mods":["2.2 Compatiblity","BaseMod","Better Altar","Better Match","Better Note","Better Sensory Stone","Better Skull","Better Third Choice","Colored Map","Colored Powertips","Highlight Path","Hubris","Infinite Spire","Minty Spire (QoL Compilation)","Quick Restart","Rare Cards Sparkle","Relic Stats","Reliquary","Replay The Spire","Shop Mod","Spicy Shops","Spire Arcade","StSLib","Thieving Mod"],"gold_per_floor":[113,113,131,131,131,131,148,167,191,142,176,291,0,11,11,112,112,97,107,107,122,142,142,152,152,152,178,178,178],"floor_reached":28,"language":"ENG","playtime":745,"items_purged":[],"score":278,"play_id":"8e3a5388-1902-44e0-8232-1cf108d2a6e2","local_time":"20210207201009","is_ascension_mode":true,"campfire_choices":[{"floor":6.0,"key":"RECALL"},{"data":"Blind","floor":15.0,"key":"SMITH"},{"floor":23.0,"key":"REST"}],"circlet_count":0,"master_deck":["Strike_R","Strike_R","Strike_R","Strike_R","Strike_R","Defend_R","Defend_R","Defend_R","Defend_R","Bash+1","Replay:Undeath\u0027s Touch","Flame Barrier","ReplayTheSpireMod:Stacked","Twin Strike","Reaper","Thunderclap","Blind+1","Metallicize","Wild Strike","Clothesline","Demon Form","Iron Wave","Inflame+1","Armaments+1","Clothesline+1","Armaments+1","ReplayTheSpireMod:Splinters","Spot Weakness+1"],"relics":["Burning Blood","NeowsBlessing","hubris:Icosahedron","Juzu Bracelet","betterThird:SlimedRelic","StoneCalendar","Black Star","Bloody Idol","reliquary:RosewoodLute","infinitespire:Magic Flask"],"acts_visited":["Exordium","TheCity"],"potions_floor_usage":[28],"damage_taken":[{"damage":0.0,"enemies":"Jaw Worm","floor":1.0,"turns":1.0},{"damage":0.0,"enemies":"Small Slimes","floor":3.0,"turns":1.0},{"damage":0.0,"enemies":"2 Louse","floor":7.0,"turns":1.0},{"damage":5.0,"enemies":"Looter","floor":8.0,"turns":4.0},{"damage":4.0,"enemies":"Gremlin Nob","floor":11.0,"turns":5.0},{"damage":1.0,"enemies":"2 Fungi Beasts","floor":12.0,"turns":4.0},{"damage":7.0,"enemies":"Exordium Thugs","floor":14.0,"turns":5.0},{"damage":9.0,"enemies":"Fading Forest","floor":16.0,"turns":11.0},{"damage":18.0,"enemies":"2 Thieves","floor":18.0,"turns":5.0},{"damage":3.0,"enemies":"Spheric Guardian","floor":19.0,"turns":4.0},{"damage":14.0,"enemies":"Shelled Parasite and Fungi","floor":21.0,"turns":4.0},{"damage":27.0,"enemies":"Cultist and Chosen","floor":22.0,"turns":7.0},{"damage":23.0,"enemies":"Snake Plant","floor":24.0,"turns":5.0},{"damage":60,"enemies":"Gremlin Leader","floor":28,"turns":8}],"seed_played":"7359246847555802569","potions_obtained":[{"floor":7.0,"key":"Doom Potion"},{"floor":8.0,"key":"FairyPotion"},{"floor":14.0,"key":"Ancient Potion"},{"floor":19.0,"key":"LiquidBronze"}],"is_trial":false,"path_per_floor":["M","?","M","?","?","R","M","M","T","?","E","M","$","M","R","B",null,"M","M","?","M","M","R","M","?","T","?","E"],"character_chosen":"IRONCLAD","items_purchased":["Blind","Metallicize","Wild Strike"],"campfire_rested":1,"item_purchase_floors":[13,13,13],"current_hp_per_floor":[80,80,80,80,80,80,80,80,80,69,71,76,76,80,80,77,79,79,80,80,72,51,75,58,18,18,23,0,0],"gold":178,"neow_bonus":"THREE_ENEMY_KILL","is_daily":false,"chose_seed":false,"campfire_upgraded":1,"win_rate":0.0,"timestamp":1612746609,"path_taken":["M","?","M","?","?","R","M","M","T","?","E","M","?","M","R","BOSS","M","M","?","M","M","R","M","?","T","?","E"],"items_purchased_type":["Card","Card","Card"],"build_version":"2020-12-22","purchased_purges":0,"victory":false,"max_hp_per_floor":[80,80,80,80,80,80,80,80,80,80,80,80,80,80,80,80,80,80,80,80,80,80,80,80,80,80,80,80,80],"relic_stats":{"counters":[14,65],"Bloody Idol":5,"StoneCalendar":[251],"Juzu Bracelet":0,"Black Star":0,"obtain_stats":[{"hubris:Icosahedron":2,"NeowsBlessing":0,"betterThird:SlimedRelic":10,"Bloody Idol":25,"StoneCalendar":11,"Juzu Bracelet":9,"Black Star":17,"infinitespire:Magic Flask":27,"reliquary:RosewoodLute":26,"Burning Blood":0},{"hubris:Icosahedron":1,"NeowsBlessing":0,"betterThird:SlimedRelic":4,"Bloody Idol":13,"StoneCalendar":5,"Juzu Bracelet":4,"Black Star":8,"infinitespire:Magic Flask":13,"reliquary:RosewoodLute":13,"Burning Blood":0},{"hubris:Icosahedron":1,"NeowsBlessing":0,"betterThird:SlimedRelic":7,"Bloody Idol":57,"StoneCalendar":12,"Juzu Bracelet":7,"Black Star":32,"infinitespire:Magic Flask":57,"reliquary:RosewoodLute":57,"Burning Blood":0}],"Burning Blood":56},"card_choices":[{"not_picked":["Sword Boomerang","ReplayTheSpireMod:Corrosion Curse"],"picked":"Replay:Undeath\u0027s Touch","floor":1.0},{"not_picked":["Clothesline","Twin Strike"],"picked":"Flame Barrier","floor":3.0},{"not_picked":["Iron Wave","Havoc"],"picked":"ReplayTheSpireMod:Stacked","floor":7.0},{"not_picked":["ReplayTheSpireMod:Strike From Hell","Body Slam"],"picked":"Twin Strike","floor":8.0},{"not_picked":["Immolate","Rage"],"picked":"Reaper","floor":11.0},{"not_picked":["Shockwave","ReplayTheSpireMod:Corrosion Curse"],"picked":"Thunderclap","floor":12.0},{"not_picked":["Defy Death","True Grit"],"picked":"Clothesline","floor":14.0},{"not_picked":["Exhume","Replay:Many Hands"],"picked":"Demon Form","floor":16.0},{"not_picked":["Power Through","Abandon+1"],"picked":"Iron Wave","floor":18.0},{"not_picked":["Warcry+1","Sentinel+1"],"picked":"Inflame+1","floor":19.0},{"not_picked":["Shrug It Off","Heavy Blade"],"picked":"Armaments+1","floor":21.0},{"not_picked":["Havoc+1","Replay:Undeath\u0027s Touch"],"picked":"Clothesline+1","floor":22.0},{"not_picked":["Sword Boomerang+1","Bludgeon"],"picked":"Armaments+1","floor":24.0},{"not_picked":["Defy Death+1","Whirlwind"],"picked":"Spot Weakness+1","floor":27.0}],"player_experience":156128,"relics_obtained":[{"floor":9.0,"key":"Juzu Bracelet"},{"floor":11.0,"key":"StoneCalendar"},{"floor":26.0,"key":"reliquary:RosewoodLute"},{"floor":27.0,"key":"infinitespire:Magic Flask"}],"event_choices":[{"damage_healed":0.0,"max_hp_gain":0.0,"max_hp_loss":0.0,"gold_gain":0.0,"event_name":"The Cleric","player_choice":"Leave","floor":5.0,"gold_loss":0.0,"damage_taken":0.0},{"damage_healed":0.0,"max_hp_gain":0.0,"max_hp_loss":0.0,"gold_gain":0.0,"event_name":"betterThird:BetterGoop","player_choice":"Slimed","floor":10.0,"gold_loss":49.0,"damage_taken":11.0},{"damage_healed":0.0,"max_hp_gain":58.0,"max_hp_loss":18.0,"gold_gain":0.0,"event_name":"betterAltar:BetterAltar","player_choice":" Idol ","floor":25.0,"potions_obtained":[],"relics_lost":[],"gold_loss":0.0,"damage_taken":40.0,"relics_obtained":["Bloody Idol"]}],"is_beta":false,"boss_relics":[{"not_picked":["ReplayTheSpireMod:DimensionalGlitch","Replay:Bronze Core"],"picked":"Black Star"}],"items_purged_floors":[],"is_endless":false,"potions_floor_spawned":[7,8,14,19],"killed_by":"Gremlin Leader","ascension_level":5}}