{"host":"bxn2em57qlx5u4i0","time":1612822664,"event":{"mods":["BaseMod","Colored Map","Colored Powertips","Highlight Path","Minty Spire (QoL Compilation)","Random Character Button","Relic Sorter","Relic Stats","StSLib","SuperFastMode"],"gold_per_floor":[20,20,20,36,36,36,65,65,65,83,83,110,120,138,138,138,138],"floor_reached":16,"language":"ENG","playtime":274,"items_purged":[],"score":220,"play_id":"c5aa7044-a406-4766-9119-3726acd3d8ce","local_time":"20210208171744","is_ascension_mode":true,"campfire_choices":[{"data":"Crippling Poison","floor":6.0,"key":"SMITH"},{"data":"Neutralize","floor":8.0,"key":"SMITH"},{"data":"Blur","floor":11.0,"key":"SMITH"},{"data":"Leg Sweep","floor":15.0,"key":"SMITH"}],"circlet_count":0,"master_deck":["AscendersBane","Strike_G","Strike_G","Strike_G","Strike_G","Strike_G","Defend_G","Defend_G","Defend_G","Defend_G","Defend_G","Survivor","Neutralize+1","Corpse Explosion+1","Flying Knee","Crippling Poison+1","Escape Plan","Blur+1","Blade Dance","Leg Sweep+1","Backflip"],"relics":["Ring of the Snake","Orichalcum","Kunai","White Beast Statue","Centennial Puzzle"],"acts_visited":["Exordium"],"potions_floor_usage":[16],"damage_taken":[{"damage":0.0,"enemies":"Cultist","floor":1.0,"turns":4.0},{"damage":7.0,"enemies":"Jaw Worm","floor":4.0,"turns":4.0},{"damage":10.0,"enemies":"Lagavulin","floor":7.0,"turns":6.0},{"damage":0.0,"enemies":"2 Louse","floor":10.0,"turns":2.0},{"damage":55.0,"enemies":"Gremlin Nob","floor":12.0,"turns":5.0},{"damage":0.0,"enemies":"Gremlin Gang","floor":13.0,"turns":3.0},{"damage":0.0,"enemies":"Blue Slaver","floor":14.0,"turns":4.0},{"damage":4,"enemies":"The Guardian","floor":16,"turns":4}],"seed_played":"8072075799928388787","potions_obtained":[{"floor":1.0,"key":"Regen Potion"},{"floor":3.0,"key":"SkillPotion"},{"floor":7.0,"key":"Weak Potion"},{"floor":10.0,"key":"Swift Potion"},{"floor":12.0,"key":"SkillPotion"},{"floor":13.0,"key":"ColorlessPotion"},{"floor":14.0,"key":"Strength Potion"}],"is_trial":false,"path_per_floor":["M","?","?","M","?","R","E","R","T","M","R","E","M","M","R","B"],"character_chosen":"THE_SILENT","items_purchased":[],"campfire_rested":0,"item_purchase_floors":[],"current_hp_per_floor":[59,59,59,66,66,66,56,56,56,56,56,1,1,1,1,0,0],"gold":138,"neow_bonus":"THREE_RARE_CARDS","is_daily":false,"chose_seed":false,"campfire_upgraded":4,"win_rate":0.0,"timestamp":1612822664,"path_taken":["M","?","?","?","?","R","E","R","T","M","R","E","?","?","R","BOSS"],"items_purchased_type":[],"build_version":"2020-12-22","purchased_purges":0,"victory":false,"max_hp_per_floor":[66,66,66,66,66,66,66,66,66,66,66,66,66,66,66,66,66],"relic_stats":{"Centennial Puzzle":[0],"counters":[8,32],"Kunai":[5],"Orichalcum":[66],"obtain_stats":[{"Centennial Puzzle":12,"Kunai":7,"Orichalcum":5,"White Beast Statue":9,"Ring of the Snake":0},{"Centennial Puzzle":5,"Kunai":3,"Orichalcum":2,"White Beast Statue":3,"Ring of the Snake":0},{"Centennial Puzzle":21,"Kunai":14,"Orichalcum":8,"White Beast Statue":14,"Ring of the Snake":0}],"Ring of the Snake":[16]},"card_choices":[{"not_picked":["Burst","Grand Finale"],"picked":"Corpse Explosion","floor":0.0},{"not_picked":["Heel Hook","Dodge and Roll"],"picked":"Flying Knee","floor":1.0},{"not_picked":["Flying Knee","Deadly Poison"],"picked":"Crippling Poison","floor":4.0},{"not_picked":["Slice","Masterful Stab"],"picked":"Escape Plan","floor":7.0},{"not_picked":["Acrobatics","Footwork"],"picked":"Blur","floor":10.0},{"not_picked":["Doppelganger","Sucker Punch"],"picked":"Blade Dance","floor":12.0},{"not_picked":["Eviscerate","Outmaneuver"],"picked":"Leg Sweep","floor":13.0},{"not_picked":["Calculated Gamble","Setup"],"picked":"Backflip","floor":14.0}],"player_experience":3021283,"relics_obtained":[{"floor":7.0,"key":"Kunai"},{"floor":9.0,"key":"White Beast Statue"},{"floor":12.0,"key":"Centennial Puzzle"}],"event_choices":[{"damage_healed":0.0,"max_hp_gain":0.0,"max_hp_loss":0.0,"gold_gain":0.0,"event_name":"Living Wall","player_choice":"Grow","floor":2.0,"gold_loss":0.0,"damage_taken":0.0,"cards_upgraded":["Corpse Explosion"]},{"damage_healed":0.0,"max_hp_gain":0.0,"max_hp_loss":0.0,"gold_gain":0.0,"event_name":"Lab","player_choice":"Got Potions","floor":3.0,"gold_loss":0.0,"damage_taken":0.0},{"damage_healed":0.0,"max_hp_gain":0.0,"max_hp_loss":0.0,"gold_gain":0.0,"event_name":"WeMeetAgain","player_choice":"Gave Potion","floor":5.0,"gold_loss":0.0,"damage_taken":0.0,"relics_obtained":["Orichalcum"]}],"is_beta":false,"boss_relics":[],"items_purged_floors":[],"is_endless":false,"potions_floor_spawned":[1,7,10,12,13,14],"killed_by":"The Guardian","ascension_level":20}}