{"host":"Jinnai","time":1612743087,"event":{"mods":["BaseMod","Bestiary","Block Reminder","Colored Map","Colored Powertips","Curses Come First","Highlight Path","Minty Spire (QoL Compilation)","Permanent Neow","Potion Indicator Mod","Quick Restart","Relic Stats","StSLib","ojb\u0027s Info Mod"],"gold_per_floor":[114,114,133,152,2,2,21,59,134,134,172,172,191,210,210,335,335,354,373,373,113,132,151,151,170,170,170,170,208,227,265,265,390,390,409,428,30,30,30],"floor_reached":40,"language":"ENG","playtime":1502,"items_purged":["Strike_G","Strike_G"],"score":713,"play_id":"d70c8bc0-5b63-433e-a79e-822b578d0ffd","local_time":"20210207191127","daily_mods":["Heirloom","ControlledChaos","Lethality"],"is_ascension_mode":false,"campfire_choices":[{"data":"Eviscerate","floor":6,"key":"SMITH"},{"data":"Quick Slash","floor":10,"key":"SMITH"},{"data":"A Thousand Cuts","floor":15,"key":"SMITH"},{"data":"Wraith Form v2","floor":24,"key":"SMITH"},{"data":"Mayhem","floor":28,"key":"SMITH"},{"data":"Noxious Fumes","floor":32,"key":"SMITH"}],"circlet_count":0,"master_deck":["Strike_G","Strike_G","Strike_G","Defend_G","Defend_G","Defend_G","Defend_G","Defend_G","Survivor","Neutralize","Eviscerate+1","Outmaneuver","Acrobatics","Quick Slash+1","A Thousand Cuts+1","Backstab","Acrobatics","Wraith Form v2+1","Backflip","Cloak And Dagger+1","Mayhem+1","Noxious Fumes+1","PiercingWail+1","Quick Slash+1","Wraith Form v2+1","Corpse Explosion+1","Sucker Punch+1","Reflex+1","Phantasmal Killer+1","PiercingWail+1","Footwork+1","Cloak And Dagger+1"],"relics":["Ring of the Snake","Frozen Eye","Thread and Needle","Golden Idol","Pen Nib","Bird Faced Urn","Matryoshka","Boot","Philosopher\u0027s Stone","Vajra","Toxic Egg 2","InkBottle","Dream Catcher","Busted Crown","Bottled Lightning"],"acts_visited":["Exordium","TheCity","TheBeyond"],"potions_floor_usage":[8,11,16,29,30,33,33,39],"damage_taken":[{"damage":0,"enemies":"2 Louse","floor":1,"turns":3},{"damage":0,"enemies":"Jaw Worm","floor":3,"turns":3},{"damage":0,"enemies":"Cultist","floor":4,"turns":2},{"damage":0,"enemies":"Looter","floor":7,"turns":3},{"damage":0,"enemies":"Lagavulin","floor":8,"turns":3},{"damage":9,"enemies":"Gremlin Nob","floor":11,"turns":3},{"damage":16,"enemies":"Gremlin Gang","floor":13,"turns":5},{"damage":0,"enemies":"Red Slaver","floor":14,"turns":2},{"damage":29,"enemies":"The Guardian","floor":16,"turns":6},{"damage":5,"enemies":"Spheric Guardian","floor":18,"turns":3},{"damage":0,"enemies":"Chosen","floor":19,"turns":4},{"damage":24,"enemies":"Snake Plant","floor":22,"turns":2},{"damage":14,"enemies":"Cultist and Chosen","floor":23,"turns":4},{"damage":0,"enemies":"Snecko","floor":25,"turns":3},{"damage":5,"enemies":"Book of Stabbing","floor":29,"turns":5},{"damage":4,"enemies":"Sentry and Sphere","floor":30,"turns":3},{"damage":0,"enemies":"Gremlin Leader","floor":31,"turns":4},{"damage":49,"enemies":"Champ","floor":33,"turns":9},{"damage":10,"enemies":"Orb Walker","floor":35,"turns":2},{"damage":3,"enemies":"3 Darklings","floor":36,"turns":2},{"damage":32,"enemies":"Time Eater","floor":39,"turns":11}],"seed_played":"8884597751285247366","potions_obtained":[{"floor":3,"key":"SneckoOil"},{"floor":7,"key":"DuplicationPotion"},{"floor":14,"key":"CultistPotion"},{"floor":16,"key":"SpeedPotion"},{"floor":23,"key":"Fire Potion"},{"floor":25,"key":"PowerPotion"},{"floor":30,"key":"Energy Potion"},{"floor":33,"key":"PowerPotion"}],"is_trial":false,"path_per_floor":["M","?","M","M","$","R","M","E","T","R","E","?","M","M","R","B",null,"M","M","?","$","M","M","R","M","T","?","R","E","M","E","R","B",null,"M","M","$","?","B",null],"character_chosen":"THE_SILENT","items_purchased":["Pen Nib","Mayhem","Bottled Lightning","Cloak And Dagger+1"],"campfire_rested":0,"item_purchase_floors":[5,21,37,37],"current_hp_per_floor":[70,53,53,53,53,53,53,53,53,53,44,44,34,34,34,15,70,67,70,70,70,46,38,38,42,42,42,42,47,47,51,51,14,70,60,59,59,59,47],"gold":30,"neow_bonus":"","is_daily":true,"chose_seed":false,"campfire_upgraded":6,"win_rate":0.0,"timestamp":1612743087,"path_taken":["M","?","M","M","$","R","M","E","T","R","E","?","M","?","R","BOSS","M","M","?","$","M","M","R","M","T","?","R","E","M","E","R","BOSS","M","M","?","?","BOSS"],"items_purchased_type":["Relic","Card","Relic","Card"],"build_version":"2020-12-18","purchased_purges":2,"victory":true,"max_hp_per_floor":[70,70,70,70,70,70,70,70,70,70,70,70,70,70,70,70,70,70,70,70,70,70,70,70,70,70,70,70,70,70,70,70,70,70,70,70,70,70,70],"relic_stats":{"Dream Catcher":0,"Busted Crown":4,"counters":[21,82],"Golden Idol":159,"Bird Faced Urn":[83],"Pen Nib":[13],"Boot":[13],"obtain_stats":[{"Golden Idol":2,"Vajra":26,"Thread and Needle":0,"Pen Nib":5,"Boot":11,"Frozen Eye":0,"Dream Catcher":31,"Matryoshka":9,"Busted Crown":34,"Bird Faced Urn":8,"Philosopher\u0027s Stone":17,"Bottled Lightning":37,"Toxic Egg 2":26,"InkBottle":29,"Ring of the Snake":0},{"Golden Idol":1,"Vajra":14,"Thread and Needle":0,"Pen Nib":3,"Boot":6,"Frozen Eye":0,"Dream Catcher":17,"Matryoshka":5,"Busted Crown":18,"Bird Faced Urn":5,"Philosopher\u0027s Stone":9,"Bottled Lightning":20,"Toxic Egg 2":14,"InkBottle":15,"Ring of the Snake":0},{"Golden Idol":3,"Vajra":46,"Thread and Needle":0,"Pen Nib":8,"Boot":17,"Frozen Eye":0,"Dream Catcher":58,"Matryoshka":14,"Busted Crown":67,"Bird Faced Urn":14,"Philosopher\u0027s Stone":30,"Bottled Lightning":71,"Toxic Egg 2":46,"InkBottle":51,"Ring of the Snake":0}],"InkBottle":[11],"Ring of the Snake":[42]},"card_choices":[{"not_picked":["Prepared","Dodge and Roll","Deflect"],"picked":"SKIP","floor":1},{"not_picked":["Prepared","Deflect"],"picked":"Eviscerate","floor":3},{"not_picked":["PiercingWail","Dodge and Roll"],"picked":"Outmaneuver","floor":4},{"not_picked":["Dagger Throw","Sucker Punch"],"picked":"Acrobatics","floor":7},{"not_picked":["Flying Knee","Deflect"],"picked":"Quick Slash","floor":8},{"not_picked":["Reflex","Underhanded Strike"],"picked":"A Thousand Cuts","floor":11},{"not_picked":["Choke","Flying Knee"],"picked":"Backstab","floor":13},{"not_picked":["Flying Knee","Quick Slash"],"picked":"Acrobatics","floor":14},{"not_picked":["Corpse Explosion","Die Die Die"],"picked":"Wraith Form v2","floor":16},{"not_picked":["All Out Attack","Outmaneuver"],"picked":"Backflip","floor":18},{"not_picked":["PiercingWail","Acrobatics"],"picked":"Cloak And Dagger+1","floor":19},{"not_picked":["Heel Hook","PiercingWail"],"picked":"Noxious Fumes","floor":22},{"not_picked":["Expertise","Acrobatics"],"picked":"PiercingWail+1","floor":23},{"not_picked":["Outmaneuver","Cloak And Dagger"],"picked":"Quick Slash+1","floor":25},{"not_picked":["Concentrate+1","Prepared+1"],"picked":"Corpse Explosion+1","floor":29},{"not_picked":["PiercingWail+1","Outmaneuver+1"],"picked":"Sucker Punch+1","floor":30},{"not_picked":["PiercingWail+1","Slice"],"picked":"Reflex+1","floor":31},{"not_picked":["Storm of Steel+1","Adrenaline+1"],"picked":"Phantasmal Killer+1","floor":33},{"not_picked":[],"picked":"PiercingWail+1","floor":35},{"not_picked":[],"picked":"Footwork+1","floor":36}],"player_experience":1680943,"relics_obtained":[{"floor":8,"key":"Bird Faced Urn"},{"floor":9,"key":"Matryoshka"},{"floor":11,"key":"Boot"},{"floor":26,"key":"Vajra"},{"floor":26,"key":"Toxic Egg 2"},{"floor":29,"key":"InkBottle"},{"floor":31,"key":"Dream Catcher"}],"event_choices":[{"damage_healed":0,"gold_gain":0,"player_choice":"Take Damage","damage_taken":17,"relics_obtained":["Golden Idol"],"max_hp_gain":0,"max_hp_loss":0,"event_name":"Golden Idol","floor":2,"gold_loss":0},{"damage_healed":0,"gold_gain":0,"player_choice":"Ignored","damage_taken":0,"max_hp_gain":0,"max_hp_loss":0,"event_name":"Liars Game","floor":12,"gold_loss":0},{"damage_healed":0,"gold_gain":0,"player_choice":"Ignored","damage_taken":0,"max_hp_gain":0,"max_hp_loss":0,"event_name":"The Mausoleum","floor":20,"gold_loss":0},{"damage_healed":0,"gold_gain":0,"player_choice":"Copied","damage_taken":0,"max_hp_gain":0,"max_hp_loss":0,"event_name":"Duplicator","floor":27,"gold_loss":0,"cards_obtained":["Wraith Form v2"]},{"damage_healed":0,"gold_gain":0,"player_choice":"Took Portal","damage_taken":0,"max_hp_gain":0,"max_hp_loss":0,"event_name":"SecretPortal","floor":38,"gold_loss":0}],"is_beta":true,"boss_relics":[{"not_picked":["Ring of the Serpent","Black Star"],"picked":"Philosopher\u0027s Stone"},{"not_picked":["Astrolabe","Calling Bell"],"picked":"Busted Crown"}],"items_purged_floors":[21,37],"is_endless":false,"potions_floor_spawned":[3,7,14,16,23,25,30,33],"ascension_level":0}}