{"host":"0u8wq8q0l49hd262","time":1612793929,"event":{"mods":["2.2 Compatiblity","AchievementEnabler","Act Like it!","BaseMod","Better Note","Better Third Choice","Block Reminder","Colored Map","Colored Powertips","GifTheSpireLib","Highlight Path","Minty Spire (QoL Compilation)","Pale of the Ancients","Permanent Neow","Quick Restart","Rare Cards Sparkle","Relic Sorter","Relic Stats","StSLib","Transform Curses","egg","everything is the same but u backflip on backflip"],"gold_per_floor":[109,127,52,52,67,67,84,119,119,154,170,170,185,185,185,285,285,300,192,205,221,320,320,348,348,348,375,387,387,33,65,65,163,213,230,230,230],"floor_reached":36,"language":"ENG","playtime":2239,"items_purged":["Strike_B","Writhe"],"score":548,"play_id":"422303e2-d9f2-45c8-93a6-9c8da5c48326","local_time":"20210208151849","is_ascension_mode":true,"campfire_choices":[{"data":"Apotheosis","floor":6,"key":"SMITH"},{"data":"Genetic Algorithm","floor":12,"key":"SMITH"},{"floor":15,"key":"REST"},{"data":"Loop","floor":23,"key":"SMITH"},{"floor":32,"key":"REST"}],"circlet_count":0,"master_deck":["Defend_B+1","Defend_B","Defend_B","Zap","Dualcast","Apotheosis+1","Beam Cell","Redo","Doom and Gloom","Hologram+1","Self Repair","Genetic Algorithm+1","Redo","Machine Learning","Loop+1","Doom and Gloom","Turbo+1","Reboot+1","Amplify","Skim"],"relics":["Cracked Core","PreservedInsect","War Paint","InkBottle","Empty Cage","Lizard Tail","Dream Catcher","Strawberry","Letter Opener","Question Card","Lantern","Tiny House"],"acts_visited":["Exordium","TheCity","TheBeyond"],"potions_floor_usage":[13,13,21,21,24,28,33,36],"damage_taken":[{"damage":1,"enemies":"Cultist","floor":1,"turns":3},{"damage":0,"enemies":"2 Louse","floor":2,"turns":3},{"damage":12,"enemies":"Small Slimes","floor":5,"turns":2},{"damage":0,"enemies":"Blue Slaver","floor":7,"turns":2},{"damage":22,"enemies":"3 Sentries","floor":8,"turns":5},{"damage":0,"enemies":"Gremlin Nob","floor":10,"turns":2},{"damage":0,"enemies":"2 Fungi Beasts","floor":11,"turns":2},{"damage":0,"enemies":"Looter","floor":13,"turns":3},{"damage":18,"enemies":"Slime Boss","floor":16,"turns":7},{"damage":0,"enemies":"Chosen","floor":18,"turns":4},{"damage":7,"enemies":"Spheric Guardian","floor":20,"turns":4},{"damage":16,"enemies":"Snecko","floor":21,"turns":6},{"damage":35,"enemies":"Gremlin Leader","floor":24,"turns":5},{"damage":20,"enemies":"Slavers","floor":27,"turns":4},{"damage":48,"enemies":"Centurion and Healer","floor":28,"turns":8},{"damage":9,"enemies":"Gremlin Leader","floor":31,"turns":5},{"damage":11,"enemies":"Automaton","floor":33,"turns":6},{"damage":17,"enemies":"3 Shapes","floor":35,"turns":3},{"damage":94,"enemies":"2 Orb Walkers","floor":36,"turns":4}],"seed_played":"-4543737312699332909","potions_obtained":[{"floor":5,"key":"Block Potion"},{"floor":8,"key":"Fire Potion"},{"floor":11,"key":"SpeedPotion"},{"floor":16,"key":"Block Potion"},{"floor":20,"key":"DistilledChaos"},{"floor":27,"key":"Block Potion"},{"floor":31,"key":"DistilledChaos"},{"floor":33,"key":"Dexterity Potion"},{"floor":34,"key":"Strength Potion"},{"floor":35,"key":"Explosive Potion"}],"is_trial":false,"path_per_floor":["M","M","$","?","M","R","M","E","T","E","M","R","M","?","R","B",null,"M","$","M","M","?","R","E","?","T","E","M","?","$","E","R","B",null,"M","?"],"character_chosen":"DEFECT","items_purchased":["Loop","Doom and Gloom","Question Card"],"campfire_rested":2,"item_purchase_floors":[19,19,30],"current_hp_per_floor":[53,53,53,46,34,34,34,12,12,12,22,22,29,29,51,43,75,75,75,75,69,69,69,34,34,41,31,40,40,40,41,65,64,87,80,0,0],"gold":230,"neow_bonus":"RANDOM_COLORLESS_2","is_daily":false,"chose_seed":false,"campfire_upgraded":3,"win_rate":0.0,"timestamp":1612793929,"path_taken":["M","?","$","?","M","R","M","E","T","E","M","R","M","?","R","BOSS","M","$","M","M","?","R","E","?","T","E","M","?","$","E","R","BOSS","M","?"],"items_purchased_type":["Card","Card","Relic"],"build_version":"2020-12-22","purchased_purges":2,"victory":false,"max_hp_per_floor":[75,75,75,75,75,75,75,75,75,75,75,75,75,75,75,75,75,75,75,75,75,75,75,75,75,82,82,82,82,82,82,82,82,87,87,87,87],"relic_stats":{"Lizard Tail":41,"Dream Catcher":1,"counters":[19,78],"PreservedInsect":153,"Letter Opener":[121],"War Paint":["Defend_B","Hologram"],"Question Card":5,"obtain_stats":[{"Lizard Tail":24,"Dream Catcher":25,"Lantern":31,"Tiny House":34,"Strawberry":26,"PreservedInsect":8,"Letter Opener":27,"War Paint":9,"Cracked Core":0,"Empty Cage":17,"Question Card":30,"InkBottle":10},{"Lizard Tail":13,"Dream Catcher":13,"Lantern":16,"Tiny House":17,"Strawberry":13,"PreservedInsect":5,"Letter Opener":14,"War Paint":5,"Cracked Core":0,"Empty Cage":9,"Question Card":15,"InkBottle":6},{"Lizard Tail":48,"Dream Catcher":48,"Lantern":65,"Tiny House":71,"Strawberry":48,"PreservedInsect":15,"Letter Opener":52,"War Paint":15,"Cracked Core":0,"Empty Cage":29,"Question Card":60,"InkBottle":17}],"InkBottle":[22]},"card_choices":[{"not_picked":["Sadistic Nature","Metamorphosis"],"picked":"Apotheosis","floor":0},{"not_picked":["Barrage","Leap"],"picked":"Beam Cell","floor":1},{"not_picked":["Streamline","Hologram"],"picked":"Redo","floor":2},{"not_picked":["Beam Cell","Streamline"],"picked":"Doom and Gloom","floor":5},{"not_picked":["Go for the Eyes","Rebound"],"picked":"Hologram","floor":7},{"not_picked":["Stack","Ball Lightning"],"picked":"Self Repair","floor":8},{"not_picked":["Electrodynamics","Turbo"],"picked":"Genetic Algorithm","floor":10},{"not_picked":["Streamline","Force Field","Coolheaded"],"picked":"SKIP","floor":11},{"not_picked":["Recycle","Static Discharge"],"picked":"Redo","floor":13},{"not_picked":["Thunder Strike","Fission"],"picked":"Machine Learning","floor":16},{"not_picked":["Reprogram","Rebound","Chill"],"picked":"SKIP","floor":18},{"not_picked":["Ball Lightning","Aggregate","Cold Snap"],"picked":"SKIP","floor":20},{"not_picked":["Scrape","Leap"],"picked":"Turbo+1","floor":21},{"not_picked":["Compile Driver","Core Surge","Rebound"],"picked":"SKIP","floor":24},{"not_picked":["Cold Snap","Leap+1","Stack"],"picked":"SKIP","floor":27},{"not_picked":["Scrape+1","Beam Cell"],"picked":"Reboot","floor":28},{"not_picked":["Machine Learning","Scrape","Chaos","Blizzard+1"],"picked":"SKIP","floor":31},{"not_picked":["Machine Learning","Thunder Strike","Creative AI"],"picked":"Amplify","floor":33},{"not_picked":["Barrage+1","Conserve Battery","Compile Driver"],"picked":"Skim","floor":34},{"not_picked":["Steam","Sweeping Beam","Stack","Barrage+1"],"picked":"SKIP","floor":35}],"player_experience":394058,"relics_obtained":[{"floor":8,"key":"PreservedInsect"},{"floor":9,"key":"War Paint"},{"floor":10,"key":"InkBottle"},{"floor":24,"key":"Lizard Tail"},{"floor":26,"key":"Strawberry"},{"floor":27,"key":"Letter Opener"},{"floor":31,"key":"Lantern"}],"event_choices":[{"cards_removed":["Defend_B"],"damage_healed":0,"gold_gain":0,"player_choice":"Card Removal","damage_taken":7,"max_hp_gain":0,"max_hp_loss":0,"event_name":"Golden Wing","floor":4,"gold_loss":0},{"cards_removed":["Strike_B"],"damage_healed":0,"gold_gain":0,"player_choice":"Forget","damage_taken":0,"max_hp_gain":0,"max_hp_loss":0,"event_name":"Living Wall","floor":14,"gold_loss":0},{"damage_healed":0,"gold_gain":99,"player_choice":"Steal","damage_taken":0,"max_hp_gain":0,"max_hp_loss":0,"event_name":"betterThird:BetterNest","floor":22,"gold_loss":0},{"damage_healed":0,"gold_gain":0,"player_choice":"Opened","damage_taken":0,"relics_obtained":["Dream Catcher"],"max_hp_gain":0,"max_hp_loss":0,"event_name":"The Mausoleum","floor":25,"gold_loss":0,"cards_obtained":["Writhe"]},{"damage_healed":0,"gold_gain":0,"player_choice":"Ignored","damage_taken":0,"max_hp_gain":0,"max_hp_loss":0,"event_name":"Vampires","floor":29,"gold_loss":0},{"damage_healed":0,"gold_gain":0,"player_choice":"Fight","damage_taken":0,"max_hp_gain":0,"max_hp_loss":0,"event_name":"Mysterious Sphere","floor":36,"gold_loss":0}],"is_beta":false,"boss_relics":[{"not_picked":["Philosopher\u0027s Stone","SlaversCollar"],"picked":"Empty Cage"},{"not_picked":["Astrolabe","Runic Dome"],"picked":"Tiny House"}],"items_purged_floors":[3,30],"is_endless":false,"potions_floor_spawned":[5,8,11,16,20,27,31,33,35],"killed_by":"2 Orb Walkers","ascension_level":4}}