{"host":"z16h96csw6gsetxl","time":1612748089,"event":{"mods":["BaseMod","Minty Spire (QoL Compilation)"],"gold_per_floor":[118,68,68,87,87,125,137,189,226,238,238],"floor_reached":10,"language":"ZHS","playtime":519,"items_purged":[],"score":89,"play_id":"97d80431-ff12-4ee0-af16-c6dd982f16ba","local_time":"20210208093449","is_ascension_mode":true,"campfire_choices":[{"floor":7,"key":"REST"}],"circlet_count":0,"master_deck":["Strike_G","Strike_G","Strike_G","Strike_G","Strike_G","Defend_G","Defend_G","Defend_G","Survivor","Neutralize","Blur","Backflip","Terror","Backflip","Cloak And Dagger"],"relics":["Sozu","Golden Idol","MawBank","Snake Skull","Dream Catcher"],"acts_visited":["Exordium"],"potions_floor_usage":[],"damage_taken":[{"damage":0,"enemies":"Jaw Worm","floor":1,"turns":4},{"damage":8,"enemies":"Small Slimes","floor":4,"turns":4},{"damage":21,"enemies":"Gremlin Nob","floor":6,"turns":4},{"damage":7,"enemies":"3 Sentries","floor":8,"turns":12},{"damage":0,"enemies":"Gremlin Nob","floor":10,"turns":1}],"seed_played":"-781086984071394648","potions_obtained":[],"is_trial":false,"path_per_floor":["M","?","?","M","?","E","R","E","T","E"],"character_chosen":"THE_SILENT","items_purchased":[],"campfire_rested":1,"item_purchase_floors":[],"current_hp_per_floor":[70,70,65,57,57,36,55,48,48,48,48],"gold":238,"neow_bonus":"BOSS_RELIC","is_daily":false,"chose_seed":false,"campfire_upgraded":0,"win_rate":0.0,"timestamp":1612748089,"path_taken":["M","?","?","M","?","E","R","E","T","E"],"items_purchased_type":[],"build_version":"2020-12-22","purchased_purges":0,"victory":false,"max_hp_per_floor":[70,70,65,65,65,65,65,65,65,65,65],"card_choices":[{"not_picked":["Deflect","Leg Sweep"],"picked":"Blur","floor":1},{"not_picked":["Underhanded Strike","Bane"],"picked":"Backflip","floor":4},{"not_picked":["Deflect","Bane"],"picked":"Backflip","floor":6},{"not_picked":["Backflip","Acrobatics"],"picked":"Cloak And Dagger","floor":8}],"player_experience":90094,"relics_obtained":[{"floor":6,"key":"MawBank"},{"floor":8,"key":"Snake Skull"},{"floor":9,"key":"Dream Catcher"}],"event_choices":[{"cards_removed":["Defend_G"],"damage_healed":0,"gold_gain":0,"player_choice":"Card Removal","damage_taken":0,"max_hp_gain":0,"max_hp_loss":0,"event_name":"The Cleric","floor":2,"gold_loss":50},{"damage_healed":0,"gold_gain":0,"player_choice":"Lose Max HP","damage_taken":0,"relics_obtained":["Golden Idol"],"max_hp_gain":0,"max_hp_loss":5,"event_name":"Golden Idol","floor":3,"gold_loss":0},{"damage_healed":0,"gold_gain":0,"cards_transformed":["Defend_G"],"player_choice":"Transformed","damage_taken":0,"max_hp_gain":0,"max_hp_loss":0,"event_name":"Transmorgrifier","floor":5,"gold_loss":0,"cards_obtained":["Terror"]}],"is_beta":false,"boss_relics":[],"items_purged_floors":[],"is_endless":false,"potions_floor_spawned":[1,6],"killed_by":"Gremlin Nob","ascension_level":4}}