{"host":"dlqyscxstsnu98l1","time":1612826878,"event":{"mods":["AchievementEnabler","BaseMod","Colored Map","Colored Powertips","Downfall","GifTheSpireLib","Highlight Path","Minty Spire (QoL Compilation)","Random Character Button","SacredBarkPlus","StSLib","everything is the same but u backflip on backflip"],"gold_per_floor":[119,119,133,157,122,163,163,201,225,239,239,10,43,58,58,187,187,210,210,235,259,259,259,279,279,279],"floor_reached":25,"language":"ENG","playtime":1945,"items_purged":[],"score":339,"play_id":"5d733e59-00a4-434e-a762-8816748b413c","local_time":"20210208172758","is_ascension_mode":true,"campfire_choices":[{"data":"Study","floor":7.0,"key":"SMITH"},{"floor":11.0,"key":"REST"},{"data":"PathToVictory","floor":15.0,"key":"SMITH"},{"data":"Swivel","floor":23.0,"key":"SMITH"}],"circlet_count":0,"master_deck":["Eruption","Vigilance","PathToVictory","FollowUp","Wallop","Study+1","Sanctity","ClearTheMind","PathToVictory","Evaluate","PathToVictory+1","SpiritShield","FollowUp+1","Swivel+1","Fasting2","TalkToTheHand+1","InnerPeace","BattleHymn","SandsOfTime+1","Crescendo","EmptyBody+1","PathToVictory","WaveOfTheHand"],"relics":["PureWater","Golden Idol","Bag of Marbles","MealTicket","Blood Vial","Anchor","Molten Egg 2","Pandora\u0027s Box"],"acts_visited":["Exordium","TheCity"],"potions_floor_usage":[24,24],"damage_taken":[{"damage":14.0,"enemies":"Small Slimes","floor":1.0,"turns":6.0},{"damage":0.0,"enemies":"2 Louse","floor":3.0,"turns":3.0},{"damage":0.0,"enemies":"Cultist","floor":4.0,"turns":2.0},{"damage":8.0,"enemies":"Lagavulin","floor":6.0,"turns":5.0},{"damage":24.0,"enemies":"Gremlin Nob","floor":8.0,"turns":3.0},{"damage":2.0,"enemies":"Blue Slaver","floor":10.0,"turns":3.0},{"damage":17.0,"enemies":"Lagavulin","floor":13.0,"turns":8.0},{"damage":0.0,"enemies":"3 Louse","floor":14.0,"turns":3.0},{"damage":0.0,"enemies":"Slime Boss","floor":16.0,"turns":7.0},{"damage":17.0,"enemies":"2 Thieves","floor":18.0,"turns":4.0},{"damage":16.0,"enemies":"3 Byrds","floor":20.0,"turns":5.0},{"damage":9.0,"enemies":"Centurion and Healer","floor":21.0,"turns":5.0},{"damage":24,"enemies":"Sentry and Sphere","floor":24,"turns":6},{"damage":35,"enemies":"Book of Stabbing","floor":25,"turns":5}],"seed_played":"7240194787541398420","potions_obtained":[{"floor":3.0,"key":"PowerPotion"},{"floor":4.0,"key":"DistilledChaos"},{"floor":8.0,"key":"Weak Potion"},{"floor":10.0,"key":"BlessingOfTheForge"},{"floor":14.0,"key":"Dexterity Potion"},{"floor":20.0,"key":"Guardian:BlockOnCardUsePotion"}],"is_trial":false,"path_per_floor":["M","?","M","M","?","E","R","E","T","M","R","$","E","M","R","B",null,"M","?","M","M","?","R","M","E"],"character_chosen":"WATCHER","items_purchased":["PathToVictory","Anchor","Evaluate"],"campfire_rested":1,"item_purchase_floors":[12,12,12],"current_hp_per_floor":[58,58,58,58,67,59,59,35,35,35,55,67,50,52,52,54,67,50,77,61,54,54,54,32,0,0],"gold":279,"neow_bonus":"THREE_CARDS","is_daily":false,"chose_seed":false,"campfire_upgraded":3,"win_rate":0.0,"timestamp":1612826878,"path_taken":["M","?","M","M","?","E","R","E","T","M","R","$","E","M","R","BOSS","M","?","?","M","?","R","M","E"],"items_purchased_type":["Card","Relic","Card"],"build_version":"2020-12-22","purchased_purges":0,"victory":false,"max_hp_per_floor":[72,67,67,67,67,67,67,67,67,67,67,67,67,67,67,67,67,67,77,77,77,77,77,77,77,77],"card_choices":[{"not_picked":["Protect","JustLucky"],"picked":"PathToVictory","floor":0.0},{"not_picked":["FlyingSleeves","Vengeance"],"picked":"FollowUp","floor":1.0},{"not_picked":["Collect","CutThroughFate"],"picked":"Wallop","floor":3.0},{"not_picked":["DevaForm","LikeWater"],"picked":"Study","floor":4.0},{"not_picked":["CutThroughFate","ThirdEye"],"picked":"Sanctity","floor":6.0},{"not_picked":["WaveOfTheHand","WindmillStrike","CrushJoints"],"picked":"SKIP","floor":8.0},{"not_picked":["EmptyFist","WaveOfTheHand"],"picked":"ClearTheMind","floor":10.0},{"not_picked":["MentalFortress","SandsOfTime+1"],"picked":"PathToVictory","floor":13.0},{"not_picked":["Evaluate","JustLucky+1","FlyingSleeves+1"],"picked":"SKIP","floor":14.0},{"not_picked":["Devotion","Judgement"],"picked":"SpiritShield","floor":16.0},{"not_picked":["WreathOfFlame+1","FollowUp+1"],"picked":"Crescendo","floor":18.0},{"not_picked":["Worship","ClearTheMind"],"picked":"EmptyBody+1","floor":20.0},{"not_picked":["JustLucky+1","CrushJoints+1"],"picked":"PathToVictory","floor":21.0},{"not_picked":["CutThroughFate+1","Vault"],"picked":"WaveOfTheHand","floor":24}],"player_experience":166095,"relics_obtained":[{"floor":6.0,"key":"Bag of Marbles"},{"floor":8.0,"key":"MealTicket"},{"floor":9.0,"key":"Blood Vial"},{"floor":13.0,"key":"Molten Egg 2"}],"event_choices":[{"damage_healed":0.0,"max_hp_gain":0.0,"max_hp_loss":5.0,"gold_gain":0.0,"event_name":"Golden Idol","player_choice":"Lose Max HP","floor":2.0,"gold_loss":0.0,"damage_taken":0.0,"relics_obtained":["Golden Idol"]},{"damage_healed":16.0,"max_hp_gain":0.0,"max_hp_loss":0.0,"gold_gain":0.0,"event_name":"The Cleric","player_choice":"Healed","floor":5.0,"gold_loss":35.0,"damage_taken":0.0},{"cards_removed":["Scrawl"],"damage_healed":17.0,"max_hp_gain":10.0,"max_hp_loss":0.0,"gold_gain":0.0,"event_name":"Bonfire Elementals","player_choice":"Offered Rare","floor":19.0,"gold_loss":0.0,"damage_taken":0.0},{"damage_healed":0.0,"max_hp_gain":0.0,"max_hp_loss":0.0,"gold_gain":0.0,"event_name":"Vampires","player_choice":"Ignored","floor":22.0,"gold_loss":0.0,"damage_taken":0.0}],"is_beta":false,"boss_relics":[{"not_picked":["Coffee Dripper","VioletLotus"],"picked":"Pandora\u0027s Box"}],"items_purged_floors":[],"is_endless":false,"potions_floor_spawned":[3,4,8,10,14,20],"killed_by":"Book of Stabbing","ascension_level":3}}