{"host":"d61fcf2p3sjwe6yo","time":1612817439,"event":{"mods":["BaseMod","Colored Map","Koishi","Marisa????????","Minty Spire (QoL Compilation)","StSLib","SuperFastMode","The Servant 0.9.4"],"gold_per_floor":[215,232,252,252,252,252,252,252],"floor_reached":7,"language":"ENG","playtime":211,"items_purged":[],"score":82,"play_id":"b5f78a9c-fd60-43d0-90a5-33e0a900d1a4","local_time":"20210208235039","is_ascension_mode":true,"campfire_choices":[{"data":"Koishi:MassHysteria","floor":6,"key":"SMITH"}],"circlet_count":0,"master_deck":["AscendersBane","Koishi:BasicStrike","Koishi:BasicStrike","Koishi:BasicStrike","Koishi:BasicStrike","Koishi:BasicDefend","Koishi:BasicDefend","Koishi:BasicDefend","Koishi:BasicDefend","Koishi:Provoke","Koishi:HauntingSlash","Koishi:HeartAttack","Koishi:Prune","Koishi:MassHysteria+1"],"relics":["Koishi:ImaginaryFriend","Bag of Preparation","StrikeDummy"],"acts_visited":["Exordium"],"potions_floor_usage":[7],"damage_taken":[{"damage":2,"enemies":"Jaw Worm","floor":1,"turns":6},{"damage":0,"enemies":"Cultist","floor":2,"turns":3},{"damage":1,"enemies":"2 Louse","floor":3,"turns":2},{"damage":10,"enemies":"Lagavulin","floor":7,"turns":3}],"seed_played":"-3335025555259699010","potions_obtained":[{"floor":3,"key":"Swift Potion"}],"is_trial":false,"path_per_floor":["M","M","M","?","?","R","E"],"character_chosen":"KOISHI","items_purchased":[],"campfire_rested":0,"item_purchase_floors":[],"current_hp_per_floor":[51,52,51,16,16,16,6,6],"gold":252,"neow_bonus":"HUNDRED_GOLD","is_daily":false,"chose_seed":false,"campfire_upgraded":1,"win_rate":0.0,"timestamp":1612817439,"path_taken":["M","M","M","?","?","R","E"],"items_purchased_type":[],"build_version":"2020-12-22","purchased_purges":0,"victory":false,"max_hp_per_floor":[57,57,57,57,57,57,57,57],"card_choices":[{"not_picked":["Koishi:ReflexRadar","Koishi:StingingMind"],"picked":"Koishi:HeartAttack","floor":1},{"not_picked":["Koishi:RacingHeart","Koishi:VengefulSpirit"],"picked":"Koishi:Prune","floor":2},{"not_picked":["Koishi:Vanish","Koishi:SubconsciousSweep"],"picked":"Koishi:MassHysteria","floor":3}],"player_experience":295892,"relics_obtained":[{"floor":5,"key":"StrikeDummy"}],"event_choices":[{"damage_healed":0,"gold_gain":0,"player_choice":"Success","damage_taken":35,"relics_obtained":["Bag of Preparation"],"max_hp_gain":0,"max_hp_loss":0,"event_name":"Scrap Ooze","floor":4,"gold_loss":0},{"damage_healed":0,"gold_gain":0,"player_choice":"Relic","damage_taken":0,"max_hp_gain":0,"max_hp_loss":0,"event_name":"Wheel of Change","floor":5,"gold_loss":0}],"is_beta":false,"boss_relics":[],"items_purged_floors":[],"is_endless":false,"potions_floor_spawned":[3],"killed_by":"Lagavulin","ascension_level":20}}