{"host":"7wi4qgm5yw4j7oz0","time":1612802617,"event":{"mods":["AchievementEnabler","BaseMod","Block Reminder","Colored Map","Colored Powertips","Highlight Path","Minty Spire (QoL Compilation)","Permanent Neow","Random Character Button","Rare Cards Sparkle","StSLib","everything is the same but u backflip on backflip"],"gold_per_floor":[111,127,141,66,80,113,113,113,113,125,125,155,20,95,95,194,194,211,223,223,223],"floor_reached":20,"language":"KOR","playtime":960,"items_purged":["Strike_R","Strike_R"],"score":235,"play_id":"75a3b6dd-3eb7-4db1-8a70-306e3114acb3","local_time":"20210209014337","is_ascension_mode":true,"campfire_choices":[{"data":"Barricade","floor":7,"key":"SMITH"},{"data":"Blood for Blood","floor":11,"key":"SMITH"},{"data":"Pommel Strike","floor":15,"key":"SMITH"}],"circlet_count":0,"master_deck":["Strike_R","Defend_R","Defend_R","Defend_R","Defend_R","Bash","Barricade+1","Cleave","Flex","Pommel Strike+1","Fire Breathing","Rage","Blood for Blood+1","Battle Trance","Carnage","Feed","Shrug It Off+1","Hemokinesis"],"relics":["Black Blood","Bag of Preparation","Bottled Tornado","Odd Mushroom"],"acts_visited":["Exordium","TheCity"],"potions_floor_usage":[12,16,19],"damage_taken":[{"damage":7.0,"enemies":"Small Slimes","floor":1.0,"turns":4.0},{"damage":8.0,"enemies":"Jaw Worm","floor":2.0,"turns":4.0},{"damage":3.0,"enemies":"2 Louse","floor":3.0,"turns":2.0},{"damage":8.0,"enemies":"Large Slime","floor":5.0,"turns":6.0},{"damage":26,"enemies":"Lagavulin","floor":6,"turns":8},{"damage":0,"enemies":"Lots of Slimes","floor":10,"turns":4},{"damage":12,"enemies":"The Mushroom Lair","floor":12,"turns":3},{"damage":37,"enemies":"Slime Boss","floor":16,"turns":10},{"damage":31,"enemies":"Chosen","floor":18,"turns":5},{"damage":41,"enemies":"2 Thieves","floor":19,"turns":4},{"damage":26,"enemies":"Centurion and Healer","floor":20,"turns":3}],"seed_played":"-210596326387772870","potions_obtained":[{"floor":2.0,"key":"Dexterity Potion"},{"floor":5,"key":"ElixirPotion"},{"floor":6,"key":"LiquidBronze"},{"floor":12,"key":"BloodPotion"},{"floor":16,"key":"LiquidBronze"},{"floor":18,"key":"BlessingOfTheForge"}],"is_trial":false,"path_per_floor":["M","M","M","$","M","E","R","?","T","M","R","?","$","?","R","B",null,"M","M","M"],"character_chosen":"IRONCLAD","items_purchased":["Carnage"],"campfire_rested":0,"item_purchase_floors":[13],"current_hp_per_floor":[71,69,72,72,70,50,50,43,43,49,49,59,59,48,48,17,64,45,20,0,0],"gold":223,"neow_bonus":"TRANSFORM_CARD","is_daily":false,"chose_seed":false,"campfire_upgraded":3,"win_rate":0.0,"timestamp":1612802617,"path_taken":["M","M","M","$","M","E","R","?","T","M","R","?","$","?","R","BOSS","M","M","M"],"items_purchased_type":["Card"],"build_version":"2020-12-22","purchased_purges":2,"victory":false,"max_hp_per_floor":[80,80,80,80,80,80,80,80,80,80,80,80,80,80,80,80,80,80,84,84,84],"card_choices":[{"not_picked":["Heavy Blade","Perfected Strike"],"picked":"Cleave","floor":1.0},{"not_picked":["Uppercut","Sever Soul"],"picked":"Flex","floor":2.0},{"not_picked":["Twin Strike","Wild Strike"],"picked":"Pommel Strike","floor":3.0},{"not_picked":["Rupture","Perfected Strike"],"picked":"Fire Breathing","floor":5},{"not_picked":["Perfected Strike","Headbutt"],"picked":"Rage","floor":6},{"not_picked":["Clash","Wild Strike"],"picked":"Blood for Blood","floor":10},{"not_picked":["Dark Embrace","Metallicize"],"picked":"Battle Trance","floor":12},{"not_picked":["Fiend Fire","Brutality"],"picked":"Feed","floor":16},{"not_picked":["Sword Boomerang","Combust"],"picked":"Shrug It Off+1","floor":18},{"not_picked":["Heavy Blade","Ghostly Armor"],"picked":"Hemokinesis","floor":19}],"player_experience":268104,"relics_obtained":[{"floor":6,"key":"Bag of Preparation"},{"floor":9,"key":"Bottled Tornado"},{"floor":12,"key":"Odd Mushroom"}],"event_choices":[{"cards_removed":["Strike_R"],"damage_healed":0,"gold_gain":0,"player_choice":"Card Removal","damage_taken":7,"max_hp_gain":0,"max_hp_loss":0,"event_name":"Golden Wing","floor":8,"gold_loss":0},{"damage_healed":0,"gold_gain":0,"player_choice":"Fought Mushrooms","damage_taken":0,"max_hp_gain":0,"max_hp_loss":0,"event_name":"Mushrooms","floor":12,"gold_loss":0},{"damage_healed":0,"gold_gain":75,"player_choice":"Gather Gold","damage_taken":11,"max_hp_gain":0,"max_hp_loss":0,"event_name":"World of Goop","floor":14,"gold_loss":0}],"is_beta":false,"boss_relics":[{"not_picked":["Snecko Eye","SlaversCollar"],"picked":"Black Blood"}],"items_purged_floors":[4,13],"is_endless":false,"potions_floor_spawned":[2,5,6,12,16,18],"killed_by":"Centurion and Healer","ascension_level":7}}