{"host":"oz4ht6ec7xzo36kd","time":1612761893,"event":{"mods":["Act Like it!","BaseMod","Friendly Minions","Marisa¡]Ãú«B¡@Å]²z¨F¡^","Minty Spire (QoL Compilation)","Remilia¡]Á¢¦Ì²ú?¡^","StSLib","The Marked","The Servant 0.9.4","WarShipGirlsR/??¤Ö¤kR mod","Youmu¡]»î¾z§¯?¡^"],"gold_per_floor":[109,109,184,32,46,77,77,88,113,128,128,128,156,173,173,248,248,259,259,184,184,184,184,210,210,210,220,220,220,232,261,261,338,338,356,57,107,77,91,91,110,147,147,178,217,235,288,328,328,348,348,348,5,60,80],"floor_reached":56,"language":"ZHT","playtime":3371,"items_purged":[],"score":2153,"play_id":"29d64c5d-6905-4d8f-ad17-2ca87579f609","local_time":"20210208132453","is_ascension_mode":true,"campfire_choices":[{"floor":11.0,"key":"RECALL"},{"data":"FitfulNightmare","floor":15.0,"key":"SMITH"},{"data":"ScarletMeister","floor":23.0,"key":"SMITH"},{"data":"GlobalNightmare","floor":29.0,"key":"SMITH"},{"data":"TwelveNightmare","floor":32.0,"key":"SMITH"},{"data":"MastersStateliness","floor":40.0,"key":"SMITH"},{"floor":49,"key":"REST"},{"data":"RedMagic","floor":52,"key":"SMITH"}],"circlet_count":0,"master_deck":["AscendersBane","Strike_RM+1","Strike_RM+1","Strike_RM+1","Strike_RM+1","Defend_RM+1","Defend_RM+1","Defend_RM+1","RedMoon+1","ScarletShoot","EternalNight+1","FitfulNightmare+1","BloodHunter+1","RedMagic+1","ScarletMeister+1","GlobalNightmare+1","TwelveNightmare+1","CeilingFear+1","Stigmanizer+1","ScarletCoffin+1","RedRainbow+1","HunterOfTheNight+1","ScarletNetherworld+1","NightDance+1","MastersStateliness+1","FavorOfDestiny+1","UnstableMagic+1","DiffusionOfMisfortune+1","VampirishNight+1","Ultimatum+1","BloodAndWine+1","BloodRain+1","HeartBreak+1","ReincarnationDial+1","RedRainbow+1","VampireSweep+1","MastersStateliness+1"],"relics":["ScarletHat","NeowsBlessing","Anchor","Omamori","FossilizedHelix","Oddly Smooth Stone","Black Star","Orichalcum","Nunchaku","Bottled Lightning","InkBottle","Toxic Egg 2","Gungnir","Molten Egg 2","TungstenRod","ScarletEmblem","Membership Card","Gremlin Horn","Prayer Wheel","Ornamental Fan","Pantograph","Blood Vial","Thread and Needle","Mercury Hourglass","Bag of Marbles","Bottled Tornado","OrangePellets","StrikeDummy","Shuriken","Bottled Flame"],"acts_visited":["Exordium","TheCity","TheBeyond","TheEnding"],"potions_floor_usage":[44,47,50,50,55,55],"damage_taken":[{"damage":0.0,"enemies":"Cultist","floor":1.0,"turns":1.0},{"damage":0.0,"enemies":"Small Slimes","floor":5.0,"turns":1.0},{"damage":0.0,"enemies":"Gremlin Nob","floor":6.0,"turns":2.0},{"damage":0.0,"enemies":"Jaw Worm","floor":8.0,"turns":5.0},{"damage":0.0,"enemies":"3 Louse","floor":10.0,"turns":4.0},{"damage":2.0,"enemies":"Lagavulin","floor":13.0,"turns":7.0},{"damage":9.0,"enemies":"Blue Slaver","floor":14.0,"turns":6.0},{"damage":31.0,"enemies":"Slime Boss","floor":16.0,"turns":17.0},{"damage":11.0,"enemies":"Spheric Guardian","floor":18.0,"turns":4.0},{"damage":18.0,"enemies":"Slavers","floor":24.0,"turns":10.0},{"damage":11.0,"enemies":"3 Byrds","floor":27.0,"turns":7.0},{"damage":5.0,"enemies":"Cultist and Chosen","floor":30.0,"turns":7.0},{"damage":45.0,"enemies":"Gremlin Leader","floor":31.0,"turns":11.0},{"damage":8.0,"enemies":"Automaton","floor":33.0,"turns":9.0},{"damage":9.0,"enemies":"3 Darklings","floor":35.0,"turns":5.0},{"damage":8.0,"enemies":"2 Orb Walkers","floor":37.0,"turns":5.0},{"damage":0.0,"enemies":"Orb Walker","floor":39.0,"turns":3.0},{"damage":45.0,"enemies":"Transient","floor":41.0,"turns":5.0},{"damage":10.0,"enemies":"4 Shapes","floor":42.0,"turns":3.0},{"damage":2,"enemies":"Nemesis","floor":44,"turns":5},{"damage":0,"enemies":"Maw","floor":45,"turns":6},{"damage":0,"enemies":"3 Darklings","floor":46,"turns":4},{"damage":32,"enemies":"Giant Head","floor":47,"turns":7},{"damage":0,"enemies":"Sphere and 2 Shapes","floor":48,"turns":2},{"damage":70,"enemies":"Time Eater","floor":50,"turns":7},{"damage":0,"enemies":"Shield and Spear","floor":54,"turns":4},{"damage":25,"enemies":"The Heart","floor":55,"turns":4}],"seed_played":"3750377384770997144","potions_obtained":[{"floor":6.0,"key":"EntropicBrew"},{"floor":8.0,"key":"Energy Potion"},{"floor":10.0,"key":"DuplicationPotion"},{"floor":13.0,"key":"Fruit Juice"},{"floor":18.0,"key":"LiquidMemories"},{"floor":31.0,"key":"GamblersBrew"},{"floor":38.0,"key":"SkillPotion"},{"floor":38.0,"key":"DuplicationPotion"}],"is_trial":false,"path_per_floor":["M","?","?","$","M","E","?","M","T","M","R","?","E","M","R","B",null,"M","?","?","?","?","R","E","T","T","M","?","R","M","E","R","B",null,"M","$","?","?","M","R","M","M","T","E","M","M","E","M","R","B",null,"R","$","E","B",null],"character_chosen":"REMILIA","items_purchased":["Omamori","Membership Card","Gremlin Horn","HunterOfTheNight+1","Bottled Tornado","OrangePellets","StrikeDummy","VampireSweep+1"],"campfire_rested":1,"item_purchase_floors":[4,36,36,36,53,53,53,53],"current_hp_per_floor":[63,58,47,47,47,49,28,28,28,28,28,28,33,34,34,13,60,49,28,28,28,28,28,27,27,27,29,29,29,52,53,53,80,80,80,80,75,75,80,80,66,62,62,73,80,80,51,55,79,65,76,76,76,80,80],"gold":80,"neow_bonus":"THREE_ENEMY_KILL","is_daily":false,"chose_seed":false,"campfire_upgraded":6,"win_rate":0.0,"timestamp":1612761893,"path_taken":["M","?","?","$","M","E","?","?","T","M","R","?","E","M","R","BOSS","M","?","?","?","?","R","E","?","T","M","?","R","M","E","R","BOSS","M","$","?","?","?","R","M","M","T","E","M","M","E","M","R","BOSS","R","$","E","BOSS"],"items_purchased_type":["Relic","Relic","Relic","Card","Relic","Relic","Relic","Card"],"build_version":"2020-12-22","purchased_purges":0,"victory":true,"max_hp_per_floor":[70,70,70,70,70,70,70,70,70,70,70,70,70,75,75,75,75,75,80,80,80,80,80,80,80,80,80,80,80,80,80,80,80,80,80,80,80,80,80,80,80,80,80,80,80,80,80,80,80,80,80,80,80,80,80],"card_choices":[{"not_picked":["UnderTheZenith","ScarletImprint","ScarletDevil"],"picked":"SKIP","floor":1.0},{"not_picked":["FitfulNightmare","BloodHunter"],"picked":"EternalNight","floor":5.0},{"not_picked":["Ultimatum","RedNightlessCastle"],"picked":"FitfulNightmare","floor":6.0},{"not_picked":["EndlessAdversity","UltimateOffering","ForbiddenFruit"],"picked":"SKIP","floor":8.0},{"not_picked":["RedNightlessCastle","StarOfDavid"],"picked":"BloodHunter","floor":10.0},{"not_picked":["EndlessAdversity","CharismaGuard","RedNightlessCastle"],"picked":"SKIP","floor":13.0},{"not_picked":["EndlessAdversity","DiffusionOfMisfortune"],"picked":"RedMagic","floor":14.0},{"not_picked":["CeilingFear","BloodRain"],"picked":"ScarletMeister","floor":16.0},{"not_picked":["ScarletDevil","BloodHunter","DiffusionOfMisfortune+1"],"picked":"SKIP","floor":18.0},{"not_picked":["EndlessAdversity","BombardNight"],"picked":"GlobalNightmare","floor":24.0},{"not_picked":["AfternoonTea+1","BlasphemousPunishment+1"],"picked":"TwelveNightmare","floor":27.0},{"not_picked":["DiffusionOfMisfortune","CharismaGuard"],"picked":"CeilingFear+1","floor":30.0},{"not_picked":["UltimateOffering+1","DiffusionOfMisfortune+1"],"picked":"Stigmanizer+1","floor":31.0},{"not_picked":["TricksterDevil","BloodRain+1"],"picked":"ScarletCoffin+1","floor":33.0},{"not_picked":["StarOfDavid+1","UnderTheZenith+1"],"picked":"RedRainbow+1","floor":35.0},{"not_picked":["RedRainbow+1","Stigmanizer+1"],"picked":"ScarletNetherworld+1","floor":37.0},{"not_picked":["BloodyTrap+1","VampireKiss+1"],"picked":"NightDance+1","floor":39.0},{"not_picked":["BloodHunter+1","ScarletDevil+1"],"picked":"MastersStateliness","floor":39.0},{"not_picked":["MiserableFate+1","EternalNight+1"],"picked":"FavorOfDestiny+1","floor":41.0},{"not_picked":["EndlessAdversity+1","UltimateOffering+1"],"picked":"UnstableMagic+1","floor":41.0},{"not_picked":["SuperhumanBloodyKnife+1","BloodAndWine+1","Stigmanizer+1"],"picked":"SKIP","floor":42.0},{"not_picked":["VampireSweep+1","DiffusionOfMisfortune+1","EternalNight+1"],"picked":"SKIP","floor":42.0},{"not_picked":["EternalNight+1","VampireKiss+1"],"picked":"DiffusionOfMisfortune+1","floor":44},{"not_picked":["ScarletImprint+1","UnderTheZenith+1"],"picked":"VampirishNight+1","floor":45},{"not_picked":["ForbiddenFruit+1","AfternoonTea+1","MastersStateliness"],"picked":"SKIP","floor":45},{"not_picked":["FavorOfDestiny+1","RedRainbow+1"],"picked":"Ultimatum+1","floor":46},{"not_picked":["RedRainbow+1","VampireFantasy+1"],"picked":"BloodAndWine+1","floor":46},{"not_picked":["Maim+1","MastersStateliness"],"picked":"BloodRain+1","floor":47},{"not_picked":["VampireFantasy+1","UnderTheZenith+1"],"picked":"HeartBreak+1","floor":47},{"not_picked":["RedRainbow+1","ScarletImprint+1"],"picked":"ReincarnationDial+1","floor":48},{"not_picked":["BloodHunter+1","StarOfDavid+1"],"picked":"RedRainbow+1","floor":48},{"not_picked":["Ultimatum+1","DiffusionOfMisfortune+1"],"picked":"MastersStateliness+1","floor":54}],"player_experience":416669,"relics_obtained":[{"floor":6.0,"key":"FossilizedHelix"},{"floor":13.0,"key":"Oddly Smooth Stone"},{"floor":24.0,"key":"Nunchaku"},{"floor":24.0,"key":"Bottled Lightning"},{"floor":25.0,"key":"InkBottle"},{"floor":26.0,"key":"Toxic Egg 2"},{"floor":31.0,"key":"Molten Egg 2"},{"floor":31.0,"key":"TungstenRod"},{"floor":37.0,"key":"Prayer Wheel"},{"floor":42.0,"key":"Ornamental Fan"},{"floor":43.0,"key":"Pantograph"},{"floor":44,"key":"Blood Vial"},{"floor":44,"key":"Thread and Needle"},{"floor":47,"key":"Mercury Hourglass"},{"floor":47,"key":"Bag of Marbles"},{"floor":54,"key":"Shuriken"},{"floor":54,"key":"Bottled Flame"}],"event_choices":[{"damage_healed":0.0,"max_hp_gain":0.0,"max_hp_loss":0.0,"gold_gain":0.0,"event_name":"Scrap Ooze","player_choice":"Success","floor":2.0,"gold_loss":0.0,"damage_taken":5.0,"relics_obtained":["Anchor"]},{"damage_healed":0.0,"max_hp_gain":0.0,"max_hp_loss":0.0,"gold_gain":75.0,"event_name":"World of Goop","player_choice":"Gather Gold","floor":3.0,"gold_loss":0.0,"damage_taken":11.0},{"damage_healed":0.0,"max_hp_gain":0.0,"max_hp_loss":0.0,"gold_gain":0.0,"event_name":"Shining Light","player_choice":"Entered Light","floor":7.0,"gold_loss":0.0,"damage_taken":21.0,"cards_upgraded":["Strike_RM","EternalNight"]},{"damage_healed":0.0,"max_hp_gain":0.0,"max_hp_loss":0.0,"gold_gain":0.0,"event_name":"Living Wall","player_choice":"Grow","floor":12.0,"gold_loss":0.0,"damage_taken":0.0,"cards_upgraded":["RedMoon"]},{"damage_healed":0.0,"max_hp_gain":5.0,"max_hp_loss":0.0,"gold_gain":0.0,"event_name":"Forgotten Altar","player_choice":"Shed Blood","floor":19.0,"gold_loss":0.0,"damage_taken":26.0},{"cards_removed":["Defend_RM"],"damage_healed":0.0,"max_hp_gain":0.0,"max_hp_loss":0.0,"gold_gain":0.0,"event_name":"Beggar","player_choice":"Gave Gold","floor":20.0,"gold_loss":75.0,"damage_taken":0.0},{"damage_healed":0.0,"max_hp_gain":0.0,"max_hp_loss":0.0,"gold_gain":0.0,"event_name":"Back to Basics","player_choice":"Simplicity","floor":22.0,"gold_loss":0.0,"damage_taken":0.0,"cards_upgraded":["Strike_RM","Strike_RM","Strike_RM","Defend_RM","Defend_RM","Defend_RM"]},{"damage_healed":0.0,"max_hp_gain":0.0,"max_hp_loss":0.0,"gold_gain":0.0,"event_name":"The Mausoleum","player_choice":"Opened","floor":28.0,"gold_loss":0.0,"damage_taken":0.0,"relics_obtained":["Gungnir"],"cards_obtained":["Writhe"]},{"damage_healed":0.0,"max_hp_gain":0.0,"max_hp_loss":0.0,"gold_gain":0.0,"event_name":"Mysterious Sphere","player_choice":"Fight","floor":37.0,"gold_loss":0.0,"damage_taken":0.0},{"damage_healed":0.0,"max_hp_gain":0.0,"max_hp_loss":0.0,"gold_gain":0.0,"event_name":"The Woman in Blue","player_choice":"Bought 2 Potions","floor":38.0,"gold_loss":0.0,"damage_taken":0.0}],"is_beta":false,"boss_relics":[{"not_picked":["SacredBark","Empty Cage"],"picked":"Black Star"},{"not_picked":["APieceOfRedMist","Snecko Eye"],"picked":"ScarletEmblem"}],"items_purged_floors":[],"is_endless":false,"potions_floor_spawned":[6,8,10,13,18,31,42,46,47],"ascension_level":15}}