{"host":"n7gt2lywuauec2nz","time":1612768175,"event":{"mods":["100% Spire Juice","2.2 Compatiblity","Act Like it!","Aspiration","BaseMod","Better Third Choice","Colored Powertips","DeckTracker","GifTheSpireLib","Highlight Path","HololiveMod","Hubris","Infinite Spire","Minty Spire (QoL Compilation)","Quick Restart","Random Character Button","Relic Sorter","Replay The Spire","Retaliation","StSLib","Synergy Search","The IronCluck"],"gold_per_floor":[117,117,117,117,135,161,68,68,68,103,123,137,137,137],"floor_reached":13,"language":"ENG","playtime":462,"items_purged":[],"score":118,"play_id":"3c51cd83-3996-44f8-a6cd-2ec3093edbeb","local_time":"20210207230935","is_ascension_mode":false,"campfire_choices":[{"data":"Moonworks:CloudOfSeagulls","floor":8,"key":"SMITH"}],"circlet_count":0,"master_deck":["Moonworks:Strike","Moonworks:Strike","Moonworks:Strike","Moonworks:Strike","Moonworks:Defend","Moonworks:Defend","Moonworks:Defend","Moonworks:Defend","Moonworks:Ambush","Moonworks:LongDistanceShot","Moonworks:CloudOfSeagulls+1","Injury","Moonworks:JonathanRush+1","Moonworks:SakisCookie","Moonworks:RagingMadness","Moonworks:BigMagnum","Moonworks:DevilHand+1","Moonworks:Encore","Moonworks:BeyondHell"],"relics":["Moonworks:BrokenBomb","Moonworks:Homemark","NeowsBlessing","Molten Egg 2","Replay:Rubber Ducky","Durian","Eternal Feather","Replay:Bottled Snecko"],"acts_visited":["Exordium"],"potions_floor_usage":[10,13],"damage_taken":[{"damage":0,"enemies":"2 Louse","floor":1,"turns":1},{"damage":0,"enemies":"Small Slimes","floor":5,"turns":1},{"damage":0,"enemies":"Lagavulin","floor":6,"turns":1},{"damage":33,"enemies":"3 Sentries","floor":10,"turns":7},{"damage":11,"enemies":"Jaw Worm","floor":11,"turns":2},{"damage":11,"enemies":"3 Louse","floor":12,"turns":2},{"damage":10,"enemies":"Gremlin Nob","floor":13,"turns":2}],"seed_played":"-8174185859495994547","potions_obtained":[{"floor":1,"key":"Explosive Potion"},{"floor":10,"key":"Dexterity Potion"}],"is_trial":false,"path_per_floor":["M","?","?","?","M","E","$","R","T","E","M","M","E"],"character_chosen":"THE_STARBREAKER","items_purchased":["Moonworks:RagingMadness","Moonworks:BigMagnum"],"campfire_rested":0,"item_purchase_floors":[7,7],"current_hp_per_floor":[60,60,60,53,53,58,58,58,58,27,18,9,0,0],"gold":137,"neow_bonus":"THREE_ENEMY_KILL","is_daily":false,"chose_seed":false,"campfire_upgraded":1,"win_rate":0.0,"timestamp":1612768175,"path_taken":["M","?","?","?","M","E","$","R","T","E","?","M","E"],"items_purchased_type":["Card","Card"],"build_version":"2020-12-22","purchased_purges":0,"victory":false,"max_hp_per_floor":[60,60,60,60,60,65,65,65,65,65,65,65,65,65],"card_choices":[{"not_picked":["Moonworks:DeployBits","Moonworks:ScrambledEve"],"picked":"Moonworks:CloudOfSeagulls","floor":1},{"not_picked":["Moonworks:EvilSpyWorkPreparation","Moonworks:NicePresent"],"picked":"Moonworks:JonathanRush+1","floor":5},{"not_picked":["Moonworks:SelfDestruct+1","Moonworks:DeployBits"],"picked":"Moonworks:SakisCookie","floor":6},{"not_picked":["Moonworks:Bloodlust","Moonworks:RagingMadness"],"picked":"Moonworks:DevilHand+1","floor":10},{"not_picked":["Moonworks:EvilSpyWorkPreparation","Moonworks:TreasureThief"],"picked":"Moonworks:Encore","floor":11},{"not_picked":["Moonworks:TacticalRetreat","Moonworks:IndiscriminateFireSupport+1"],"picked":"Moonworks:BeyondHell","floor":12}],"player_experience":131231,"relics_obtained":[{"floor":6,"key":"Durian"},{"floor":9,"key":"Eternal Feather"},{"floor":10,"key":"Replay:Bottled Snecko"}],"event_choices":[{"damage_healed":0,"gold_gain":0,"player_choice":"Box","damage_taken":0,"relics_obtained":["Replay:Rubber Ducky"],"max_hp_gain":0,"max_hp_loss":0,"event_name":"Big Fish","floor":3,"gold_loss":0,"cards_obtained":["Regret"]},{"cards_removed":["Regret"],"damage_healed":0,"gold_gain":0,"player_choice":"Card Removal","damage_taken":7,"max_hp_gain":0,"max_hp_loss":0,"event_name":"Golden Wing","floor":4,"gold_loss":0}],"is_beta":false,"boss_relics":[],"items_purged_floors":[],"is_endless":false,"potions_floor_spawned":[1,10],"killed_by":"Gremlin Nob","ascension_level":0}}