{"host":"c35j6tsoy7cxzn43","time":1612791675,"event":{"mods":["BaseMod","Better Third Choice","BetterRewards","Colored Map","Colored Powertips","Conspire","Highlight Path","Hubris","Infinite Spire","Minty Spire (QoL Compilation)","Quick Restart","Replay The Spire","Shop Mod","StSLib"],"gold_per_floor":[110,129,145,179,179,179,179,179],"floor_reached":7,"language":"ENG","playtime":197,"items_purged":[],"score":41,"play_id":"5f0179d8-3d4a-4c86-b08e-65ca0cdf22db","local_time":"20210208144115","is_ascension_mode":false,"campfire_choices":[{"data":"Genetic Algorithm","floor":6,"key":"SMITH"}],"circlet_count":0,"master_deck":["Strike_B","Strike_B","Strike_B","Strike_B","Defend_B","Defend_B","Defend_B","Defend_B","Zap","Dualcast","Genetic Algorithm+1","Regret"],"relics":["Cracked Core","NeowsBlessing","Replay:Rubber Ducky","Centennial Puzzle"],"acts_visited":["Exordium"],"potions_floor_usage":[4],"damage_taken":[{"damage":0,"enemies":"Small Slimes","floor":1,"turns":1},{"damage":0,"enemies":"2 Louse","floor":2,"turns":1},{"damage":0,"enemies":"Jaw Worm","floor":3,"turns":1},{"damage":15,"enemies":"conspire:MimicChest","floor":4,"turns":5},{"damage":60,"enemies":"Lagavulin","floor":7,"turns":6}],"seed_played":"-6191542788003519484","potions_obtained":[{"floor":3,"key":"SpeedPotion"},{"floor":4,"key":"Energy Potion"}],"is_trial":false,"path_per_floor":["M","M","M","?","?","R","E"],"character_chosen":"DEFECT","items_purchased":[],"campfire_rested":0,"item_purchase_floors":[],"current_hp_per_floor":[75,75,75,60,60,60,0,0],"gold":179,"neow_bonus":"THREE_ENEMY_KILL","is_daily":false,"chose_seed":false,"campfire_upgraded":1,"win_rate":0.0,"timestamp":1612791675,"path_taken":["M","M","M","?","?","R","E"],"items_purchased_type":[],"build_version":"2020-12-22","purchased_purges":0,"victory":false,"max_hp_per_floor":[75,75,75,75,75,75,75,75],"card_choices":[{"not_picked":["Streamline","Turbo","Compile Driver"],"picked":"SKIP","floor":1},{"not_picked":["Redo","Coolheaded","Gash"],"picked":"SKIP","floor":2},{"not_picked":["Double Energy","Rip and Tear"],"picked":"Genetic Algorithm","floor":3}],"player_experience":472124,"relics_obtained":[{"floor":4,"key":"Replay:Rubber Ducky"}],"event_choices":[{"damage_healed":0,"gold_gain":0,"player_choice":"Box","damage_taken":0,"relics_obtained":["Centennial Puzzle"],"max_hp_gain":0,"max_hp_loss":0,"event_name":"Big Fish","floor":5,"gold_loss":0,"cards_obtained":["Regret"]}],"is_beta":false,"boss_relics":[],"items_purged_floors":[],"is_endless":false,"potions_floor_spawned":[3,4],"killed_by":"Lagavulin","ascension_level":0}}