{"host":"vl29iwkwnyytuw8q","time":1612800061,"event":{"mods":["BaseMod","Minty Spire (QoL Compilation)","Permanent Neow","Relic Stats","StSLib"],"gold_per_floor":[19,35,54,4,24,56,56,91,91,91,121,47,63,91,91,191,191,209,209,222,234,234,264,39,49,49,61,61,92,92,192,192,296,296,313,313,165,165,10,40,40,67,67,96,96,109,125,125,125,125,125],"floor_reached":50,"language":"ENG","playtime":1640,"items_purged":[],"score":873,"play_id":"d9ecb2dc-0368-432a-80c2-9d4288e195d0","local_time":"20210208170101","is_ascension_mode":true,"campfire_choices":[{"data":"Apotheosis","floor":7.0,"key":"SMITH"},{"data":"Eruption","floor":10.0,"key":"SMITH"},{"data":"Strike_P","floor":15.0,"key":"PURGE"},{"floor":28.0,"key":"REST"},{"floor":32.0,"key":"REST"},{"floor":41.0,"key":"REST"},{"floor":49,"key":"REST"}],"circlet_count":0,"master_deck":["Strike_P","Strike_P","Defend_P","Defend_P","Defend_P","Defend_P","Eruption+1","Vigilance","Apotheosis+1","EmptyFist+1","Tantrum+1","SashWhip","ClearTheMind","Adaptation","Pray","TalkToTheHand+1","Halt","Consecrate+1","SandsOfTime+1","WindmillStrike+1","Ragnarok+1","LikeWater","FlurryOfBlows+1","Vault","TalkToTheHand+1","Magnetism+1","Crescendo","Evaluate+1","FlurryOfBlows+1","Study+1","DevaForm+1","EmptyBody","Fasting2+1","JustLucky+1","CrushJoints+1","ReachHeaven+1","Protect+1"],"relics":["PureWater","Peace Pipe","Question Card","Molten Egg 2","Mercury Hourglass","Nunchaku","SlaversCollar","Frozen Egg 2","StoneCalendar","Blue Candle","Sozu","Bag of Marbles","Pen Nib","Toxic Egg 2","Oddly Smooth Stone","Letter Opener","Whetstone"],"acts_visited":["Exordium","TheCity","TheBeyond"],"potions_floor_usage":[],"damage_taken":[{"damage":0.0,"enemies":"Jaw Worm","floor":1.0,"turns":2.0},{"damage":0.0,"enemies":"2 Louse","floor":2.0,"turns":3.0},{"damage":0.0,"enemies":"Cultist","floor":3.0,"turns":3.0},{"damage":0.0,"enemies":"2 Fungi Beasts","floor":5.0,"turns":3.0},{"damage":1.0,"enemies":"Lagavulin","floor":6.0,"turns":4.0},{"damage":6.0,"enemies":"Gremlin Nob","floor":8.0,"turns":3.0},{"damage":2.0,"enemies":"3 Sentries","floor":11.0,"turns":4.0},{"damage":0.0,"enemies":"Red Slaver","floor":13.0,"turns":2.0},{"damage":0.0,"enemies":"Lagavulin","floor":14.0,"turns":3.0},{"damage":0.0,"enemies":"Hexaghost","floor":16.0,"turns":6.0},{"damage":0.0,"enemies":"Spheric Guardian","floor":18.0,"turns":1.0},{"damage":20.0,"enemies":"3 Byrds","floor":20.0,"turns":4.0},{"damage":7.0,"enemies":"Shelled Parasite and Fungi","floor":21.0,"turns":4.0},{"damage":4.0,"enemies":"Slavers","floor":23.0,"turns":4.0},{"damage":16.0,"enemies":"Snake Plant","floor":25.0,"turns":4.0},{"damage":0.0,"enemies":"3 Cultists","floor":27.0,"turns":3.0},{"damage":20.0,"enemies":"Gremlin Leader","floor":29.0,"turns":4.0},{"damage":0.0,"enemies":"Collector","floor":33.0,"turns":6.0},{"damage":14.0,"enemies":"3 Shapes","floor":35.0,"turns":6.0},{"damage":18.0,"enemies":"Reptomancer","floor":40.0,"turns":5.0},{"damage":0.0,"enemies":"Giant Head","floor":42.0,"turns":6.0},{"damage":17.0,"enemies":"Nemesis","floor":44.0,"turns":5.0},{"damage":17,"enemies":"3 Darklings","floor":46,"turns":3},{"damage":0,"enemies":"Jaw Worm Horde","floor":47,"turns":4},{"damage":46,"enemies":"Awakened One","floor":50,"turns":3}],"seed_played":"2463403950387448971","potions_obtained":[{"floor":1.0,"key":"SpeedPotion"},{"floor":5.0,"key":"Energy Potion"},{"floor":6.0,"key":"StancePotion"},{"floor":11.0,"key":"Energy Potion"},{"floor":14.0,"key":"AttackPotion"},{"floor":18.0,"key":"Block Potion"},{"floor":23.0,"key":"SteroidPotion"}],"is_trial":false,"path_per_floor":["M","M","M","?","M","E","R","E","T","R","E","$","M","E","R","B",null,"M","?","M","M","?","E","$","M","T","M","R","E","?","?","R","B",null,"M","?","$","?","$","E","R","E","T","E","?","M","M","T","R","B"],"character_chosen":"WATCHER","items_purchased":["Halt","Consecrate+1","Magnetism+1","Crescendo","Bag of Marbles","Pen Nib"],"campfire_rested":4,"item_purchase_floors":[12,12,24,24,37,39],"current_hp_per_floor":[72,72,72,72,72,71,71,65,65,65,63,63,63,63,63,63,72,72,72,52,45,45,41,41,25,25,25,46,26,26,26,47,47,72,58,58,58,58,58,40,60,60,60,43,43,26,26,26,46,0,0],"gold":125,"neow_bonus":"RANDOM_COLORLESS_2","is_daily":false,"chose_seed":false,"campfire_upgraded":2,"win_rate":0.0,"timestamp":1612800061,"path_taken":["M","M","M","?","M","E","R","E","T","R","E","$","M","E","R","BOSS","M","?","M","M","?","E","$","?","T","M","R","E","?","?","R","BOSS","M","?","?","?","$","E","R","E","T","E","?","M","?","?","R","BOSS"],"items_purchased_type":["Card","Card","Card","Card","Relic","Relic"],"build_version":"2020-12-22","purchased_purges":0,"victory":false,"max_hp_per_floor":[72,72,72,72,72,72,72,72,72,72,72,72,72,72,72,72,72,72,72,72,72,72,72,72,72,72,72,72,72,72,72,72,72,72,72,72,72,68,68,68,68,68,68,68,68,68,68,68,68,68,68],"relic_stats":{"Peace Pipe":1,"Sozu":7,"Nunchaku":[16],"counters":[25,95],"Blue Candle":[0],"StoneCalendar":[0],"Pen Nib":[6],"Letter Opener":[20],"Whetstone":["Tantrum","EmptyFist"],"Question Card":18,"obtain_stats":[{"Blue Candle":29,"Oddly Smooth Stone":42,"StoneCalendar":26,"Pen Nib":39,"Letter Opener":43,"Whetstone":44,"Frozen Egg 2":23,"Question Card":8,"Mercury Hourglass":11,"Peace Pipe":6,"Sozu":34,"SlaversCollar":17,"Nunchaku":14,"Molten Egg 2":9,"Bag of Marbles":37,"PureWater":0,"Toxic Egg 2":40},{"Blue Candle":17,"Oddly Smooth Stone":21,"StoneCalendar":15,"Pen Nib":19,"Letter Opener":21,"Whetstone":22,"Frozen Egg 2":14,"Question Card":6,"Mercury Hourglass":7,"Peace Pipe":5,"Sozu":18,"SlaversCollar":10,"Nunchaku":9,"Molten Egg 2":6,"Bag of Marbles":19,"PureWater":0,"Toxic Egg 2":20},{"Blue Candle":57,"Oddly Smooth Stone":80,"StoneCalendar":50,"Pen Nib":69,"Letter Opener":80,"Whetstone":85,"Frozen Egg 2":46,"Question Card":18,"Mercury Hourglass":22,"Peace Pipe":15,"Sozu":63,"SlaversCollar":33,"Nunchaku":27,"Molten Egg 2":18,"Bag of Marbles":69,"PureWater":0,"Toxic Egg 2":74}],"Mercury Hourglass":[338]},"card_choices":[{"not_picked":["Thinking Ahead","Panache"],"picked":"Apotheosis","floor":0.0},{"not_picked":["Consecrate","FlyingSleeves"],"picked":"EmptyFist","floor":1.0},{"not_picked":["Sanctity","FlyingSleeves"],"picked":"Tantrum","floor":2.0},{"not_picked":["Prostrate","CrushJoints"],"picked":"SashWhip","floor":3.0},{"not_picked":["SashWhip","Crescendo"],"picked":"ClearTheMind","floor":5.0},{"not_picked":["Nirvana","ReachHeaven"],"picked":"Adaptation","floor":6.0},{"not_picked":["ClearTheMind","LessonLearned"],"picked":"Pray","floor":8.0},{"not_picked":["EmptyBody","FollowUp+1","Consecrate+1"],"picked":"TalkToTheHand+1","floor":11.0},{"not_picked":["Prostrate","ClearTheMind","ThirdEye"],"picked":"SandsOfTime+1","floor":13.0},{"not_picked":["SashWhip+1","Evaluate","Sanctity"],"picked":"WindmillStrike+1","floor":14.0},{"not_picked":["MasterReality","DeusExMachina","Devotion"],"picked":"Ragnarok+1","floor":16.0},{"not_picked":["PathToVictory","BowlingBash+1","Swivel"],"picked":"LikeWater","floor":18.0},{"not_picked":["JustLucky+1","SandsOfTime+1","Indignation"],"picked":"FlurryOfBlows+1","floor":20.0},{"not_picked":["ThirdEye+1","SashWhip+1","ClearTheMind"],"picked":"Vault","floor":21.0},{"not_picked":["SandsOfTime+1","Nirvana+1","Adaptation+1"],"picked":"TalkToTheHand+1","floor":23.0},{"not_picked":["SashWhip+1","Swivel","Conclude+1"],"picked":"Evaluate+1","floor":25.0},{"not_picked":["FlyingSleeves+1","Evaluate+1","Crescendo"],"picked":"FlurryOfBlows+1","floor":27.0},{"not_picked":["Swivel","Judgement","MentalFortress+1"],"picked":"Study+1","floor":29.0},{"not_picked":["SpiritShield","LessonLearned+1","MasterReality+1"],"picked":"DevaForm+1","floor":33.0},{"not_picked":["Pray","CrushJoints+1","SandsOfTime+1"],"picked":"EmptyBody","floor":35.0},{"not_picked":["Wallop+1","CarveReality+1","CrushJoints+1"],"picked":"Fasting2+1","floor":40.0},{"not_picked":["FlurryOfBlows+1","CrushJoints+1","FollowUp+1"],"picked":"JustLucky+1","floor":42.0},{"not_picked":["LessonLearned+1","FlurryOfBlows+1","EmptyBody+1"],"picked":"CrushJoints+1","floor":44.0},{"not_picked":["Prostrate+1","SashWhip+1","EmptyFist+1"],"picked":"ReachHeaven+1","floor":46},{"not_picked":["ThirdEye+1","BowlingBash+1","FollowUp+1"],"picked":"Protect+1","floor":47}],"player_experience":670009,"relics_obtained":[{"floor":6.0,"key":"Peace Pipe"},{"floor":8.0,"key":"Question Card"},{"floor":9.0,"key":"Molten Egg 2"},{"floor":11.0,"key":"Mercury Hourglass"},{"floor":14.0,"key":"Nunchaku"},{"floor":23.0,"key":"Frozen Egg 2"},{"floor":26.0,"key":"StoneCalendar"},{"floor":29.0,"key":"Blue Candle"},{"floor":40.0,"key":"Toxic Egg 2"},{"floor":42.0,"key":"Oddly Smooth Stone"},{"floor":43.0,"key":"Letter Opener"},{"floor":44.0,"key":"Whetstone"}],"event_choices":[{"cards_removed":["Strike_P"],"damage_healed":0.0,"max_hp_gain":0.0,"max_hp_loss":0.0,"gold_gain":0.0,"event_name":"The Cleric","player_choice":"Card Removal","floor":4.0,"gold_loss":50.0,"damage_taken":0.0},{"damage_healed":0.0,"max_hp_gain":0.0,"max_hp_loss":0.0,"gold_gain":0.0,"event_name":"The Woman in Blue","player_choice":"Bought 0 Potions","floor":22.0,"gold_loss":0.0,"damage_taken":0.0},{"damage_healed":0.0,"max_hp_gain":0.0,"max_hp_loss":0.0,"gold_gain":0.0,"event_name":"Vampires","player_choice":"Ignored","floor":30.0,"gold_loss":0.0,"damage_taken":0.0},{"damage_healed":0.0,"max_hp_gain":0.0,"max_hp_loss":0.0,"gold_gain":100.0,"event_name":"Golden Shrine","player_choice":"Pray","floor":31.0,"gold_loss":0.0,"damage_taken":0.0},{"damage_healed":0.0,"max_hp_gain":0.0,"max_hp_loss":0.0,"gold_gain":0.0,"event_name":"Lab","player_choice":"Got Potions","floor":36.0,"gold_loss":0.0,"damage_taken":0.0},{"damage_healed":0.0,"max_hp_gain":0.0,"max_hp_loss":4.0,"gold_gain":0.0,"event_name":"Winding Halls","player_choice":"Max HP","floor":38.0,"gold_loss":0.0,"damage_taken":0.0},{"damage_healed":0,"gold_gain":0,"player_choice":"Ignored","damage_taken":0,"max_hp_gain":0,"max_hp_loss":0,"event_name":"Mysterious Sphere","floor":45,"gold_loss":0}],"is_beta":false,"boss_relics":[{"not_picked":["Snecko Eye","Runic Dome"],"picked":"SlaversCollar"},{"not_picked":["Busted Crown","Astrolabe"],"picked":"Sozu"}],"items_purged_floors":[],"is_endless":false,"potions_floor_spawned":[1,5,6,11,14,18,23,42,44,46,47],"killed_by":"Awakened One","ascension_level":2}}