{"host":"8is2j71l4wmybkoi","time":1612802751,"event":{"mods":["AchievementEnabler","BaseMod","Colored Map","Minty Spire (QoL Compilation)","Rare Cards Sparkle","StSLib","SuperFastMode"],"gold_per_floor":[111,111,181,231,281,281,312,332,332,382,396,16,16,49,49,128,128,146,222,322,372,437,468,468,493,493,567,172,184,184,209,209,209,209],"floor_reached":33,"language":"KOR","playtime":1401,"items_purged":["Strike_R","Strike_R"],"score":585,"play_id":"9899d285-48ba-473a-9c8f-23c19761b34b","local_time":"20210209014551","is_ascension_mode":true,"campfire_choices":[{"data":"Bash","floor":6.0,"key":"SMITH"},{"data":"Inflame","floor":13.0,"key":"SMITH"},{"data":"Bloodletting","floor":15.0,"key":"SMITH"},{"floor":24.0,"key":"REST"},{"floor":30.0,"key":"DIG"},{"data":"Demon Form","floor":32,"key":"SMITH"}],"circlet_count":0,"master_deck":["AscendersBane","Strike_R","Strike_R","Defend_R","Defend_R","Defend_R","Defend_R","Bash+1","Sentinel","Sword Boomerang","Inflame+1","Burning Pact","Demon Form+1","Bloodletting+1","Impervious","Pommel Strike+1","Second Wind","Offering","Entrench","Sentinel"],"relics":["Burning Blood","NeowsBlessing","SsserpentHead","Pear","Du-Vu Doll","Pantograph","TheAbacus","Singing Bowl","Snecko Eye","Anchor","Kunai","Nunchaku","Gambling Chip","Lantern","Shovel","Ornamental Fan","Matryoshka"],"acts_visited":["Exordium","TheCity"],"potions_floor_usage":[],"damage_taken":[{"damage":0.0,"enemies":"Small Slimes","floor":1.0,"turns":1.0},{"damage":0.0,"enemies":"Cultist","floor":3.0,"turns":1.0},{"damage":0.0,"enemies":"3 Sentries","floor":7.0,"turns":2.0},{"damage":0.0,"enemies":"Jaw Worm","floor":8.0,"turns":2.0},{"damage":7.0,"enemies":"Looter","floor":11.0,"turns":3.0},{"damage":16.0,"enemies":"Gremlin Nob","floor":14.0,"turns":3.0},{"damage":33.0,"enemies":"The Guardian","floor":16.0,"turns":7.0},{"damage":8.0,"enemies":"Spheric Guardian","floor":18.0,"turns":4.0},{"damage":11.0,"enemies":"Shell Parasite","floor":22.0,"turns":4.0},{"damage":43.0,"enemies":"Slavers","floor":23.0,"turns":7.0},{"damage":23.0,"enemies":"Book of Stabbing","floor":25.0,"turns":4.0},{"damage":6.0,"enemies":"Centurion and Healer","floor":29.0,"turns":4.0},{"damage":37.0,"enemies":"Gremlin Leader","floor":31.0,"turns":8.0},{"damage":53,"enemies":"Collector","floor":33,"turns":6}],"seed_played":"4393311044862010628","potions_obtained":[{"floor":1.0,"key":"EntropicBrew"},{"floor":7.0,"key":"Energy Potion"},{"floor":8.0,"key":"ElixirPotion"},{"floor":14.0,"key":"DuplicationPotion"},{"floor":25.0,"key":"SkillPotion"},{"floor":31.0,"key":"ElixirPotion"}],"is_trial":false,"path_per_floor":["M","?","M","?","T","R","E","M","T","?","M","$","R","E","R","B",null,"M","T","?","?","M","E","R","E","T","T","$","M","R","E","R","B"],"character_chosen":"IRONCLAD","items_purchased":["TheAbacus","Burning Pact","Demon Form","Shovel"],"campfire_rested":1,"item_purchase_floors":[12,12,12,28],"current_hp_per_floor":[74,74,75,75,85,85,85,85,85,80,79,79,79,69,69,58,78,76,76,76,76,71,36,62,47,47,47,47,47,47,16,16,0,0],"gold":209,"neow_bonus":"THREE_ENEMY_KILL","is_daily":false,"chose_seed":false,"campfire_upgraded":4,"win_rate":0.0,"timestamp":1612802751,"path_taken":["M","?","?","?","?","R","E","M","T","?","M","$","R","E","R","BOSS","M","?","?","?","?","E","R","E","T","?","$","M","R","E","R","BOSS"],"items_purchased_type":["Relic","Card","Card","Relic"],"build_version":"2020-12-22","purchased_purges":2,"victory":false,"max_hp_per_floor":[75,75,75,75,85,85,85,85,85,85,85,85,85,85,85,85,85,85,85,85,85,85,87,87,89,89,89,89,89,89,89,89,89,89],"card_choices":[{"not_picked":["Feel No Pain","Flex","Clash"],"picked":"SKIP","floor":1.0},{"not_picked":["Heavy Blade","Warcry","Iron Wave"],"picked":"SKIP","floor":3.0},{"not_picked":["True Grit","Rupture"],"picked":"Sword Boomerang","floor":7.0},{"not_picked":["Disarm","Headbutt"],"picked":"Inflame","floor":8.0},{"not_picked":["Intimidate","Flex","Anger"],"picked":"SKIP","floor":11.0},{"not_picked":["Seeing Red","Hemokinesis"],"picked":"Bloodletting","floor":14.0},{"not_picked":["Immolate","Brutality"],"picked":"Impervious","floor":16.0},{"not_picked":["Whirlwind","Iron Wave"],"picked":"Pommel Strike+1","floor":18.0},{"not_picked":["Battle Trance","Clothesline"],"picked":"Offering","floor":22.0},{"not_picked":["Warcry+1","Twin Strike+1","Anger"],"picked":"Singing Bowl","floor":23.0},{"not_picked":["Feed","Whirlwind","Warcry"],"picked":"Singing Bowl","floor":25.0},{"not_picked":["Whirlwind","Body Slam"],"picked":"Entrench","floor":29.0},{"not_picked":["Shrug It Off","Juggernaut"],"picked":"Sentinel","floor":31.0}],"player_experience":1075934,"relics_obtained":[{"floor":5.0,"key":"Pear"},{"floor":7.0,"key":"Du-Vu Doll"},{"floor":9.0,"key":"Pantograph"},{"floor":14.0,"key":"Singing Bowl"},{"floor":19.0,"key":"Anchor"},{"floor":23.0,"key":"Kunai"},{"floor":25.0,"key":"Nunchaku"},{"floor":26.0,"key":"Gambling Chip"},{"floor":27.0,"key":"Lantern"},{"floor":30.0,"key":"Ornamental Fan"},{"floor":31.0,"key":"Matryoshka"}],"event_choices":[{"damage_healed":0.0,"max_hp_gain":0.0,"max_hp_loss":0.0,"gold_gain":0.0,"event_name":"FaceTrader","player_choice":"Trade","floor":2.0,"gold_loss":0.0,"damage_taken":0.0,"relics_obtained":["SsserpentHead"]},{"damage_healed":0.0,"max_hp_gain":0.0,"max_hp_loss":0.0,"gold_gain":0.0,"cards_transformed":["Strike_R"],"event_name":"Living Wall","player_choice":"Change","floor":4.0,"gold_loss":0.0,"damage_taken":0.0,"cards_obtained":["Sentinel"]},{"damage_healed":0.0,"max_hp_gain":0.0,"max_hp_loss":0.0,"gold_gain":0.0,"event_name":"The Woman in Blue","player_choice":"Bought 0 Potions","floor":10.0,"gold_loss":0.0,"damage_taken":0.0},{"damage_healed":0.0,"max_hp_gain":0.0,"max_hp_loss":0.0,"gold_gain":50.0,"event_name":"Nest","player_choice":"Stole From Cult","floor":20.0,"gold_loss":0.0,"damage_taken":0.0},{"damage_healed":0.0,"max_hp_gain":0.0,"max_hp_loss":0.0,"gold_gain":0.0,"event_name":"The Library","player_choice":"Read","floor":21.0,"gold_loss":0.0,"damage_taken":0.0,"cards_obtained":["Second Wind"]}],"is_beta":false,"boss_relics":[{"not_picked":["Empty Cage","Astrolabe"],"picked":"Snecko Eye"}],"items_purged_floors":[12,28],"is_endless":false,"potions_floor_spawned":[1,7,8,14,22,25,31],"killed_by":"Collector","ascension_level":15}}