{"host":"v9ordiuf4xzdpttp","time":1612809596,"event":{"mods":["AchievementEnabler","Act Like it!","Aspiration","Bartender","BaseMod","Better Third Choice","Better Vampires","CCEM2","Colored Map","Gold Saver","Halation","Hermit","Hubris","Infinite Spire","Ironclad Rager","Jedi Mod","Marked Mod","Melee Mod","Minty Spire (QoL Compilation)","Quick Restart","Reliquary","Remove Card Discount Mod","Replay The Spire","SOS???????","Shop Mod","Small Relic Pack","Spicy Shops","StSLib","The Construct","The Death Knight","The Hierophant","The Runesmith","The Senshi","The Servant 0.9.4","The Showman","??????REMEMod"],"gold_per_floor":[810,822,43,43,43,75,29,59,59,59,75,104,104,115,115,220,220,232,69,88,88,88,123,123,123,123,121,121,149,161,161,161,161,161],"floor_reached":33,"language":"ENG","playtime":1516,"items_purged":["Strike_R","Strike_R","Strike_R","Strike_R","Rising_Crane","Bash","Defend_R"],"score":470,"play_id":"9acc0b30-7292-4f23-ac97-cf7ebf041d72","local_time":"20210208133956","is_ascension_mode":true,"campfire_choices":[{"floor":10,"key":"REST"},{"floor":15,"key":"REST"},{"floor":24,"key":"REST"},{"data":"Rampage","floor":32,"key":"SMITH"}],"circlet_count":0,"master_deck":["Defend_R+1","Defend_R+1","Defend_R+1","Armaments","Inflame","Combust","Anger","Feed+1","jedi:fear","Anger","jedi:strikingstrike","Exhume","Rampage+1","Cleave","Shrug It Off","Bite","Feed"],"relics":["Burning Blood","REME_ComplimentaryCards","MealTicket","reliquary:PrincelyHelmet","MerchantsRug","Frozen Eye","halation:Toothbrush","Ancient Tea Set","reliquary:ExpiredCoupon","Gremlin Food","hubris:Towel","Philosopher\u0027s Stone","infinitespire:Satchel","Art of War","reliquary:NewFriend","CCEMRelics:CocoNut","hubris:BottledHeart","hubris:TinFlute"],"acts_visited":["Exordium","TheCity"],"potions_floor_usage":[12,16,18],"damage_taken":[{"damage":1,"enemies":"Cultist","floor":1,"turns":3},{"damage":2,"enemies":"Small Slimes","floor":2,"turns":3},{"damage":33,"enemies":"Gremlin Nob","floor":6,"turns":5},{"damage":38,"enemies":"Lagavulin","floor":8,"turns":5},{"damage":0,"enemies":"2 Louse","floor":11,"turns":2},{"damage":18,"enemies":"Replay:BlueRogue","floor":12,"turns":4},{"damage":6,"enemies":"2 Fungi Beasts","floor":14,"turns":3},{"damage":79,"enemies":"Hexaghost","floor":16,"turns":8},{"damage":10,"enemies":"3 Byrds","floor":18,"turns":4},{"damage":22,"enemies":"Shell Parasite","floor":20,"turns":4},{"damage":79,"enemies":"Gremlin Leader","floor":23,"turns":7},{"damage":0,"enemies":"Book of Stabbing","floor":29,"turns":4},{"damage":0,"enemies":"Shelled Parasite and Fungi","floor":30,"turns":4},{"damage":1,"enemies":"Automaton","floor":33,"turns":4}],"seed_played":"1517294989882458070","potions_obtained":[{"floor":1,"key":"Elixir"},{"floor":11,"key":"Strength Potion"},{"floor":14,"key":"Reflective Coating"},{"floor":16,"key":"DuplicationPotion"},{"floor":18,"key":"Elixir"},{"floor":20,"key":"Dexterity Potion"}],"is_trial":false,"path_per_floor":["M","M","$","?","?","E","$","E","T","R","M","E","?","M","R","B",null,"M","$","M","?","?","E","R","?","T","$","?","E","M","?","R","B"],"character_chosen":"IRONCLAD","items_purchased":["Combust","reliquary:PrincelyHelmet","MerchantsRug","Frozen Eye","Anger","infinitespire:Satchel"],"campfire_rested":3,"item_purchase_floors":[3,3,3,3,7,19],"current_hp_per_floor":[77,80,80,80,83,56,71,39,39,63,72,60,60,60,85,12,68,67,100,84,84,84,11,43,46,51,69,1,1,1,1,1,0,0],"gold":161,"neow_bonus":"RANDOM_COMMON_RELIC","is_daily":false,"chose_seed":false,"campfire_upgraded":1,"win_rate":0.0,"timestamp":1612809596,"path_taken":["M","?","$","?","?","E","$","E","T","R","M","E","?","M","R","BOSS","M","$","M","?","?","E","R","?","T","?","?","E","?","?","R","BOSS"],"items_purchased_type":["Card","Relic","Relic","Relic","Card","Relic"],"build_version":"2020-12-22","purchased_purges":7,"victory":false,"max_hp_per_floor":[80,80,80,80,83,83,83,83,83,83,86,86,86,86,86,86,86,89,107,107,107,107,107,107,103,108,111,1,1,1,1,1,1,1],"card_choices":[{"not_picked":["Havoc","ReplayTheSpireMod:Strike From Hell"],"picked":"Armaments","floor":1},{"not_picked":["Thunderclap","hubris:ReadiedAction"],"picked":"Inflame","floor":2},{"not_picked":["Burning Pact","Heavy Blade","Perfected Strike"],"picked":"SKIP","floor":6},{"not_picked":["Replay:Many Hands","Replay:Undeath\u0027s Touch"],"picked":"Feed","floor":8},{"not_picked":["Fire Breathing","Pommel Strike"],"picked":"jedi:fear","floor":11},{"not_picked":["Headbutt","hubris:ReadiedAction"],"picked":"Anger","floor":12},{"not_picked":["Run Through","Second Wind"],"picked":"jedi:strikingstrike","floor":14},{"not_picked":["Impervious","Hemogenesis"],"picked":"Exhume","floor":16},{"not_picked":["Havoc","Perfected Strike"],"picked":"Rampage","floor":18},{"not_picked":["Twin Strike","True Grit"],"picked":"Cleave","floor":20},{"not_picked":["Clothesline","Second Wind"],"picked":"Shrug It Off","floor":23},{"not_picked":["Heavy Blade","Thunderclap"],"picked":"Feed","floor":29},{"not_picked":["Entrench","Twin Strike","Immolate"],"picked":"SKIP","floor":30}],"player_experience":327842,"relics_obtained":[{"floor":6,"key":"halation:Toothbrush"},{"floor":8,"key":"Ancient Tea Set"},{"floor":9,"key":"reliquary:ExpiredCoupon"},{"floor":12,"key":"Gremlin Food"},{"floor":21,"key":"Art of War"},{"floor":23,"key":"reliquary:NewFriend"},{"floor":26,"key":"CCEMRelics:CocoNut"},{"floor":29,"key":"hubris:TinFlute"}],"event_choices":[{"damage_healed":0,"gold_gain":0,"player_choice":"Ignored","damage_taken":0,"max_hp_gain":0,"max_hp_loss":0,"event_name":"Beggar","floor":22,"gold_loss":0},{"damage_healed":0,"gold_gain":0,"player_choice":"Became a vampire","damage_taken":0,"max_hp_gain":0,"max_hp_loss":7,"event_name":"Vampires","floor":25,"gold_loss":0,"cards_obtained":["Bite"]},{"damage_healed":0,"gold_gain":0,"player_choice":"Simplicity","damage_taken":0,"max_hp_gain":0,"max_hp_loss":3,"event_name":"betterThird:BetterWriting","floor":31,"gold_loss":0}],"is_beta":false,"boss_relics":[{"not_picked":["Velvet Choker","CCEMRelics:GreenEgg"],"picked":"Philosopher\u0027s Stone"}],"items_purged_floors":[19,19,19,19,19,19,27],"is_endless":false,"potions_floor_spawned":[1,11,14,16,18,20],"killed_by":"Automaton","ascension_level":9}}