{"host":"1xo5g347e5o4auts","time":1612798362,"event":{"mods":["BaseMod","Minty Spire (QoL Compilation)","Permanent Neow","StSLib"],"gold_per_floor":[119,136,188,200,220,252,267,267,267,279,312,312,343,357,357,432,432,442,10,10,10,10,38,38,83,83,146,146,183,225,285,285,364,364,404,404,183,183,193,247,247,275,299,356,356,356,370,370,370,370,370],"floor_reached":50,"language":"ENG","playtime":1869,"items_purged":["Strike_P","Strike_P"],"score":1416,"play_id":"b5692dad-3639-47b8-bec2-0ce7171ab5a0","local_time":"20210208173242","is_ascension_mode":true,"campfire_choices":[{"data":"Tantrum","floor":8.0,"key":"SMITH"},{"data":"Ragnarok","floor":12.0,"key":"SMITH"},{"data":"CutThroughFate","floor":15.0,"key":"SMITH"},{"floor":24.0,"key":"REST"},{"floor":28.0,"key":"REST"},{"floor":32.0,"key":"RECALL"},{"floor":41.0,"key":"REST"},{"floor":46.0,"key":"REST"},{"floor":49.0,"key":"REST"}],"circlet_count":0,"master_deck":["AscendersBane","Strike_P","Defend_P","Defend_P","Defend_P","Defend_P","Eruption","Vigilance","FlyingSleeves","Adaptation","Tantrum+1","Consecrate","WaveOfTheHand","Ragnarok+1","CutThroughFate+1","ClearTheMind","ThirdEye","Wish","Meditate","SashWhip+1","TalkToTheHand","Ragnarok","Establishment","Wireheading","Devotion+1","FlurryOfBlows","SpiritShield","LessonLearned","Prostrate","Madness","Madness"],"relics":["PureWater","Damaru","Potion Belt","Bronze Scales","Lantern","White Beast Statue","Kunai","Fusion Hammer","Membership Card","Gremlin Horn","Omamori","WarpedTongs","Orichalcum","Nunchaku","Regal Pillow","Sundial","Runic Pyramid","Gambling Chip","Torii","Bag of Marbles","Letter Opener"],"acts_visited":["Exordium","TheCity","TheBeyond"],"potions_floor_usage":[],"damage_taken":[{"damage":0.0,"enemies":"Cultist","floor":1.0,"turns":2.0},{"damage":0.0,"enemies":"2 Louse","floor":2.0,"turns":4.0},{"damage":2.0,"enemies":"Small Slimes","floor":4.0,"turns":3.0},{"damage":0.0,"enemies":"2 Fungi Beasts","floor":5.0,"turns":2.0},{"damage":12.0,"enemies":"Lagavulin","floor":6.0,"turns":7.0},{"damage":1.0,"enemies":"Blue Slaver","floor":7.0,"turns":3.0},{"damage":6.0,"enemies":"Exordium Thugs","floor":10.0,"turns":3.0},{"damage":6.0,"enemies":"3 Sentries","floor":11.0,"turns":3.0},{"damage":0.0,"enemies":"Gremlin Nob","floor":13.0,"turns":2.0},{"damage":0.0,"enemies":"2 Fungi Beasts","floor":14.0,"turns":2.0},{"damage":0.0,"enemies":"Slime Boss","floor":16.0,"turns":5.0},{"damage":0.0,"enemies":"2 Thieves","floor":18.0,"turns":1.0},{"damage":29.0,"enemies":"Slavers","floor":23.0,"turns":3.0},{"damage":0.0,"enemies":"Chosen","floor":25.0,"turns":2.0},{"damage":28.0,"enemies":"Book of Stabbing","floor":27.0,"turns":4.0},{"damage":22.0,"enemies":"Shelled Parasite and Fungi","floor":29.0,"turns":2.0},{"damage":29.0,"enemies":"Cultist and Chosen","floor":30.0,"turns":4.0},{"damage":0.0,"enemies":"Gremlin Leader","floor":31.0,"turns":3.0},{"damage":16.0,"enemies":"Automaton","floor":33.0,"turns":5.0},{"damage":3.0,"enemies":"3 Shapes","floor":35.0,"turns":3.0},{"damage":0.0,"enemies":"Orb Walker","floor":39.0,"turns":3.0},{"damage":7.0,"enemies":"Nemesis","floor":40.0,"turns":7.0},{"damage":2.0,"enemies":"Reptomancer","floor":42.0,"turns":4.0},{"damage":40.0,"enemies":"Giant Head","floor":44.0,"turns":5.0},{"damage":1.0,"enemies":"Jaw Worm Horde","floor":47.0,"turns":2.0},{"damage":0,"enemies":"Donu and Deca","floor":50,"turns":1}],"seed_played":"-436193206203037822","potions_obtained":[{"floor":2.0,"key":"SteroidPotion"},{"floor":5.0,"key":"LiquidBronze"},{"floor":10.0,"key":"LiquidMemories"},{"floor":11.0,"key":"LiquidMemories"},{"floor":13.0,"key":"Ambrosia"},{"floor":16.0,"key":"Fire Potion"},{"floor":18.0,"key":"FairyPotion"},{"floor":27.0,"key":"Explosive Potion"},{"floor":29.0,"key":"ColorlessPotion"},{"floor":30.0,"key":"DuplicationPotion"},{"floor":31.0,"key":"SkillPotion"},{"floor":33.0,"key":"FearPotion"},{"floor":35.0,"key":"PowerPotion"},{"floor":39.0,"key":"Strength Potion"},{"floor":40.0,"key":"Swift Potion"},{"floor":42.0,"key":"Strength Potion"},{"floor":44.0,"key":"PowerPotion"}],"is_trial":false,"path_per_floor":["M","M","T","M","M","E","M","R","T","M","E","R","E","M","R","B",null,"M","$","?","?","?","E","R","M","T","E","R","M","M","E","R","B",null,"M","?","$","?","M","E","R","E","T","E","?","R","M","?","R","B"],"character_chosen":"WATCHER","items_purchased":["Membership Card","Gremlin Horn","Omamori","Gambling Chip"],"campfire_rested":5,"item_purchase_floors":[19,19,19,37],"current_hp_per_floor":[61,61,61,59,59,47,46,46,46,40,34,34,34,34,34,34,60,60,60,60,60,60,31,51,51,51,23,58,36,7,7,7,17,55,52,52,52,52,52,45,68,66,66,26,26,61,60,48,68,68,68],"gold":370,"neow_bonus":"RANDOM_COMMON_RELIC","is_daily":false,"chose_seed":false,"campfire_upgraded":3,"win_rate":0.0,"timestamp":1612798362,"path_taken":["M","M","?","?","M","E","M","R","T","M","E","R","E","M","R","BOSS","M","$","?","?","?","E","R","M","T","E","R","?","M","E","R","BOSS","M","?","$","?","M","E","R","E","T","E","?","R","M","?","R","BOSS"],"items_purchased_type":["Relic","Relic","Relic","Relic"],"build_version":"2020-12-22","purchased_purges":2,"victory":false,"max_hp_per_floor":[68,68,68,68,68,68,68,68,68,68,68,68,68,68,68,68,68,68,68,68,68,68,68,68,68,68,68,68,68,68,68,68,68,68,68,68,68,68,68,68,68,68,68,68,68,68,68,68,68,68,68],"card_choices":[{"not_picked":["Halt","SashWhip"],"picked":"FlyingSleeves","floor":1.0},{"not_picked":["FlyingSleeves","Evaluate"],"picked":"Adaptation","floor":2.0},{"not_picked":["ClearTheMind","CrushJoints"],"picked":"Tantrum","floor":4.0},{"not_picked":["FlyingSleeves","Halt"],"picked":"Consecrate","floor":5.0},{"not_picked":["ForeignInfluence","Prostrate"],"picked":"WaveOfTheHand","floor":6.0},{"not_picked":["Crescendo","CrushJoints","InnerPeace"],"picked":"SKIP","floor":7.0},{"not_picked":["EmptyFist","MentalFortress"],"picked":"Ragnarok","floor":10.0},{"not_picked":["Tantrum","LikeWater"],"picked":"CutThroughFate","floor":11.0},{"not_picked":["Perseverance","Evaluate"],"picked":"ClearTheMind","floor":13.0},{"not_picked":["ForeignInfluence","EmptyMind"],"picked":"ThirdEye","floor":14.0},{"not_picked":["SpiritShield","Alpha"],"picked":"Wish","floor":16.0},{"not_picked":["Conclude","FearNoEvil"],"picked":"Meditate","floor":18.0},{"not_picked":["PathToVictory","ThirdEye"],"picked":"SashWhip+1","floor":23.0},{"not_picked":["WaveOfTheHand","Halt"],"picked":"TalkToTheHand","floor":25.0},{"not_picked":["Sanctity","FollowUp+1"],"picked":"Ragnarok","floor":27.0},{"not_picked":["CrushJoints","SashWhip","Evaluate"],"picked":"SKIP","floor":29.0},{"not_picked":["Adaptation","Pray"],"picked":"Establishment","floor":30.0},{"not_picked":["Vengeance","Tantrum+1"],"picked":"Wireheading","floor":31.0},{"not_picked":["Establishment","SpiritShield"],"picked":"Devotion","floor":33.0},{"not_picked":["InnerPeace","BowlingBash","EmptyFist"],"picked":"SKIP","floor":35.0},{"not_picked":["ThirdEye","PathToVictory+1"],"picked":"FlurryOfBlows","floor":39.0},{"not_picked":["MasterReality","ClearTheMind+1"],"picked":"SpiritShield","floor":40.0},{"not_picked":["EmptyFist+1","WreathOfFlame+1"],"picked":"LessonLearned","floor":42.0},{"not_picked":["Study","Protect","FlyingSleeves+1"],"picked":"SKIP","floor":44.0},{"not_picked":["Evaluate","Tantrum"],"picked":"Prostrate","floor":47.0}],"player_experience":1462048,"relics_obtained":[{"floor":3.0,"key":"Potion Belt"},{"floor":6.0,"key":"Bronze Scales"},{"floor":9.0,"key":"Lantern"},{"floor":11.0,"key":"White Beast Statue"},{"floor":13.0,"key":"Kunai"},{"floor":23.0,"key":"Orichalcum"},{"floor":26.0,"key":"Nunchaku"},{"floor":27.0,"key":"Regal Pillow"},{"floor":31.0,"key":"Sundial"},{"floor":40.0,"key":"Torii"},{"floor":42.0,"key":"Bag of Marbles"},{"floor":44.0,"key":"Letter Opener"}],"event_choices":[{"damage_healed":0.0,"max_hp_gain":0.0,"max_hp_loss":0.0,"gold_gain":0.0,"event_name":"Forgotten Altar","player_choice":"Smashed Altar","floor":20.0,"gold_loss":0.0,"damage_taken":0.0,"cards_obtained":["Decay"]},{"damage_healed":0.0,"max_hp_gain":0.0,"max_hp_loss":0.0,"gold_gain":0.0,"event_name":"Vampires","player_choice":"Ignored","floor":21.0,"gold_loss":0.0,"damage_taken":0.0},{"damage_healed":0.0,"max_hp_gain":0.0,"max_hp_loss":0.0,"gold_gain":0.0,"event_name":"Accursed Blacksmith","player_choice":"Rummage","floor":22.0,"gold_loss":0.0,"damage_taken":0.0,"relics_obtained":["WarpedTongs"],"cards_obtained":["Pain"]},{"damage_healed":0.0,"max_hp_gain":0.0,"max_hp_loss":0.0,"gold_gain":0.0,"event_name":"Tomb of Lord Red Mask","player_choice":"Ignored","floor":36.0,"gold_loss":0.0,"damage_taken":0.0},{"cards_removed":["Strike_P"],"damage_healed":0.0,"max_hp_gain":0.0,"max_hp_loss":0.0,"gold_gain":0.0,"event_name":"Falling","player_choice":"Removed Attack","floor":38.0,"gold_loss":0.0,"damage_taken":0.0},{"damage_healed":0.0,"max_hp_gain":0.0,"max_hp_loss":0.0,"gold_gain":0.0,"event_name":"The Moai Head","player_choice":"Ignored","floor":45.0,"gold_loss":0.0,"damage_taken":0.0},{"damage_healed":0.0,"max_hp_gain":0.0,"max_hp_loss":0.0,"gold_gain":0.0,"event_name":"Winding Halls","player_choice":"Embrace Madness","floor":48.0,"gold_loss":0.0,"damage_taken":12.0,"cards_obtained":["Madness","Madness"]}],"is_beta":false,"boss_relics":[{"not_picked":["Black Star","SacredBark"],"picked":"Fusion Hammer"},{"not_picked":["Coffee Dripper","Empty Cage"],"picked":"Runic Pyramid"}],"items_purged_floors":[19,37],"is_endless":false,"potions_floor_spawned":[2,5,10,11,13,14,16,18,23,25,27,29,30,31,33,35,39,40,42,44,47],"killed_by":"Donu and Deca","ascension_level":20}}