{"host":"mani","time":1612815472,"event":{"mods":["BaseMod","Highlight Path","Minty Spire (QoL Compilation)","Spire Arcade","StSLib"],"gold_per_floor":[109,109,284,295,2,2,13,13,13,13,63,11,52,88,88,185,185,223,223,242,17,57,111,39,39,39,74,118,118,33,50,50,152,152,190,207,279,93,103,122,0,0,27,53,71,46,90,135,135,135],"floor_reached":51,"language":"ENG","playtime":2613,"items_purged":["Writhe"],"score":794,"play_id":"ed64794a-aa7f-4533-9f93-96a047f00330","local_time":"20210208211752","is_ascension_mode":false,"campfire_choices":[{"data":"Storm","floor":6,"key":"SMITH"},{"data":"HandOfGreed","floor":8,"key":"SMITH"},{"data":"Zap","floor":10,"key":"SMITH"},{"data":"Hologram","floor":15,"key":"SMITH"},{"floor":29,"key":"REST"},{"floor":32,"key":"REST"},{"floor":42,"key":"REST"},{"floor":49,"key":"REST"}],"circlet_count":0,"master_deck":["Strike_B","Strike_B","Strike_B","Strike_B","Defend_B","Defend_B","Defend_B","Defend_B","Zap+1","Dualcast","Ball Lightning","Barrage","Storm+1","HandOfGreed+1","Cold Snap","Self Repair","Steam","Hologram+1","Go for the Eyes","Go for the Eyes","All For One","Loop","Beam Cell+1","Buffer","Melter","Hello World","Static Discharge","Heatsinks+1","Conserve Battery","Self Repair+1","Echo Form","Beam Cell","Static Discharge+1","Leap+1","Reinforced Body","Hello World","Undo","Defragment","Coolheaded+1","Barrage+1","Parasite","Lockon+1","Conserve Battery","Rebound+1"],"relics":["Cracked Core","Kunai","Pantograph","Fusion Hammer","Thread and Needle","Torii","Cables","Orichalcum","Tiny Chest","Nuclear Battery","Incense Burner","Red Mask","Happy Flower","Gremlin Horn"],"acts_visited":["Exordium","TheCity","TheBeyond"],"potions_floor_usage":[11,11,11,13,22,23,28,37,44,47,50,50],"damage_taken":[{"damage":0,"enemies":"2 Louse","floor":1,"turns":2},{"damage":2,"enemies":"Small Slimes","floor":4,"turns":3},{"damage":6,"enemies":"Jaw Worm","floor":7,"turns":2},{"damage":16,"enemies":"Lagavulin","floor":11,"turns":6},{"damage":21,"enemies":"Lots of Slimes","floor":13,"turns":3},{"damage":7,"enemies":"3 Louse","floor":14,"turns":4},{"damage":54,"enemies":"Hexaghost","floor":16,"turns":11},{"damage":6,"enemies":"2 Thieves","floor":18,"turns":4},{"damage":0,"enemies":"Chosen","floor":20,"turns":4},{"damage":15,"enemies":"Centurion and Healer","floor":22,"turns":5},{"damage":35,"enemies":"Slavers","floor":23,"turns":6},{"damage":13,"enemies":"Book of Stabbing","floor":27,"turns":5},{"damage":13,"enemies":"Shelled Parasite and Fungi","floor":28,"turns":3},{"damage":0,"enemies":"Snecko","floor":31,"turns":5},{"damage":32,"enemies":"Collector","floor":33,"turns":9},{"damage":0,"enemies":"3 Shapes","floor":35,"turns":3},{"damage":17,"enemies":"3 Darklings","floor":36,"turns":6},{"damage":13,"enemies":"2 Orb Walkers","floor":37,"turns":4},{"damage":1,"enemies":"Transient","floor":39,"turns":5},{"damage":0,"enemies":"Sphere and 2 Shapes","floor":40,"turns":5},{"damage":0,"enemies":"Nemesis","floor":44,"turns":6},{"damage":1,"enemies":"Writhing Mass","floor":45,"turns":6},{"damage":0,"enemies":"Jaw Worm Horde","floor":47,"turns":3},{"damage":0,"enemies":"Sphere and 2 Shapes","floor":48,"turns":6},{"damage":107,"enemies":"Awakened One","floor":50,"turns":11}],"seed_played":"5256744093196219036","potions_obtained":[{"floor":7,"key":"EntropicBrew"},{"floor":13,"key":"EssenceOfDarkness"},{"floor":16,"key":"FairyPotion"},{"floor":22,"key":"Fire Potion"},{"floor":27,"key":"FocusPotion"},{"floor":28,"key":"Ancient Potion"},{"floor":33,"key":"SpeedPotion"},{"floor":37,"key":"FearPotion"},{"floor":45,"key":"SkillPotion"},{"floor":47,"key":"DistilledChaos"}],"is_trial":false,"path_per_floor":["M","?","?","M","$","R","M","R","T","R","E","$","M","M","R","B",null,"M","?","M","$","M","E","$","?","T","E","M","R","?","M","R","B",null,"M","M","?","$","M","M","?","R","T","E","M","$","M","M","R","B",null],"character_chosen":"DEFECT","items_purchased":["Storm","HandOfGreed","Cold Snap","Hologram","Buffer","Static Discharge","Reinforced Body","Hello World","Undo","Conserve Battery"],"campfire_rested":4,"item_purchase_floors":[5,5,5,12,21,24,38,38,38,46],"current_hp_per_floor":[82,82,82,80,80,80,74,74,74,74,74,74,53,53,53,31,82,82,82,82,82,74,46,46,46,46,40,27,51,51,58,82,67,82,82,82,82,82,82,82,82,82,82,82,82,82,82,82,82,26],"gold":135,"neow_bonus":"TEN_PERCENT_HP_BONUS","is_daily":false,"chose_seed":false,"campfire_upgraded":4,"win_rate":0.0,"timestamp":1612815472,"path_taken":["M","?","?","M","$","R","M","R","T","R","E","?","M","?","R","BOSS","M","?","M","$","M","E","$","?","T","E","?","R","?","M","R","BOSS","M","M","?","$","M","M","?","R","T","E","M","$","M","M","R","BOSS"],"items_purchased_type":["Card","Card","Card","Card","Card","Card","Card","Card","Card","Card"],"build_version":"2020-12-18","purchased_purges":1,"victory":true,"max_hp_per_floor":[82,82,82,82,82,82,82,82,82,82,82,82,82,82,82,82,82,82,82,82,82,82,82,82,82,82,82,82,82,82,82,82,82,82,82,82,82,82,82,82,82,82,82,82,82,82,82,82,82,82],"card_choices":[{"not_picked":["Compile Driver","Go for the Eyes"],"picked":"Ball Lightning","floor":1},{"not_picked":["Chill","Rip and Tear"],"picked":"Barrage","floor":4},{"not_picked":["Turbo","Lockon"],"picked":"Self Repair","floor":7},{"not_picked":["Sweeping Beam","Cold Snap"],"picked":"Steam","floor":11},{"not_picked":["Hologram","Steam Power"],"picked":"Go for the Eyes","floor":13},{"not_picked":["Tempest","Rebound"],"picked":"Go for the Eyes","floor":14},{"not_picked":["Core Surge","Reboot"],"picked":"All For One","floor":16},{"not_picked":["Turbo","Glacier"],"picked":"Loop","floor":18},{"not_picked":["Conserve Battery","Doom and Gloom+1"],"picked":"Beam Cell+1","floor":20},{"not_picked":["Fusion","Stack"],"picked":"Melter","floor":22},{"not_picked":["Rebound","Rip and Tear+1"],"picked":"Hello World","floor":23},{"not_picked":["Beam Cell","Redo"],"picked":"Heatsinks+1","floor":27},{"not_picked":["Gash","Double Energy"],"picked":"Conserve Battery","floor":28},{"not_picked":["Sweeping Beam","Reinforced Body"],"picked":"Self Repair+1","floor":31},{"not_picked":["Multi-Cast","Seek"],"picked":"Echo Form","floor":33},{"not_picked":["Tempest+1","Rebound+1"],"picked":"Beam Cell","floor":35},{"not_picked":["Cold Snap+1","Barrage"],"picked":"Static Discharge+1","floor":36},{"not_picked":["Sweeping Beam","Chill"],"picked":"Leap+1","floor":37},{"not_picked":["Coolheaded","Darkness+1"],"picked":"Defragment","floor":39},{"not_picked":["Steam","Turbo"],"picked":"Coolheaded+1","floor":40},{"not_picked":["Cold Snap+1","Leap"],"picked":"Barrage+1","floor":44},{"not_picked":["Streamline+1","Force Field"],"picked":"Lockon+1","floor":45},{"not_picked":["Force Field","Genetic Algorithm"],"picked":"Rebound+1","floor":47},{"not_picked":["Turbo+1","Skim+1","Barrage"],"picked":"SKIP","floor":48}],"player_experience":484169,"relics_obtained":[{"floor":9,"key":"Kunai"},{"floor":11,"key":"Pantograph"},{"floor":23,"key":"Torii"},{"floor":26,"key":"Cables"},{"floor":27,"key":"Orichalcum"},{"floor":37,"key":"Incense Burner"},{"floor":43,"key":"Happy Flower"},{"floor":44,"key":"Gremlin Horn"}],"event_choices":[{"damage_healed":0,"gold_gain":0,"player_choice":"Ignored","damage_taken":0,"max_hp_gain":0,"max_hp_loss":0,"event_name":"Golden Wing","floor":2,"gold_loss":0},{"damage_healed":0,"gold_gain":175,"player_choice":"AGREE","damage_taken":0,"max_hp_gain":0,"max_hp_loss":0,"event_name":"Liars Game","floor":3,"gold_loss":0,"cards_obtained":["Doubt"]},{"damage_healed":0,"gold_gain":0,"player_choice":"Opened","damage_taken":0,"relics_obtained":["Thread and Needle"],"max_hp_gain":0,"max_hp_loss":0,"event_name":"The Mausoleum","floor":19,"gold_loss":0,"cards_obtained":["Writhe"]},{"cards_removed":["Doubt"],"damage_healed":0,"gold_gain":0,"player_choice":"Removed Curses","damage_taken":0,"max_hp_gain":0,"max_hp_loss":0,"event_name":"Fountain of Cleansing","floor":25,"gold_loss":0},{"damage_healed":0,"gold_gain":0,"player_choice":"Obtained Relic","damage_taken":0,"relics_obtained":["Tiny Chest"],"max_hp_gain":0,"max_hp_loss":0,"event_name":"Addict","floor":30,"gold_loss":85},{"damage_healed":0,"gold_gain":0,"player_choice":"Fight","damage_taken":0,"max_hp_gain":0,"max_hp_loss":0,"event_name":"Mysterious Sphere","floor":37,"gold_loss":0},{"damage_healed":0,"gold_gain":0,"player_choice":"Paid","damage_taken":0,"relics_obtained":["Red Mask"],"max_hp_gain":0,"max_hp_loss":0,"event_name":"Tomb of Lord Red Mask","floor":41,"gold_loss":122}],"is_beta":true,"boss_relics":[{"not_picked":["Sozu","Velvet Choker"],"picked":"Fusion Hammer"},{"not_picked":["Snecko Eye","Astrolabe"],"picked":"Nuclear Battery"}],"items_purged_floors":[21],"is_endless":false,"potions_floor_spawned":[7,13,16,22,27,28,33,35,37,45,47],"ascension_level":0}}