{"host":"d73an99q9oevilk5","time":1612742764,"event":{"mods":["2.2 Compatiblity","AchievementEnabler","Act Like it!","Aspiration","BaseMod","Beaked The Cultist","Better Third Choice","BetterRewards","Colored Map","Colored Powertips","Conspire","Downfall","GifTheSpireLib","GungeonMod","Halation","Hubris","Infinite Spire","Marisa????????","Mimic Mod","Minty Spire (QoL Compilation)","Quick Restart","Relic Sorter","Reliquary","Replay The Spire","Shop Mod","Spikes Relics","StSLib","Stuff the Spire","The Cursed","The Necromancer","The Saiyan","Waifu the Spire","[IsaacMod]????","egg","slay the spire mod where everything is the same but ironclad has a cowboy hat"],"gold_per_floor":[99,118,24,99,116,133,202,202,214,214,231,242,242,242,257,359,359,359,359,371,387,387,387,399,431,458,458,458,471,487,34,34,54,158,158,58,69,69,86,86,86,164,164,177,177,189,200,200,200,220,220,220],"floor_reached":51,"language":"ENG","playtime":1996,"items_purged":[],"score":637,"play_id":"0c60bea9-4418-4122-accf-7a97629cc242","local_time":"20210207170604","is_ascension_mode":false,"campfire_choices":[{"data":"Neutralize","floor":1.0,"key":"SMITH"},{"data":"Accuracy","floor":8.0,"key":"SMITH"},{"data":"Cloak And Dagger","floor":10.0,"key":"SMITH"},{"data":"conspire:PoisonWeapons","floor":13.0,"key":"SMITH"},{"data":"Blade Dance","floor":36,"key":"SMITH"},{"floor":43,"key":"REST"},{"data":"Footwork","floor":43,"key":"SMITH"},{"data":"Bandage Up","floor":45,"key":"SMITH"},{"floor":48,"key":"REST"},{"data":"Blade Dance","floor":48,"key":"SMITH"}],"circlet_count":0,"master_deck":["Strike_G","Strike_G","Strike_G","Strike_G","Strike_G","Defend_G","Defend_G","Defend_G","Defend_G","Defend_G","Survivor","Neutralize+1","hubris:Counter","Cloak And Dagger+1","Accuracy+1","Dagger Spray","Dodge and Roll","conspire:PoisonWeapons+1","StuffTheSpire:DoubleShiv","Caltrops","Storm of Steel","CloudedMind","Vigilance","infinitespire:Neurotoxin","Bandage Up+1","infinitespire:Gouge","Dodge and Roll+1","Cloak And Dagger","downfall:Bewildered","Blade Dance+1","Terror","Footwork+1","Deflect","Accuracy+1","Blade Dance+1","StuffTheSpire:Innocence","Cloak And Dagger","Wraith","Dodge and Roll+1","ReplayTheSpireMod:Splinters","Spreading Infection","Doubt","ReplayTheSpireMod:Restless Dread","Blade Dance","Blur","Deflect+1","Atom Bomb"],"relics":["Ring of the Snake","Void","HushsDoor","GuppysTail","Meat on the Bone","hubris:Towel","ReplayTheSpireMod:SealedPack","reliquary:Boomerang","sneckomod:BabySnecko","hubris:BottledRain","DemoMod:PinkGuonStone","reliquary:JackalopeAntler","downfall:ExtraCursedKey","halation:PapillonHeart","downfall:HeartBlessingBlue","Spirit Poop","infinitespire:Magic Flask"],"acts_visited":["TheCity","TheBeyond"],"potions_floor_usage":[34,34,34,44,46],"damage_taken":[{"damage":0.0,"enemies":"infinitespire:Voidling","floor":2.0,"turns":7.0},{"damage":5.0,"enemies":"downfall:FleeingMerchant","floor":3.0,"turns":4.0},{"damage":0.0,"enemies":"2 Louse","floor":5.0,"turns":3.0},{"damage":0.0,"enemies":"Small Slimes","floor":6.0,"turns":4.0},{"damage":5.0,"enemies":"Red Slaver","floor":9.0,"turns":5.0},{"damage":1.0,"enemies":"3 Louse","floor":11.0,"turns":4.0},{"damage":0.0,"enemies":"Large Slime","floor":12.0,"turns":5.0},{"damage":5.0,"enemies":"Red Slaver","floor":15.0,"turns":5.0},{"damage":18.0,"enemies":"Fading Forest","floor":16.0,"turns":11.0},{"damage":10.0,"enemies":"Spheric Guardian","floor":20.0,"turns":4.0},{"damage":20.0,"enemies":"Shell Parasite","floor":21.0,"turns":8.0},{"damage":32.0,"enemies":"Centurion and Healer","floor":24.0,"turns":9.0},{"damage":12.0,"enemies":"3 Cultists","floor":25.0,"turns":8.0},{"damage":23.0,"enemies":"Book of Stabbing","floor":26.0,"turns":6.0},{"damage":7.0,"enemies":"3 Cultists","floor":29.0,"turns":5.0},{"damage":0.0,"enemies":"Shelled Parasite and Fungi","floor":30.0,"turns":3.0},{"damage":0.0,"enemies":"downfall:FleeingMerchant","floor":31.0,"turns":4.0},{"damage":0.0,"enemies":"Snake Plant","floor":33.0,"turns":3.0},{"damage":14,"enemies":"IC_MUSHROOM_ARCHETYPE","floor":34,"turns":7},{"damage":17,"enemies":"3 Shapes","floor":37,"turns":4},{"damage":5,"enemies":"Orb Walker","floor":39,"turns":3},{"damage":13,"enemies":"Writhing Mass","floor":44,"turns":5},{"damage":44,"enemies":"3 Darklings","floor":46,"turns":4},{"damage":1,"enemies":"Transient","floor":47,"turns":5},{"damage":10,"enemies":"4 Shapes","floor":50,"turns":3},{"damage":84,"enemies":"WA_ARCHETYPE_DIVINITY","floor":51,"turns":7}],"seed_played":"-7020266465031431329","potions_obtained":[{"floor":9.0,"key":"Elixir"},{"floor":11.0,"key":"Guardian:BlockOnCardUsePotion"},{"floor":12.0,"key":"infinitespire:BlackPotion"},{"floor":21.0,"key":"GamblersBrew"},{"floor":29.0,"key":"SkillPotion"},{"floor":30.0,"key":"PowerPotion"},{"floor":33.0,"key":"Strength Potion"},{"floor":37,"key":"Explosive Potion"},{"floor":39,"key":"ColorlessPotion"}],"is_trial":false,"path_per_floor":["R","M","$","?","M","M","T","R","M","R","M","M","R","?","M","B",null,"PTL","PTL","M","M","?","?","M","MIM","E","?","?","M","M","$","?","M","B",null,"R","M","?","M","?","?","T","R","M","R","M","M","R","?","M","B"],"character_chosen":"THE_SILENT","items_purchased":["Accuracy","DollysMirror","Blade Dance","aspiration:SeaSaltIceCream"],"campfire_rested":2,"item_purchase_floors":[3,31,31,31],"current_hp_per_floor":[77,77,72,61,61,61,61,61,56,56,55,55,55,55,50,42,77,77,77,67,51,36,36,20,31,24,24,24,33,45,49,49,49,51,84,94,77,77,72,72,72,72,94,81,81,49,48,76,76,66,0,0],"gold":220,"neow_bonus":"TEN_PERCENT_HP_BONUS","is_daily":false,"chose_seed":false,"campfire_upgraded":8,"win_rate":0.0,"timestamp":1612742764,"path_taken":["R","?","$","?","M","M","T","R","?","R","M","M","R","?","M","BOSS","PTL","PTL","M","M","?","?","M","MIM","E","?","?","M","M","$","?","M","BOSS","R","M","?","?","?","?","T","R","M","R","M","?","R","?","M","BOSS"],"items_purchased_type":["Card","Relic","Card","Relic"],"build_version":"2020-12-22","purchased_purges":0,"victory":false,"max_hp_per_floor":[77,77,77,77,77,77,77,77,77,77,77,77,77,77,77,77,77,77,77,77,77,77,77,77,84,84,84,84,84,84,84,84,84,84,84,94,94,94,94,94,94,94,94,94,94,94,94,94,94,94,94,94],"card_choices":[{"not_picked":["StuffTheSpire:ClusterCrunch","Bane"],"picked":"hubris:Counter","floor":2.0},{"not_picked":["Bane","ReplayTheSpireMod:Tripwire"],"picked":"Cloak And Dagger","floor":3.0},{"not_picked":["Escape Plan","StuffTheSpire:Shiver","StuffTheSpire:ClusterCrunch"],"picked":"SKIP","floor":5.0},{"not_picked":["Outmaneuver","Replay:Poison Smokescreen"],"picked":"Dagger Spray","floor":6.0},{"not_picked":["hubris:SlightOfHand","Acrobatics"],"picked":"Dodge and Roll","floor":9.0},{"not_picked":["Poisoned Stab","Deflect"],"picked":"conspire:PoisonWeapons","floor":11.0},{"not_picked":["Skewer","Well Laid Plans"],"picked":"StuffTheSpire:DoubleShiv","floor":12.0},{"not_picked":["ReplayTheSpireMod:Shiv Toss","StuffTheSpire:Injection"],"picked":"Caltrops","floor":15.0},{"not_picked":["aspiration:Lunge","Phantasmal Killer"],"picked":"Storm of Steel","floor":16.0},{"not_picked":["m_BronzeSurvivor","DemoMod:RustySidearm"],"picked":"Vigilance","floor":17.0},{"not_picked":["aspiration:Lunge","StuffTheSpire:FinalStruggle"],"picked":"infinitespire:Neurotoxin","floor":17.0},{"not_picked":["Deep Breath","Survey Options"],"picked":"Bandage Up","floor":17.0},{"not_picked":["ReplayTheSpireMod:Chaos Vortex","infinitespire:TheBestDefense"],"picked":"infinitespire:Gouge","floor":17.0},{"not_picked":["Pace","Flechettes"],"picked":"Dodge and Roll+1","floor":20.0},{"not_picked":["StuffTheSpire:Python+1","Deflect+1"],"picked":"Cloak And Dagger","floor":21.0},{"not_picked":["Dagger Throw","StuffTheSpire:BumpUp","StuffTheSpire:Incursion"],"picked":"SKIP","floor":24.0},{"not_picked":["ReplayTheSpireMod:Necrosis","Expertise"],"picked":"Blade Dance","floor":25.0},{"not_picked":["Endless Agony","StuffTheSpire:BumpUp","Dagger Spray"],"picked":"SKIP","floor":26.0},{"not_picked":["Prepared","Quick Slash"],"picked":"Terror","floor":29.0},{"not_picked":["Dodge and Roll","Underhanded Strike+1"],"picked":"Footwork","floor":30.0},{"not_picked":["Tactician+1","Acrobatics"],"picked":"Deflect","floor":31.0},{"not_picked":["Tools of the Trade","Underhanded Strike+1","Concentrate"],"picked":"SKIP","floor":33.0},{"not_picked":["Outmaneuver+1","Predator"],"picked":"Cloak And Dagger","floor":37},{"not_picked":["Quick Slash+1","StuffTheSpire:Incursion"],"picked":"Dodge and Roll+1","floor":39},{"not_picked":["PiercingWail+1","Dagger Spray"],"picked":"Blade Dance","floor":44},{"not_picked":["Outmaneuver+1","Eviscerate"],"picked":"Blur","floor":46},{"not_picked":["Draining Mist+1","StuffTheSpire:MirrorStance"],"picked":"Deflect+1","floor":47},{"not_picked":["StuffTheSpire:ReptileScales","ReplayTheSpireMod:Exploit Weakness","Prepared+1"],"picked":"SKIP","floor":50}],"player_experience":1860846,"relics_obtained":[{"floor":7.0,"key":"Meat on the Bone"},{"floor":25.0,"key":"hubris:BottledRain"},{"floor":25.0,"key":"DemoMod:PinkGuonStone"},{"floor":26.0,"key":"reliquary:JackalopeAntler"},{"floor":41,"key":"infinitespire:Magic Flask"},{"floor":42,"key":"Void"}],"event_choices":[{"damage_healed":0.0,"max_hp_gain":0.0,"max_hp_loss":0.0,"gold_gain":75.0,"event_name":"betterThird:BetterGoop","player_choice":"Gold","floor":4.0,"gold_loss":0.0,"damage_taken":11.0},{"damage_healed":0,"gold_gain":0,"player_choice":"Ignored","damage_taken":0,"max_hp_gain":0,"max_hp_loss":0,"event_name":"OrinTheCat","floor":38,"gold_loss":0},{"cards_removed":["Pain"],"damage_healed":0,"gold_gain":0,"player_choice":"Offered Curse","damage_taken":0,"relics_obtained":["Spirit Poop"],"max_hp_gain":0,"max_hp_loss":0,"event_name":"Bonfire Elementals","floor":40,"gold_loss":0}],"is_beta":false,"boss_relics":[{"not_picked":["Snecko Eye","Replay:Bronze Core"],"picked":"ReplayTheSpireMod:SealedPack"},{"not_picked":[]},{"not_picked":["CosmicIsotope","halation:MonkeysPaw","conspire:RoyalGoblet"]}],"items_purged_floors":[],"is_endless":false,"potions_floor_spawned":[9,11,12,15,21,29,30,33,37,39],"killed_by":"WA_ARCHETYPE_DIVINITY","ascension_level":0}}