{"host":"aukiz5jlacd3g5yc","time":1612763557,"event":{"mods":["2.2 Compatiblity","BaseMod","Bestiary","Colored Map","Colored Powertips","Downfall","GifTheSpireLib","Hubris","Minty Spire (QoL Compilation)","Permanent Neow","Quick Restart","Random Character Button","Rare Cards Sparkle","Relic Sorter","Relic Stats","Replay The Spire","StSLib","everything is the same but u backflip on backflip","slay the spire mod where everything is the same but ironclad has a cowboy hat"],"gold_per_floor":[99,119,119,119,137,154,154,71,71,91,105,137,37,71,90,193,193,193,203,213,213,225,243,269,42,27,27,27,39,52,84,94,94,94,94],"floor_reached":33,"language":"ENG","playtime":1767,"items_purged":["Regret"],"score":297,"play_id":"aae6c4f8-8305-4786-bb78-aca646345f64","local_time":"20210207235237","is_ascension_mode":true,"campfire_choices":[{"data":"champ:HoldFirm","floor":1.0,"key":"SMITH"},{"data":"champ:Taunt","floor":9.0,"key":"SMITH"},{"data":"champ:SwordSigil","floor":13.0,"key":"SMITH"},{"floor":18.0,"key":"RECALL"},{"data":"champ:IronFortress","floor":27.0,"key":"SMITH"}],"circlet_count":0,"master_deck":["champ:Defend","champ:Defend","champ:Taunt+1","champ:HoldFirm+1","champ:TornadoPunch","champ:RageSigil","champ:SwordSigil+1","champ:RageSigil","champ:DefensiveShout","champ:FlashCut","champ:Circumvent","champ:Lariat","champ:VampiricStrike","champ:PreciseThrust+1","champ:StanceDance+1","champ:RageSigil+1","champ:CalledShot+1","champ:FlashCut+1","champ:IronFortress+1","champ:DefensiveStyle+1","champ:SkillfulDodge","champ:SkillfulDodge","champ:ShieldWall","Spreading Infection","champ:SkillfulDodge","champ:StanceDance+1","champ:BringItOn"],"relics":["champ:ChampionCrown","hubris:OldNail","champ:SpectersHand","downfall:HeartBlessingBlue","hubris:SphereOfDissonance","Astrolabe","Centennial Puzzle","bronze:BronzeIdol"],"acts_visited":["Exordium","TheCity"],"potions_floor_usage":[33,33],"damage_taken":[{"damage":10.0,"enemies":"Cultist","floor":2.0,"turns":3.0},{"damage":4.0,"enemies":"2 Louse","floor":5.0,"turns":2.0},{"damage":11.0,"enemies":"Jaw Worm","floor":6.0,"turns":3.0},{"damage":13.0,"enemies":"Exordium Thugs","floor":8.0,"turns":5.0},{"damage":4.0,"enemies":"Blue Slaver","floor":10.0,"turns":4.0},{"damage":3.0,"enemies":"2 Fungi Beasts","floor":11.0,"turns":3.0},{"damage":21.0,"enemies":"Lagavulin","floor":12.0,"turns":5.0},{"damage":16.0,"enemies":"3 Sentries","floor":14.0,"turns":6.0},{"damage":3.0,"enemies":"Exordium Thugs","floor":15.0,"turns":3.0},{"damage":24.0,"enemies":"DF_ARCHETYPE_STREAMLINE","floor":16.0,"turns":9.0},{"damage":3.0,"enemies":"Chosen","floor":19.0,"turns":4.0},{"damage":6.0,"enemies":"Shell Parasite","floor":20.0,"turns":3.0},{"damage":0.0,"enemies":"Shelled Parasite and Fungi","floor":22.0,"turns":3.0},{"damage":2.0,"enemies":"Sentry and Sphere","floor":23.0,"turns":3.0},{"damage":1.0,"enemies":"downfall:FleeingMerchant","floor":25.0,"turns":4.0},{"damage":7.0,"enemies":"downfall:FleeingMerchant","floor":26.0,"turns":4.0},{"damage":0.0,"enemies":"Snecko","floor":29.0,"turns":4.0},{"damage":12.0,"enemies":"Snake Plant","floor":30.0,"turns":3.0},{"damage":30.0,"enemies":"Gremlin Leader","floor":31.0,"turns":10.0},{"damage":2.0,"enemies":"Shelled Parasite and Fungi","floor":32.0,"turns":4.0},{"damage":6,"enemies":"SI_MIRROR_ARCHETYPE","floor":33,"turns":8}],"seed_played":"-3533966528980999151","potions_obtained":[{"floor":2.0,"key":"ColorlessPotion"},{"floor":8.0,"key":"Fire Potion"},{"floor":12.0,"key":"BlessingOfTheForge"},{"floor":14.0,"key":"sneckomod:MuddlingPotion"},{"floor":22.0,"key":"champ:OpenerPotion"},{"floor":29.0,"key":"Dexterity Potion"},{"floor":30.0,"key":"SpeedPotion"},{"floor":31.0,"key":"champ:OpenerPotion"},{"floor":32.0,"key":"LifebloodPotion"}],"is_trial":false,"path_per_floor":["R","M","?","?","M","M","T","M","R","M","M","E","R","E","M","B",null,"R","M","M","?","M","M","T","$","$","R","?","M","M","E","M","B"],"character_chosen":"THE_CHAMP","items_purchased":["champ:SkillfulDodge","champ:ShieldWall"],"campfire_rested":0,"item_purchase_floors":[25,25],"current_hp_per_floor":[90,90,90,90,86,75,75,72,72,68,65,44,54,48,45,21,100,100,97,91,56,56,54,54,53,46,46,46,46,34,4,2,0,0,0],"gold":94,"neow_bonus":"THREE_RARE_CARDS","is_daily":false,"chose_seed":false,"campfire_upgraded":4,"win_rate":0.0,"timestamp":1612763557,"path_taken":["R","M","?","?","?","M","T","M","R","M","M","E","R","E","M","BOSS","R","M","M","?","M","M","T","?","$","R","?","M","?","E","M","BOSS"],"items_purchased_type":["Card","Card"],"build_version":"2020-12-22","purchased_purges":1,"victory":false,"max_hp_per_floor":[90,90,90,90,90,90,90,90,90,90,90,90,100,100,100,100,100,100,100,100,100,100,100,100,100,100,100,100,100,100,100,100,100,100,100],"relic_stats":{"Centennial Puzzle":[15],"counters":[21,93],"Astrolabe":["champ:PreciseThrust","champ:StanceDance","champ:RageSigil"],"obtain_stats":[{"Centennial Puzzle":24,"downfall:HeartBlessingBlue":13,"Astrolabe":17,"hubris:SphereOfDissonance":14,"champ:ChampionCrown":0,"hubris:OldNail":3,"champ:SpectersHand":12,"bronze:BronzeIdol":31},{"Centennial Puzzle":14,"downfall:HeartBlessingBlue":7,"Astrolabe":10,"hubris:SphereOfDissonance":8,"champ:ChampionCrown":0,"hubris:OldNail":1,"champ:SpectersHand":7,"bronze:BronzeIdol":19},{"Centennial Puzzle":56,"downfall:HeartBlessingBlue":25,"Astrolabe":43,"hubris:SphereOfDissonance":31,"champ:ChampionCrown":0,"hubris:OldNail":3,"champ:SpectersHand":25,"bronze:BronzeIdol":81}]},"card_choices":[{"not_picked":["champ:EnchantSword","champ:Devastate"],"picked":"champ:HoldFirm","floor":0.0},{"not_picked":["champ:Backstep","champ:PreciseThrust"],"picked":"champ:TornadoPunch","floor":2.0},{"not_picked":["champ:Haymaker","champ:CrookedStrike","champ:StanceDance"],"picked":"SKIP","floor":5.0},{"not_picked":["champ:FanOfKnives","champ:ShieldSigil"],"picked":"champ:RageSigil","floor":6.0},{"not_picked":["champ:PreciseThrust","champ:ArenaPreparation"],"picked":"champ:SwordSigil","floor":8.0},{"not_picked":["champ:EnGarde","champ:FanOfKnives"],"picked":"champ:RageSigil","floor":10.0},{"not_picked":["champ:DancingMaster","champ:PreciseThrust"],"picked":"champ:DefensiveShout","floor":11.0},{"not_picked":["champ:DefensiveShout","champ:Encircle"],"picked":"champ:FlashCut","floor":12.0},{"not_picked":["champ:EnragedBash","champ:BerserkersShout"],"picked":"champ:Circumvent","floor":14.0},{"not_picked":["champ:SwordSigil","champ:EnGarde"],"picked":"champ:Lariat","floor":15.0},{"not_picked":["champ:SwordThrow","champ:UltimateStance"],"picked":"champ:VampiricStrike","floor":16.0},{"not_picked":["champ:AdrenalArmor","champ:GutPunch"],"picked":"champ:CalledShot+1","floor":19.0},{"not_picked":["champ:PerfectedStrike","champ:BladeFlurry+1","champ:CalledShot"],"picked":"SKIP","floor":20.0},{"not_picked":["champ:PerfectedStrike","champ:RecklessLeap"],"picked":"champ:FlashCut+1","floor":22.0},{"not_picked":["champ:PreemptiveStrike","champ:BerserkerStyle+1"],"picked":"champ:IronFortress","floor":23.0},{"not_picked":["champ:ViciousMockery","champ:PerfectedStrike"],"picked":"champ:DefensiveStyle+1","floor":25.0},{"not_picked":["champ:EnGarde","champ:PerfectedStrike","champ:ShieldSigil"],"picked":"SKIP","floor":26.0},{"not_picked":["champ:CheapShot","champ:ViciousMockery","champ:EnragedBash"],"picked":"SKIP","floor":29.0},{"not_picked":["champ:TornadoPunch","champ:FanOfKnives"],"picked":"champ:SkillfulDodge","floor":30.0},{"not_picked":["champ:EnGarde","champ:Shatter"],"picked":"champ:StanceDance+1","floor":31.0},{"not_picked":["champ:Shatter","champ:Haymaker"],"picked":"champ:BringItOn","floor":32.0}],"player_experience":388574,"relics_obtained":[{"floor":12.0,"key":"champ:SpectersHand"},{"floor":14.0,"key":"hubris:SphereOfDissonance"},{"floor":24.0,"key":"Centennial Puzzle"},{"floor":31.0,"key":"bronze:BronzeIdol"}],"event_choices":[{"damage_healed":0.0,"max_hp_gain":0.0,"max_hp_loss":0.0,"gold_gain":0.0,"event_name":"Big Fish","player_choice":"Box","floor":3.0,"gold_loss":0.0,"damage_taken":0.0,"relics_obtained":["hubris:OldNail"],"cards_obtained":["Regret"]},{"cards_removed":["champ:Strike"],"damage_healed":0.0,"max_hp_gain":0.0,"max_hp_loss":0.0,"gold_gain":0.0,"event_name":"Bonfire Elementals","player_choice":"Offered Basic","floor":4.0,"gold_loss":0.0,"damage_taken":0.0}],"is_beta":false,"boss_relics":[{"not_picked":["hubris:VirtuousBlindfold","ChewingGum"],"picked":"Astrolabe"}],"items_purged_floors":[25],"is_endless":false,"potions_floor_spawned":[2,8,12,14,22,29,30,31,32],"killed_by":"SI_MIRROR_ARCHETYPE","ascension_level":1}}