{"host":"oopoa2qluour3scl","time":1612791444,"event":{"mods":["2.2 Compatiblity","AchievementEnabler","AlwaysNeverKeys","BaseMod","Better Match","Better Note","Better Sensory Stone","Better Synergies","Better Third Choice","Better Vampires","BetterRewards","Bossed Relics","Colored Powertips","Communication Mod","Infinite Spire","Minty Spire (QoL Compilation)","Practice Mode","Random Character Button","Relic Filter Mod","Relic Stats","Smile Girya","StS++","StSLib","SuperFastMode","Swap Starting Deck Mod","Weighted Paths"],"gold_per_floor":[119,139,89,89,104,135,135,164,164,177,177,190,33,44,44,141,141,156,156,146,146,160,160,191,191,191,191,230,256,276,276],"floor_reached":30,"language":"ENG","playtime":1482,"items_purged":["Defend_B"],"score":380,"play_id":"1a291274-d76f-4598-b1df-3bb0dca7d8c9","local_time":"20210208143723","is_ascension_mode":false,"campfire_choices":[{"floor":11,"key":"REST"},{"floor":15,"key":"REST"},{"floor":23,"key":"REST"},{"floor":25,"key":"REST"}],"circlet_count":0,"master_deck":["Strike_B","Strike_B","Strike_B","Defend_B","Defend_B","Defend_B","Zap","Dualcast","Meteor Strike","Conserve Battery","Streamline","Melter","StSpp:Igniter","Coolheaded","infinitespire:NeuralNetwork+1","Ball Lightning","Gash","Capacitor","Redo","Fission","StSpp:TargetLocked","Reaper+1","Streamline+1","Barrage","Multi-Cast","Bandage Up","HandOfGreed","Redo+1","Multi-Cast"],"relics":["Cracked Core","Boot","Pocketwatch","StrikeDummy","Question Card","Pantograph","infinitespire:Freezer","SlaversCollar","Enchiridion","Blue Candle","infinitespire:Bottled Soul","Letter Opener"],"acts_visited":["Exordium","TheCity"],"potions_floor_usage":[16,20,20,22,29],"damage_taken":[{"damage":1,"enemies":"Small Slimes","floor":1,"turns":2},{"damage":1,"enemies":"2 Louse","floor":2,"turns":3},{"damage":0,"enemies":"Cultist","floor":5,"turns":4},{"damage":20,"enemies":"3 Sentries","floor":6,"turns":5},{"damage":14,"enemies":"Gremlin Nob","floor":8,"turns":4},{"damage":6,"enemies":"Red Slaver","floor":10,"turns":4},{"damage":8,"enemies":"Exordium Wildlife","floor":12,"turns":4},{"damage":8,"enemies":"2 Fungi Beasts","floor":14,"turns":4},{"damage":20,"enemies":"Slime Boss","floor":16,"turns":8},{"damage":28,"enemies":"Shell Parasite","floor":18,"turns":5},{"damage":31,"enemies":"2 Thieves","floor":20,"turns":4},{"damage":6,"enemies":"Snake Plant","floor":22,"turns":6},{"damage":25,"enemies":"Slavers","floor":24,"turns":3},{"damage":24,"enemies":"Cultist and Chosen","floor":28,"turns":6},{"damage":10,"enemies":"Gremlin Leader","floor":29,"turns":7},{"damage":31,"enemies":"Centurion and Healer","floor":30,"turns":3}],"seed_played":"6869990034591902817","potions_obtained":[{"floor":1,"key":"CultistPotion"},{"floor":5,"key":"StSpp:ScatteredWeakPotion"},{"floor":12,"key":"Swift Potion"},{"floor":24,"key":"FocusPotion"}],"is_trial":false,"path_per_floor":["M","M","?","?","M","E","?","E","T","M","R","M","$","M","R","B",null,"M","?","M","?","M","R","E","R","T","?","M","E","M"],"character_chosen":"DEFECT","items_purchased":["Boot","Meteor Strike","Conserve Battery","Streamline","Melter","infinitespire:Freezer"],"campfire_rested":4,"item_purchase_floors":[0,0,0,0,0,13],"current_hp_per_floor":[74,73,73,54,54,34,34,20,20,14,36,28,28,20,42,47,75,47,47,26,10,9,31,11,33,33,33,18,22,0,0],"gold":276,"neow_bonus":"","is_daily":false,"chose_seed":false,"campfire_upgraded":0,"win_rate":0.0,"timestamp":1612791443,"path_taken":["M","M","?","?","M","E","?","E","T","?","R","M","$","M","R","BOSS","M","?","M","?","M","R","E","R","T","?","M","E","?"],"items_purchased_type":["Relic","Card","Card","Card","Card","Relic"],"build_version":"2020-12-22","purchased_purges":1,"victory":false,"max_hp_per_floor":[75,75,75,75,75,75,75,75,75,75,75,75,75,75,75,75,75,75,75,75,75,75,75,75,75,75,75,75,75,75,75],"relic_stats":{"counters":[202,822],"Pantograph":25,"Blue Candle":[11],"Letter Opener":[45],"Boot":[38],"Question Card":15,"obtain_stats":[{"Ice Cream":34,"Calipers":0,"Gremlin Horn":37,"CeramicFish":48,"Vajra":28,"Spirit Poop":21,"Whetstone":26,"Ginger":54,"StSpp:PetrifiedCaterpillar":43,"Bottled Tornado":43,"Boot":48,"Old Coin":37,"Sozu":0,"Blood Vial":24,"Centennial Puzzle":54,"HornCleat":30,"DollysMirror":38,"Sundial":43,"Prayer Wheel":0,"MealTicket":10,"Philosopher\u0027s Stone":17,"StSpp:TwinEgg":26,"Fusion Hammer":34,"Kunai":31,"Toxic Egg 2":9,"StSpp:Monolith":22,"Girya":37,"Pear":37,"Happy Flower":8,"Blue Candle":23,"Oddly Smooth Stone":47,"Eternal Feather":38,"Pen Nib":42,"Letter Opener":53,"Question Card":38,"Akabeko":6,"Cables":0,"Du-Vu Doll":0,"OrangePellets":0,"SlaversCollar":17,"Bottled Flame":53,"Shuriken":38,"Bronze Scales":0,"Bird Faced Urn":9,"Molten Egg 2":26,"Symbiotic Virus":9,"StrikeDummy":6,"Pocketwatch":6,"Lantern":54,"Singing Bowl":25,"Enchiridion":21,"Mango":0,"Juzu Bracelet":26,"Bag of Preparation":9,"Incense Burner":10,"Cursed Key":17,"Smiling Mask":26,"Nunchaku":53,"Matryoshka":22,"Mummified Hand":0,"infinitespire:Bottled Soul":26,"Pantograph":0,"Tiny Chest":30,"WingedGreaves":27,"Red Mask":38,"Cracked Core":0,"InkBottle":30,"Potion Belt":12,"Inserter":17,"Golden Idol":0,"Thread and Needle":45,"PreservedInsect":0,"The Courier":9,"Frozen Egg 2":23,"Orichalcum":12,"White Beast Statue":34,"Nuclear Battery":34,"Peace Pipe":11,"Calling Bell":34,"DataDisk":40,"CaptainsWheel":46,"Anchor":9,"Ornamental Fan":12,"betterThird:SlimedRelic":2,"Orrery":31,"Ectoplasm":17,"Turnip":13,"Coffee Dripper":34,"Art of War":9,"Bottled Lightning":54,"Membership Card":38,"Toy Ornithopter":23,"TungstenRod":40,"infinitespire:Freezer":13},{"Ice Cream":152,"Calipers":60,"Gremlin Horn":51,"CeramicFish":30,"Vajra":20,"Spirit Poop":170,"Whetstone":4,"Ginger":59,"StSpp:PetrifiedCaterpillar":180,"Bottled Tornado":28,"Boot":57,"Old Coin":94,"Sozu":0,"Blood Vial":46,"Centennial Puzzle":161,"HornCleat":21,"DollysMirror":115,"Sundial":117,"Prayer Wheel":60,"MealTicket":83,"Philosopher\u0027s Stone":85,"StSpp:TwinEgg":172,"Fusion Hammer":50,"Kunai":75,"Toxic Egg 2":139,"StSpp:Monolith":146,"Girya":25,"Pear":153,"Happy Flower":39,"Blue Candle":71,"Oddly Smooth Stone":119,"Eternal Feather":94,"Pen Nib":54,"Letter Opener":121,"Question Card":25,"Akabeko":63,"Cables":0,"Du-Vu Doll":33,"OrangePellets":60,"SlaversCollar":195,"Bottled Flame":121,"Shuriken":25,"Bronze Scales":0,"Bird Faced Urn":9,"Molten Egg 2":19,"Symbiotic Virus":100,"StrikeDummy":190,"Pocketwatch":9,"Lantern":122,"Singing Bowl":19,"Enchiridion":197,"Mango":123,"Juzu Bracelet":46,"Bag of Preparation":82,"Incense Burner":165,"Cursed Key":68,"Smiling Mask":109,"Nunchaku":31,"Matryoshka":134,"Mummified Hand":0,"infinitespire:Bottled Soul":199,"Pantograph":0,"Tiny Chest":91,"WingedGreaves":47,"Red Mask":177,"Cracked Core":0,"InkBottle":75,"Potion Belt":102,"Inserter":168,"Golden Idol":0,"Thread and Needle":118,"PreservedInsect":60,"The Courier":164,"Frozen Egg 2":17,"Orichalcum":66,"White Beast Statue":152,"Nuclear Battery":92,"Peace Pipe":101,"Calling Bell":113,"DataDisk":27,"CaptainsWheel":57,"Anchor":64,"Ornamental Fan":165,"betterThird:SlimedRelic":61,"Orrery":75,"Ectoplasm":42,"Turnip":66,"Coffee Dripper":23,"Art of War":39,"Bottled Lightning":32,"Membership Card":94,"Toy Ornithopter":3,"TungstenRod":53,"infinitespire:Freezer":193},{"Ice Cream":585,"Calipers":227,"Gremlin Horn":180,"CeramicFish":94,"Vajra":64,"Spirit Poop":661,"Whetstone":18,"Ginger":219,"StSpp:PetrifiedCaterpillar":721,"Bottled Tornado":90,"Boot":208,"Old Coin":364,"Sozu":0,"Blood Vial":156,"Centennial Puzzle":615,"HornCleat":66,"DollysMirror":442,"Sundial":451,"Prayer Wheel":227,"MealTicket":320,"Philosopher\u0027s Stone":329,"StSpp:TwinEgg":676,"Fusion Hammer":176,"Kunai":289,"Toxic Egg 2":544,"StSpp:Monolith":565,"Girya":81,"Pear":588,"Happy Flower":127,"Blue Candle":273,"Oddly Smooth Stone":460,"Eternal Feather":364,"Pen Nib":195,"Letter Opener":471,"Question Card":81,"Akabeko":238,"Cables":0,"Du-Vu Doll":102,"OrangePellets":227,"SlaversCollar":788,"Bottled Flame":471,"Shuriken":81,"Bronze Scales":0,"Bird Faced Urn":31,"Molten Egg 2":61,"Symbiotic Virus":381,"StrikeDummy":764,"Pocketwatch":31,"Lantern":475,"Singing Bowl":61,"Enchiridion":797,"Mango":477,"Juzu Bracelet":156,"Bag of Preparation":314,"Incense Burner":632,"Cursed Key":261,"Smiling Mask":414,"Nunchaku":96,"Matryoshka":527,"Mummified Hand":0,"infinitespire:Bottled Soul":806,"Pantograph":0,"Tiny Chest":352,"WingedGreaves":158,"Red Mask":708,"Cracked Core":0,"InkBottle":289,"Potion Belt":387,"Inserter":652,"Golden Idol":0,"Thread and Needle":455,"PreservedInsect":227,"The Courier":627,"Frozen Egg 2":54,"Orichalcum":249,"White Beast Statue":585,"Nuclear Battery":357,"Peace Pipe":384,"Calling Bell":435,"DataDisk":86,"CaptainsWheel":208,"Anchor":240,"Ornamental Fan":632,"betterThird:SlimedRelic":230,"Orrery":289,"Ectoplasm":138,"Turnip":249,"Coffee Dripper":73,"Art of War":127,"Bottled Lightning":99,"Membership Card":364,"Toy Ornithopter":14,"TungstenRod":190,"infinitespire:Freezer":776}],"Pocketwatch":[96]},"card_choices":[{"not_picked":["Steam","Ball Lightning"],"picked":"StSpp:Igniter","floor":1},{"not_picked":["Recycle","Beam Cell"],"picked":"Coolheaded","floor":2},{"not_picked":["infinitespire:DeathsTouch","infinitespire:Fortify"],"picked":"infinitespire:NeuralNetwork","floor":4},{"not_picked":["Steam Power","Scrape"],"picked":"Ball Lightning","floor":5},{"not_picked":["Compile Driver","StSpp:Igniter"],"picked":"Gash","floor":6},{"not_picked":["Cold Snap","Rebound"],"picked":"Capacitor","floor":8},{"not_picked":["Sweeping Beam","Undo","Steam Power"],"picked":"Redo","floor":10},{"not_picked":["Redo","Sweeping Beam","Rebound","StSpp:MemoryLeak"],"picked":"SKIP","floor":12},{"not_picked":["Cold Snap","Chaos","Ball Lightning","Compile Driver"],"picked":"SKIP","floor":14},{"not_picked":["Seek","Echo Form","Buffer"],"picked":"Fission","floor":16},{"not_picked":["Capacitor","Cold Snap","Compile Driver"],"picked":"StSpp:TargetLocked","floor":18},{"not_picked":["Aggregate","Compile Driver","StSpp:Pointer"],"picked":"Streamline+1","floor":20},{"not_picked":["Stack+1","Gash","Leap"],"picked":"Barrage","floor":22},{"not_picked":["Stack","Static Discharge","Barrage"],"picked":"Multi-Cast","floor":24},{"not_picked":["Trip","Panacea","Blind"],"picked":"Bandage Up","floor":27},{"not_picked":["Jack Of All Trades","Swift Strike","Transmutation"],"picked":"HandOfGreed","floor":27},{"not_picked":["Loop+1","Steam","Beam Cell"],"picked":"Redo+1","floor":28},{"not_picked":["Cold Snap+1","Recycle+1","Redo+1"],"picked":"Multi-Cast","floor":29}],"player_experience":499148,"relics_obtained":[{"floor":6,"key":"StrikeDummy"},{"floor":8,"key":"Question Card"},{"floor":9,"key":"Pantograph"},{"floor":21,"key":"Enchiridion"},{"floor":24,"key":"Blue Candle"},{"floor":26,"key":"infinitespire:Bottled Soul"},{"floor":29,"key":"Letter Opener"}],"event_choices":[{"cards_removed":["Strike_B"],"damage_healed":0,"gold_gain":0,"player_choice":"Card Removal","damage_taken":0,"max_hp_gain":0,"max_hp_loss":0,"event_name":"The Cleric","floor":3,"gold_loss":50},{"damage_healed":0,"gold_gain":0,"player_choice":"Upgraded","damage_taken":0,"max_hp_gain":0,"max_hp_loss":0,"event_name":"Upgrade Shrine","floor":7,"gold_loss":0,"cards_upgraded":["infinitespire:NeuralNetwork"]},{"cards_removed":["infinitespire:NeuralNetwork"],"damage_healed":0,"gold_gain":0,"player_choice":"Take \u0026 Give","damage_taken":0,"max_hp_gain":0,"max_hp_loss":0,"event_name":"betterNote:BetterNote","floor":19,"gold_loss":0,"cards_obtained":["Reaper"]},{"damage_healed":0,"gold_gain":0,"player_choice":"Obtained Book","damage_taken":16,"max_hp_gain":0,"max_hp_loss":0,"event_name":"Cursed Tome","floor":21,"gold_loss":0},{"damage_healed":0,"gold_gain":2,"player_choice":"1","damage_taken":0,"max_hp_gain":0,"max_hp_loss":0,"event_name":"betterStone:BetterStone","floor":27,"gold_loss":0}],"is_beta":false,"boss_relics":[{"not_picked":["StSpp:Balance","Busted Crown"],"picked":"SlaversCollar"}],"items_purged_floors":[0],"is_endless":false,"potions_floor_spawned":[1,5,12,24],"killed_by":"Centurion and Healer","ascension_level":0}}