{"host":"ishme5wb80o83upk","time":1612808246,"event":{"mods":["BaseMod","HololiveMod","Minty Spire (QoL Compilation)","StSLib"],"gold_per_floor":[88,113,144,144,167,218,218,262,262,262,305,230,291,291,291,430,430,462,495,495,568,295,362,422,489,513,605,605,369,369,434,434,591,591,678,729,823,869,935,935,1008,1008,1008,1008,1061,1136,1244,1292,1292,1350,1350,1350,1101,1195,1252,1252],"floor_reached":55,"language":"KOR","playtime":2517,"items_purged":["Hololive_Defend","Hololive_Strike","Hololive_Strike","Hololive_CocoNews"],"score":2441,"play_id":"a8642032-dc8f-424e-8998-d942c5ca6249","local_time":"20210209031726","is_ascension_mode":true,"campfire_choices":[{"data":"Hololive_CallSakuraMiko","floor":7,"key":"SMITH"},{"data":"Hololive_CallSakuraMiko","floor":10,"key":"SMITH"},{"data":"Hololive_RevenueBasedLive","floor":15,"key":"SMITH"},{"data":"Hololive_CallFriendA","floor":30,"key":"SMITH"},{"data":"Hololive_CallDoris","floor":32,"key":"SMITH"},{"data":"Hololive_RevenueBasedLive","floor":40,"key":"SMITH"},{"data":"Hololive_CallOkamiMio","floor":42,"key":"SMITH"},{"floor":44,"key":"RECALL"},{"data":"Hololive_CallInugamiKorone","floor":49,"key":"SMITH"},{"data":"Hololive_CallRoboco","floor":52,"key":"SMITH"}],"circlet_count":0,"master_deck":["AscendersBane","Hololive_CallKiryuuCoco","Hololive_CallShirakamiFubuki","Hololive_CallYozoraMel","Hololive_CallShiranuiFlare","Hololive_CallSakuraMiko+1","Hololive_AWSL","Hololive_CallAkaiHaato","Hololive_CallSakuraMiko+1","Hololive_CallOmaruPolka","Hololive_RevenueBasedLive+1","Hololive_CallOkamiMio+1","Hololive_CallRoboco+1","Hololive_CallTokinoSora","Hololive_DiamondStrike+1","Hololive_Rebirth","Hololive_CallFriendA+1","Hololive_CallOzoraSubaru","Hololive_CallYogiri","Hololive_RevenueBasedLive+1","Hololive_CallMinatoAqua+1","Hololive_CallYukihanaLamy","Hololive_FlareMind+1","Hololive_CallShiroganeNoel","Hololive_CallInugamiKorone+1","Hololive_CallDoris+1","Hololive_Thief+1","Hololive_RevenueBasedLive+1","Hololive_CallTsunomakiWatame","Hololive_CallManoAloe+1","Hololive_CallHimemoriLuna","Hololive_RevenueBasedLive+1","Hololive_CallNatsuiroMatsuri","Hololive_CallNakiriAyame+1","Hololive_IdolExercise+1"],"relics":["Hololive_TheStar","PreservedInsect","Nunchaku","Centennial Puzzle","Bottled Tornado","Mercury Hourglass","Hololive_Finger","Hololive_LightStick","Darkstone Periapt","Toxic Egg 2","Akabeko","The Courier","Philosopher\u0027s Stone","Regal Pillow","Hololive_FriedShrimpLion","ClockworkSouvenir","Bottled Lightning"],"acts_visited":["Exordium","TheCity","TheBeyond","TheEnding"],"potions_floor_usage":[55,55],"damage_taken":[{"damage":0.0,"enemies":"Small Slimes","floor":1.0,"turns":3.0},{"damage":0.0,"enemies":"2 Louse","floor":2.0,"turns":4.0},{"damage":0.0,"enemies":"Cultist","floor":3.0,"turns":3.0},{"damage":0,"enemies":"Looter","floor":5,"turns":3},{"damage":0,"enemies":"3 Sentries","floor":6,"turns":7},{"damage":0,"enemies":"Lagavulin","floor":8,"turns":5},{"damage":0,"enemies":"Gremlin Nob","floor":11,"turns":3},{"damage":0,"enemies":"Lagavulin","floor":13,"turns":4},{"damage":0,"enemies":"Slime Boss","floor":16,"turns":5},{"damage":0,"enemies":"3 Byrds","floor":18,"turns":3},{"damage":0,"enemies":"2 Thieves","floor":19,"turns":3},{"damage":0,"enemies":"Centurion and Healer","floor":21,"turns":5},{"damage":0,"enemies":"Gremlin Leader","floor":23,"turns":3},{"damage":0,"enemies":"Snake Plant","floor":24,"turns":3},{"damage":0,"enemies":"Slavers","floor":25,"turns":4},{"damage":0,"enemies":"Gremlin Leader","floor":27,"turns":5},{"damage":0,"enemies":"Snecko","floor":31,"turns":3},{"damage":0,"enemies":"Collector","floor":33,"turns":8},{"damage":0,"enemies":"3 Darklings","floor":35,"turns":5},{"damage":0,"enemies":"3 Shapes","floor":36,"turns":2},{"damage":0,"enemies":"Jaw Worm Horde","floor":37,"turns":4},{"damage":0,"enemies":"Writhing Mass","floor":38,"turns":4},{"damage":0,"enemies":"Sphere and 2 Shapes","floor":39,"turns":3},{"damage":0,"enemies":"Giant Head","floor":41,"turns":5},{"damage":0,"enemies":"4 Shapes","floor":45,"turns":4},{"damage":0,"enemies":"Transient","floor":46,"turns":6},{"damage":0,"enemies":"Reptomancer","floor":47,"turns":6},{"damage":0,"enemies":"Jaw Worm Horde","floor":48,"turns":2},{"damage":0,"enemies":"Time Eater","floor":50,"turns":9},{"damage":34,"enemies":"Shield and Spear","floor":54,"turns":6},{"damage":27,"enemies":"The Heart","floor":55,"turns":8}],"seed_played":"1150866862910002223","potions_obtained":[{"floor":2.0,"key":"DuplicationPotion"},{"floor":3.0,"key":"LiquidBronze"},{"floor":24,"key":"DuplicationPotion"}],"is_trial":false,"path_per_floor":["M","M","M","?","M","E","R","E","T","R","E","$","E","?","R","B",null,"M","M","?","M","$","E","M","E","T","E","?","$","R","M","R","B",null,"M","M","M","M","M","R","E","R","T","R","M","M","E","M","R","B",null,"R","$","E","B"],"character_chosen":"Hololive_HololiveCharacter","items_purchased":["Hololive_LightStick","Hololive_CallShiroganeNoel","Hololive_CallInugamiKorone","ClockworkSouvenir"],"campfire_rested":0,"item_purchase_floors":[22,29,29,53],"current_hp_per_floor":[27,28,29,29,30,31,31,32,32,32,33,33,34,34,34,35,35,36,37,37,38,38,39,40,41,41,42,42,42,42,43,43,44,44,45,46,47,48,49,49,50,50,50,50,51,52,53,54,54,55,55,55,55,22,0,0],"gold":1252,"neow_bonus":"THREE_RARE_CARDS","is_daily":false,"chose_seed":false,"campfire_upgraded":9,"win_rate":0.0,"timestamp":1612808246,"path_taken":["M","M","M","?","M","E","R","E","T","R","E","$","E","?","R","BOSS","M","M","?","?","$","E","M","E","T","E","?","?","R","M","R","BOSS","M","M","M","M","M","R","E","R","T","R","M","M","E","M","R","BOSS","R","$","E","BOSS"],"items_purchased_type":["Relic","Card","Card","Relic"],"build_version":"2020-12-22","purchased_purges":4,"victory":false,"max_hp_per_floor":[27,28,29,29,30,31,31,32,32,32,33,33,34,34,34,35,35,36,37,37,38,38,39,40,41,41,42,42,42,42,43,43,44,44,45,46,47,48,49,49,50,50,50,50,51,52,53,54,54,55,55,55,55,56,57,57],"card_choices":[{"not_picked":["Hololive_OpenUp","Hololive_IdolExercise"],"picked":"Hololive_AWSL","floor":0.0},{"not_picked":["Hololive_FlyingPonyTail","Hololive_CocoNews","Hololive_Breathe"],"picked":"Hololive_CallAkaiHaato","floor":1.0},{"not_picked":["Hololive_FlyingPonyTail","Hololive_LuckPotion","Hololive_Psychosis"],"picked":"Hololive_CallSakuraMiko","floor":2.0},{"not_picked":["Hololive_LuckPotion","Hololive_Sequa","Hololive_Rebound"],"picked":"Hololive_CallOmaruPolka","floor":3.0},{"not_picked":["Hololive_Rebound","Hololive_ManjiGathering","Hololive_Drill"],"picked":"Hololive_RevenueBasedLive","floor":5},{"not_picked":["Hololive_Drill","Hololive_Nanodesu","Hololive_HuntDinosaur"],"picked":"Hololive_CallOkamiMio","floor":6},{"not_picked":["Hololive_OvertimeWork","Hololive_CallKiryuuCoco","Hololive_CallSpadeEcho"],"picked":"Hololive_CallRoboco","floor":8},{"not_picked":["Hololive_CallUruhaRushia","Hololive_CallNekomataOkayu","Hololive_Psychosis"],"picked":"Hololive_CallTokinoSora","floor":11},{"not_picked":["Hololive_OvertimeWork","Hololive_CocoNews","Hololive_Sequa"],"picked":"Hololive_DiamondStrike","floor":13},{"not_picked":["Hololive_OpenUp","Hololive_ScarfAndHalo","Hololive_DDD"],"picked":"Hololive_Rebirth","floor":16},{"not_picked":["Hololive_LuckPotion","Hololive_CallAmaneKanata","Hololive_Yoholoon+1"],"picked":"Hololive_CallFriendA","floor":18},{"not_picked":["Hololive_Psychosis","Hololive_Trident","Hololive_CocoNews"],"picked":"Hololive_CallOzoraSubaru","floor":19},{"not_picked":["Hololive_Psychosis","Hololive_CallAkaiHaato","Hololive_SoulCatcher","Hololive_StrengthChampion"],"picked":"SKIP","floor":21},{"not_picked":["Hololive_Psychosis","Hololive_CallAkaiHaato","Hololive_SoulCatcher","Hololive_StrengthChampion"],"picked":"SKIP","floor":21},{"not_picked":["Hololive_FlyingPonyTail","Hololive_Rebirth","Hololive_Recruit"],"picked":"Hololive_RevenueBasedLive","floor":23},{"not_picked":["Hololive_CallOmaruPolka","Hololive_OvertimeWork","Hololive_CallAiraniIofifteen"],"picked":"Hololive_CallMinatoAqua+1","floor":24},{"not_picked":["Hololive_Sequa","Hololive_RevenueBasedLive+1","Hololive_ASMR"],"picked":"Hololive_CallYukihanaLamy","floor":25},{"not_picked":["Hololive_Trident","Hololive_Drill","Hololive_CocoNews"],"picked":"Hololive_FlareMind+1","floor":27},{"not_picked":["Hololive_CallOzoraSubaru","Hololive_Drill","Hololive_CallHimemoriLuna"],"picked":"Hololive_CallDoris","floor":31},{"not_picked":["Hololive_DiamondStrike","Hololive_BeCareful+1","Hololive_ASMR"],"picked":"Hololive_Thief+1","floor":33},{"not_picked":["Hololive_CallFriendA+1","Hololive_OvertimeWork","Hololive_CallMinatoAqua+1"],"picked":"Hololive_RevenueBasedLive+1","floor":35},{"not_picked":["Hololive_RevenueBasedLive+1","Hololive_StrengthChampion","Hololive_Rebound+1"],"picked":"Hololive_CallTsunomakiWatame","floor":36},{"not_picked":["Hololive_CocoNews","Hololive_OvertimeWork","Hololive_CallYozoraMel","Hololive_Psychosis+1"],"picked":"SKIP","floor":37},{"not_picked":["Hololive_OpenUp","Hololive_SoulCatcher","Hololive_Trident"],"picked":"Hololive_CallManoAloe+1","floor":38},{"not_picked":["Hololive_Teleport+1","Hololive_Psychosis+1","Hololive_CallAmaneKanata"],"picked":"Hololive_CallHimemoriLuna","floor":39},{"not_picked":["Hololive_CallOzoraSubaru","Hololive_StrengthChampion","Hololive_HuntDinosaur+1","Hololive_CocoNews+1"],"picked":"SKIP","floor":41},{"not_picked":["Hololive_Psychosis","Hololive_Sequa","Hololive_CallAyundaRisu"],"picked":"Hololive_RevenueBasedLive+1","floor":45},{"not_picked":["Hololive_Sequa","Hololive_StrengthChampion","Hololive_Yoholoon","Hololive_CallOkamiMio"],"picked":"SKIP","floor":46},{"not_picked":["Hololive_Psychosis","Hololive_HuntDinosaur+1","Hololive_StrengthChampion"],"picked":"Hololive_CallNatsuiroMatsuri","floor":47},{"not_picked":["Hololive_Breathe+1","Hololive_OvertimeWork","Hololive_ManjiGathering"],"picked":"Hololive_CallNakiriAyame+1","floor":48},{"not_picked":["Hololive_HuntDinosaur+1","Hololive_CallOkamiMio","Hololive_OvertimeWork"],"picked":"Hololive_IdolExercise+1","floor":54}],"player_experience":1124542,"relics_obtained":[{"floor":6,"key":"PreservedInsect"},{"floor":8,"key":"Nunchaku"},{"floor":9,"key":"Centennial Puzzle"},{"floor":11,"key":"Bottled Tornado"},{"floor":13,"key":"Mercury Hourglass"},{"floor":23,"key":"Darkstone Periapt"},{"floor":25,"key":"Toxic Egg 2"},{"floor":26,"key":"Akabeko"},{"floor":27,"key":"The Courier"},{"floor":41,"key":"Regal Pillow"},{"floor":47,"key":"Hololive_FriedShrimpLion"},{"floor":54,"key":"Bottled Lightning"}],"event_choices":[{"damage_healed":0,"gold_gain":0,"player_choice":"Fled","damage_taken":0,"max_hp_gain":0,"max_hp_loss":0,"event_name":"Scrap Ooze","floor":4,"gold_loss":0},{"damage_healed":0,"gold_gain":0,"player_choice":"Grow","damage_taken":0,"max_hp_gain":0,"max_hp_loss":0,"event_name":"Living Wall","floor":14,"gold_loss":0,"cards_upgraded":["Hololive_DiamondStrike"]},{"damage_healed":0,"gold_gain":0,"cards_transformed":["Hololive_Defend"],"player_choice":"Transformed","damage_taken":0,"max_hp_gain":0,"max_hp_loss":0,"event_name":"Transmorgrifier","floor":20,"gold_loss":0,"cards_obtained":["Hololive_CallYogiri"]},{"damage_healed":0,"gold_gain":0,"player_choice":"Ignored","damage_taken":0,"max_hp_gain":0,"max_hp_loss":0,"event_name":"Ghosts","floor":28,"gold_loss":0}],"is_beta":false,"boss_relics":[{"not_picked":["SlaversCollar","Cursed Key"],"picked":"Hololive_Finger"},{"not_picked":["Pandora\u0027s Box","Sozu"],"picked":"Philosopher\u0027s Stone"}],"items_purged_floors":[12,22,29,53],"is_endless":false,"potions_floor_spawned":[2,3,11,16,21,24,25,27,35,39,41,47],"killed_by":"The Heart","ascension_level":18}}