{"host":"7jl4uf745pjtflnx","time":1612823066,"event":{"mods":["BaseMod","BetterRewards","Hubris","Minty Spire (QoL Compilation)","Reliquary","Replay The Spire","StSLib","SuperFastMode","The Construct"],"gold_per_floor":[113,130,149,159,159,194,194,1,26,61,61,25,25,45,45,149,149,164,131,146,21,37,37,37,64,64,64,64,97,122,134,134,134,134],"floor_reached":33,"language":"ENG","playtime":40113,"items_purged":["Strike_G","Strike_G","Strike_G"],"score":573,"play_id":"5d045d81-58b5-4c87-8313-cded9bde7142","local_time":"20210208172426","is_ascension_mode":true,"campfire_choices":[{"floor":7,"key":"REST"},{"floor":11,"key":"REST"},{"data":"Infinite Blades","floor":15,"key":"SMITH"},{"data":"Replay:Bag of Tricks","floor":23,"key":"SMITH"},{"floor":32,"key":"REST"}],"circlet_count":0,"master_deck":["Defend_G+2","Defend_G+1","Defend_G+2","Defend_G+1","Defend_G+1","Survivor","Neutralize+1","Quick Slash","Dagger Spray","Blade Dance","Cloak And Dagger","Poisoned Stab","Infinite Blades+1","PiercingWail","Fluid Movement","Deflect","Deflect","Cloak And Dagger","Replay:Bag of Tricks+1","Deadly Poison+1","Replay:Poison Smokescreen","Deflect+1","Replay:Poison Smokescreen","Dodge and Roll","Prepared","Accuracy"],"relics":["Ring of the Snake","Vampiric Spirits","Pondfish Scales","Oddly Smooth Stone","Garlic","Empty Cage","MutagenicStrength","Replay:Accelerometer","Onion Ring","Simple Rune"],"acts_visited":["Exordium","TheCity"],"potions_floor_usage":[4,10,19,25,25,31],"damage_taken":[{"damage":0,"enemies":"2 Louse","floor":1,"turns":3},{"damage":0,"enemies":"Cultist","floor":2,"turns":4},{"damage":1,"enemies":"Jaw Worm","floor":3,"turns":3},{"damage":10,"enemies":"Red Slaver","floor":4,"turns":5},{"damage":47,"enemies":"Lagavulin","floor":6,"turns":9},{"damage":8,"enemies":"Gremlin Nob","floor":10,"turns":4},{"damage":0,"enemies":"3 Louse","floor":14,"turns":2},{"damage":7,"enemies":"The Guardian","floor":16,"turns":16},{"damage":2,"enemies":"Shell Parasite","floor":18,"turns":8},{"damage":0,"enemies":"2 Thieves","floor":19,"turns":5},{"damage":0,"enemies":"Snake Plant","floor":20,"turns":5},{"damage":21,"enemies":"Snecko","floor":22,"turns":6},{"damage":3,"enemies":"Slavers","floor":25,"turns":6},{"damage":41,"enemies":"Book of Stabbing","floor":29,"turns":9},{"damage":2,"enemies":"Centurion and Healer","floor":31,"turns":8},{"damage":34,"enemies":"hubris:MusketHawk","floor":33,"turns":8}],"seed_played":"19098064284913626","potions_obtained":[{"floor":3,"key":"SteroidPotion"},{"floor":6,"key":"Strength Potion"},{"floor":16,"key":"Energy Potion"},{"floor":19,"key":"CunningPotion"},{"floor":20,"key":"ColorlessPotion"},{"floor":29,"key":"PowerPotion"},{"floor":31,"key":"Doom Potion"}],"is_trial":false,"path_per_floor":["M","M","M","M","?","E","R","$","T","E","R","$","?","M","R","B",null,"M","M","M","$","M","R","?","E","T","?","?","E","T","M","R","B"],"character_chosen":"THE_SILENT","items_purchased":["Vampiric Spirits","Quick Slash","Infinite Blades","PiercingWail","Deflect"],"campfire_rested":3,"item_purchase_floors":[0,0,8,8,12],"current_hp_per_floor":[52,55,57,49,49,6,27,27,27,24,45,45,45,52,52,51,65,63,69,70,70,49,49,49,52,52,52,52,14,14,12,33,0,0],"gold":134,"neow_bonus":"","is_daily":false,"chose_seed":false,"campfire_upgraded":2,"win_rate":0.0,"timestamp":1612823066,"path_taken":["M","M","M","M","?","E","R","$","T","E","R","?","?","M","R","BOSS","M","M","M","$","M","R","?","E","T","?","?","E","?","?","R","BOSS"],"items_purchased_type":["Relic","Card","Card","Card","Card"],"build_version":"2020-12-22","purchased_purges":3,"victory":false,"max_hp_per_floor":[70,70,70,70,70,70,70,70,70,70,70,70,70,70,70,70,70,70,70,70,70,70,70,70,70,70,70,70,70,70,70,70,70,70],"card_choices":[{"not_picked":["Sucker Punch","Acrobatics","Underhanded Strike"],"picked":"SKIP","floor":1},{"not_picked":["ReplayTheSpireMod:Exploit Weakness","Blade Dance"],"picked":"Dagger Spray","floor":2},{"not_picked":["Sucker Punch","Outmaneuver"],"picked":"Blade Dance","floor":3},{"not_picked":["Blade Dance","Tactician"],"picked":"Cloak And Dagger","floor":4},{"not_picked":["Dagger Throw","Flying Knee"],"picked":"Poisoned Stab","floor":6},{"not_picked":["Dodge and Roll","Outmaneuver"],"picked":"Fluid Movement","floor":10},{"not_picked":["Tools of the Trade","PiercingWail"],"picked":"Cloak And Dagger","floor":14},{"not_picked":["Adrenaline","Burst"],"picked":"Replay:Bag of Tricks","floor":16},{"not_picked":["Escape Plan","Backflip"],"picked":"Deadly Poison+1","floor":18},{"not_picked":["Quick Slash","ReplayTheSpireMod:Scrap Shanks"],"picked":"Replay:Poison Smokescreen","floor":19},{"not_picked":["hubris:SlightOfHand","Storm of Steel"],"picked":"Deflect+1","floor":20},{"not_picked":["Poisoned Stab","Toxin Wave+1"],"picked":"Replay:Poison Smokescreen","floor":22},{"not_picked":["hubris:SlightOfHand","Dagger Spray"],"picked":"Dodge and Roll","floor":25},{"not_picked":["Reflex","Dagger Spray+1"],"picked":"Prepared","floor":29},{"not_picked":["PiercingWail","Deadly Poison+1"],"picked":"Accuracy","floor":31}],"player_experience":771793,"relics_obtained":[{"floor":6,"key":"Pondfish Scales"},{"floor":9,"key":"Oddly Smooth Stone"},{"floor":10,"key":"Garlic"},{"floor":25,"key":"Replay:Accelerometer"},{"floor":29,"key":"Onion Ring"},{"floor":30,"key":"Simple Rune"}],"event_choices":[{"damage_healed":0,"gold_gain":0,"player_choice":"Upgraded","damage_taken":0,"max_hp_gain":0,"max_hp_loss":0,"event_name":"Upgrade Shrine","floor":5,"gold_loss":0,"cards_upgraded":["Neutralize"]},{"damage_healed":0,"gold_gain":0,"player_choice":"Ignored","damage_taken":0,"max_hp_gain":0,"max_hp_loss":0,"event_name":"NoteForYourself","floor":13,"gold_loss":0},{"damage_healed":0,"gold_gain":0,"player_choice":"Inject Mutagens","damage_taken":0,"relics_obtained":["MutagenicStrength"],"max_hp_gain":0,"max_hp_loss":0,"event_name":"Drug Dealer","floor":24,"gold_loss":0},{"damage_healed":0,"gold_gain":0,"player_choice":"Simplicity","damage_taken":0,"max_hp_gain":0,"max_hp_loss":0,"event_name":"Back to Basics","floor":28,"gold_loss":0,"cards_upgraded":["Defend_G","Defend_G","Defend_G","Defend_G","Defend_G"]}],"is_beta":false,"boss_relics":[{"not_picked":["Snecko Eye","hubris:GrandSneckoEye"],"picked":"Empty Cage"}],"items_purged_floors":[0,8,21],"is_endless":false,"potions_floor_spawned":[3,6,16,19,20,29,31],"killed_by":"hubris:MusketHawk","ascension_level":9}}