{"host":"k1qq3tnzhl68zvao","time":1612825843,"event":{"mods":["ATMod(°¢èªMod)","AchievementEnabler","Act Like it!","BaseMod","Colored Powertips","DeckTracker","Downfall","Energized Spire","Googly Eyes","Minty Spire (QoL Compilation)","Quick Restart","Relic Filter Mod","Relic Stats","Reliquary","Replay The Spire","Spicy Shops","StSLib","¡¾ÒÅÎï¿¨ÅÆ¡¿REMEMod"],"gold_per_floor":[114,114,130,130,145,174,188,158,158,190,202,232,250,18,18,117,117,127,127,141,141,152,165,165,165,165,199,199,209,227,260,260,363,363,373,385,405,79,94,123,140,158,182,232,232,265,265,284,284,284,284,284,6,36,36],"floor_reached":56,"language":"ZHS","playtime":3531,"items_purged":["Strike_P","Strike_P","Defend_P"],"score":1498,"play_id":"9041f10f-4c38-481f-a6ab-3fe9f050fe23","local_time":"20210209071043","is_ascension_mode":false,"campfire_choices":[{"data":"Eruption","floor":15.0,"key":"SMITH"},{"data":"Crescendo","floor":25.0,"key":"SMITH"},{"data":"Tantrum","floor":28.0,"key":"SMITH"},{"floor":32.0,"key":"RECALL"},{"data":"Vault","floor":45.0,"key":"SMITH"},{"data":"REME_Flogging","floor":49.0,"key":"SMITH"},{"data":"Adaptation","floor":52.0,"key":"SMITH"}],"circlet_count":0,"master_deck":["Strike_P","Strike_P","Defend_P+1","Defend_P+1","Eruption+1","Vigilance","champ:FocusedBerserking","AT_FamilyPortrait","Scrawl","Crescendo+1","FlurryOfBlows+1","BowlingBash","Adaptation+1","Tantrum+1","REME_CRH","AT_ChampionStep","FlurryOfBlows+1","ClearTheMind+1","Vault+1","EmptyMind+1","AT_ChampionStep","Finesse","REME_Flogging+1"],"relics":["HolyWater","REME_ComplimentaryCards","AT_ATBox","AT_TimeSand","Bottled Flame","Shuriken","reliquary:PurpleTingedLeaf","Nunchaku","reliquary:Aerogel","ReplayTheSpireMod:TigerMarble","reliquary:RosewoodLute","Replay:Wax Seal","energizedSpire:BlackCloud","Boot","Strange Spoon","Omamori","Thread and Needle","AT_SpeedBoots","REME_HandOfSuture","reliquary:Stiletto"],"acts_visited":["Exordium","TheCity","TheBeyond","TheEnding"],"potions_floor_usage":[55,55],"damage_taken":[{"damage":0.0,"enemies":"Small Slimes","floor":1.0,"turns":3.0},{"damage":0.0,"enemies":"Cultist","floor":3.0,"turns":2.0},{"damage":0.0,"enemies":"2 Louse","floor":5.0,"turns":2.0},{"damage":41.0,"enemies":"Replay:BlueRogue","floor":6.0,"turns":11.0},{"damage":11.0,"enemies":"Gremlin Gang","floor":7.0,"turns":4.0},{"damage":1.0,"enemies":"3 Sentries","floor":10.0,"turns":3.0},{"damage":0.0,"enemies":"Large Slime","floor":11.0,"turns":3.0},{"damage":0.0,"enemies":"Gremlin Nob","floor":12.0,"turns":3.0},{"damage":0.0,"enemies":"3 Louse","floor":13.0,"turns":1.0},{"damage":0.0,"enemies":"Fading Forest","floor":16.0,"turns":9.0},{"damage":0.0,"enemies":"Shell Parasite","floor":18.0,"turns":1.0},{"damage":9.0,"enemies":"2 Thieves","floor":20.0,"turns":2.0},{"damage":0.0,"enemies":"Chosen and Byrds","floor":22.0,"turns":2.0},{"damage":12.0,"enemies":"Centurion and Healer","floor":23.0,"turns":2.0},{"damage":0.0,"enemies":"Gremlin Leader","floor":27.0,"turns":2.0},{"damage":0.0,"enemies":"Snecko","floor":29.0,"turns":2.0},{"damage":0.0,"enemies":"Snake Plant","floor":30.0,"turns":1.0},{"damage":0.0,"enemies":"Replay:Snechameleon","floor":31.0,"turns":2.0},{"damage":12.0,"enemies":"Collector","floor":33.0,"turns":3.0},{"damage":0.0,"enemies":"Orb Walker","floor":35.0,"turns":1.0},{"damage":0.0,"enemies":"3 Darklings","floor":36.0,"turns":2.0},{"damage":15.0,"enemies":"Transient","floor":37.0,"turns":4.0},{"damage":0.0,"enemies":"Jaw Worm Horde","floor":39.0,"turns":1.0},{"damage":0.0,"enemies":"R_Hoarder","floor":40.0,"turns":2.0},{"damage":2.0,"enemies":"Spire Growth","floor":41.0,"turns":2.0},{"damage":0.0,"enemies":"4 Shapes","floor":42.0,"turns":1.0},{"damage":0.0,"enemies":"Mind Bloom Boss Battle","floor":44.0,"turns":1.0},{"damage":0.0,"enemies":"Reptomancer","floor":46.0,"turns":3.0},{"damage":12.0,"enemies":"Writhing Mass","floor":48.0,"turns":2.0},{"damage":0.0,"enemies":"Awakened One","floor":50.0,"turns":2.0},{"damage":0.0,"enemies":"Shield and Spear","floor":54.0,"turns":1.0},{"damage":55,"enemies":"The Heart","floor":55,"turns":4}],"seed_played":"699591827387612009","potions_obtained":[{"floor":5.0,"key":"Dexterity Potion"},{"floor":8.0,"key":"Languid Potion"},{"floor":8.0,"key":"Flashbang"},{"floor":22.0,"key":"Guardian:BlockOnCardUsePotion"},{"floor":23.0,"key":"LiquidMemories"},{"floor":31.0,"key":"Strength Potion"},{"floor":33.0,"key":"BottledMiracle"},{"floor":39.0,"key":"Ancient Potion"},{"floor":42.0,"key":"REME_GoldPotion"},{"floor":44.0,"key":"PowerPotion"},{"floor":54.0,"key":"FearPotion"}],"is_trial":false,"path_per_floor":["M","?","M","?","M","E","M","?","T","E","M","E","M","$","R","B",null,"M","?","M","?","M","M","?","R","T","E","R","M","M","E","R","B",null,"M","M","M","$","M","E","M","M","T","?","R","E","?","M","R","B",null,"R","$","E","B",null],"character_chosen":"WATCHER","items_purchased":["Nunchaku","Boot","Strange Spoon","REME_HandOfSuture"],"campfire_rested":0,"item_purchase_floors":[14,38,38,53],"current_hp_per_floor":[72,58,58,58,58,22,11,11,11,10,10,10,11,11,11,13,72,72,72,63,63,64,53,53,53,53,53,53,54,55,55,55,43,72,72,72,57,57,57,57,56,56,56,56,56,56,46,35,35,35,72,72,72,72,18],"gold":36,"neow_bonus":"ONE_RANDOM_RARE_CARD","is_daily":false,"chose_seed":false,"campfire_upgraded":6,"win_rate":0.0,"timestamp":1612825843,"path_taken":["M","?","M","?","M","E","?","?","T","E","?","E","?","$","R","BOSS","M","?","M","?","M","?","?","R","T","E","R","M","M","E","R","BOSS","M","M","M","?","?","E","M","M","T","?","R","E","?","M","R","BOSS","R","$","E","BOSS"],"items_purchased_type":["Relic","Relic","Relic","Relic"],"build_version":"2020-12-22","purchased_purges":3,"victory":true,"max_hp_per_floor":[72,72,72,72,72,72,72,72,72,72,72,72,72,72,72,72,72,72,72,72,72,72,72,72,72,72,72,72,72,72,72,72,72,72,72,72,72,72,72,72,72,72,72,72,72,72,72,72,72,72,72,72,72,72,72],"relic_stats":{"Strange Spoon":[48],"Nunchaku":[34],"counters":[32,84],"Shuriken":[103],"Boot":[29],"obtain_stats":[{"AT_ATBox":0,"reliquary:Aerogel":21,"Thread and Needle":44,"AT_TimeSand":6,"Omamori":40,"reliquary:RosewoodLute":27,"Boot":38,"energizedSpire:BlackCloud":34,"Strange Spoon":38,"Bottled Flame":9,"Nunchaku":14,"AT_SpeedBoots":46,"Shuriken":10,"HolyWater":17,"REME_HandOfSuture":53,"reliquary:Stiletto":54,"ReplayTheSpireMod:TigerMarble":26,"PureWater":0,"Replay:Wax Seal":31,"reliquary:PurpleTingedLeaf":12,"REME_ComplimentaryCards":0},{"AT_ATBox":0,"reliquary:Aerogel":12,"Thread and Needle":27,"AT_TimeSand":4,"Omamori":24,"reliquary:RosewoodLute":15,"Boot":22,"energizedSpire:BlackCloud":19,"Strange Spoon":22,"Bottled Flame":5,"Nunchaku":9,"AT_SpeedBoots":28,"Shuriken":6,"HolyWater":10,"REME_HandOfSuture":30,"reliquary:Stiletto":31,"ReplayTheSpireMod:TigerMarble":14,"PureWater":0,"Replay:Wax Seal":18,"reliquary:PurpleTingedLeaf":8,"REME_ComplimentaryCards":0},{"AT_ATBox":0,"reliquary:Aerogel":44,"Thread and Needle":72,"AT_TimeSand":18,"Omamori":68,"reliquary:RosewoodLute":50,"Boot":65,"energizedSpire:BlackCloud":58,"Strange Spoon":65,"Bottled Flame":22,"Nunchaku":32,"AT_SpeedBoots":75,"Shuriken":25,"HolyWater":41,"REME_HandOfSuture":79,"reliquary:Stiletto":80,"ReplayTheSpireMod:TigerMarble":48,"PureWater":0,"Replay:Wax Seal":55,"reliquary:PurpleTingedLeaf":31,"REME_ComplimentaryCards":0}]},"card_choices":[{"not_picked":["Consecrate","Swivel"],"picked":"Crescendo","floor":1.0},{"not_picked":["InnerPeace","Evaluate","CrushJoints"],"picked":"SKIP","floor":3.0},{"not_picked":["PathToVictory","ThirdEye","Replay:BluntJabs"],"picked":"SKIP","floor":5.0},{"not_picked":["Replay:Vibes","DeusExMachina"],"picked":"FlurryOfBlows","floor":6.0},{"not_picked":["EmptyFist","Protect","Replay:ManipulateFuture"],"picked":"SKIP","floor":7.0},{"not_picked":["WheelKick","AT_SoftenMuscles"],"picked":"BowlingBash","floor":10.0},{"not_picked":["Consecrate","CrushJoints"],"picked":"Adaptation","floor":11.0},{"not_picked":["EmptyFist","REME_MusicOfDeath"],"picked":"Tantrum","floor":12.0},{"not_picked":["WaveOfTheHand","ThirdEye","CrushJoints"],"picked":"SKIP","floor":13.0},{"not_picked":["Scrawl","Judgement"],"picked":"REME_CRH","floor":16.0},{"not_picked":["CrushJoints+1","Evaluate+1","Consecrate"],"picked":"SKIP","floor":18.0},{"not_picked":["ThirdEye","EmptyBody"],"picked":"AT_ChampionStep","floor":20.0},{"not_picked":["Indignation","Study"],"picked":"FlurryOfBlows+1","floor":22.0},{"not_picked":["FlurryOfBlows","BowlingBash+1","Collect"],"picked":"SKIP","floor":23.0},{"not_picked":["FollowUp","Protect","AT_SoftenMuscles"],"picked":"SKIP","floor":27.0},{"not_picked":["Consecrate+1","Conclude"],"picked":"ClearTheMind+1","floor":29.0},{"not_picked":["JustLucky","Meditate","Consecrate+1"],"picked":"SKIP","floor":30.0},{"not_picked":["CrushJoints+1","BowlingBash+1","Replay:BluntJabs+1"],"picked":"SKIP","floor":31.0},{"not_picked":["AT_MachinaRedman","ConjureBlade"],"picked":"Vault","floor":33.0},{"not_picked":["JustLucky+1","Replay:BluntJabs"],"picked":"EmptyMind+1","floor":35.0},{"not_picked":["Indignation","CrushJoints","Collect+1"],"picked":"SKIP","floor":36.0},{"not_picked":["Protect","PathToVictory","AT_OneInchPunch+1"],"picked":"SKIP","floor":37.0},{"not_picked":["Crescendo","AT_RealFormLess","Replay:ManipulateFuture"],"picked":"SKIP","floor":39.0},{"not_picked":["FlyingSleeves","Evaluate","REME_EmptyShield"],"picked":"SKIP","floor":40.0},{"not_picked":["FlyingSleeves+1","SignatureMove","Halt"],"picked":"SKIP","floor":41.0},{"not_picked":["Conclude","CutThroughFate","Replay:Anticipation+1"],"picked":"SKIP","floor":42.0},{"not_picked":["CrushJoints","JustLucky"],"picked":"AT_ChampionStep","floor":46.0},{"not_picked":["Secret Technique","Survey Options"],"picked":"Finesse","floor":47.0},{"not_picked":["Swift Strike","Finesse"],"picked":"REME_Flogging","floor":47.0},{"not_picked":["EmptyMind","ClearTheMind","AT_OneInchPunch+1"],"picked":"SKIP","floor":48.0},{"not_picked":["EmptyFist","PathToVictory","Halt"],"picked":"SKIP","floor":54.0}],"player_experience":517920,"relics_obtained":[{"floor":6.0,"key":"AT_TimeSand"},{"floor":9.0,"key":"Bottled Flame"},{"floor":10.0,"key":"Shuriken"},{"floor":12.0,"key":"reliquary:PurpleTingedLeaf"},{"floor":26.0,"key":"ReplayTheSpireMod:TigerMarble"},{"floor":27.0,"key":"reliquary:RosewoodLute"},{"floor":31.0,"key":"Replay:Wax Seal"},{"floor":40.0,"key":"Omamori"},{"floor":44.0,"key":"Thread and Needle"},{"floor":46.0,"key":"AT_SpeedBoots"},{"floor":54.0,"key":"reliquary:Stiletto"}],"event_choices":[{"damage_healed":0.0,"max_hp_gain":0.0,"max_hp_loss":0.0,"gold_gain":0.0,"event_name":"Shining Light","player_choice":"Entered Light","floor":2.0,"gold_loss":0.0,"damage_taken":14.0,"cards_upgraded":["Defend_P","Defend_P"]},{"damage_healed":0.0,"max_hp_gain":0.0,"max_hp_loss":0.0,"gold_gain":0.0,"event_name":"NoteForYourself","player_choice":"Ignored","floor":4.0,"gold_loss":0.0,"damage_taken":0.0},{"damage_healed":0.0,"max_hp_gain":0.0,"max_hp_loss":0.0,"gold_gain":0.0,"event_name":"The Woman in Blue","player_choice":"Bought 2 Potions","floor":8.0,"gold_loss":0.0,"damage_taken":0.0},{"cards_removed":["Defend_P"],"damage_healed":0.0,"max_hp_gain":0.0,"max_hp_loss":0.0,"gold_gain":0.0,"event_name":"Back to Basics","player_choice":"Elegance","floor":19.0,"gold_loss":0.0,"damage_taken":0.0},{"damage_healed":0.0,"max_hp_gain":0.0,"max_hp_loss":0.0,"gold_gain":0.0,"event_name":"WeMeetAgain","player_choice":"Gave Potion","floor":21.0,"gold_loss":0.0,"damage_taken":0.0,"relics_obtained":["reliquary:Aerogel"]},{"damage_healed":0.0,"max_hp_gain":0.0,"max_hp_loss":0.0,"gold_gain":0.0,"event_name":"Accursed Blacksmith","player_choice":"Forge","floor":24.0,"gold_loss":0.0,"damage_taken":0.0,"cards_upgraded":["FlurryOfBlows"]},{"damage_healed":0.0,"max_hp_gain":0.0,"max_hp_loss":0.0,"gold_gain":0.0,"event_name":"MindBloom","player_choice":"Fight","floor":44.0,"gold_loss":0.0,"damage_taken":0.0},{"damage_healed":0.0,"max_hp_gain":0.0,"max_hp_loss":0.0,"gold_gain":0.0,"event_name":"SensoryStone","player_choice":"Memory 3","floor":47.0,"gold_loss":0.0,"damage_taken":10.0}],"is_beta":false,"boss_relics":[{"not_picked":["reliquary:Craggleroot","Honey Jar"],"picked":"HolyWater"},{"not_picked":["Abe\u0027s Treasure","energizedSpire:CrystalSphere"],"picked":"energizedSpire:BlackCloud"}],"items_purged_floors":[14,38,53],"is_endless":false,"potions_floor_spawned":[5,10,11,22,23,31,33,35,36,39,42,44,54],"ascension_level":0}}