{"host":"j4g6ia6asvpyu2b0","time":1612805920,"event":{"mods":["BaseMod","Colored Map","Downfall","Minty Spire (QoL Compilation)","Permanent Neow","Quick Restart","Relic Stats","StSLib","Unceasing Turn Reminder"],"gold_per_floor":[99,110,130,130,150,162,162,189,189,189,200,200,235,299,316,411,411,411,422,437,537,547,577,653,653,670,733,746,656,671,705,723,827,827,827,844,894,907,973,986,1035,923,942,1042,549,105,105,130,146,146],"floor_reached":51,"language":"ENG","playtime":2748,"items_purged":["Pain","Regret","hexamod:Strike","hexamod:Strike"],"score":1010,"play_id":"1151325c-38b3-4248-a69d-9b30eee98910","local_time":"20210208103840","is_ascension_mode":false,"campfire_choices":[{"data":"hexamod:VolcanoVisage","floor":1,"key":"SMITH"},{"data":"hexamod:PowerFromBeyond","floor":10,"key":"SMITH"},{"data":"hexamod:ExtraCrispy","floor":18,"key":"SMITH"},{"floor":25,"key":"REST"},{"data":"hexamod:SkipABeat","floor":35,"key":"SMITH"},{"data":"Sadistic Nature","floor":47,"key":"SMITH"}],"circlet_count":0,"master_deck":["hexamod:Strike","hexamod:Strike","hexamod:Defend","hexamod:Defend","hexamod:Defend","hexamod:Defend","hexamod:Sear","hexamod:Float","hexamod:VolcanoVisage+1","hexamod:HauntingEcho","hexamod:Firestarter","hexamod:NightmareStrike+1","hexamod:RainOfEmbers+1","hexamod:PowerFromBeyond+1","hexamod:ExtraCrispy+1","CurseOfTheBell","CurseOfTheBell","hexamod:TimeWarp+1","hexamod:DynamicBlow+1","hexamod:PhantomFireball+1","hexamod:PhantomFireball+1","hexamod:ForkedFlame+1","hexamod:HauntingEcho+1","hexamod:GhostOfSpireFuture+1","hexamod:GhostOfSpireFuture","hexamod:GhostflameBarrier","hexamod:ChargedBarrage","hexamod:SkipABeat+1","hexamod:SoulSteal","hexamod:RecurringNightmare+1","hexamod:SkipABeat+1","hexamod:TimeOfNeed+1","hexamod:Incineration+1","hexamod:ExtraCrispy+1","hexamod:RadiantFlame+1","hexamod:Firestarter+1","hexamod:CatchUp+1","Master of Strategy+1","hexamod:EmpoweredFlame+1","Chrysalis+1","Sadistic Nature+1","hexamod:Incineration+1","hexamod:GhostflameBarrier+1","hexamod:ApocalypseNow+1"],"relics":["hexamod:SpiritBrand","Molten Egg 2","Anchor","Potion Belt","WarpedTongs","downfall:ExtraCursedBell","MealTicket","Meat on the Bone","Thread and Needle","Darkstone Periapt","Pen Nib","Black Star","downfall:CloakOfManyFaces","CultistMask","FaceOfCleric","NlothsMask","GremlinMask","SsserpentHead","Orichalcum","Bag of Marbles","FossilizedHelix","Toxic Egg 2","Coffee Dripper","Nunchaku","Bag of Preparation","Lizard Tail","Membership Card","hexamod:MatchstickCase","Akabeko","Lantern","Medical Kit","Frozen Egg 2","The Courier","TungstenRod"],"acts_visited":["Exordium","TheCity","TheBeyond"],"potions_floor_usage":[8,20,21,21,23,23,29,33,38,44,50,50],"damage_taken":[{"damage":1,"enemies":"2 Louse","floor":2,"turns":3},{"damage":1,"enemies":"Jaw Worm","floor":3,"turns":3},{"damage":0,"enemies":"Cultist","floor":5,"turns":3},{"damage":2,"enemies":"Blue Slaver","floor":6,"turns":3},{"damage":0,"enemies":"Gremlin Nob","floor":8,"turns":2},{"damage":2,"enemies":"Large Slime","floor":11,"turns":4},{"damage":14,"enemies":"Lagavulin","floor":13,"turns":4},{"damage":10,"enemies":"Lagavulin Event","floor":14,"turns":5},{"damage":4,"enemies":"2 Fungi Beasts","floor":15,"turns":3},{"damage":8,"enemies":"SI_SHIV_ARCHETYPE","floor":16,"turns":5},{"damage":5,"enemies":"Shell Parasite","floor":19,"turns":3},{"damage":8,"enemies":"Snecko","floor":20,"turns":4},{"damage":12,"enemies":"downfall:FaceTrader","floor":21,"turns":6},{"damage":7,"enemies":"Snake Plant","floor":22,"turns":4},{"damage":36,"enemies":"Slavers","floor":23,"turns":5},{"damage":7,"enemies":"Centurion and Healer","floor":26,"turns":6},{"damage":19,"enemies":"Chosen and Byrds","floor":27,"turns":6},{"damage":3,"enemies":"3 Cultists","floor":28,"turns":4},{"damage":6,"enemies":"downfall:FleeingMerchant","floor":29,"turns":4},{"damage":6,"enemies":"Snake Plant","floor":30,"turns":4},{"damage":20,"enemies":"Gremlin Leader","floor":31,"turns":6},{"damage":2,"enemies":"Shelled Parasite and Fungi","floor":32,"turns":4},{"damage":64,"enemies":"IC_MUSHROOM_ARCHETYPE","floor":33,"turns":11},{"damage":0,"enemies":"Orb Walker","floor":36,"turns":4},{"damage":9,"enemies":"3 Darklings","floor":38,"turns":5},{"damage":6,"enemies":"Sphere and 2 Shapes","floor":39,"turns":5},{"damage":30,"enemies":"Spire Growth","floor":40,"turns":6},{"damage":3,"enemies":"downfall:FleeingMerchant","floor":42,"turns":3},{"damage":0,"enemies":"Transient","floor":43,"turns":5},{"damage":24,"enemies":"Transient","floor":44,"turns":6},{"damage":0,"enemies":"Giant Head","floor":48,"turns":6},{"damage":2,"enemies":"Sphere and 2 Shapes","floor":49,"turns":3},{"damage":0,"enemies":"DF_ARCHETYPE_ORBS","floor":50,"turns":6}],"seed_played":"3213280488420707361","potions_obtained":[{"floor":3,"key":"DuplicationPotion"},{"floor":13,"key":"GamblersBrew"},{"floor":14,"key":"SteroidPotion"},{"floor":15,"key":"AttackPotion"},{"floor":16,"key":"FairyPotion"},{"floor":19,"key":"Swift Potion"},{"floor":21,"key":"Fire Potion"},{"floor":22,"key":"Ancient Potion"},{"floor":26,"key":"DuplicationPotion"},{"floor":30,"key":"LiquidMemories"},{"floor":33,"key":"Energy Potion"},{"floor":37,"key":"hexamod:EctoCoolerPotion"},{"floor":37,"key":"BlessingOfTheForge"},{"floor":37,"key":"bronze:BurnAndBuffPotion"},{"floor":38,"key":"Fire Potion"},{"floor":43,"key":"AttackPotion"},{"floor":49,"key":"Block Potion"}],"is_trial":false,"path_per_floor":["R","M","M","?","M","M","T","E","?","R","M","?","E","?","M","B",null,"R","M","M","?","M","E","T","R","M","M","M","$","M","E","M","B",null,"R","M","?","M","M","M","T","$","M","?","$","?","R","E","M","B",null],"character_chosen":"THE_SPIRIT","items_purchased":["Bag of Preparation","Master of Strategy+1","Membership Card","hexamod:MatchstickCase","DistilledChaos","Chrysalis+1","Akabeko","Lantern","Sadistic Nature","hexamod:Incineration+1","Medical Kit","DistilledChaos","Frozen Egg 2"],"campfire_rested":1,"item_purchase_floors":[42,42,45,45,45,45,45,46,46,46,46,46,46],"current_hp_per_floor":[70,69,68,65,65,63,63,63,63,63,61,61,47,37,45,37,70,70,65,57,45,39,16,16,37,43,37,47,57,52,45,44,17,80,80,81,81,73,68,51,51,64,65,54,69,69,69,70,69,70],"gold":146,"neow_bonus":"ONE_RANDOM_RARE_CARD","is_daily":false,"chose_seed":false,"campfire_upgraded":5,"win_rate":0.0,"timestamp":1612805920,"path_taken":["R","M","M","?","M","M","T","E","?","R","?","?","E","?","M","BOSS","R","M","M","?","M","E","T","R","M","?","M","$","M","E","M","BOSS","R","M","?","M","?","M","T","$","M","?","$","?","R","E","M","BOSS"],"items_purchased_type":["Relic","Card","Relic","Relic","Potion","Card","Relic","Relic","Card","Card","Relic","Potion","Relic"],"build_version":"2020-12-22","purchased_purges":4,"victory":true,"max_hp_per_floor":[70,70,70,70,70,70,70,70,70,70,70,70,70,70,70,70,70,70,70,70,70,71,72,72,72,73,74,75,76,77,78,79,80,80,80,81,81,82,83,84,84,85,86,87,87,87,87,88,89,90],"relic_stats":{"Darkstone Periapt":0,"counters":[33,151],"Pen Nib":[22],"Bag of Preparation":[10],"Orichalcum":[54],"Medical Kit":[0],"WarpedTongs":[133],"SsserpentHead":250,"Nunchaku":[5],"Lizard Tail":0,"FaceOfCleric":20,"MealTicket":45,"Black Star":3,"obtain_stats":[{"Darkstone Periapt":13,"Lantern":46,"GremlinMask":21,"Bag of Preparation":42,"SsserpentHead":21,"Nunchaku":41,"Lizard Tail":44,"FaceOfCleric":21,"MealTicket":12,"downfall:CloakOfManyFaces":21,"downfall:ExtraCursedBell":12,"Toxic Egg 2":31,"hexamod:SpiritBrand":0,"Potion Belt":8,"Thread and Needle":12,"Pen Nib":14,"The Courier":48,"Orichalcum":23,"Frozen Egg 2":46,"Medical Kit":46,"Akabeko":45,"WarpedTongs":9,"hexamod:MatchstickCase":45,"Anchor":7,"Molten Egg 2":4,"CultistMask":21,"Black Star":17,"Bag of Marbles":23,"Coffee Dripper":34,"Membership Card":45,"FossilizedHelix":31,"TungstenRod":48,"Meat on the Bone":12,"NlothsMask":21},{"Darkstone Periapt":7,"Lantern":30,"GremlinMask":13,"Bag of Preparation":28,"SsserpentHead":13,"Nunchaku":27,"Lizard Tail":30,"FaceOfCleric":13,"MealTicket":6,"downfall:CloakOfManyFaces":13,"downfall:ExtraCursedBell":6,"Toxic Egg 2":21,"hexamod:SpiritBrand":0,"Potion Belt":5,"Thread and Needle":6,"Pen Nib":8,"The Courier":31,"Orichalcum":15,"Frozen Egg 2":30,"Medical Kit":30,"Akabeko":30,"WarpedTongs":5,"hexamod:MatchstickCase":30,"Anchor":4,"Molten Egg 2":2,"CultistMask":13,"Black Star":10,"Bag of Marbles":15,"Coffee Dripper":23,"Membership Card":30,"FossilizedHelix":21,"TungstenRod":31,"Meat on the Bone":6,"NlothsMask":13},{"Darkstone Periapt":22,"Lantern":136,"GremlinMask":48,"Bag of Preparation":125,"SsserpentHead":48,"Nunchaku":122,"Lizard Tail":136,"FaceOfCleric":48,"MealTicket":18,"downfall:CloakOfManyFaces":48,"downfall:ExtraCursedBell":18,"Toxic Egg 2":87,"hexamod:SpiritBrand":0,"Potion Belt":14,"Thread and Needle":18,"Pen Nib":27,"The Courier":142,"Orichalcum":57,"Frozen Egg 2":136,"Medical Kit":136,"Akabeko":136,"WarpedTongs":14,"hexamod:MatchstickCase":136,"Anchor":12,"Molten Egg 2":6,"CultistMask":48,"Black Star":35,"Bag of Marbles":57,"Coffee Dripper":102,"Membership Card":136,"FossilizedHelix":87,"TungstenRod":142,"Meat on the Bone":18,"NlothsMask":48}],"TungstenRod":1,"Meat on the Bone":108},"card_choices":[{"not_picked":["hexamod:BacktrackSmack","hexamod:Haunt"],"picked":"hexamod:HauntingEcho","floor":2},{"not_picked":["hexamod:CatchUp","hexamod:ShieldOfDarkness"],"picked":"hexamod:Firestarter","floor":3},{"not_picked":["hexamod:NightmareGuise","hexamod:ShieldOfDarkness"],"picked":"hexamod:NightmareStrike+1","floor":5},{"not_picked":["hexamod:AdvancingGuard","hexamod:SwordOfDarkness+1"],"picked":"hexamod:RainOfEmbers+1","floor":6},{"not_picked":["hexamod:Hexaguard","hexamod:BacktrackSmack+1"],"picked":"hexamod:PowerFromBeyond","floor":8},{"not_picked":["hexamod:SwordOfDarkness+1","hexamod:GhostOfSpireFuture"],"picked":"hexamod:ExtraCrispy","floor":11},{"not_picked":["hexamod:SuperheatedStrike+1","hexamod:EmpoweredFlame"],"picked":"hexamod:DynamicBlow+1","floor":13},{"not_picked":["hexamod:SoulSteal","hexamod:ThirdSeal"],"picked":"hexamod:PhantomFireball+1","floor":14},{"not_picked":["hexamod:ThermalTransfer+1","hexamod:NightmareGuise"],"picked":"hexamod:PhantomFireball+1","floor":15},{"not_picked":["hexamod:FlameSwitch","hexamod:TimeWarp+1"],"picked":"hexamod:ForkedFlame+1","floor":16},{"not_picked":["hexamod:Hexaguard","hexamod:GhostShield"],"picked":"hexamod:HauntingEcho+1","floor":19},{"not_picked":["hexamod:SuperheatedStrike+1","hexamod:GhostOfSpirePast"],"picked":"hexamod:GhostOfSpireFuture+1","floor":20},{"not_picked":["hexamod:DynamicBlow+1","hexamod:HeatShield"],"picked":"hexamod:GhostOfSpireFuture","floor":21},{"not_picked":["hexamod:FastForward+1","hexamod:ChargedBarrage"],"picked":"hexamod:GhostflameBarrier","floor":22},{"not_picked":["hexamod:SecondSeal","hexamod:BurningTouch"],"picked":"hexamod:ChargedBarrage","floor":23},{"not_picked":["hexamod:SecondSeal","hexamod:Again","hexamod:NightmareStrike+1"],"picked":"SKIP","floor":26},{"not_picked":["hexamod:NightmareStrike+1","hexamod:GhostflameBarrier"],"picked":"hexamod:SkipABeat","floor":27},{"not_picked":["hexamod:AdvancingGuard","hexamod:GhostShield","hexamod:BurningTouch"],"picked":"SKIP","floor":28},{"not_picked":["hexamod:BurningTouch","hexamod:ThirdSeal"],"picked":"hexamod:SoulSteal","floor":29},{"not_picked":["hexamod:AdvancingGuard","hexamod:GhostShield+1","hexamod:Haunt+1"],"picked":"SKIP","floor":30},{"not_picked":["hexamod:FlamesFromBeyond+1","hexamod:FastForward+1"],"picked":"hexamod:RecurringNightmare+1","floor":31},{"not_picked":["hexamod:GhostShield+1","hexamod:PhantomFireball+1"],"picked":"hexamod:SkipABeat+1","floor":32},{"not_picked":["hexamod:ParanormalForm","hexamod:Toasty+1"],"picked":"hexamod:TimeOfNeed+1","floor":33},{"not_picked":["hexamod:RecurringNightmare+1","hexamod:ThermalTransfer+1"],"picked":"hexamod:Incineration+1","floor":36},{"not_picked":["hexamod:FastForward+1","hexamod:HeatMetal+1"],"picked":"hexamod:ExtraCrispy+1","floor":38},{"not_picked":["hexamod:BurningTouch+1","hexamod:Hexaguard+1"],"picked":"hexamod:RadiantFlame+1","floor":39},{"not_picked":["hexamod:PhantomFireball+1","hexamod:GhostOfSpirePast"],"picked":"hexamod:Firestarter+1","floor":40},{"not_picked":["hexamod:FirstSeal","hexamod:SuperheatedStrike+1"],"picked":"hexamod:CatchUp+1","floor":42},{"not_picked":["hexamod:SuperheatedStrike+1","hexamod:HauntingEcho+1"],"picked":"hexamod:EmpoweredFlame+1","floor":43},{"not_picked":["hexamod:SpectersWail+1","hexamod:BacktrackSmack+1"],"picked":"hexamod:GhostflameBarrier+1","floor":48},{"not_picked":["hexamod:StepThrough+1","hexamod:SwordOfDarkness+1"],"picked":"hexamod:ApocalypseNow+1","floor":49}],"player_experience":1217797,"relics_obtained":[{"floor":7,"key":"Anchor"},{"floor":8,"key":"Potion Belt"},{"floor":12,"key":"MealTicket"},{"floor":12,"key":"Meat on the Bone"},{"floor":12,"key":"Thread and Needle"},{"floor":13,"key":"Darkstone Periapt"},{"floor":14,"key":"Pen Nib"},{"floor":21,"key":"downfall:CloakOfManyFaces"},{"floor":23,"key":"Orichalcum"},{"floor":23,"key":"Bag of Marbles"},{"floor":31,"key":"FossilizedHelix"},{"floor":31,"key":"Toxic Egg 2"},{"floor":41,"key":"Nunchaku"},{"floor":44,"key":"Lizard Tail"},{"floor":48,"key":"The Courier"},{"floor":48,"key":"TungstenRod"}],"event_choices":[{"damage_healed":0,"gold_gain":0,"player_choice":"Success","damage_taken":3,"relics_obtained":["Molten Egg 2"],"max_hp_gain":0,"max_hp_loss":0,"event_name":"Scrap Ooze","floor":4,"gold_loss":0},{"damage_healed":0,"gold_gain":0,"player_choice":"Rummage","damage_taken":0,"relics_obtained":["WarpedTongs"],"max_hp_gain":0,"max_hp_loss":0,"event_name":"Accursed Blacksmith","floor":9,"gold_loss":0,"cards_obtained":["Pain"]},{"damage_healed":0,"gold_gain":0,"player_choice":"Got Potions","damage_taken":0,"max_hp_gain":0,"max_hp_loss":0,"event_name":"Lab","floor":37,"gold_loss":0}],"is_beta":false,"boss_relics":[{"not_picked":["Velvet Choker","Runic Dome"],"picked":"Black Star"},{"not_picked":["Fusion Hammer","Astrolabe"],"picked":"Coffee Dripper"}],"items_purged_floors":[29,42,45,46],"is_endless":false,"potions_floor_spawned":[3,13,14,15,16,19,21,22,26,30,33,38,43,48,49],"ascension_level":0}}