{"host":"p4v0hquynnreu717","time":1612784655,"event":{"mods":["BaseMod","Better Vampires","DeckTracker","Googly Eyes","Minty Spire (QoL Compilation)","Quick Restart","StSLib","SuperFastMode"],"gold_per_floor":[113,131,131,131,131,131,170,245,245,135,158,158,174,93,93,187,187,201,62,75,98,118,118,141,141,141,356,379,379,379,392,392,466,466,485,495,324,338,355,355,380,380,429,429,279,313,313,330,330,330,330,330,22,55,55],"floor_reached":56,"language":"ZHS","playtime":4334,"items_purged":["Defend_R","Bash","Strike_R+1","Defend_R"],"score":2078,"play_id":"cec28811-92dc-4119-8aed-fbb4414fd339","local_time":"20210208194415","is_ascension_mode":true,"campfire_choices":[{"data":"Armaments","floor":6.0,"key":"SMITH"},{"data":"Searing Blow","floor":12.0,"key":"SMITH"},{"data":"Searing Blow+1","floor":15.0,"key":"SMITH"},{"data":"Searing Blow+2","floor":23.0,"key":"SMITH"},{"data":"Searing Blow+3","floor":25.0,"key":"SMITH"},{"data":"Searing Blow+4","floor":30.0,"key":"SMITH"},{"data":"Searing Blow+5","floor":32.0,"key":"SMITH"},{"data":"Searing Blow+6","floor":40.0,"key":"SMITH"},{"data":"Searing Blow+7","floor":42.0,"key":"SMITH"},{"data":"Searing Blow+8","floor":47.0,"key":"SMITH"},{"floor":49.0,"key":"RECALL"},{"data":"Evolve","floor":52.0,"key":"SMITH"}],"circlet_count":0,"master_deck":["AscendersBane","Defend_R","Power Through","Armaments+1","Fire Breathing","Searing Blow+9","Evolve+1","Reaper+1","Dark Embrace","Entrench+1","Feel No Pain","Offering","True Grit","Burning Pact","True Grit+1","Shrug It Off+1","Discovery","Madness","Pommel Strike+1","Offering","Inflame"],"relics":["Burning Blood","Bloody Idol","Pen Nib","Happy Flower","Mark of Pain","Lizard Tail","Old Coin","Whetstone","Empty Cage","Omamori","PreservedInsect","Anchor"],"acts_visited":["Exordium","TheCity","TheBeyond","TheEnding"],"potions_floor_usage":[55],"damage_taken":[{"damage":5.0,"enemies":"Small Slimes","floor":1.0,"turns":3.0},{"damage":9.0,"enemies":"Jaw Worm","floor":2.0,"turns":5.0},{"damage":10.0,"enemies":"Lagavulin","floor":7.0,"turns":10.0},{"damage":6.0,"enemies":"Cultist","floor":11.0,"turns":4.0},{"damage":13.0,"enemies":"Large Slime","floor":13.0,"turns":5.0},{"damage":0.0,"enemies":"Slime Boss","floor":16.0,"turns":6.0},{"damage":21.0,"enemies":"Spheric Guardian","floor":18.0,"turns":5.0},{"damage":37.0,"enemies":"2 Thieves","floor":20.0,"turns":4.0},{"damage":12.0,"enemies":"Centurion and Healer","floor":21.0,"turns":5.0},{"damage":4.0,"enemies":"Shelled Parasite and Fungi","floor":22.0,"turns":5.0},{"damage":16.0,"enemies":"Snake Plant","floor":24.0,"turns":3.0},{"damage":27.0,"enemies":"Centurion and Healer","floor":31.0,"turns":7.0},{"damage":36.0,"enemies":"Collector","floor":33.0,"turns":9.0},{"damage":23.0,"enemies":"3 Darklings","floor":35.0,"turns":5.0},{"damage":0.0,"enemies":"3 Shapes","floor":36.0,"turns":3.0},{"damage":6.0,"enemies":"Maw","floor":38.0,"turns":6.0},{"damage":28.0,"enemies":"Writhing Mass","floor":39.0,"turns":7.0},{"damage":9.0,"enemies":"Giant Head","floor":41.0,"turns":7.0},{"damage":12.0,"enemies":"Reptomancer","floor":46.0,"turns":6.0},{"damage":28.0,"enemies":"Jaw Worm Horde","floor":48.0,"turns":4.0},{"damage":14.0,"enemies":"Time Eater","floor":50.0,"turns":12.0},{"damage":70.0,"enemies":"Shield and Spear","floor":54.0,"turns":17.0},{"damage":64,"enemies":"The Heart","floor":55,"turns":19}],"seed_played":"-7735057316452486467","potions_obtained":[{"floor":2.0,"key":"SpeedPotion"},{"floor":16.0,"key":"Explosive Potion"},{"floor":21.0,"key":"Strength Potion"},{"floor":41.0,"key":"EntropicBrew"},{"floor":46.0,"key":"BlessingOfTheForge"}],"is_trial":false,"path_per_floor":["M","M","?","?","?","R","E","?","T","$","M","R","M","$","R","B",null,"M","$","M","M","M","R","M","R","T","?","T","?","R","M","R","B",null,"M","M","$","M","M","R","E","R","T","?","$","E","R","M","R","B",null,"R","$","E","B",null],"character_chosen":"IRONCLAD","items_purchased":["Fire Breathing","Evolve","Dark Embrace","True Grit","Offering","Inflame","GamblersBrew","PowerPotion"],"campfire_rested":0,"item_purchase_floors":[10,14,19,37,53,53,53,53],"current_hp_per_floor":[51,48,41,41,63,63,59,48,48,48,48,48,41,41,41,47,63,53,53,32,42,52,52,42,42,42,42,42,42,42,36,36,26,58,56,68,68,68,54,54,56,56,61,51,51,64,64,67,67,59,66,66,66,68,68],"gold":55,"neow_bonus":"REMOVE_TWO","is_daily":false,"chose_seed":false,"campfire_upgraded":11,"win_rate":0.0,"timestamp":1612784655,"path_taken":["M","M","?","?","?","R","E","?","T","$","?","R","M","?","R","BOSS","M","$","M","M","M","R","M","R","T","?","?","?","R","?","R","BOSS","M","M","$","M","M","R","E","R","T","?","$","E","R","M","R","BOSS","R","$","E","BOSS"],"items_purchased_type":["Card","Card","Card","Card","Card","Card","Potion","Potion"],"build_version":"2020-12-22","purchased_purges":4,"victory":true,"max_hp_per_floor":[75,75,75,68,68,68,68,68,68,68,68,68,68,68,68,68,68,68,68,68,68,68,68,68,68,68,68,68,68,68,68,68,68,68,68,68,68,68,68,68,68,68,68,68,68,68,68,68,68,68,68,68,68,68,68],"card_choices":[{"not_picked":["Thunderclap","True Grit"],"picked":"Power Through","floor":1.0},{"not_picked":["Flex","Perfected Strike"],"picked":"Armaments","floor":2.0},{"not_picked":["Metallicize","Seeing Red","Armaments"],"picked":"SKIP","floor":7.0},{"not_picked":["Rampage","Shockwave"],"picked":"Searing Blow","floor":11.0},{"not_picked":["Havoc","Warcry","Intimidate"],"picked":"SKIP","floor":13.0},{"not_picked":["Limit Break","Demon Form"],"picked":"Reaper","floor":16.0},{"not_picked":["Infernal Blade","Perfected Strike","Thunderclap+1"],"picked":"SKIP","floor":18.0},{"not_picked":["Infernal Blade","Perfected Strike","Thunderclap+1"],"picked":"SKIP","floor":18.0},{"not_picked":["Anger+1","Sword Boomerang"],"picked":"Entrench+1","floor":20.0},{"not_picked":["Intimidate","Havoc"],"picked":"Feel No Pain","floor":21.0},{"not_picked":["Pommel Strike","Whirlwind","Searing Blow"],"picked":"SKIP","floor":22.0},{"not_picked":["Dual Wield","Whirlwind+1","Heavy Blade"],"picked":"SKIP","floor":24.0},{"not_picked":["Sword Boomerang","Dark Embrace","Pummel"],"picked":"SKIP","floor":31.0},{"not_picked":["Fiend Fire","Bludgeon"],"picked":"Offering","floor":33.0},{"not_picked":["Clash","Sever Soul+1","Shrug It Off"],"picked":"SKIP","floor":35.0},{"not_picked":["True Grit","Flex+1","Sword Boomerang+1"],"picked":"SKIP","floor":36.0},{"not_picked":["Rampage","Havoc+1"],"picked":"Burning Pact","floor":38.0},{"not_picked":["Perfected Strike","Whirlwind+1"],"picked":"True Grit+1","floor":39.0},{"not_picked":["Spot Weakness","Perfected Strike"],"picked":"Shrug It Off+1","floor":41.0},{"not_picked":["Mayhem","The Bomb"],"picked":"Discovery","floor":44.0},{"not_picked":["Purity","Dark Shackles"],"picked":"Madness","floor":44.0},{"not_picked":["Bludgeon","Body Slam"],"picked":"Pommel Strike+1","floor":46.0},{"not_picked":["Headbutt","Hemokinesis+1","Reckless Charge"],"picked":"SKIP","floor":48.0},{"not_picked":["Spot Weakness","Infernal Blade","Headbutt+1"],"picked":"SKIP","floor":54.0}],"player_experience":806066,"relics_obtained":[{"floor":7.0,"key":"Pen Nib"},{"floor":9.0,"key":"Happy Flower"},{"floor":26.0,"key":"Lizard Tail"},{"floor":28.0,"key":"Whetstone"},{"floor":41.0,"key":"Omamori"},{"floor":46.0,"key":"PreservedInsect"},{"floor":54.0,"key":"Anchor"}],"event_choices":[{"cards_removed":["Defend_R"],"damage_healed":0.0,"max_hp_gain":0.0,"max_hp_loss":0.0,"gold_gain":0.0,"event_name":"Golden Wing","player_choice":"Card Removal","floor":3.0,"gold_loss":0.0,"damage_taken":7.0},{"damage_healed":0.0,"max_hp_gain":0.0,"max_hp_loss":7.0,"gold_gain":0.0,"event_name":"Golden Idol","player_choice":"Lose Max HP","floor":4.0,"gold_loss":0.0,"damage_taken":0.0,"relics_obtained":["Golden Idol"]},{"damage_healed":22.0,"max_hp_gain":0.0,"max_hp_loss":0.0,"gold_gain":0.0,"event_name":"Big Fish","player_choice":"Banana","floor":5.0,"gold_loss":0.0,"damage_taken":0.0},{"damage_healed":0.0,"max_hp_gain":0.0,"max_hp_loss":0.0,"gold_gain":75.0,"event_name":"World of Goop","player_choice":"Gather Gold","floor":8.0,"gold_loss":0.0,"damage_taken":11.0},{"damage_healed":0.0,"max_hp_gain":0.0,"max_hp_loss":0.0,"gold_gain":0.0,"event_name":"Addict","player_choice":"Obtained Relic","floor":27.0,"gold_loss":85.0,"damage_taken":0.0,"relics_obtained":["Old Coin"]},{"damage_healed":0.0,"max_hp_gain":0.0,"max_hp_loss":0.0,"gold_gain":0.0,"event_name":"Forgotten Altar","player_choice":"Gave Idol","floor":29.0,"relics_lost":["Golden Idol"],"gold_loss":0.0,"damage_taken":0.0,"relics_obtained":["Bloody Idol"]},{"damage_healed":0.0,"max_hp_gain":0.0,"max_hp_loss":0.0,"gold_gain":0.0,"event_name":"SensoryStone","player_choice":"Memory 3","floor":44.0,"gold_loss":0.0,"damage_taken":10.0}],"is_beta":false,"boss_relics":[{"not_picked":["Tiny House","Cursed Key"],"picked":"Mark of Pain"},{"not_picked":["Coffee Dripper","Velvet Choker"],"picked":"Empty Cage"}],"items_purged_floors":[10,19,37,45],"is_endless":false,"potions_floor_spawned":[2,16,18,21,22,39,41,46],"ascension_level":15}}