{"host":"3498uni0c31c9bdm","time":1612772973,"event":{"mods":["BaseMod","Better Match","Better Note","Better Sensory Stone","Better Skull","Better Third Choice","Colored Map","Minty Spire (QoL Compilation)","Quick Restart","RNG Fix","Random Character Button","Replay The Spire","Shop Mod","Smile Girya","StSLib","Unceasing Turn Reminder"],"gold_per_floor":[366,213,213,213,213,231,85,115,129,158,158,158,2,16,16,16,16,16,16],"floor_reached":18,"language":"ENG","playtime":637,"items_purged":[],"score":183,"play_id":"c7f98f70-719e-4c8f-8353-96d55b32783d","local_time":"20210208192933","is_ascension_mode":true,"campfire_choices":[{"floor":15,"key":"RECALL"},{"data":"ReplayReversal","floor":17,"key":"SMITH"}],"circlet_count":0,"master_deck":["AscendersBane","Strike_R","Strike_R","Strike_R","Strike_R","Strike_R","Defend_R","Defend_R","Defend_R","Defend_R","Bash","Defend_B","Defend_P","Run Through","Panacea","Iron Wave","Heavy Blade","ReplayTheSpireMod:Limb From Limb","ReplayReversal+1","Twin Strike"],"relics":["Burning Blood","ReplayFunnel","Sling","Replay:Bottled Snecko","Matryoshka","Akabeko","Onion Ring","PreservedInsect","HornCleat","King of Hearts","Iron Hammer"],"acts_visited":["Exordium"],"potions_floor_usage":[8,10,18],"damage_taken":[{"damage":5,"enemies":"Small Slimes","floor":1,"turns":5},{"damage":6,"enemies":"Cultist","floor":6,"turns":3},{"damage":18,"enemies":"Gremlin Nob","floor":8,"turns":4},{"damage":2,"enemies":"Jaw Worm","floor":9,"turns":3},{"damage":24,"enemies":"Lagavulin","floor":10,"turns":5},{"damage":4,"enemies":"Red Slaver","floor":14,"turns":3},{"damage":46,"enemies":"Fading Forest","floor":18,"turns":11}],"seed_played":"-196165942175347270","potions_obtained":[{"floor":6,"key":"BlessingOfTheForge"},{"floor":8,"key":"Block Potion"},{"floor":9,"key":"AttackPotion"}],"is_trial":false,"path_per_floor":["M","$","?","PTL","PTL","M","$","E","M","E","T","T","$","M","R","?","R","B"],"character_chosen":"IRONCLAD","items_purchased":["ReplayFunnel","Sling","King of Hearts"],"campfire_rested":0,"item_purchase_floors":[2,7,13],"current_hp_per_floor":[73,73,73,73,73,73,73,61,65,47,47,47,47,49,49,46,46,0,0],"gold":16,"neow_bonus":"TWO_FIFTY_GOLD","is_daily":false,"chose_seed":false,"campfire_upgraded":1,"win_rate":0.0,"timestamp":1612772973,"path_taken":["M","$","?","PTL","PTL","M","$","E","M","E","T","?","$","M","R","?","R","BOSS"],"items_purchased_type":["Relic","Relic","Relic"],"build_version":"2020-12-22","purchased_purges":0,"victory":false,"max_hp_per_floor":[80,80,80,80,80,80,80,80,80,80,80,80,80,80,80,80,80,80,80],"card_choices":[{"not_picked":["Defy Death","Heavy Blade"],"picked":"Run Through","floor":1},{"not_picked":["Trip","Replay:Sssssssssshield"],"picked":"Panacea","floor":3},{"not_picked":["ReplayTheSpireMod:Stacked","Heavy Blade"],"picked":"Iron Wave","floor":6},{"not_picked":["Clash","Iron Wave"],"picked":"Heavy Blade","floor":8},{"not_picked":["Wild Strike","Battle Trance"],"picked":"ReplayTheSpireMod:Limb From Limb","floor":9},{"not_picked":["Anger","Warcry"],"picked":"ReplayReversal","floor":10},{"not_picked":["True Grit","Warcry"],"picked":"Twin Strike","floor":14}],"player_experience":848428,"relics_obtained":[{"floor":8,"key":"Replay:Bottled Snecko"},{"floor":10,"key":"Matryoshka"},{"floor":11,"key":"Akabeko"},{"floor":11,"key":"Onion Ring"},{"floor":12,"key":"PreservedInsect"},{"floor":12,"key":"HornCleat"}],"event_choices":[{"damage_healed":0,"gold_gain":1,"player_choice":"1","damage_taken":0,"max_hp_gain":0,"max_hp_loss":0,"event_name":"betterStone:BetterStone","floor":3,"gold_loss":0},{"damage_healed":0,"gold_gain":0,"player_choice":"Relic ","damage_taken":3,"max_hp_gain":0,"max_hp_loss":0,"event_name":"betterThird:BetterScrap","floor":16,"gold_loss":0,"cards_obtained":["Replay:LoomingThreat"]}],"is_beta":false,"boss_relics":[],"items_purged_floors":[],"is_endless":false,"potions_floor_spawned":[6,8,9],"killed_by":"Fading Forest","ascension_level":11}}