{"host":"dtz8fhk52srfoofc","time":1612798760,"event":{"mods":["2.2 Compatiblity","AchievementEnabler","Aspiration","BaseMod","Beaked The Cultist","Better Altar","Better Match","Better Note","Better Sensory Stone","Better Third Choice","BetterRewards","Colored Map","Colored Powertips","Energized Spire","Gold Saver","Gremlin Skip","Highlight Path","Infinite Spire","JesterMod","Kratos Character Expansion","Minty Spire (QoL Compilation)","Permanent Neow","QueenMod","Quick Restart","Rare Cards Sparkle","Remove Card Discount Mod","Shop Mod","Somnambulant","Spicy Shops","StSLib","Steal the Spire","The Blackbeard","The Mystic","The Senshi","The Wild Card","TheHero","Transform Curses","Unceasing Turn Reminder","everything is the same but u backflip on backflip"],"gold_per_floor":[373,373,389,106,106,106,122,134,134,134,134,134,134,146,146,248,248,263,273,273,293,4,4,4,24,24,41,41,59,59,72,72,174,174,186,186,186,196,246,246,246,0,27,27,56,70,70,80,80,80],"floor_reached":51,"language":"ENG","playtime":5825,"items_purged":["Writhe"],"score":667,"play_id":"75a7630a-1bda-4e05-9a58-75c083d41d3d","local_time":"20210208093920","is_ascension_mode":false,"campfire_choices":[{"data":"theWildCard:Metatron","floor":6,"key":"SMITH"},{"data":"theSenshi:MoonPrincessHalation","floor":10,"key":"SMITH"},{"floor":15,"key":"REST"},{"floor":23,"key":"REST"},{"data":"theSenshi:CrisisMakeUp","floor":32,"key":"SMITH"},{"data":"theSenshi:SailorMercuryAssists","floor":40,"key":"SMITH"},{"data":"theSenshi:JupitersPower","floor":44,"key":"SMITH"},{"data":"theSenshi:EncouragingSpeech","floor":49,"key":"SMITH"}],"circlet_count":0,"master_deck":["theSenshi:SailorKick+1","theSenshi:SailorKick","theSenshi:SailorKick+1","theSenshi:SailorKick","theSenshi:SailorBlock","theSenshi:SailorBlock","theSenshi:SailorBlock","theSenshi:SailorBlock","theSenshi:RoseThrow","theSenshi:MoonPrismPowerMakeUp","theSenshi:JupitersPower+1","theSenshi:EncouragingSpeech+1","theSenshi:MoonPrincessHalation+1","theWildCard:Metatron+1","theSenshi:MoonPrincessHalation+1","theSenshi:MoonHealingEscalation+1","theSenshi:MoonsReflection","theSenshi:StudyParty","theSenshi:SailorMercuryAssists+1","theSenshi:MoonsReflection+1","theSenshi:TallSilhouette+1","theSenshi:SailorVenusAssists","theSenshi:SaturnsMystery","Injury","theSenshi:SailorChibiMoonAssists","theSenshi:Sidestep+1","theSenshi:CrisisMakeUp+1","theSenshi:TuxedoSmokingBomber+1","theSenshi:SilverMoonCrystalPowerKiss+1","theSenshi:SupersonicWaves+1","theSenshi:PlutosSolemnity","theSenshi:MoonPrincessHalation+1","AscendersBane","theSenshi:SailorMarsAssists+1","theSenshi:SailorPlanetPower+1","Pain","theSenshi:EncouragingSpeech","theSenshi:SchoolBag"],"relics":["theSenshi:TransformationBroochRelic","theSenshi:TiaraRelic","Potion Belt","Bottled Tornado","Du-Vu Doll","Cursed Key","theSenshi:RedHairPiecesRelic","Gremlin Horn","aspiration:SeaSaltIceCream","Molten Egg 2","Busted Crown","aspiration:AnachronicSnailShell","Happy Flower","infinitespire:Beetle Shell","PrismaticShard"],"acts_visited":["Exordium","TheCity","TheBeyond"],"potions_floor_usage":[46,46,46,50],"damage_taken":[{"damage":5,"enemies":"2 Louse","floor":1,"turns":5},{"damage":7,"enemies":"Jaw Worm","floor":3,"turns":5},{"damage":1,"enemies":"Small Slimes","floor":7,"turns":3},{"damage":0,"enemies":"2 Fungi Beasts","floor":8,"turns":2},{"damage":0,"enemies":"3 Louse","floor":14,"turns":1},{"damage":26,"enemies":"Slime Boss","floor":16,"turns":6},{"damage":20,"enemies":"Spheric Guardian","floor":18,"turns":5},{"damage":3,"enemies":"Chosen","floor":19,"turns":5},{"damage":10,"enemies":"3 Cultists","floor":21,"turns":3},{"damage":16,"enemies":"Centurion and Healer","floor":25,"turns":4},{"damage":18,"enemies":"Shelled Parasite and Fungi","floor":27,"turns":4},{"damage":20,"enemies":"Snake Plant","floor":29,"turns":3},{"damage":0,"enemies":"Snecko","floor":31,"turns":4},{"damage":35,"enemies":"Automaton","floor":33,"turns":8},{"damage":2,"enemies":"3 Darklings","floor":35,"turns":3},{"damage":4,"enemies":"3 Shapes","floor":38,"turns":2},{"damage":31,"enemies":"Mind Bloom Boss Battle","floor":39,"turns":7},{"damage":7,"enemies":"Reptomancer","floor":45,"turns":3},{"damage":3,"enemies":"Maw","floor":46,"turns":4},{"damage":0,"enemies":"Jaw Worm Horde","floor":48,"turns":1},{"damage":40,"enemies":"Donu and Deca","floor":50,"turns":5}],"seed_played":"5661974606505646923","potions_obtained":[{"floor":3,"key":"SpeedPotion"},{"floor":21,"key":"BlessingOfTheForge"},{"floor":25,"key":"GamblersBrew"},{"floor":31,"key":"FearPotion"},{"floor":35,"key":"DuplicationPotion"},{"floor":39,"key":"BlessingOfTheForge"},{"floor":46,"key":"Fruit Juice"}],"is_trial":false,"path_per_floor":["M","?","M","$","?","R","M","M","T","R","?","?","?","M","R","B",null,"M","M","?","M","$","R","?","M","T","M","?","M","?","M","R","B",null,"M","?","?","M","?","R","?","$","T","R","E","M","AVR","M","R","B",null],"character_chosen":"THE_SENSHI","items_purchased":["theSenshi:TiaraRelic","theSenshi:MoonlightKnight","Potion Belt","theSenshi:RedHairPiecesRelic","theSenshi:SailorVenusAssists","theSenshi:SailorPlanetPower+1"],"campfire_rested":2,"item_purchase_floors":[4,4,4,22,22,42],"current_hp_per_floor":[70,70,63,63,63,63,62,62,62,62,62,62,47,47,69,48,75,60,67,67,57,57,75,75,69,69,72,72,70,70,75,75,68,75,75,75,75,71,61,61,61,61,61,61,74,76,76,76,76,46],"gold":80,"neow_bonus":"ONE_RANDOM_RARE_CARD","is_daily":false,"chose_seed":false,"campfire_upgraded":6,"win_rate":0.0,"timestamp":1612798760,"path_taken":["M","?","M","$","?","R","M","M","T","R","?","?","?","M","R","BOSS","M","M","?","M","$","R","?","M","T","M","?","?","?","M","R","BOSS","M","?","?","?","?","R","?","?","T","R","E","M","AVR","M","R","BOSS"],"items_purchased_type":["Relic","Card","Relic","Relic","Card","Card"],"build_version":"2020-12-22","purchased_purges":1,"victory":true,"max_hp_per_floor":[75,75,75,75,75,75,75,75,75,75,75,75,75,75,75,75,75,75,75,75,75,75,75,75,75,75,75,75,75,75,75,75,75,75,75,75,75,75,75,75,75,75,75,75,75,80,80,80,80,80],"card_choices":[{"not_picked":["theSenshi:LunaWiseMentor","theSenshi:PlutosSolemnity"],"picked":"theSenshi:EncouragingSpeech","floor":1},{"not_picked":["theSenshi:MoonPower","theSenshi:VenusGlamour"],"picked":"theSenshi:MoonPrincessHalation","floor":3},{"not_picked":["theSenshi:SupersonicWaves","theSenshi:MoonPower"],"picked":"theSenshi:MoonPrincessHalation","floor":7},{"not_picked":["theSenshi:SailorNeptuneAssists","theSenshi:TuxedoMaskAssists"],"picked":"theSenshi:MoonHealingEscalation","floor":8},{"not_picked":["theSenshi:OdangoHead","theSenshi:SailorVenusAssists"],"picked":"theSenshi:MoonsReflection","floor":14},{"not_picked":["theSenshi:SailorCosmosAssists","theSenshi:SailorPlutoAssists"],"picked":"theSenshi:StudyParty","floor":16},{"not_picked":["theSenshi:SupersonicWaves+1","theSenshi:MoonPunch"],"picked":"theSenshi:SailorMercuryAssists","floor":18},{"not_picked":["theSenshi:SteeledNerves+1","theSenshi:LunasBite+1"],"picked":"theSenshi:MoonsReflection+1","floor":19},{"not_picked":["theSenshi:MoonKick","theSenshi:LateForSchool"],"picked":"theSenshi:TallSilhouette+1","floor":21},{"not_picked":["theSenshi:MoonsReflection+1","theSenshi:MoonPunch"],"picked":"theSenshi:SaturnsMystery","floor":25},{"not_picked":["theSenshi:YouCanTalk","theSenshi:SailorStarMakerAssists"],"picked":"theSenshi:SailorChibiMoonAssists","floor":27},{"not_picked":["theSenshi:MoonsReflection","theSenshi:MoonKick+1"],"picked":"theSenshi:Sidestep+1","floor":29},{"not_picked":["theSenshi:SupersonicWaves+1","theSenshi:MoonPunch+1"],"picked":"theSenshi:TuxedoSmokingBomber+1","floor":31},{"not_picked":["theSenshi:WarriorOfTheMoon","theSenshi:ChibiMoonsLove"],"picked":"theSenshi:SilverMoonCrystalPowerKiss+1","floor":33},{"not_picked":[],"picked":"theSenshi:SupersonicWaves+1","floor":35},{"not_picked":[],"picked":"theSenshi:PlutosSolemnity","floor":38},{"not_picked":[],"picked":"theSenshi:MoonPrincessHalation+1","floor":39},{"not_picked":[],"picked":"theSenshi:EncouragingSpeech","floor":45},{"not_picked":[],"picked":"theSenshi:SchoolBag","floor":46},{"not_picked":["Warcry+1"],"picked":"SKIP","floor":48}],"player_experience":225125,"relics_obtained":[{"floor":9,"key":"Bottled Tornado"},{"floor":11,"key":"Du-Vu Doll"},{"floor":26,"key":"Gremlin Horn"},{"floor":39,"key":"aspiration:AnachronicSnailShell"},{"floor":43,"key":"Happy Flower"},{"floor":45,"key":"infinitespire:Beetle Shell"}],"event_choices":[{"damage_healed":0,"gold_gain":0,"player_choice":"Grow","damage_taken":0,"max_hp_gain":0,"max_hp_loss":0,"event_name":"Living Wall","floor":12,"gold_loss":0,"cards_upgraded":["theSenshi:MoonPrincessHalation"]},{"damage_healed":62,"gold_gain":0,"player_choice":"Upgrade","damage_taken":15,"max_hp_gain":0,"max_hp_loss":75,"event_name":"betterThird:BetterShining","floor":13,"gold_loss":0,"cards_upgraded":["theSenshi:SailorKick","theSenshi:SailorKick"]},{"damage_healed":0,"gold_gain":0,"player_choice":"Ignored","damage_taken":0,"max_hp_gain":0,"max_hp_loss":0,"event_name":"Purifier","floor":20,"gold_loss":0},{"damage_healed":0,"gold_gain":0,"player_choice":"Upgraded","damage_taken":0,"max_hp_gain":0,"max_hp_loss":0,"event_name":"Upgrade Shrine","floor":24,"gold_loss":0,"cards_upgraded":["theSenshi:MoonHealingEscalation"]},{"damage_healed":0,"gold_gain":0,"player_choice":"Gave Potion","damage_taken":0,"relics_obtained":["aspiration:SeaSaltIceCream"],"max_hp_gain":0,"max_hp_loss":0,"event_name":"WeMeetAgain","floor":28,"gold_loss":0},{"damage_healed":0,"gold_gain":0,"player_choice":"Read","damage_taken":0,"max_hp_gain":0,"max_hp_loss":0,"event_name":"The Library","floor":30,"gold_loss":0,"cards_obtained":["theSenshi:CrisisMakeUp"]},{"cards_removed":["theSenshi:MoonlightKnight"],"damage_healed":0,"gold_gain":0,"player_choice":"Removed Power","damage_taken":0,"max_hp_gain":0,"max_hp_loss":0,"event_name":"Falling","floor":36,"gold_loss":0},{"damage_healed":0,"gold_gain":0,"player_choice":"Ignored","damage_taken":0,"max_hp_gain":0,"max_hp_loss":0,"event_name":"betterThird:BetterPortal","floor":37,"gold_loss":0},{"damage_healed":0,"gold_gain":0,"player_choice":"Fight","damage_taken":0,"max_hp_gain":0,"max_hp_loss":0,"event_name":"MindBloom","floor":39,"gold_loss":0},{"damage_healed":0,"gold_gain":3,"player_choice":"3","damage_taken":0,"max_hp_gain":0,"max_hp_loss":0,"event_name":"betterStone:BetterStone","floor":41,"gold_loss":0,"cards_obtained":["theSenshi:SailorMarsAssists"]}],"is_beta":false,"boss_relics":[{"not_picked":["Sozu","beaked:SacredDeck"],"picked":"Cursed Key"},{"not_picked":["Fusion Hammer","infinitespire:Cupcake"],"picked":"Busted Crown"}],"items_purged_floors":[4],"is_endless":false,"potions_floor_spawned":[3,21,25,31,35,39,46],"ascension_level":0}}