{"host":"qbjtml023iza03hb","time":1612799778,"event":{"mods":["AchievementEnabler","BaseMod","Better Sensory Stone","Hermit","Minty Spire (QoL Compilation)","StSLib","The Animator","The Cursed"],"gold_per_floor":[116,32,32,132,154,154,181,185,185],"floor_reached":8,"language":"FRA","playtime":580,"items_purged":[],"score":53,"play_id":"58bd1e65-c7a8-4aa9-8315-351d89afb2b5","local_time":"20210208165618","is_ascension_mode":true,"campfire_choices":[{"data":"animator:Zero","floor":6,"key":"SMITH"}],"circlet_count":0,"master_deck":["animator:Strike_Overlord+1","animator:Defend_Overlord","animator:Strike","animator:Strike","animator:Strike","animator:Defend","animator:Defend","animator:Defend","animator:Cocytus","animator:Demiurge+1","animator:GuildGirl+1","animator:Zero+1","animator:Priestess","animator:Laby"],"relics":["animator:LivingPicture","animator:TheMissingPiece"],"acts_visited":["Exordium"],"potions_floor_usage":[],"damage_taken":[{"damage":15.0,"enemies":"Small Slimes","floor":1.0,"turns":5.0},{"damage":0,"enemies":"2 Louse","floor":5,"turns":3},{"damage":0,"enemies":"Cultist","floor":7,"turns":5},{"damage":43,"enemies":"3 Sentries","floor":8,"turns":5}],"seed_played":"8955361344773201169","potions_obtained":[{"floor":1.0,"key":"FearPotion"}],"is_trial":false,"path_per_floor":["M","$","?","?","M","R","M","E"],"character_chosen":"THE_ANIMATOR","items_purchased":["animator:Zero"],"campfire_rested":0,"item_purchase_floors":[2],"current_hp_per_floor":[51,51,38,38,38,38,38,0,0],"gold":185,"neow_bonus":"UPGRADE_CARD","is_daily":false,"chose_seed":false,"campfire_upgraded":1,"win_rate":0.0,"timestamp":1612799778,"path_taken":["M","$","?","?","M","R","M","E"],"items_purchased_type":["Card"],"build_version":"2020-12-22","purchased_purges":0,"victory":false,"max_hp_per_floor":[66,66,66,66,66,66,66,66,66],"card_choices":[{"not_picked":["animator:DolaSchwi","animator:Evileye"],"picked":"animator:GuildGirl","floor":1.0},{"not_picked":["animator:PandorasActor","animator:Jibril"],"picked":"animator:Priestess","floor":5},{"not_picked":["animator:Spearman","animator:Rena"],"picked":"animator:Laby","floor":7}],"player_experience":561629,"relics_obtained":[],"event_choices":[{"damage_healed":0.0,"max_hp_gain":0.0,"max_hp_loss":0.0,"gold_gain":0.0,"event_name":"Shining Light","player_choice":"Entered Light","floor":3.0,"gold_loss":0.0,"damage_taken":13.0,"cards_upgraded":["animator:Strike_Overlord","animator:GuildGirl"]},{"damage_healed":0.0,"max_hp_gain":0.0,"max_hp_loss":0.0,"gold_gain":100.0,"event_name":"Golden Shrine","player_choice":"Pray","floor":4.0,"gold_loss":0.0,"damage_taken":0.0}],"is_beta":false,"boss_relics":[],"items_purged_floors":[],"is_endless":false,"potions_floor_spawned":[1],"killed_by":"3 Sentries","ascension_level":3}}