{"host":"Krakhan","time":1612745486,"event":{"mods":["AchievementEnabler","BaseMod","Colored Map","Colored Powertips","Faster Ascension Climbing","Highlight Path","Minty Spire (QoL Compilation)","Rare Cards Sparkle","Relic Stats","StSLib"],"gold_per_floor":[117,117,117,137,137,163,183,214,263,263,263,17,17,17],"floor_reached":13,"language":"ENG","playtime":368,"items_purged":[],"score":232,"play_id":"7a1c54a7-30a4-4b35-8a3c-d48800c92af8","local_time":"20210207195126","is_ascension_mode":true,"campfire_choices":[],"circlet_count":0,"master_deck":["AscendersBane","Strike_G","Strike_G","Strike_G","Strike_G","Strike_G","Defend_G","Defend_G+1","Defend_G","Defend_G+1","Defend_G","Survivor","Neutralize","Underhanded Strike","Blade Dance","PiercingWail","Deadly Poison","Corpse Explosion","Blur"],"relics":["Ring of the Snake","NeowsBlessing","Blue Candle","Juzu Bracelet","Art of War","Golden Idol","ClockworkSouvenir"],"acts_visited":["Exordium"],"potions_floor_usage":[8,13],"damage_taken":[{"damage":0,"enemies":"Jaw Worm","floor":1,"turns":1},{"damage":0,"enemies":"2 Louse","floor":4,"turns":1},{"damage":0,"enemies":"Lagavulin","floor":6,"turns":1},{"damage":1,"enemies":"Small Slimes","floor":7,"turns":3},{"damage":55,"enemies":"3 Sentries","floor":8,"turns":16},{"damage":16,"enemies":"Gremlin Nob","floor":13,"turns":3}],"seed_played":"3451283470740275628","potions_obtained":[{"floor":6,"key":"SpeedPotion"},{"floor":8,"key":"AttackPotion"}],"is_trial":false,"path_per_floor":["M","?","?","M","?","E","M","E","T","?","?","$","E"],"character_chosen":"THE_SILENT","items_purchased":["Blur","ClockworkSouvenir"],"campfire_rested":0,"item_purchase_floors":[12,12],"current_hp_per_floor":[59,59,39,39,61,61,60,5,5,5,5,5,0,0],"gold":17,"neow_bonus":"THREE_ENEMY_KILL","is_daily":false,"chose_seed":false,"campfire_upgraded":0,"win_rate":0.0,"timestamp":1612745486,"path_taken":["M","?","?","M","?","E","M","E","T","?","?","?","E"],"items_purchased_type":["Card","Relic"],"build_version":"2020-12-18","purchased_purges":0,"victory":false,"max_hp_per_floor":[66,66,66,66,66,66,66,66,66,60,60,60,60,60],"relic_stats":{"counters":[6,25],"Golden Idol":0,"Blue Candle":[0],"Juzu Bracelet":0,"Art of War":[0],"obtain_stats":[{"NeowsBlessing":0,"Golden Idol":10,"Blue Candle":6,"Juzu Bracelet":8,"Art of War":9,"Ring of the Snake":0,"ClockworkSouvenir":12},{"NeowsBlessing":0,"Golden Idol":5,"Blue Candle":3,"Juzu Bracelet":5,"Art of War":5,"Ring of the Snake":0,"ClockworkSouvenir":5},{"NeowsBlessing":0,"Golden Idol":22,"Blue Candle":3,"Juzu Bracelet":22,"Art of War":22,"Ring of the Snake":0,"ClockworkSouvenir":22}],"Ring of the Snake":[12]},"card_choices":[{"not_picked":["Deflect","PiercingWail"],"picked":"Underhanded Strike","floor":1},{"not_picked":["Bane","Slice"],"picked":"Blade Dance","floor":4},{"not_picked":["Reflex","Deadly Poison"],"picked":"PiercingWail","floor":6},{"not_picked":["All Out Attack","Catalyst"],"picked":"Deadly Poison","floor":7},{"not_picked":["Bane","Endless Agony"],"picked":"Corpse Explosion","floor":8}],"player_experience":1383282,"relics_obtained":[{"floor":6,"key":"Blue Candle"},{"floor":8,"key":"Juzu Bracelet"},{"floor":9,"key":"Art of War"}],"event_choices":[{"damage_healed":0,"gold_gain":0,"player_choice":"Ignored","damage_taken":0,"max_hp_gain":0,"max_hp_loss":0,"event_name":"Liars Game","floor":2,"gold_loss":0},{"damage_healed":0,"gold_gain":0,"player_choice":"Entered Light","damage_taken":20,"max_hp_gain":0,"max_hp_loss":0,"event_name":"Shining Light","floor":3,"gold_loss":0,"cards_upgraded":["Defend_G","Defend_G"]},{"damage_healed":22,"gold_gain":0,"player_choice":"Banana","damage_taken":0,"max_hp_gain":0,"max_hp_loss":0,"event_name":"Big Fish","floor":5,"gold_loss":0},{"damage_healed":0,"gold_gain":0,"player_choice":"Lose Max HP","damage_taken":0,"relics_obtained":["Golden Idol"],"max_hp_gain":0,"max_hp_loss":6,"event_name":"Golden Idol","floor":10,"gold_loss":0},{"damage_healed":0,"gold_gain":0,"player_choice":"Searched \u00271\u0027 times","damage_taken":0,"max_hp_gain":0,"max_hp_loss":0,"event_name":"Dead Adventurer","floor":11,"gold_loss":0}],"is_beta":true,"boss_relics":[],"items_purged_floors":[],"is_endless":false,"potions_floor_spawned":[6,8],"killed_by":"Gremlin Nob","ascension_level":20}}