{"host":"bf5upntvbdompq33","time":1612745945,"event":{"mods":["BaseMod","Colored Map","Colored Powertips","Curses Come First","Minty Spire (QoL Compilation)","StSLib","The Dragon Tamer","The Hierophant","The Marked","The Mystic","The Servant 0.9.4"],"gold_per_floor":[111,121,121,137,137,137,162,162,237,18,46,46,46,46,46,148,448,466,466,498,498,498],"floor_reached":21,"language":"ENG","playtime":1981,"items_purged":["Strike_B"],"score":284,"play_id":"a7b87b2d-6033-4bd2-ad2f-91bc500877e4","local_time":"20210207175905","is_ascension_mode":true,"campfire_choices":[{"data":"Streamline","floor":6,"key":"SMITH"},{"data":"Zap","floor":8,"key":"SMITH"},{"data":"Static Discharge","floor":12,"key":"SMITH"},{"data":"Strike_B","floor":15,"key":"PURGE"}],"circlet_count":0,"master_deck":["AscendersBane","Strike_B","Strike_B","Defend_B","Defend_B","Defend_B","Defend_B","Zap+1","Dualcast","Streamline+1","Seek","Ball Lightning","Streamline","Cold Snap","Gash","Gash","Static Discharge+1","Electrodynamics","CurseOfTheBell","Capacitor","Loop","Go for the Eyes+1"],"relics":["Cracked Core","NeowsBlessing","Bottled Flame","Art of War","The Courier","Peace Pipe","Calling Bell","Smiling Mask","Sundial","Old Coin","Red Mask"],"acts_visited":["Exordium","TheCity"],"potions_floor_usage":[7,7,7,7,16,18,20,20],"damage_taken":[{"damage":0,"enemies":"2 Louse","floor":1,"turns":1},{"damage":0,"enemies":"Cultist","floor":2,"turns":1},{"damage":0,"enemies":"Small Slimes","floor":4,"turns":1},{"damage":20,"enemies":"3 Sentries","floor":7,"turns":7},{"damage":18,"enemies":"Gremlin Nob","floor":11,"turns":3},{"damage":18,"enemies":"The Guardian","floor":16,"turns":9},{"damage":15,"enemies":"Chosen","floor":18,"turns":4},{"damage":34,"enemies":"Masked Bandits","floor":20,"turns":3},{"damage":18,"enemies":"3 Byrds","floor":21,"turns":3}],"seed_played":"6868119254592419780","potions_obtained":[{"floor":1,"key":"Block Potion"},{"floor":4,"key":"EntropicBrew"},{"floor":7,"key":"EntropicBrew"},{"floor":18,"key":"PowerPotion"}],"is_trial":false,"path_per_floor":["M","M","?","M","T","R","E","R","T","$","E","R","?","$","R","B",null,"M","?","?","M"],"character_chosen":"DEFECT","items_purchased":["Streamline","Cold Snap","Gash","Gash"],"campfire_rested":0,"item_purchase_floors":[10,10,10,10],"current_hp_per_floor":[68,68,75,75,75,75,55,55,55,55,37,37,62,62,62,44,67,52,52,18,0,0],"gold":498,"neow_bonus":"THREE_ENEMY_KILL","is_daily":false,"chose_seed":false,"campfire_upgraded":3,"win_rate":0.0,"timestamp":1612745945,"path_taken":["M","M","?","?","?","R","E","R","T","$","E","R","?","$","R","BOSS","M","?","?","M"],"items_purchased_type":["Card","Card","Card","Card"],"build_version":"2020-12-22","purchased_purges":1,"victory":false,"max_hp_per_floor":[75,75,75,75,75,75,75,75,75,75,75,75,75,75,75,75,75,75,75,75,75,75],"card_choices":[{"not_picked":["BootSequence","Cold Snap"],"picked":"Streamline","floor":1},{"not_picked":["Coolheaded","Hologram"],"picked":"Reprogram","floor":2},{"not_picked":["Compile Driver","Reinforced Body"],"picked":"Seek","floor":4},{"not_picked":["All For One","Heatsinks"],"picked":"Ball Lightning","floor":7},{"not_picked":["Rebound","Steam Power"],"picked":"Static Discharge","floor":11},{"not_picked":["Biased Cognition","Echo Form"],"picked":"Electrodynamics","floor":16},{"not_picked":["Turbo","Conserve Battery"],"picked":"Capacitor","floor":18},{"not_picked":["Capacitor","Melter"],"picked":"Go for the Eyes+1","floor":20}],"player_experience":1514713,"relics_obtained":[{"floor":5,"key":"Bottled Flame"},{"floor":7,"key":"Art of War"},{"floor":9,"key":"The Courier"},{"floor":11,"key":"Peace Pipe"},{"floor":17,"key":"Smiling Mask"},{"floor":17,"key":"Sundial"},{"floor":17,"key":"Old Coin"},{"floor":20,"key":"Red Mask"}],"event_choices":[{"cards_removed":["Reprogram"],"damage_healed":7,"gold_gain":0,"player_choice":"Offered Uncommon","damage_taken":0,"max_hp_gain":0,"max_hp_loss":0,"event_name":"Bonfire Elementals","floor":3,"gold_loss":0},{"damage_healed":25,"gold_gain":0,"player_choice":"Banana","damage_taken":0,"max_hp_gain":0,"max_hp_loss":0,"event_name":"Big Fish","floor":13,"gold_loss":0},{"damage_healed":0,"gold_gain":0,"player_choice":"Read","damage_taken":0,"max_hp_gain":0,"max_hp_loss":0,"event_name":"The Library","floor":19,"gold_loss":0,"cards_obtained":["Loop"]},{"damage_healed":0,"gold_gain":0,"player_choice":"Fought Bandits","damage_taken":0,"max_hp_gain":0,"max_hp_loss":0,"event_name":"Masked Bandits","floor":20,"gold_loss":0}],"is_beta":false,"boss_relics":[{"not_picked":["Coffee Dripper","Runic Dome"],"picked":"Calling Bell"}],"items_purged_floors":[10],"is_endless":false,"potions_floor_spawned":[1,4,7,16,18],"killed_by":"3 Byrds","ascension_level":11}}