{"host":"8jwrv7sn1174lfer","time":1612823875,"event":{"mods":["BaseMod","Downfall","Minty Spire (QoL Compilation)","StSLib"],"gold_per_floor":[111,126,226,226,126,153,166,201,201,233,233,258,313,324,324,428,428,447,459,216,228,241,271,271,287,287,316,335,368,368,384,384,482,482,493,505,505,523,570,588,588,608,608,633,651,663,689,709,709,709,709,709,135,166,166],"floor_reached":56,"language":"ENG","playtime":3506,"items_purged":["Pain","Writhe","Strike_R"],"score":1529,"play_id":"8c2e3df4-cc95-4927-ae7d-5d895dfbb8ca","local_time":"20210208173755","is_ascension_mode":true,"campfire_choices":[{"data":"Pommel Strike","floor":11,"key":"SMITH"},{"data":"Fiend Fire","floor":15,"key":"SMITH"},{"data":"Fiend Fire","floor":24,"key":"SMITH"},{"floor":32,"key":"RECALL"},{"data":"Juggernaut","floor":49,"key":"SMITH"},{"data":"1","floor":52,"key":"LIFT"}],"circlet_count":0,"master_deck":["Strike_R","Strike_R","Strike_R","Strike_R","Defend_R","Defend_R","Defend_R","Defend_R","Bash","Fiend Fire+1","Armaments","Flame Barrier","downfall:Haunted","downfall:Haunted","Demon Form","downfall:Aged","Pommel Strike+1","Cleave","Shrug It Off","Clothesline","Fiend Fire+1","Feel No Pain+1","Feel No Pain","Whirlwind","Thunderclap","Juggernaut+1","Pain","Exhume","Shrug It Off+1","Mind Blast","Fire Breathing+1","Body Slam+1","Injury","Sword Boomerang+1","Entrench+1","Reaper","Feel No Pain","Evolve"],"relics":["Burning Blood","Darkstone Periapt","Dead Branch","Ornamental Fan","Red Skull","Champion Belt","Bottled Flame","Regal Pillow","Self Forming Clay","Mark of Pain","Vajra","Pen Nib","InkBottle","Mercury Hourglass","Boot","WarpedTongs","Cursed Key","Guardian:GemstoneGun","Art of War","Girya","Mummified Hand","Akabeko","Incense Burner"],"acts_visited":["Exordium","TheCity","TheBeyond","TheEnding"],"potions_floor_usage":[8,12,19,22,23,29,36,38],"damage_taken":[{"damage":7,"enemies":"2 Louse","floor":1,"turns":2},{"damage":0,"enemies":"Small Slimes","floor":2,"turns":4},{"damage":22,"enemies":"Gremlin Nob","floor":6,"turns":4},{"damage":0,"enemies":"Cultist","floor":7,"turns":2},{"damage":7,"enemies":"3 Sentries","floor":8,"turns":6},{"damage":26,"enemies":"Gremlin Nob","floor":10,"turns":4},{"damage":12,"enemies":"Lagavulin","floor":12,"turns":6},{"damage":14,"enemies":"Gremlin Nob","floor":13,"turns":3},{"damage":0,"enemies":"Looter","floor":14,"turns":2},{"damage":17,"enemies":"The Guardian","floor":16,"turns":9},{"damage":6,"enemies":"3 Byrds","floor":18,"turns":6},{"damage":3,"enemies":"Spheric Guardian","floor":19,"turns":2},{"damage":14,"enemies":"Centurion and Healer","floor":21,"turns":3},{"damage":6,"enemies":"Snecko","floor":22,"turns":4},{"damage":36,"enemies":"Gremlin Leader","floor":23,"turns":6},{"damage":0,"enemies":"Snake Plant","floor":25,"turns":2},{"damage":23,"enemies":"Slavers","floor":27,"turns":3},{"damage":0,"enemies":"Cultist and Chosen","floor":28,"turns":5},{"damage":9,"enemies":"Book of Stabbing","floor":29,"turns":4},{"damage":9,"enemies":"3 Cultists","floor":31,"turns":4},{"damage":21,"enemies":"Champ","floor":33,"turns":6},{"damage":7,"enemies":"3 Shapes","floor":35,"turns":3},{"damage":9,"enemies":"3 Darklings","floor":36,"turns":3},{"damage":0,"enemies":"Spire Growth","floor":38,"turns":2},{"damage":7,"enemies":"2 Orb Walkers","floor":39,"turns":2},{"damage":24,"enemies":"4 Shapes","floor":40,"turns":4},{"damage":13,"enemies":"3 Darklings","floor":42,"turns":3},{"damage":18,"enemies":"Giant Head","floor":44,"turns":6},{"damage":0,"enemies":"Maw","floor":45,"turns":4},{"damage":30,"enemies":"Writhing Mass","floor":46,"turns":2},{"damage":27,"enemies":"Reptomancer","floor":47,"turns":4},{"damage":0,"enemies":"3 Darklings","floor":48,"turns":2},{"damage":29,"enemies":"Awakened One","floor":50,"turns":8},{"damage":26,"enemies":"Shield and Spear","floor":54,"turns":5},{"damage":23,"enemies":"The Heart","floor":55,"turns":6}],"seed_played":"-8301639799522891162","potions_obtained":[{"floor":2,"key":"Guardian:BlockOnCardUsePotion"},{"floor":6,"key":"BlessingOfTheForge"},{"floor":13,"key":"Energy Potion"},{"floor":16,"key":"Swift Potion"},{"floor":19,"key":"FearPotion"},{"floor":27,"key":"Block Potion"},{"floor":28,"key":"Regen Potion"},{"floor":31,"key":"Explosive Potion"},{"floor":33,"key":"SpeedPotion"},{"floor":36,"key":"DistilledChaos"},{"floor":46,"key":"BloodPotion"}],"is_trial":false,"path_per_floor":["M","M","?","?","$","E","M","E","T","E","R","E","?","M","R","B",null,"M","M","$","M","M","E","R","M","T","E","M","E","?","M","R","B",null,"M","M","?","M","?","M","?","M","T","E","M","M","E","M","R","B",null,"R","$","E","B",null],"character_chosen":"IRONCLAD","items_purchased":["Pommel Strike","Vajra","Mummified Hand","Feel No Pain","Akabeko"],"campfire_rested":0,"item_purchase_floors":[5,20,53,53,53],"current_hp_per_floor":[55,61,96,89,89,73,79,78,78,58,58,52,44,50,50,39,115,115,115,115,107,107,77,77,83,83,66,72,69,75,72,72,57,121,120,117,117,121,120,102,102,95,101,89,95,71,50,56,56,54,127,127,127,107,90],"gold":166,"neow_bonus":"THREE_RARE_CARDS","is_daily":false,"chose_seed":false,"campfire_upgraded":4,"win_rate":0.0,"timestamp":1612823875,"path_taken":["M","M","?","?","$","E","M","E","T","E","R","E","?","M","R","BOSS","M","M","$","M","M","E","R","M","T","E","M","E","?","?","R","BOSS","M","M","?","M","?","M","?","M","T","E","M","M","E","M","R","BOSS","R","$","E","BOSS"],"items_purchased_type":["Card","Relic","Relic","Card","Relic"],"build_version":"2020-12-22","purchased_purges":3,"victory":true,"max_hp_per_floor":[80,80,115,115,115,115,115,115,115,115,115,115,115,115,115,115,115,115,115,115,115,115,115,115,115,115,115,115,115,121,121,121,121,121,121,121,121,121,121,121,121,121,127,127,127,127,127,127,127,127,127,127,127,127,127],"card_choices":[{"not_picked":["Reaper","Bludgeon"],"picked":"Fiend Fire","floor":0},{"not_picked":["Iron Wave","Rage"],"picked":"Armaments","floor":1},{"not_picked":["Rage","Second Wind"],"picked":"Flame Barrier","floor":2},{"not_picked":["Flex","Burning Pact"],"picked":"Cleave","floor":6},{"not_picked":["Twin Strike","Pommel Strike"],"picked":"Shrug It Off","floor":7},{"not_picked":["Headbutt","Warcry"],"picked":"Clothesline","floor":8},{"not_picked":["Bludgeon","Cleave","Uppercut"],"picked":"SKIP","floor":10},{"not_picked":["Bloodletting","Combust","Sword Boomerang"],"picked":"SKIP","floor":12},{"not_picked":["Flex","Dual Wield","Intimidate"],"picked":"SKIP","floor":14},{"not_picked":["Corruption","Exhume"],"picked":"Fiend Fire","floor":16},{"not_picked":["Twin Strike+1","Carnage"],"picked":"Feel No Pain+1","floor":18},{"not_picked":["Flex","Headbutt+1","Thunderclap"],"picked":"SKIP","floor":19},{"not_picked":["Pommel Strike","Flex","Combust+1"],"picked":"SKIP","floor":21},{"not_picked":["Twin Strike","Pummel"],"picked":"Feel No Pain","floor":22},{"not_picked":["Combust","Pommel Strike"],"picked":"Whirlwind","floor":23},{"not_picked":["Thunderclap","Twin Strike","Body Slam"],"picked":"SKIP","floor":25},{"not_picked":["Twin Strike","Body Slam"],"picked":"Thunderclap","floor":25},{"not_picked":["Metallicize","Whirlwind+1","Warcry"],"picked":"SKIP","floor":27},{"not_picked":["Burning Pact","Sword Boomerang+1"],"picked":"Juggernaut","floor":28},{"not_picked":["Warcry","Armaments","Wild Strike"],"picked":"SKIP","floor":29},{"not_picked":["Warcry","Armaments","Wild Strike"],"picked":"SKIP","floor":29},{"not_picked":["Pommel Strike","True Grit","Warcry"],"picked":"SKIP","floor":31},{"not_picked":["Feed","Berserk"],"picked":"Exhume","floor":33},{"not_picked":["Flex","Heavy Blade"],"picked":"Shrug It Off+1","floor":35},{"not_picked":["Armaments+1","Clash","Iron Wave"],"picked":"SKIP","floor":36},{"not_picked":["Dramatic Entrance","Dark Shackles"],"picked":"Mind Blast","floor":37},{"not_picked":["Battle Trance","Sever Soul","Perfected Strike"],"picked":"SKIP","floor":38},{"not_picked":["Dropkick","Flex+1"],"picked":"Fire Breathing+1","floor":40},{"not_picked":["True Grit+1","Thunderclap"],"picked":"Body Slam+1","floor":42},{"not_picked":["Searing Blow","Clash+1","Carnage"],"picked":"SKIP","floor":44},{"not_picked":["Havoc","Clash","Pommel Strike"],"picked":"SKIP","floor":45},{"not_picked":["Rampage+1","Wild Strike"],"picked":"Sword Boomerang+1","floor":46},{"not_picked":["Cleave+1","Flex+1"],"picked":"Entrench+1","floor":47},{"not_picked":["Iron Wave+1","Sword Boomerang"],"picked":"Reaper","floor":48},{"not_picked":["Shrug It Off","Pummel"],"picked":"Evolve","floor":54}],"player_experience":715260,"relics_obtained":[{"floor":6,"key":"Ornamental Fan"},{"floor":8,"key":"Red Skull"},{"floor":9,"key":"Champion Belt"},{"floor":10,"key":"Bottled Flame"},{"floor":12,"key":"Regal Pillow"},{"floor":13,"key":"Self Forming Clay"},{"floor":23,"key":"Pen Nib"},{"floor":26,"key":"InkBottle"},{"floor":27,"key":"Mercury Hourglass"},{"floor":29,"key":"Boot"},{"floor":39,"key":"Guardian:GemstoneGun"},{"floor":44,"key":"Art of War"},{"floor":47,"key":"Girya"},{"floor":54,"key":"Incense Burner"}],"event_choices":[{"damage_healed":0,"gold_gain":0,"player_choice":"Success","damage_taken":7,"relics_obtained":["Dead Branch"],"max_hp_gain":0,"max_hp_loss":0,"event_name":"Scrap Ooze","floor":4,"gold_loss":0},{"damage_healed":0,"gold_gain":0,"player_choice":"Searched \u00271\u0027 times","damage_taken":0,"max_hp_gain":0,"max_hp_loss":0,"event_name":"Dead Adventurer","floor":13,"gold_loss":0},{"damage_healed":0,"gold_gain":0,"player_choice":"Rummage","damage_taken":0,"relics_obtained":["WarpedTongs"],"max_hp_gain":0,"max_hp_loss":0,"event_name":"Accursed Blacksmith","floor":30,"gold_loss":0,"cards_obtained":["Pain"]},{"damage_healed":0,"gold_gain":0,"player_choice":"Memory 1","damage_taken":0,"max_hp_gain":0,"max_hp_loss":0,"event_name":"SensoryStone","floor":37,"gold_loss":0},{"damage_healed":0,"gold_gain":0,"player_choice":"Fight","damage_taken":0,"max_hp_gain":0,"max_hp_loss":0,"event_name":"Mysterious Sphere","floor":39,"gold_loss":0},{"damage_healed":0,"gold_gain":0,"player_choice":"Ignored","damage_taken":0,"max_hp_gain":0,"max_hp_loss":0,"event_name":"Tomb of Lord Red Mask","floor":41,"gold_loss":0}],"is_beta":false,"boss_relics":[{"not_picked":["bronze:MakeshiftBattery","Runic Dome"],"picked":"Mark of Pain"},{"not_picked":["Black Blood","Tiny House"],"picked":"Cursed Key"}],"items_purged_floors":[5,20,53],"is_endless":false,"potions_floor_spawned":[2,6,13,16,19,27,28,31,33,36,42,46,48],"ascension_level":1}}