{"host":"vgnj3owxn2tq7mop","time":1612801339,"event":{"mods":["Act Like it!","BaseMod","Colored Map","Downfall","Hallownest","Minty Spire (QoL Compilation)","StSLib","SuperFastMode","The Bug Knight","The Servant 0.9.4"],"gold_per_floor":[99,113,31,48,48,68,94,94,94,110,143,160,60,80,98,202,202,2,12,23,23,23,23,23,34,34,44,73,73,85,50,66,161,161,161,171,171,181,191,191,217,217,247,262,280,280,290,290,319,319,319,319,319,319],"floor_reached":52,"language":"ZHS","playtime":4136,"items_purged":[],"score":735,"play_id":"6009d79b-40ae-4bff-80b8-7fedf01e55cc","local_time":"20210209002219","is_ascension_mode":false,"campfire_choices":[{"data":"bronze:Goto","floor":1.0,"key":"SMITH"},{"data":"bronze:Overload","floor":8.0,"key":"SMITH"},{"floor":13.0,"key":"RECALL"},{"data":"bronze:Virus","floor":18.0,"key":"SMITH"},{"data":"bronze:ChosenStrike","floor":26.0,"key":"SMITH"},{"data":"bronze:Verify","floor":35.0,"key":"SMITH"},{"data":"bronze:AlphaBuild","floor":40.0,"key":"SMITH"},{"floor":46.0,"key":"REST"}],"circlet_count":0,"master_deck":["bronze:Strike+1","bronze:Defend+1","bronze:Defend+1","bronze:Defend+1","bronze:Replicate+1","bronze:Goto+1","bronze:DigitalCarnage+1","bronze:ChosenStrike+1","bronze:Overload+1","bronze:AlphaBuild+1","bronze:ChosenStrike+1","bronze:ShipIt","bronze:Turbo","bronze:Virus+1","bronze:Repair+1","bronze:Flail+1","bronze:RecursiveStrike","bronze:ForceShield","bronze:Verify+1","CurseOfTheBell","bronze:DelayedSlice+1","expansioncontent:InvincibleStrength","expansioncontent:YouAreMine","expansioncontent:Chronoboost","bronze:MaxOutput","bronze:Optimize+1"],"relics":["bronze:BronzeCore","CaptainsWheel","downfall:HeartBlessingBlue","Empty Cage","downfall:HeartBlessingRed","downfall:HeartBlessingGreen","White Beast Statue","Unceasing Top","Bronze Scales","Bird Faced Urn","Calling Bell","Potion Belt","Gremlin Horn","Incense Burner","CeramicFish","MealTicket"],"acts_visited":["Exordium","TheCity","TheBeyond","TheEnding"],"potions_floor_usage":[50,50,50,50],"damage_taken":[{"damage":9.0,"enemies":"Jaw Worm","floor":2.0,"turns":4.0},{"damage":10.0,"enemies":"downfall:FleeingMerchant","floor":3.0,"turns":4.0},{"damage":0.0,"enemies":"Small Slimes","floor":4.0,"turns":3.0},{"damage":0.0,"enemies":"Cultist","floor":6.0,"turns":2.0},{"damage":16.0,"enemies":"Large Slime","floor":10.0,"turns":2.0},{"damage":0.0,"enemies":"Gremlin Nob","floor":11.0,"turns":1.0},{"damage":0.0,"enemies":"2 Fungi Beasts","floor":12.0,"turns":2.0},{"damage":0.0,"enemies":"3 Louse","floor":14.0,"turns":1.0},{"damage":0.0,"enemies":"Large Slime","floor":15.0,"turns":2.0},{"damage":12.0,"enemies":"WA_ARCHETYPE_RETAIN","floor":16.0,"turns":3.0},{"damage":10.0,"enemies":"Chosen","floor":19.0,"turns":3.0},{"damage":0.0,"enemies":"3 Byrds","floor":20.0,"turns":4.0},{"damage":10.0,"enemies":"3 Byrds","floor":23.0,"turns":3.0},{"damage":0.0,"enemies":"Sentry and Sphere","floor":25.0,"turns":2.0},{"damage":0.0,"enemies":"Snake Plant","floor":27.0,"turns":2.0},{"damage":21.0,"enemies":"Slavers","floor":28.0,"turns":6.0},{"damage":10.0,"enemies":"Cultist and Chosen","floor":30.0,"turns":2.0},{"damage":6.0,"enemies":"downfall:FleeingMerchant","floor":31.0,"turns":4.0},{"damage":10.0,"enemies":"Chosen and Byrds","floor":32.0,"turns":2.0},{"damage":27.0,"enemies":"DF_ARCHETYPE_CLAW","floor":33.0,"turns":4.0},{"damage":10.0,"enemies":"Orb Walker","floor":36.0,"turns":2.0},{"damage":0.0,"enemies":"3 Darklings","floor":38.0,"turns":2.0},{"damage":16.0,"enemies":"4 Shapes","floor":39.0,"turns":4.0},{"damage":58.0,"enemies":"Nemesis","floor":43.0,"turns":7.0},{"damage":0.0,"enemies":"Transient","floor":44.0,"turns":5.0},{"damage":56.0,"enemies":"Maw","floor":45.0,"turns":8.0},{"damage":0.0,"enemies":"Spire Growth","floor":47.0,"turns":4.0},{"damage":0.0,"enemies":"Jaw Worm Horde","floor":49.0,"turns":1.0},{"damage":32,"enemies":"SI_POISON_ARCHETYPE","floor":50,"turns":12},{"damage":125,"enemies":"downfall:CharBossMerchant","floor":52,"turns":7}],"seed_played":"-7156536474679821506","potions_obtained":[{"floor":2.0,"key":"Guardian:BlockOnCardUsePotion"},{"floor":4.0,"key":"DistilledChaos"},{"floor":11.0,"key":"LiquidBronze"},{"floor":15.0,"key":"Fire Potion"},{"floor":16.0,"key":"Fruit Juice"},{"floor":20.0,"key":"Dexterity Potion"},{"floor":25.0,"key":"SkillPotion"},{"floor":27.0,"key":"SteroidPotion"},{"floor":28.0,"key":"Fruit Juice"},{"floor":29.0,"key":"Fruit Juice"},{"floor":29.0,"key":"Strength Potion"},{"floor":29.0,"key":"Swift Potion"},{"floor":30.0,"key":"FairyPotion"},{"floor":31.0,"key":"Explosive Potion"},{"floor":32.0,"key":"BlessingOfTheForge"},{"floor":33.0,"key":"Fire Potion"},{"floor":36.0,"key":"bronze:FreeFunctionsPotion"},{"floor":38.0,"key":"Ancient Potion"},{"floor":39.0,"key":"Guardian:BlockOnCardUsePotion"},{"floor":43.0,"key":"SteroidPotion"},{"floor":44.0,"key":"PowerPotion"},{"floor":45.0,"key":"Fire Potion"},{"floor":47.0,"key":"Fire Potion"},{"floor":49.0,"key":"EntropicBrew"}],"is_trial":false,"path_per_floor":["R","M","$","M","?","M","T","R","?","M","E","M","R","M","M","B",null,"R","M","M","?","?","?","T","M","R","M","E","?","M","$","M","B",null,"R","M","?","M","M","R","T","?","E","M","M","R","M","?","M","B",null,"E"],"character_chosen":"THE_AUTOMATON","items_purchased":["bronze:ChosenStrike","bronze:ForceShield","Bird Faced Urn"],"campfire_rested":1,"item_purchase_floors":[3,31,31],"current_hp_per_floor":[77,68,58,58,58,58,58,58,58,42,42,42,52,52,52,40,87,87,77,87,87,87,87,87,87,87,87,76,86,81,75,65,48,102,102,92,82,82,80,80,80,80,28,44,30,60,64,64,64,38,102,0,0,0],"gold":319,"neow_bonus":"TEN_PERCENT_HP_BONUS","is_daily":false,"chose_seed":false,"campfire_upgraded":6,"win_rate":0.0,"timestamp":1612801339,"path_taken":["R","M","$","M","?","M","T","R","?","?","E","M","R","M","M","BOSS","R","M","M","?","?","?","T","M","R","M","E","?","M","$","M","BOSS","R","M","?","M","M","R","T","?","E","M","M","R","M","?","M","BOSS","E"],"items_purchased_type":["Card","Card","Relic"],"build_version":"2020-12-22","purchased_purges":0,"victory":false,"max_hp_per_floor":[77,77,77,77,77,77,77,77,77,77,77,77,87,87,87,87,87,87,87,87,87,87,87,87,87,87,87,87,97,102,102,102,102,102,102,102,102,102,102,102,102,102,102,102,102,102,102,102,102,102,102,102,102,102],"card_choices":[{"not_picked":["bronze:DarkDash","bronze:Return"],"picked":"bronze:DigitalCarnage","floor":2.0},{"not_picked":["bronze:CloningBeam","bronze:Shield"],"picked":"bronze:Flail","floor":3.0},{"not_picked":["bronze:BitShift","bronze:BuggyMess"],"picked":"bronze:Flail","floor":4.0},{"not_picked":["bronze:WildBeam","bronze:NullPointer"],"picked":"bronze:Overload","floor":6.0},{"not_picked":["bronze:OilSpill","bronze:Overheat"],"picked":"bronze:AlphaBuild","floor":10.0},{"not_picked":["bronze:Deprecate","bronze:BitShift","bronze:OilSpill"],"picked":"SKIP","floor":11.0},{"not_picked":["bronze:Fortify","bronze:ClassDefault"],"picked":"bronze:ChosenStrike","floor":12.0},{"not_picked":["bronze:Frontload","bronze:BuggyMess"],"picked":"bronze:ShipIt","floor":14.0},{"not_picked":["bronze:Iterate","bronze:BugBarrage"],"picked":"bronze:Turbo","floor":15.0},{"not_picked":["bronze:HardenedForm","bronze:AlphaBuild"],"picked":"bronze:Virus","floor":16.0},{"not_picked":["bronze:WildBeam","bronze:WhirlingStrike"],"picked":"bronze:Repair+1","floor":19.0},{"not_picked":["bronze:Deprecate","bronze:Iterate"],"picked":"bronze:Flail+1","floor":20.0},{"not_picked":["bronze:Frontload","bronze:BitShift","bronze:BuggyMess+1"],"picked":"SKIP","floor":25.0},{"not_picked":["bronze:OilSpill+1","bronze:Iterate+1","bronze:Branch"],"picked":"SKIP","floor":27.0},{"not_picked":["bronze:BronzeArmor","bronze:MaxOutput+1"],"picked":"bronze:RecursiveStrike","floor":28.0},{"not_picked":["bronze:Overheat","bronze:ClassDefault","bronze:WhirlingStrike"],"picked":"SKIP","floor":30.0},{"not_picked":["bronze:Turbo+1","bronze:Invalidate","bronze:Branch+1"],"picked":"SKIP","floor":31.0},{"not_picked":["bronze:Frontload","bronze:DelayedGuard","bronze:BugBarrage"],"picked":"SKIP","floor":32.0},{"not_picked":["bronze:ThunderWave","bronze:BurnOut"],"picked":"bronze:Verify","floor":33.0},{"not_picked":["bronze:ChosenStrike+1","bronze:CloningBeam"],"picked":"bronze:DelayedSlice+1","floor":36.0},{"not_picked":["expansioncontent:Hexaburn","expansioncontent:YouAreMine"],"picked":"expansioncontent:InvincibleStrength","floor":37.0},{"not_picked":["expansioncontent:Hexaburn","expansioncontent:PrepareCrush"],"picked":"expansioncontent:YouAreMine","floor":37.0},{"not_picked":["expansioncontent:InvincibleStrength","expansioncontent:Hexaburn"],"picked":"expansioncontent:Chronoboost","floor":37.0},{"not_picked":["bronze:Branch","bronze:Frontload+1","bronze:BuggyMess"],"picked":"SKIP","floor":38.0},{"not_picked":["bronze:Deprecate","bronze:WildBeam+1"],"picked":"bronze:MaxOutput","floor":39.0},{"not_picked":["bronze:Invalidate","bronze:CutThrough+1","bronze:ForLoop"],"picked":"SKIP","floor":43.0},{"not_picked":["bronze:ShipIt","bronze:NullPointer","bronze:BronzeArmor+1"],"picked":"SKIP","floor":44.0},{"not_picked":["bronze:OilSpill+1","bronze:FineTuning","bronze:Turbo+1"],"picked":"SKIP","floor":45.0},{"not_picked":["bronze:BronzeArmor","bronze:WildBeam","bronze:ClassDefault+1"],"picked":"SKIP","floor":47.0},{"not_picked":["bronze:BitShift+1","bronze:Repair"],"picked":"bronze:Optimize+1","floor":49.0}],"player_experience":1183110,"relics_obtained":[{"floor":11.0,"key":"CaptainsWheel"},{"floor":24.0,"key":"Unceasing Top"},{"floor":28.0,"key":"Bronze Scales"},{"floor":34.0,"key":"Potion Belt"},{"floor":34.0,"key":"Gremlin Horn"},{"floor":34.0,"key":"Incense Burner"},{"floor":41.0,"key":"CeramicFish"},{"floor":43.0,"key":"MealTicket"}],"event_choices":[{"cards_removed":["bronze:Strike"],"damage_healed":0.0,"max_hp_gain":0.0,"max_hp_loss":0.0,"gold_gain":0.0,"event_name":"The Cleric","player_choice":"Card Removal","floor":5.0,"gold_loss":0.0,"damage_taken":0.0},{"damage_healed":0.0,"max_hp_gain":0.0,"max_hp_loss":0.0,"gold_gain":0.0,"event_name":"Lab","player_choice":"Got Potions","floor":29.0,"gold_loss":0.0,"damage_taken":0.0},{"cards_removed":["bronze:Defend"],"damage_healed":0.0,"max_hp_gain":0.0,"max_hp_loss":0.0,"gold_gain":0.0,"event_name":"Falling","player_choice":"Removed Skill","floor":48.0,"gold_loss":0.0,"damage_taken":0.0}],"is_beta":false,"boss_relics":[{"not_picked":["Snecko Eye","Pandora\u0027s Box"],"picked":"Empty Cage"},{"not_picked":["Runic Dome","Tiny House"],"picked":"Calling Bell"}],"items_purged_floors":[],"is_endless":false,"potions_floor_spawned":[2,4,11,15,16,20,23,25,27,28,30,31,32,33,36,38,39,43,44,45,47,49],"killed_by":"downfall:CharBossMerchant","ascension_level":0}}