{"host":"tq99ucv8ezzqzioe","time":1612750722,"event":{"mods":["BaseMod","Colored Map","Downfall","Highlight Path","Minty Spire (QoL Compilation)","StSLib"],"gold_per_floor":[99,99,99,99,99,125,125,25,25,175,15,15,69,102,114,210,210,110,110,121,137,155,168,168,183,21,50,31,31,59,76,88,183,183,83,100,100,115,115,115,194,225,225,259,275,41,59,107,127,127,127,153,2,2,2,2,2,2],"floor_reached":56,"language":"ENG","playtime":9394,"items_purged":["downfall:Icky","downfall:Bewildered"],"score":891,"play_id":"762d531e-87d9-42f0-9d8e-b4bb487ee3f0","local_time":"20210207211842","is_ascension_mode":true,"campfire_choices":[{"data":"hexamod:Float","floor":1,"key":"SMITH"},{"floor":8,"key":"RECALL"},{"data":"hexamod:Incineration","floor":12,"key":"SMITH"},{"data":"hexamod:ForkedFlame","floor":18,"key":"SMITH"},{"floor":29,"key":"REST"},{"data":"hexamod:Toasty","floor":35,"key":"SMITH"},{"data":"hexamod:GhostflameInferno","floor":40,"key":"SMITH"},{"floor":54,"key":"REST"}],"circlet_count":0,"master_deck":["hexamod:Strike","hexamod:Strike","hexamod:Strike+1","hexamod:Strike","hexamod:Defend","hexamod:Defend","hexamod:Defend","hexamod:Defend","hexamod:Sear+1","hexamod:Float+1","hexamod:AdvancingGuard","hexamod:Float+1","hexamod:ShieldOfDarkness","hexamod:SwordOfDarkness","hexamod:Hexaguard+1","hexamod:EmpoweredFlame","hexamod:Incineration+1","hexamod:BurningTouch","hexamod:RainOfEmbers","hexamod:ForkedFlame+1","hexamod:NightmareGuise","hexamod:SpectersWail+1","hexamod:Hexaguard","hexamod:FastForward","hexamod:GhostflameInferno+1","Flash of Steel","hexamod:PowerFromBeyond+1","hexamod:Hexaguard+1","hexamod:StepThrough+1","hexamod:Toasty+1","hexamod:EtherealExpedition+1","downfall:Aged","hexamod:PhantomCloak","hexamod:UnlimitedPower+1","hexamod:FastForward+1","expansioncontent:DashGenerateEvil+1","hexamod:HeatCrush","Clumsy","hexamod:ExtraCrispy+1"],"relics":["hexamod:SpiritBrand","downfall:HeartsMalice","Peace Pipe","downfall:HeartBlessingBlue","downfall:ShatteredFragment","Orichalcum","Bottled Tornado","Philosopher\u0027s Stone","downfall:HeartBlessingRed","sneckomod:BabySnecko","StrikeDummy","Bag of Marbles","Toxic Egg 2","Mummified Hand","Cursed Key","downfall:HeartBlessingGreen","Shuriken","Mercury Hourglass","Girya","Whetstone","Anchor","War Paint"],"acts_visited":["Exordium","TheCity","TheBeyond","TheEnding"],"potions_floor_usage":[20,23,27,33,42,47,52],"damage_taken":[{"damage":0,"enemies":"Small Slimes","floor":2,"turns":1},{"damage":0,"enemies":"Cultist","floor":4,"turns":1},{"damage":0,"enemies":"Jaw Worm","floor":5,"turns":1},{"damage":10,"enemies":"Lagavulin","floor":6,"turns":6},{"damage":0,"enemies":"downfall:FleeingMerchant","floor":11,"turns":4},{"damage":8,"enemies":"3 Sentries","floor":14,"turns":6},{"damage":7,"enemies":"Blue Slaver","floor":15,"turns":3},{"damage":24,"enemies":"IC_STATUS_ARCHETYPE","floor":16,"turns":5},{"damage":10,"enemies":"3 Byrds","floor":20,"turns":4},{"damage":2,"enemies":"Chosen","floor":21,"turns":3},{"damage":16,"enemies":"Snake Plant","floor":22,"turns":4},{"damage":0,"enemies":"3 Cultists","floor":23,"turns":3},{"damage":16,"enemies":"Sentry and Sphere","floor":25,"turns":4},{"damage":0,"enemies":"downfall:FleeingMerchant","floor":26,"turns":4},{"damage":0,"enemies":"Gremlin Leader","floor":27,"turns":6},{"damage":0,"enemies":"downfall:FleeingMerchant","floor":28,"turns":3},{"damage":11,"enemies":"Book of Stabbing","floor":30,"turns":3},{"damage":0,"enemies":"Cultist and Chosen","floor":31,"turns":3},{"damage":0,"enemies":"Centurion and Healer","floor":32,"turns":3},{"damage":19,"enemies":"SI_MIRROR_ARCHETYPE","floor":33,"turns":6},{"damage":9,"enemies":"3 Darklings","floor":36,"turns":3},{"damage":6,"enemies":"Orb Walker","floor":38,"turns":2},{"damage":18,"enemies":"Nemesis","floor":42,"turns":5},{"damage":0,"enemies":"Reptomancer","floor":44,"turns":4},{"damage":10,"enemies":"Maw","floor":45,"turns":5},{"damage":0,"enemies":"3 Darklings","floor":47,"turns":2},{"damage":0,"enemies":"Spire Growth","floor":49,"turns":3},{"damage":21,"enemies":"WA_ARCHETYPE_DIVINITY","floor":50,"turns":6},{"damage":73,"enemies":"downfall:CharBossMerchant","floor":52,"turns":7},{"damage":7,"enemies":"downfall:NeowBoss","floor":55,"turns":10},{"damage":34,"enemies":"downfall:NeowBossFinal","floor":56,"turns":3}],"seed_played":"5502889596144228690","potions_obtained":[{"floor":6,"key":"Strength Potion"},{"floor":14,"key":"Ancient Potion"},{"floor":16,"key":"DuplicationPotion"},{"floor":22,"key":"Slimebound:ThreeZeroPotion"},{"floor":25,"key":"Fire Potion"},{"floor":31,"key":"AttackPotion"},{"floor":32,"key":"hexamod:DoubleChargePotion"},{"floor":33,"key":"Fire Potion"},{"floor":42,"key":"Energy Potion"}],"is_trial":false,"path_per_floor":["R","M","?","M","M","E","T","R","?","?","$","R","T","E","M","B",null,"R","?","M","M","M","M","T","M","$","E","$","R","E","M","M","B",null,"R","M","$","M","?","R","T","E","?","E","M","$","M","T","M","B",null,"E","$","R","B","B"],"character_chosen":"THE_SPIRIT","items_purchased":["hexamod:Incineration","hexamod:FastForward","Toxic Egg 2","Flash of Steel","expansioncontent:DashGenerateEvil","AttackPotion","War Paint"],"campfire_rested":2,"item_purchase_floors":[11,26,28,28,46,46,53],"current_hp_per_floor":[70,70,70,70,70,60,60,70,49,49,49,49,49,41,34,10,80,80,80,70,68,52,52,52,36,36,36,36,60,49,49,49,30,80,80,71,71,65,65,65,65,47,47,47,37,37,37,37,37,16,80,7,7,31,24,0,0,0],"gold":2,"neow_bonus":"THREE_ENEMY_KILL","is_daily":false,"chose_seed":false,"campfire_upgraded":5,"win_rate":0.0,"timestamp":1612750722,"path_taken":["R","M","?","?","M","E","T","R","?","?","$","R","?","E","M","BOSS","R","?","M","M","M","M","T","M","$","E","$","R","E","M","M","BOSS","R","M","$","M","?","R","T","E","?","E","M","?","M","?","M","BOSS","E","$","R","BOSS","BOSS"],"items_purchased_type":["Card","Card","Relic","Card","Card","Potion","Relic"],"build_version":"2020-12-22","purchased_purges":2,"victory":false,"max_hp_per_floor":[70,70,70,70,70,70,70,80,80,80,80,80,80,80,80,80,80,80,80,80,80,80,80,80,80,80,80,80,80,80,80,80,80,80,80,80,80,80,80,80,80,80,80,80,80,80,80,80,80,80,80,80,80,80,80,80,80,80],"card_choices":[{"not_picked":["hexamod:NightmareGuise","hexamod:Haunt"],"picked":"hexamod:AdvancingGuard","floor":2},{"not_picked":["hexamod:ThirdSeal","hexamod:BacktrackSmack"],"picked":"hexamod:ShieldOfDarkness","floor":4},{"not_picked":["hexamod:ChargedBarrage","hexamod:SecondSeal"],"picked":"hexamod:SwordOfDarkness","floor":5},{"not_picked":["hexamod:SecondSeal","hexamod:CatchUp"],"picked":"hexamod:Hexaguard","floor":6},{"not_picked":["hexamod:HeatShield","hexamod:SwordOfDarkness"],"picked":"hexamod:EmpoweredFlame","floor":11},{"not_picked":["hexamod:FlameSwitch","hexamod:RetreatToShadows"],"picked":"hexamod:BurningTouch","floor":14},{"not_picked":["hexamod:Rewind","hexamod:SuperheatedStrike"],"picked":"hexamod:RainOfEmbers","floor":15},{"not_picked":["hexamod:ApocalypticArmor","hexamod:GiftsFromTheDead"],"picked":"hexamod:ForkedFlame","floor":16},{"not_picked":["hexamod:NightmareStrike","hexamod:SuperheatedStrike","hexamod:BurningTouch"],"picked":"SKIP","floor":20},{"not_picked":["hexamod:GhostOfSpirePast+1","hexamod:FirstSeal","hexamod:HeatMetal"],"picked":"SKIP","floor":21},{"not_picked":["hexamod:EmpoweredFlame","hexamod:GhostShield"],"picked":"hexamod:NightmareGuise","floor":22},{"not_picked":["hexamod:AdvancingGuard","hexamod:GhostOfSpirePast"],"picked":"hexamod:SpectersWail+1","floor":23},{"not_picked":["hexamod:ThirdSeal","hexamod:SuperheatedStrike+1","hexamod:NightmareStrike"],"picked":"SKIP","floor":25},{"not_picked":["hexamod:FirstSeal","hexamod:GhostOfSpirePast"],"picked":"hexamod:Hexaguard","floor":26},{"not_picked":["hexamod:EtherealExpedition","hexamod:GhostLash"],"picked":"hexamod:GhostflameInferno","floor":27},{"not_picked":["hexamod:BacktrackSmack+1","hexamod:HeatMetal","hexamod:GhostLash"],"picked":"SKIP","floor":28},{"not_picked":["hexamod:HeatMetal","hexamod:HauntingEcho"],"picked":"hexamod:PowerFromBeyond+1","floor":30},{"not_picked":["hexamod:InspiringFlames+1","hexamod:SuperheatedStrike"],"picked":"hexamod:Hexaguard+1","floor":31},{"not_picked":["hexamod:GiftsFromTheDead","hexamod:DynamicBlow"],"picked":"hexamod:StepThrough+1","floor":32},{"not_picked":["hexamod:GiftsFromTheDead","hexamod:VolcanoVisage"],"picked":"hexamod:Toasty","floor":33},{"not_picked":["hexamod:SpectralAdrenaline+1","hexamod:HeatMetal+1","hexamod:SpectralSpark+1"],"picked":"SKIP","floor":36},{"not_picked":["hexamod:BacktrackSmack+1","hexamod:NecessarySacrifice+1"],"picked":"hexamod:EtherealExpedition+1","floor":38},{"not_picked":["hexamod:SpectralAdrenaline+1","hexamod:Firestarter"],"picked":"hexamod:PhantomCloak","floor":42},{"not_picked":["hexamod:Firestarter","hexamod:ShieldOfDarkness+1"],"picked":"hexamod:UnlimitedPower+1","floor":44},{"not_picked":["hexamod:BurningTouch+1","hexamod:SecondSeal"],"picked":"hexamod:FastForward+1","floor":45},{"not_picked":["hexamod:Firestarter+1","hexamod:AdvancingGuard+1"],"picked":"hexamod:HeatCrush","floor":47},{"not_picked":["hexamod:FourthSeal","hexamod:Again+1","hexamod:AdvancingGuard+1"],"picked":"SKIP","floor":49},{"not_picked":["hexamod:Rewind+1","hexamod:ThirdSeal"],"picked":"hexamod:ExtraCrispy+1","floor":52}],"player_experience":883413,"relics_obtained":[{"floor":6,"key":"Peace Pipe"},{"floor":13,"key":"Orichalcum"},{"floor":14,"key":"Bottled Tornado"},{"floor":24,"key":"StrikeDummy"},{"floor":27,"key":"Bag of Marbles"},{"floor":30,"key":"Mummified Hand"},{"floor":41,"key":"Shuriken"},{"floor":42,"key":"Mercury Hourglass"},{"floor":44,"key":"Girya"},{"floor":48,"key":"Whetstone"},{"floor":52,"key":"Anchor"}],"event_choices":[],"is_beta":false,"boss_relics":[{"not_picked":["Calling Bell","Snecko Eye"],"picked":"Philosopher\u0027s Stone"},{"not_picked":["hexamod:UnbrokenSoul","Velvet Choker"],"picked":"Cursed Key"}],"items_purged_floors":[11,26],"is_endless":false,"potions_floor_spawned":[6,14,16,22,25,31,32,33,36,42,45],"killed_by":"downfall:NeowBossFinal","ascension_level":1}}