{"host":"1vy6j31128f61x2z","time":1612816117,"event":{"mods":["AchievementEnabler","BaseMod","Colored Powertips","Minty Spire (QoL Compilation)","Permanent Neow"],"gold_per_floor":[118,118,118,134,153,180,201,234,258,258,77,88,34,209,209,309,309,324,324,337,349,261,261,261,261,261,272,272,41,68,80,80,180,180,197,216,216,43,60,91,91,91,91,91,106,106,140,140,140,140],"floor_reached":51,"language":"ENG","playtime":3266,"items_purged":["Strike_G","Doubt","Strike_G+1"],"score":781,"play_id":"dbfa3abd-4826-4d8b-8275-a099838e75f5","local_time":"20210208152837","is_ascension_mode":false,"campfire_choices":[{"floor":10,"key":"REST"},{"data":"A Thousand Cuts","floor":15,"key":"SMITH"},{"floor":23,"key":"REST"},{"data":"Noxious Fumes","floor":25,"key":"SMITH"},{"floor":28,"key":"REST"},{"data":"Noxious Fumes","floor":32,"key":"SMITH"},{"floor":41,"key":"REST"},{"data":"Footwork","floor":44,"key":"SMITH"},{"data":"Footwork","floor":46,"key":"SMITH"},{"floor":49,"key":"REST"}],"circlet_count":0,"master_deck":["Defend_G+1","Defend_G","Defend_G","Defend_G","Defend_G+1","Survivor","Neutralize","A Thousand Cuts+1","Deflect","Deflect","Prepared","Footwork+1","Footwork","Dodge and Roll","Acrobatics","Footwork+1","Deflect","Acrobatics","Venomology","Outmaneuver+1","Adrenaline","Dagger Throw+1","Infinite Blades","Noxious Fumes+1","Tools of the Trade","Noxious Fumes+1","PiercingWail+1","Caltrops","Adrenaline","Deflect+1","Venomology+1","Backflip+1","Noxious Fumes","Dodge and Roll","Deflect","Blur+1","Escape Plan","Terror+1"],"relics":["Ring of the Snake","Strawberry","Odd Mushroom","Smiling Mask","Regal Pillow","SacredBark","Incense Burner","Whetstone","Blood Vial","Sundial","Astrolabe","Frozen Egg 2","Letter Opener","Kunai"],"acts_visited":["Exordium","TheCity","TheBeyond"],"potions_floor_usage":[6,8,20,31,33,35,36,39,40,40,45,45,47,50,50,50,50,50],"damage_taken":[{"damage":0,"enemies":"Cultist","floor":1,"turns":5},{"damage":0,"enemies":"2 Louse","floor":4,"turns":3},{"damage":0,"enemies":"Small Slimes","floor":5,"turns":4},{"damage":49,"enemies":"Gremlin Nob","floor":6,"turns":7},{"damage":10,"enemies":"The Mushroom Lair","floor":7,"turns":5},{"damage":6,"enemies":"3 Sentries","floor":8,"turns":9},{"damage":0,"enemies":"3 Louse","floor":12,"turns":7},{"damage":13,"enemies":"Slime Boss","floor":16,"turns":12},{"damage":5,"enemies":"Spheric Guardian","floor":18,"turns":12},{"damage":26,"enemies":"Chosen","floor":20,"turns":9},{"damage":42,"enemies":"Snake Plant","floor":21,"turns":7},{"damage":16,"enemies":"Chosen and Byrds","floor":27,"turns":6},{"damage":22,"enemies":"Gremlin Leader","floor":30,"turns":7},{"damage":3,"enemies":"Shelled Parasite and Fungi","floor":31,"turns":5},{"damage":9,"enemies":"Champ","floor":33,"turns":13},{"damage":12,"enemies":"3 Shapes","floor":35,"turns":3},{"damage":0,"enemies":"3 Darklings","floor":36,"turns":6},{"damage":0,"enemies":"Jaw Worm Horde","floor":39,"turns":3},{"damage":47,"enemies":"Nemesis","floor":40,"turns":9},{"damage":20,"enemies":"Sphere and 2 Shapes","floor":45,"turns":6},{"damage":0,"enemies":"Reptomancer","floor":47,"turns":7},{"damage":2,"enemies":"Time Eater","floor":50,"turns":12}],"seed_played":"7761128477097027774","potions_obtained":[{"floor":5,"key":"Regen Potion"},{"floor":6,"key":"SkillPotion"},{"floor":12,"key":"LiquidMemories"},{"floor":31,"key":"SpeedPotion"},{"floor":35,"key":"SpeedPotion"}],"is_trial":false,"path_per_floor":["M","?","?","M","M","E","?","E","T","R","$","M","$","?","R","B",null,"M","?","M","M","$","R","?","R","T","M","R","$","E","M","R","B",null,"M","M","?","$","M","E","R","?","T","R","M","R","E","?","R","B",null],"character_chosen":"THE_SILENT","items_purchased":["Acrobatics","Footwork","Acrobatics","Noxious Fumes","Noxious Fumes","Blood Vial","Noxious Fumes","Dodge and Roll"],"campfire_rested":5,"item_purchase_floors":[11,11,13,22,29,29,38,38],"current_hp_per_floor":[70,75,60,60,60,33,23,17,17,56,56,56,56,56,56,43,82,77,77,51,9,9,48,48,48,48,32,71,71,51,50,50,43,82,70,72,72,72,74,29,67,67,67,67,49,49,51,51,78,76],"gold":140,"neow_bonus":"ONE_RANDOM_RARE_CARD","is_daily":false,"chose_seed":false,"campfire_upgraded":5,"win_rate":0.0,"timestamp":1612816117,"path_taken":["M","?","?","M","M","E","?","E","T","R","$","M","$","?","R","BOSS","M","?","?","M","$","R","?","R","T","M","R","?","E","M","R","BOSS","M","M","?","$","M","E","R","?","T","R","M","R","E","?","R","BOSS"],"items_purchased_type":["Card","Card","Card","Card","Card","Relic","Card","Card"],"build_version":"2020-12-22","purchased_purges":3,"victory":true,"max_hp_per_floor":[70,75,75,75,75,82,82,82,82,82,82,82,82,82,82,82,82,82,82,82,82,82,82,82,82,82,82,82,82,82,82,82,82,82,82,82,78,78,78,78,78,78,78,78,78,78,78,78,78,78],"card_choices":[{"not_picked":["PiercingWail","Bane"],"picked":"Deflect","floor":1},{"not_picked":["Flying Knee","Riddle With Holes"],"picked":"Deflect","floor":4},{"not_picked":["Poisoned Stab","Wraith Form v2"],"picked":"Prepared","floor":5},{"not_picked":["Slice","Sucker Punch"],"picked":"Footwork","floor":6},{"not_picked":["Deflect","Bane"],"picked":"Footwork","floor":7},{"not_picked":["Unload","Sucker Punch"],"picked":"Dodge and Roll","floor":8},{"not_picked":["Prepared","Dagger Spray"],"picked":"Deflect","floor":12},{"not_picked":["Die Die Die","Unload"],"picked":"Venomology","floor":16},{"not_picked":["Dagger Spray+1","Deadly Poison"],"picked":"Outmaneuver+1","floor":18},{"not_picked":["Underhanded Strike+1","Catalyst+1"],"picked":"Dagger Throw+1","floor":20},{"not_picked":["Dagger Spray","Dash"],"picked":"Infinite Blades","floor":21},{"not_picked":["Well Laid Plans","PiercingWail"],"picked":"Tools of the Trade","floor":27},{"not_picked":["Terror","Backstab"],"picked":"PiercingWail+1","floor":30},{"not_picked":["PiercingWail","Eviscerate"],"picked":"Caltrops","floor":31},{"not_picked":["Phantasmal Killer","Corpse Explosion"],"picked":"Adrenaline","floor":33},{"not_picked":["Sucker Punch","Endless Agony","Deadly Poison+1"],"picked":"SKIP","floor":35},{"not_picked":["Skewer","Infinite Blades"],"picked":"Backflip+1","floor":36},{"not_picked":["All Out Attack","Dagger Spray+1"],"picked":"Deflect","floor":39},{"not_picked":["Flying Knee","PiercingWail"],"picked":"Blur+1","floor":40},{"not_picked":["Finisher","Reflex"],"picked":"Escape Plan","floor":45},{"not_picked":["Skewer+1","Dodge and Roll"],"picked":"Terror+1","floor":47}],"player_experience":10434,"relics_obtained":[{"floor":6,"key":"Strawberry"},{"floor":7,"key":"Odd Mushroom"},{"floor":8,"key":"Smiling Mask"},{"floor":9,"key":"Regal Pillow"},{"floor":26,"key":"Whetstone"},{"floor":30,"key":"Sundial"},{"floor":40,"key":"Frozen Egg 2"},{"floor":43,"key":"Letter Opener"},{"floor":47,"key":"Kunai"}],"event_choices":[{"damage_healed":0,"gold_gain":0,"player_choice":"Donut","damage_taken":0,"max_hp_gain":5,"max_hp_loss":0,"event_name":"Big Fish","floor":2,"gold_loss":0},{"damage_healed":0,"gold_gain":0,"player_choice":"Entered Light","damage_taken":15,"max_hp_gain":0,"max_hp_loss":0,"event_name":"Shining Light","floor":3,"gold_loss":0,"cards_upgraded":["Defend_G","Defend_G"]},{"damage_healed":0,"gold_gain":0,"player_choice":"Fought Mushrooms","damage_taken":0,"max_hp_gain":0,"max_hp_loss":0,"event_name":"Mushrooms","floor":7,"gold_loss":0},{"damage_healed":0,"gold_gain":175,"player_choice":"AGREE","damage_taken":0,"max_hp_gain":0,"max_hp_loss":0,"event_name":"Liars Game","floor":14,"gold_loss":0,"cards_obtained":["Doubt"]},{"damage_healed":0,"gold_gain":0,"player_choice":"1 cards matched","damage_taken":0,"max_hp_gain":0,"max_hp_loss":0,"event_name":"Match and Keep!","floor":19,"gold_loss":0,"cards_obtained":["Adrenaline"]},{"damage_healed":0,"gold_gain":0,"player_choice":"Gave Potion","damage_taken":0,"relics_obtained":["Incense Burner"],"max_hp_gain":0,"max_hp_loss":0,"event_name":"WeMeetAgain","floor":24,"gold_loss":0},{"damage_healed":0,"gold_gain":0,"player_choice":"Max HP","damage_taken":0,"max_hp_gain":0,"max_hp_loss":4,"event_name":"Winding Halls","floor":37,"gold_loss":0},{"cards_removed":["Heel Hook"],"damage_healed":0,"gold_gain":0,"player_choice":"Removed Attack","damage_taken":0,"max_hp_gain":0,"max_hp_loss":0,"event_name":"Falling","floor":42,"gold_loss":0},{"damage_healed":0,"gold_gain":0,"player_choice":"Ignored","damage_taken":0,"max_hp_gain":0,"max_hp_loss":0,"event_name":"Mysterious Sphere","floor":48,"gold_loss":0}],"is_beta":false,"boss_relics":[{"not_picked":["Runic Pyramid","Fusion Hammer"],"picked":"SacredBark"},{"not_picked":["Black Star","Velvet Choker"],"picked":"Astrolabe"}],"items_purged_floors":[11,22,38],"is_endless":false,"potions_floor_spawned":[5,6,12,31,33,35],"ascension_level":0}}