{"host":"pletss163z7s8pvv","time":1612744033,"event":{"mods":["AchievementEnabler","BaseMod","Better Altar","Better Match","Better Note","Better Sensory Stone","Better Skull","Better Third Choice","BetterRewards","CapriCore","ChefMod","Colored Map","Colored Powertips","Conspire","Energized Spire","Evolution","GifTheSpireLib","Hermit","Ironclad Rager","Marked Mod","Minty Spire (QoL Compilation)","Retaliation","Spicy Shops","StS++","StSLib","The Alterego","The Blue Laboratory","The Cursed","The Disciple","The Forsaken"],"gold_per_floor":[118,133,133,150,150,150,176,202,202,214,214,163,163,173,173,278,278,298,315,315,0,14,27,55,55,55,55,70,87,104,123,123,218,218,230,246,21,38,38,65,65,12,12,26,45,61,61,61,61,61,61,61,11,43,43,43],"floor_reached":55,"language":"ENG","playtime":2429,"items_purged":[],"score":1373,"play_id":"19a8f3e3-feb3-40b0-bc66-a32f0eac00d5","local_time":"20210207182713","is_ascension_mode":false,"campfire_choices":[{"floor":6,"key":"RECALL"},{"floor":11,"key":"REST"},{"floor":13,"key":"REST"},{"data":"Caltrops","floor":15,"key":"SMITH"},{"floor":25,"key":"REST"},{"data":"Accuracy","floor":27,"key":"SMITH"},{"floor":32,"key":"REST"},{"floor":41,"key":"REST"},{"data":"Backstab","floor":49,"key":"SMITH"},{"data":"After Image","floor":52,"key":"SMITH"}],"circlet_count":0,"master_deck":["Bane","Bane","Bane","Bane","Bane","Backflip","Backflip","Backflip","Backflip","Backflip","Survivor","Neutralize","Infinite Blades","Sucker Punch","Slice","conspire:DoublingDagger","Poisoned Stab","conspire:DoublingDagger","Dagger Spray","Slice","Caltrops+1","After Image+1","Clumsy","Poisoned Stab","Dagger Spray","Accuracy+1","Backstab","Prepared","StSpp:PoisonousPunch","Night Terror","StSpp:PoisonousPunch","StSpp:PoisonousPunch","Bane","StSpp:ChainedTrap+1","Venomology","Bane","Terror","Sucker Punch+1","Quick Slash","Dash","Footwork","Cloak And Dagger+1","Quick Slash","Accuracy","Deadly Poison","StSpp:PoisonousPunch+1","Infinite Blades+1","Underhanded Strike+1","Dagger Throw+1","StSpp:Anticipation+1","A Thousand Cuts","Dagger Spray","Deflect","Backflip+1","Outmaneuver+1","Prepared+1","StSpp:Dive","Poisoned Stab","Deflect","Quick Slash","Outmaneuver","Corpse Explosion","Leg Sweep+1","Backstab","Footwork","Bane","Bane","Bane","Bane","Bane","Backflip","Backflip","Backflip","Backflip","Backflip","Survivor","Neutralize","Infinite Blades","Sucker Punch","Slice","conspire:DoublingDagger","Poisoned Stab","conspire:DoublingDagger","Dagger Spray","Slice","Caltrops+1","After Image","Clumsy","Poisoned Stab","Dagger Spray","Accuracy+1","Backstab","Prepared","StSpp:PoisonousPunch","Night Terror","StSpp:PoisonousPunch","StSpp:PoisonousPunch","Bane","StSpp:ChainedTrap+1","Venomology","Bane","Terror","Sucker Punch+1","Quick Slash","Dash","Footwork","Cloak And Dagger+1","Quick Slash","Accuracy","Deadly Poison","StSpp:PoisonousPunch+1","Infinite Blades+1","Underhanded Strike+1","Dagger Throw+1","StSpp:Anticipation+1","A Thousand Cuts","Dagger Spray","Deflect","Backflip+1","Outmaneuver+1","Prepared+1","StSpp:Dive","Poisoned Stab","Deflect","Quick Slash","Outmaneuver","Corpse Explosion","Leg Sweep+1","Backstab+1","Footwork","Cloak And Dagger","Well Laid Plans","Eviscerate+1","Predator+1"],"relics":["Ring of the Snake","EVO:Axolotl","CaptainsWheel","Torii","Potion Belt","Bottled Tornado","energizedSpire:HighHeels","Question Card","Unceasing Top","energizedSpire:StickyHand","Bag of Marbles","Letter Opener","Nunchaku","Orichalcum"],"acts_visited":["Exordium","TheCity","TheBeyond","TheEnding"],"potions_floor_usage":[19,31,33,33,33,33,33,38,40,40,44,45,45,50,54,55,55,55,55,55],"damage_taken":[{"damage":5,"enemies":"Small Slimes","floor":1,"turns":3},{"damage":11,"enemies":"Jaw Worm","floor":2,"turns":3},{"damage":5,"enemies":"conspire:RoseBush","floor":4,"turns":3},{"damage":19,"enemies":"3 Sentries","floor":7,"turns":6},{"damage":1,"enemies":"conspire:MimicChest","floor":8,"turns":4},{"damage":6,"enemies":"Lots of Slimes","floor":10,"turns":4},{"damage":2,"enemies":"Blue Slaver","floor":14,"turns":3},{"damage":46,"enemies":"The Guardian","floor":16,"turns":9},{"damage":12,"enemies":"3 Byrds","floor":18,"turns":5},{"damage":20,"enemies":"2 Thieves","floor":19,"turns":3},{"damage":10,"enemies":"conspire:HollyBat","floor":22,"turns":6},{"damage":2,"enemies":"Shelled Parasite and Fungi","floor":23,"turns":4},{"damage":11,"enemies":"conspire:SneckoGhost","floor":24,"turns":5},{"damage":3,"enemies":"Snake Plant","floor":28,"turns":4},{"damage":8,"enemies":"conspire:HollyBat","floor":29,"turns":7},{"damage":25,"enemies":"Centurion and Healer","floor":30,"turns":4},{"damage":2,"enemies":"Chosen and Byrds","floor":31,"turns":4},{"damage":9,"enemies":"conspire:MysteriousRune","floor":33,"turns":6},{"damage":11,"enemies":"3 Darklings","floor":35,"turns":5},{"damage":24,"enemies":"Orb Walker","floor":36,"turns":3},{"damage":25,"enemies":"Jaw Worm Horde","floor":38,"turns":4},{"damage":0,"enemies":"Reptomancer","floor":40,"turns":5},{"damage":0,"enemies":"Maw","floor":44,"turns":5},{"damage":16,"enemies":"3 Darklings","floor":45,"turns":3},{"damage":0,"enemies":"Sphere and 2 Shapes","floor":46,"turns":3},{"damage":59,"enemies":"Donu and Deca","floor":50,"turns":5},{"damage":25,"enemies":"Shield and Spear","floor":54,"turns":4},{"damage":43,"enemies":"The Heart","floor":55,"turns":6}],"seed_played":"2220224362710111428","potions_obtained":[{"floor":2,"key":"Ancient Potion"},{"floor":4,"key":"blueLaboratory:LouseDecoction"},{"floor":16,"key":"blueLaboratory:FruitPunch"},{"floor":22,"key":"blueLaboratory:Moonshine"},{"floor":23,"key":"ColorlessPotion"},{"floor":24,"key":"blueLaboratory:BottleOfRum"},{"floor":31,"key":"blueLaboratory:RememoryPotion"},{"floor":35,"key":"blueLaboratory:HeartbeatPotion"},{"floor":38,"key":"PowerPotion"},{"floor":39,"key":"CunningPotion"},{"floor":39,"key":"ColorlessPotion"},{"floor":39,"key":"StSpp:InhibitionPotion"},{"floor":40,"key":"blueLaboratory:NullPotion"}],"is_trial":false,"path_per_floor":["M","M","?","M","?","R","E","?","T","M","R","$","R","M","R","B",null,"M","M","?","$","M","M","E","R","T","R","M","M","M","M","R","B",null,"M","M","$","M","?","E","R","$","T","M","M","M","?","?","R","B",null,"R","$","E","B"],"character_chosen":"THE_SILENT","items_purchased":["Infinite Blades","Slice","Accuracy","Backstab","Bag of Marbles","Accuracy","Deflect","Explosive Potion"],"campfire_rested":5,"item_purchase_floors":[0,12,21,21,37,37,42,53],"current_hp_per_floor":[67,56,56,51,51,51,32,31,31,25,46,46,67,65,65,19,72,60,42,42,42,32,30,19,41,41,41,38,30,5,3,25,16,74,63,39,39,14,14,14,36,36,36,38,22,22,66,66,66,7,66,66,66,41,0,0],"gold":43,"neow_bonus":"","is_daily":false,"chose_seed":false,"campfire_upgraded":4,"win_rate":0.0,"timestamp":1612744033,"path_taken":["M","M","?","M","?","R","E","?","T","M","R","$","R","M","R","BOSS","M","?","?","$","M","M","E","R","T","R","M","M","M","M","R","BOSS","M","M","$","M","?","E","R","?","T","?","M","M","?","?","R","BOSS","R","$","E","BOSS"],"items_purchased_type":["Card","Card","Card","Card","Relic","Card","Card","Potion"],"build_version":"2020-12-22","purchased_purges":0,"victory":false,"max_hp_per_floor":[72,72,72,72,72,72,72,72,72,72,72,72,72,72,72,72,72,72,74,74,74,74,74,74,74,74,74,74,74,74,74,74,74,74,74,74,74,74,74,74,74,74,74,76,76,76,66,66,66,66,66,66,66,66,66,66],"card_choices":[{"not_picked":["Dagger Throw","Predator"],"picked":"Sucker Punch","floor":1},{"not_picked":["Dash","Eviscerate"],"picked":"Slice","floor":2},{"not_picked":["Deadly Poison","StSpp:Dive"],"picked":"conspire:DoublingDagger","floor":4},{"not_picked":["StSpp:CorrosivePoison","Bane"],"picked":"Poisoned Stab","floor":7},{"not_picked":["Quick Slash","StSpp:Throw"],"picked":"conspire:DoublingDagger","floor":8},{"not_picked":["StSpp:PoisonousPunch","Blur"],"picked":"Dagger Spray","floor":10},{"not_picked":["Underhanded Strike","StSpp:AbandonFlesh"],"picked":"Caltrops","floor":14},{"not_picked":["Doppelganger","Burst"],"picked":"After Image","floor":16},{"not_picked":["Dodge and Roll","Backflip"],"picked":"Poisoned Stab","floor":18},{"not_picked":["Finisher","StSpp:SpareBlade"],"picked":"Dagger Spray","floor":19},{"not_picked":["StSpp:Dive","Heel Hook"],"picked":"Prepared","floor":22},{"not_picked":["Dagger Throw","Underhanded Strike"],"picked":"StSpp:PoisonousPunch","floor":23},{"not_picked":["Acrobatics","Slice"],"picked":"Night Terror","floor":24},{"not_picked":["Dagger Spray","Bane","Dodge and Roll"],"picked":"StSpp:PoisonousPunch","floor":28},{"not_picked":["Underhanded Strike","Dash","Acrobatics"],"picked":"StSpp:PoisonousPunch","floor":29},{"not_picked":["Terror","Riddle With Holes","Concentrate"],"picked":"Bane","floor":30},{"not_picked":["PiercingWail","Tactician","Choke"],"picked":"StSpp:ChainedTrap+1","floor":31},{"not_picked":["Burst","Phantasmal Killer","Doppelganger"],"picked":"Venomology","floor":33},{"not_picked":["Bane","Terror","Quick Slash"],"picked":"Sucker Punch+1","floor":35},{"not_picked":["Dash","Cloak And Dagger+1","Quick Slash"],"picked":"Footwork","floor":36},{"not_picked":["Deadly Poison","StSpp:PoisonousPunch+1","Underhanded Strike+1"],"picked":"Infinite Blades+1","floor":38},{"not_picked":["Dagger Throw+1","StSpp:Anticipation+1","Dagger Spray"],"picked":"A Thousand Cuts","floor":40},{"not_picked":["Backflip+1","Prepared+1","StSpp:Dive"],"picked":"Outmaneuver+1","floor":44},{"not_picked":["Deflect","Quick Slash","Outmaneuver"],"picked":"Poisoned Stab","floor":45},{"not_picked":["Leg Sweep+1","Backstab","Footwork"],"picked":"Corpse Explosion","floor":46},{"not_picked":["Cloak And Dagger","Well Laid Plans","Predator+1"],"picked":"Eviscerate+1","floor":54}],"player_experience":501380,"relics_obtained":[{"floor":7,"key":"Potion Belt"},{"floor":8,"key":"Bottled Tornado"},{"floor":24,"key":"Question Card"},{"floor":26,"key":"Unceasing Top"},{"floor":40,"key":"Letter Opener"},{"floor":43,"key":"Nunchaku"},{"floor":54,"key":"Orichalcum"}],"event_choices":[{"damage_healed":0,"gold_gain":0,"player_choice":"Leave","damage_taken":0,"max_hp_gain":0,"max_hp_loss":0,"event_name":"conspire:Investor","floor":3,"gold_loss":0},{"cards_removed":["Caltrops"],"damage_healed":0,"gold_gain":0,"player_choice":"Give","damage_taken":0,"max_hp_gain":0,"max_hp_loss":0,"event_name":"betterNote:BetterNote","floor":20,"gold_loss":0,"cards_obtained":["DDmod:RechargeSkill"]},{"damage_healed":0,"gold_gain":0,"player_choice":"Got Potions","damage_taken":0,"max_hp_gain":0,"max_hp_loss":0,"event_name":"Lab","floor":39,"gold_loss":0},{"damage_healed":66,"gold_gain":0,"player_choice":"Heal","damage_taken":0,"max_hp_gain":0,"max_hp_loss":10,"event_name":"The Moai Head","floor":47,"gold_loss":0}],"is_beta":false,"boss_relics":[{"not_picked":["energizedSpire:HugeHouse","conspire:SeveredTorchhead"],"picked":"energizedSpire:HighHeels"},{"not_picked":["Runic Dome","HoveringKite"],"picked":"energizedSpire:StickyHand"}],"items_purged_floors":[],"is_endless":false,"potions_floor_spawned":[2,4,16,22,23,24,28,31,35,38,40],"killed_by":"The Heart","ascension_level":0}}