{"host":"8a3jzv7qxg3y7b6t","time":1612808617,"event":{"mods":["BaseMod","Better Third Choice","Downfall","Hermit","Minty Spire (QoL Compilation)","Relic Stats","StSLib","The Bug Knight","The Cursed"],"gold_per_floor":[116,130,55,55,55,55,89,107,134,170,193,193,193],"floor_reached":12,"language":"ENG","playtime":395,"items_purged":[],"score":136,"play_id":"cfa80770-1258-4f83-ab58-290275d16433","local_time":"20210208102337","is_ascension_mode":true,"campfire_choices":[{"floor":6,"key":"RECALL"}],"circlet_count":0,"master_deck":["Strike_G","Strike_G","Strike_G","Strike_G","Strike_G","Defend_G","Defend_G","Defend_G","Defend_G","Defend_G","Survivor","Neutralize","Caltrops","Poisoned Stab","Footwork","Regret","Injury","Dodge and Roll","Dagger Spray","Dodge and Roll","Bane","Blade Dance","Deadly Poison"],"relics":["Ring of the Snake","NeowsBlessing","Snake Skull","Golden Idol","Prayer Wheel","StrikeDummy"],"acts_visited":["Exordium"],"potions_floor_usage":[10],"damage_taken":[{"damage":0,"enemies":"Jaw Worm","floor":1,"turns":1},{"damage":0,"enemies":"2 Louse","floor":2,"turns":1},{"damage":0,"enemies":"Gremlin Nob","floor":7,"turns":1},{"damage":2,"enemies":"Small Slimes","floor":8,"turns":5},{"damage":30,"enemies":"Lagavulin","floor":10,"turns":9},{"damage":14,"enemies":"Exordium Wildlife","floor":11,"turns":4},{"damage":22,"enemies":"3 Sentries","floor":12,"turns":4}],"seed_played":"-583843053444252439","potions_obtained":[{"floor":8,"key":"Ancient Potion"},{"floor":11,"key":"GamblersBrew"}],"is_trial":false,"path_per_floor":["M","M","$","?","?","R","E","M","T","E","M","E"],"character_chosen":"THE_SILENT","items_purchased":["Footwork"],"campfire_rested":0,"item_purchase_floors":[3],"current_hp_per_floor":[70,70,70,70,70,70,70,68,68,38,24,2,2],"gold":193,"neow_bonus":"THREE_ENEMY_KILL","is_daily":false,"chose_seed":false,"campfire_upgraded":0,"win_rate":0.0,"timestamp":1612808617,"path_taken":["M","M","$","?","?","R","E","M","T","E","M","E"],"items_purchased_type":["Card"],"build_version":"2020-12-22","purchased_purges":0,"victory":false,"max_hp_per_floor":[70,70,70,70,70,70,70,70,70,70,70,70,70],"relic_stats":{"counters":[7,25],"Golden Idol":23,"Prayer Wheel":2,"Snake Skull":[9],"obtain_stats":[{"NeowsBlessing":0,"Golden Idol":5,"Prayer Wheel":7,"Snake Skull":4,"StrikeDummy":10,"Ring of the Snake":0},{"NeowsBlessing":0,"Golden Idol":2,"Prayer Wheel":3,"Snake Skull":2,"StrikeDummy":5,"Ring of the Snake":0},{"NeowsBlessing":0,"Golden Idol":2,"Prayer Wheel":3,"Snake Skull":2,"StrikeDummy":17,"Ring of the Snake":0}],"Ring of the Snake":[14]},"card_choices":[{"not_picked":["Bane","Dodge and Roll"],"picked":"Caltrops","floor":1},{"not_picked":["Sucker Punch","Quick Slash"],"picked":"Poisoned Stab","floor":2},{"not_picked":["Underhanded Strike","Predator"],"picked":"Dodge and Roll","floor":7},{"not_picked":["Dodge and Roll","Flying Knee"],"picked":"Dagger Spray","floor":8},{"not_picked":["Underhanded Strike","Choke"],"picked":"Dodge and Roll","floor":8},{"not_picked":["Calculated Gamble","Skewer"],"picked":"Bane","floor":10},{"not_picked":["Calculated Gamble","Unload"],"picked":"Blade Dance","floor":11},{"not_picked":["Prepared","Backflip"],"picked":"Deadly Poison","floor":11}],"player_experience":673072,"relics_obtained":[{"floor":7,"key":"Prayer Wheel"},{"floor":10,"key":"StrikeDummy"}],"event_choices":[{"damage_healed":0,"gold_gain":0,"player_choice":"Box","damage_taken":0,"relics_obtained":["Snake Skull"],"max_hp_gain":0,"max_hp_loss":0,"event_name":"Big Fish","floor":4,"gold_loss":0,"cards_obtained":["Regret"]},{"damage_healed":0,"gold_gain":0,"player_choice":"Take Wound","damage_taken":0,"relics_obtained":["Golden Idol"],"max_hp_gain":0,"max_hp_loss":0,"event_name":"Golden Idol","floor":5,"gold_loss":0,"cards_obtained":["Injury"]}],"is_beta":false,"boss_relics":[],"items_purged_floors":[],"is_endless":false,"potions_floor_spawned":[8,11],"killed_by":"3 Sentries","ascension_level":4}}