{"host":"2r70pi9mmcwi9gz4","time":1612806064,"event":{"mods":["AchievementEnabler","BaseMod","Colored Map","Colored Powertips","Minty Spire (QoL Compilation)","Permanent Neow","Quick Restart","StSLib"],"gold_per_floor":[109,124,124,141,66,97,97,114,138,138,165,176,176,176,176,306,306,319,319,342,355,378,378,293,313,313,313,328,78,96,121,121,249,249,264,1263,1321,1321,637,637,637,637,637,81,81,122,137,171,171,171],"floor_reached":51,"language":"ENG","playtime":2573,"items_purged":["Strike_R","Injury","Normality","Normality"],"score":790,"play_id":"c8ed603e-1caf-4d6a-a648-2ae846657518","local_time":"20210208194104","is_ascension_mode":false,"campfire_choices":[{"floor":7.0,"key":"REST"},{"floor":10.0,"key":"REST"},{"floor":15.0,"key":"REST"},{"floor":23.0,"key":"REST"},{"floor":32.0,"key":"REST"},{"data":"1","floor":40.0,"key":"LIFT"},{"data":"2","floor":45.0,"key":"LIFT"},{"data":"3","floor":49.0,"key":"LIFT"}],"circlet_count":0,"master_deck":["Strike_R+1","Strike_R+1","Strike_R+1","Strike_R+1","Defend_R+1","Defend_R+1","Defend_R+1","Defend_R+1","Bash","Shrug It Off","Battle Trance","Shrug It Off","Pommel Strike+1","Shrug It Off","Double Tap","Rampage","Iron Wave+1","Flex+1","Twin Strike","Parasite","Necronomicurse","Uppercut","Anger","Clothesline","Uppercut","Writhe","Madness+1","Clumsy","Rampage","Cleave+1"],"relics":["Burning Blood","Happy Flower","FaceOfCleric","Oddly Smooth Stone","Boot","Bronze Scales","Golden Idol","Cursed Key","Girya","Matryoshka","Necronomicon","Red Skull","Fusion Hammer","Charon\u0027s Ashes","Toxic Egg 2","Blood Vial","Sling","Centennial Puzzle","DollysMirror","Mummified Hand","Lantern","Juzu Bracelet"],"acts_visited":["Exordium","TheCity","TheBeyond"],"potions_floor_usage":[50],"damage_taken":[{"damage":0.0,"enemies":"Small Slimes","floor":1.0,"turns":3.0},{"damage":1.0,"enemies":"Cultist","floor":2.0,"turns":4.0},{"damage":1.0,"enemies":"Jaw Worm","floor":4.0,"turns":4.0},{"damage":70.0,"enemies":"Gremlin Nob","floor":6.0,"turns":6.0},{"damage":0.0,"enemies":"2 Fungi Beasts","floor":8.0,"turns":5.0},{"damage":10.0,"enemies":"3 Sentries","floor":11.0,"turns":9.0},{"damage":22.0,"enemies":"Large Slime","floor":12.0,"turns":8.0},{"damage":60.0,"enemies":"Hexaghost","floor":16.0,"turns":11.0},{"damage":22.0,"enemies":"2 Thieves","floor":18.0,"turns":4.0},{"damage":6.0,"enemies":"Shell Parasite","floor":20.0,"turns":4.0},{"damage":16.0,"enemies":"Centurion and Healer","floor":21.0,"turns":6.0},{"damage":0.0,"enemies":"Snecko","floor":22.0,"turns":4.0},{"damage":7.0,"enemies":"3 Cultists","floor":25.0,"turns":5.0},{"damage":4.0,"enemies":"Centurion and Healer","floor":28.0,"turns":5.0},{"damage":8.0,"enemies":"Snecko","floor":30.0,"turns":3.0},{"damage":21.0,"enemies":"Snake Plant","floor":31.0,"turns":3.0},{"damage":72.0,"enemies":"Collector","floor":33.0,"turns":6.0},{"damage":12.0,"enemies":"Orb Walker","floor":35.0,"turns":2.0},{"damage":33.0,"enemies":"2 Orb Walkers","floor":37.0,"turns":4.0},{"damage":0.0,"enemies":"Nemesis","floor":46.0,"turns":3.0},{"damage":9.0,"enemies":"3 Shapes","floor":47.0,"turns":2.0},{"damage":9.0,"enemies":"Giant Head","floor":48.0,"turns":6.0},{"damage":91,"enemies":"Time Eater","floor":50,"turns":9}],"seed_played":"-8861342169048104296","potions_obtained":[{"floor":1.0,"key":"SpeedPotion"},{"floor":4.0,"key":"FearPotion"},{"floor":11.0,"key":"SpeedPotion"},{"floor":18.0,"key":"FearPotion"},{"floor":21.0,"key":"Dexterity Potion"},{"floor":35.0,"key":"Energy Potion"},{"floor":47.0,"key":"BlessingOfTheForge"}],"is_trial":false,"path_per_floor":["M","M","?","M","$","E","R","M","T","R","E","M","?","?","R","B",null,"M","?","M","M","M","R","?","M","T","?","M","$","M","M","R","B",null,"M","?","?","?","$","R","?","?","T","$","R","E","M","E","R","B",null],"character_chosen":"IRONCLAD","items_purchased":["Red Skull","Toxic Egg 2","Blood Vial","Sling","DollysMirror","Mummified Hand"],"campfire_rested":5,"item_purchase_floors":[29,39,39,39,44,44],"current_hp_per_floor":[80,80,80,81,81,18,42,49,49,73,70,55,55,55,80,27,86,71,71,72,63,70,90,90,90,90,74,77,77,76,62,90,25,95,90,90,64,88,88,88,88,88,88,88,88,97,96,96,96,14],"gold":171,"neow_bonus":"RANDOM_COMMON_RELIC","is_daily":false,"chose_seed":false,"campfire_upgraded":0,"win_rate":0.0,"timestamp":1612806064,"path_taken":["M","M","?","M","$","E","R","M","T","R","E","?","?","?","R","BOSS","M","?","M","M","M","R","?","M","T","?","?","$","M","M","R","BOSS","M","?","?","?","$","R","?","?","T","$","R","E","M","E","R","BOSS"],"items_purchased_type":["Relic","Relic","Relic","Relic","Relic","Relic"],"build_version":"2020-12-22","purchased_purges":4,"victory":true,"max_hp_per_floor":[80,80,80,81,81,82,82,83,83,83,84,85,85,85,85,86,86,87,87,88,89,90,90,90,91,91,91,92,92,93,94,94,95,95,96,96,97,97,97,97,97,97,97,97,97,98,99,100,100,101],"card_choices":[{"not_picked":["Whirlwind","Inflame","Armaments"],"picked":"SKIP","floor":1.0},{"not_picked":["Carnage","Perfected Strike"],"picked":"Shrug It Off","floor":2.0},{"not_picked":["Spot Weakness","Perfected Strike"],"picked":"Battle Trance","floor":4.0},{"not_picked":["Heavy Blade","Flex"],"picked":"Shrug It Off","floor":6.0},{"not_picked":["Perfected Strike","Clash"],"picked":"Hemokinesis","floor":8.0},{"not_picked":["Entrench","Spot Weakness"],"picked":"Pommel Strike","floor":11.0},{"not_picked":["Impervious","Cleave"],"picked":"Shrug It Off","floor":12.0},{"not_picked":["Impervious","Juggernaut"],"picked":"Double Tap","floor":16.0},{"not_picked":["Pommel Strike+1","True Grit"],"picked":"Rampage","floor":18.0},{"not_picked":["Power Through","Metallicize+1"],"picked":"Iron Wave+1","floor":20.0},{"not_picked":["Headbutt","Combust"],"picked":"Flex+1","floor":21.0},{"not_picked":["Body Slam","Headbutt","Perfected Strike"],"picked":"SKIP","floor":22.0},{"not_picked":["Warcry+1","Clash"],"picked":"Twin Strike","floor":25.0},{"not_picked":["Offering","Clothesline"],"picked":"Uppercut","floor":28.0},{"not_picked":["Intimidate","Iron Wave","Sword Boomerang"],"picked":"SKIP","floor":30.0},{"not_picked":["Cleave","Warcry+1"],"picked":"Anger","floor":31.0},{"not_picked":["Flex+1","Sever Soul"],"picked":"Clothesline","floor":35.0},{"not_picked":["Sever Soul+1","Twin Strike"],"picked":"Uppercut","floor":37.0},{"not_picked":["Purity+1","Panache"],"picked":"Madness+1","floor":42.0},{"not_picked":["Whirlwind","Flex+1"],"picked":"Cleave+1","floor":46.0},{"not_picked":["Heavy Blade","Reckless Charge","Second Wind+1"],"picked":"SKIP","floor":47.0},{"not_picked":["Clash","Iron Wave+1","Headbutt+1"],"picked":"SKIP","floor":48.0}],"player_experience":27209,"relics_obtained":[{"floor":6.0,"key":"Oddly Smooth Stone"},{"floor":9.0,"key":"Boot"},{"floor":11.0,"key":"Bronze Scales"},{"floor":26.0,"key":"Matryoshka"},{"floor":27.0,"key":"Necronomicon"},{"floor":37.0,"key":"Charon\u0027s Ashes"},{"floor":43.0,"key":"Centennial Puzzle"},{"floor":46.0,"key":"Lantern"},{"floor":48.0,"key":"Juzu Bracelet"}],"event_choices":[{"damage_healed":0.0,"max_hp_gain":0.0,"max_hp_loss":0.0,"gold_gain":0.0,"event_name":"FaceTrader","player_choice":"Trade","floor":3.0,"gold_loss":0.0,"damage_taken":0.0,"relics_obtained":["FaceOfCleric"]},{"damage_healed":0.0,"max_hp_gain":0.0,"max_hp_loss":0.0,"gold_gain":0.0,"event_name":"Living Wall","player_choice":"Grow","floor":13.0,"gold_loss":0.0,"damage_taken":0.0,"cards_upgraded":["Pommel Strike"]},{"damage_healed":0.0,"max_hp_gain":0.0,"max_hp_loss":0.0,"gold_gain":0.0,"event_name":"Golden Idol","player_choice":"Take Wound","floor":14.0,"gold_loss":0.0,"damage_taken":0.0,"relics_obtained":["Golden Idol"],"cards_obtained":["Injury"]},{"damage_healed":0.0,"max_hp_gain":0.0,"max_hp_loss":0.0,"gold_gain":0.0,"event_name":"Back to Basics","player_choice":"Simplicity","floor":19.0,"gold_loss":0.0,"damage_taken":0.0,"cards_upgraded":["Strike_R","Strike_R","Strike_R","Strike_R","Defend_R","Defend_R","Defend_R","Defend_R"]},{"damage_healed":0.0,"max_hp_gain":0.0,"max_hp_loss":0.0,"gold_gain":0.0,"event_name":"Addict","player_choice":"Obtained Relic","floor":24.0,"gold_loss":85.0,"damage_taken":0.0,"relics_obtained":["Girya"]},{"damage_healed":0.0,"max_hp_gain":0.0,"max_hp_loss":0.0,"gold_gain":0.0,"event_name":"Cursed Tome","player_choice":"Obtained Book","floor":27.0,"gold_loss":0.0,"damage_taken":16.0},{"damage_healed":0.0,"max_hp_gain":0.0,"max_hp_loss":0.0,"gold_gain":999.0,"event_name":"MindBloom","player_choice":"Gold","floor":36.0,"gold_loss":0.0,"damage_taken":0.0,"cards_obtained":["Normality","Normality"]},{"damage_healed":0.0,"max_hp_gain":0.0,"max_hp_loss":0.0,"gold_gain":0.0,"event_name":"Mysterious Sphere","player_choice":"Fight","floor":37.0,"gold_loss":0.0,"damage_taken":0.0},{"damage_healed":24.0,"max_hp_gain":0.0,"max_hp_loss":0.0,"gold_gain":0.0,"event_name":"Winding Halls","player_choice":"Writhe","floor":38.0,"gold_loss":0.0,"damage_taken":0.0,"cards_obtained":["Writhe"]},{"cards_removed":["Hemokinesis"],"damage_healed":0.0,"max_hp_gain":0.0,"max_hp_loss":0.0,"gold_gain":0.0,"event_name":"Falling","player_choice":"Removed Attack","floor":41.0,"gold_loss":0.0,"damage_taken":0.0},{"damage_healed":0.0,"max_hp_gain":0.0,"max_hp_loss":0.0,"gold_gain":0.0,"event_name":"SensoryStone","player_choice":"Memory 1","floor":42.0,"gold_loss":0.0,"damage_taken":0.0}],"is_beta":false,"boss_relics":[{"not_picked":["Calling Bell","Runic Cube"],"picked":"Cursed Key"},{"not_picked":["Astrolabe","Runic Dome"],"picked":"Fusion Hammer"}],"items_purged_floors":[5,29,39,44],"is_endless":false,"potions_floor_spawned":[1,4,11,18,21,25,30,35,47,48],"ascension_level":0}}