{"host":"s24sb66hw4a4sfft","time":1612751614,"event":{"mods":["AchievementEnabler","BaseMod","Colored Map","Colored Powertips","Googly Eyes","Hermit","Hubris","Minty Spire (QoL Compilation)","Quick Restart","Shop Mod","StSLib"],"gold_per_floor":[111,111,30,30,30,30,56,56,56,17,32,32,57,67,67,141,141,161,5,5,40,40,40,40],"floor_reached":23,"language":"ENG","playtime":497,"items_purged":[],"score":360,"play_id":"9dc93f8f-cc35-4b1d-854a-b33518f3797d","local_time":"20210207213334","is_ascension_mode":true,"campfire_choices":[{"data":"Accuracy","floor":6.0,"key":"SMITH"},{"data":"1","floor":8.0,"key":"LIFT"},{"data":"2","floor":15.0,"key":"LIFT"}],"circlet_count":0,"master_deck":["AscendersBane","Strike_G","Strike_G","Strike_G","Strike_G","Defend_G","Defend_G","Defend_G","Defend_G","Defend_G","Survivor","Neutralize","Cloak And Dagger+1","Accuracy+1","Infinite Blades","Dagger Spray","Outmaneuver","Blade Dance","Corpse Explosion","Accuracy+1","Shame"],"relics":["Ring of the Snake","NeowsBlessing","Ornamental Fan","Girya","Snake Skull","hubris:GlazedTorus","HoveringKite","Tiny Chest","hubris:AncientText","Red Mask"],"acts_visited":["Exordium","TheCity"],"potions_floor_usage":[],"damage_taken":[{"damage":0.0,"enemies":"Cultist","floor":1.0,"turns":1.0},{"damage":0.0,"enemies":"3 Sentries","floor":7.0,"turns":1.0},{"damage":0.0,"enemies":"Jaw Worm","floor":11.0,"turns":1.0},{"damage":17.0,"enemies":"Lagavulin","floor":13.0,"turns":5.0},{"damage":0.0,"enemies":"Small Slimes","floor":14.0,"turns":2.0},{"damage":4.0,"enemies":"Hexaghost","floor":16.0,"turns":7.0},{"damage":26.0,"enemies":"2 Thieves","floor":18.0,"turns":3.0},{"damage":16.0,"enemies":"Masked Bandits","floor":21.0,"turns":3.0},{"damage":17,"enemies":"Slavers","floor":23,"turns":2}],"seed_played":"6734323852621976442","potions_obtained":[{"floor":13.0,"key":"FairyPotion"},{"floor":14.0,"key":"ColorlessPotion"},{"floor":16.0,"key":"LiquidMemories"}],"is_trial":false,"path_per_floor":["M","?","$","T","T","R","E","R","T","$","M","?","E","M","R","B",null,"M","$","?","?","$","E"],"character_chosen":"THE_SILENT","items_purchased":["Accuracy","Infinite Blades","Tiny Chest"],"campfire_rested":0,"item_purchase_floors":[3,10,19],"current_hp_per_floor":[63,63,63,63,63,63,63,63,63,63,63,63,46,46,46,42,63,37,37,37,21,21,4,4],"gold":40,"neow_bonus":"THREE_ENEMY_KILL","is_daily":false,"chose_seed":false,"campfire_upgraded":1,"win_rate":0.0,"timestamp":1612751614,"path_taken":["M","?","$","?","?","R","E","R","T","?","M","?","E","?","R","BOSS","M","$","?","?","?","E"],"items_purchased_type":["Card","Card","Relic"],"build_version":"2020-12-22","purchased_purges":0,"victory":false,"max_hp_per_floor":[70,70,70,70,70,70,70,70,70,70,70,70,70,70,70,70,70,70,70,70,70,70,70,70],"card_choices":[{"not_picked":["Backflip","Deflect"],"picked":"Cloak And Dagger","floor":1.0},{"not_picked":["Dagger Throw","Bane","Reflex"],"picked":"SKIP","floor":7.0},{"not_picked":["Prepared","Footwork"],"picked":"Dagger Spray","floor":11.0},{"not_picked":["Quick Slash","Slice"],"picked":"Blade Dance","floor":13.0},{"not_picked":["Blur","hubris:TrickCloak","Acrobatics"],"picked":"SKIP","floor":14.0},{"not_picked":["Storm of Steel","Grand Finale"],"picked":"Corpse Explosion","floor":16.0},{"not_picked":["Distraction","Concentrate"],"picked":"Accuracy+1","floor":18.0}],"player_experience":587746,"relics_obtained":[{"floor":4.0,"key":"Ornamental Fan"},{"floor":7.0,"key":"Girya"},{"floor":9.0,"key":"Snake Skull"},{"floor":13.0,"key":"hubris:GlazedTorus"},{"floor":21.0,"key":"Red Mask"}],"event_choices":[{"damage_healed":0.0,"max_hp_gain":0.0,"max_hp_loss":0.0,"gold_gain":0.0,"event_name":"Upgrade Shrine","player_choice":"Upgraded","floor":2.0,"gold_loss":0.0,"damage_taken":0.0,"cards_upgraded":["Cloak And Dagger"]},{"damage_healed":0.0,"max_hp_gain":0.0,"max_hp_loss":0.0,"gold_gain":0.0,"cards_transformed":["Strike_G"],"event_name":"Transmorgrifier","player_choice":"Transformed","floor":12.0,"gold_loss":0.0,"damage_taken":0.0,"cards_obtained":["Outmaneuver"]},{"damage_healed":0.0,"max_hp_gain":0.0,"max_hp_loss":0.0,"gold_gain":0.0,"event_name":"Addict","player_choice":"Stole Relic","floor":20.0,"gold_loss":0.0,"damage_taken":0.0,"relics_obtained":["hubris:AncientText"],"cards_obtained":["Shame"]},{"damage_healed":0.0,"max_hp_gain":0.0,"max_hp_loss":0.0,"gold_gain":0.0,"event_name":"Masked Bandits","player_choice":"Fought Bandits","floor":21.0,"gold_loss":0.0,"damage_taken":0.0}],"is_beta":false,"boss_relics":[{"not_picked":["hubris:CrackedHourglass","Tiny House"],"picked":"HoveringKite"}],"items_purged_floors":[],"is_endless":false,"potions_floor_spawned":[13,14,16],"killed_by":"Slavers","ascension_level":13}}