{"host":"1445u9fdo06cpl2a","time":1612814326,"event":{"mods":["AchievementEnabler","Aspiration","Astrologer","Bard","BaseMod","Better Skull","BetterRewards","Colored Map","Colored Powertips","Conspire","Curses Come First","DeckTracker","Duelist Mod","GifTheSpireLib","GungeonMod","Halation","Hermit","Highlight Path","Hubris","Infinite Spire","Minty Spire (QoL Compilation)","Permanent Neow","Random Character Button","Rare Cards Sparkle","Replay The Spire","Shop Mod","Spire Arcade","StSLib","Stuff the Spire","Td1madao Mod","The Blackbeard","The Bladedancer","The Construct","The Cursed","The Forsaken","The Gatherer","The Hierophant","The Marked","The Mystic","The Necromancer","The Poker Player","The Runesmith","The Saiyan"],"gold_per_floor":[114,114,114,132,147,165,229,264,264,189,189,246,246,261,261,362,362,374,374,299,310,310,345,345,355,355,365,393,411,411,441,441,546,546,565,565,419,442,442,442,473,473,473,523,533,565,43,63,63,160,160,165,165,15,20,20,20,18,14,14,19,31,31,31,29,29,102,102,80,78,78,66,50,31,31,31,110,110,110,97,77,77,77,130,130,121,123,123,125,122,122,115,115,115,110,104,104,104,104,104,129,129,129,60,56,100],"floor_reached":107,"language":"ENG","playtime":15491,"items_purged":["Regret","blademaster:Strike","blademaster:Strike","blademaster:Defend"],"score":4011,"play_id":"1c8fd1ee-7021-4fb2-af0d-bbca1e4e9ab3","local_time":"20210208195846","is_ascension_mode":false,"campfire_choices":[{"floor":11.0,"key":"REST"},{"data":"blademaster:Sharpen","floor":13.0,"key":"SMITH"},{"floor":15.0,"key":"REST"},{"data":"blademaster:Bloodbath","floor":24.0,"key":"SMITH"},{"floor":30.0,"key":"REST"},{"data":"blademaster:CombatPrep","floor":32.0,"key":"SMITH"},{"data":"blademaster:HighVoltage","floor":40.0,"key":"SMITH"},{"data":"blademaster:HighVoltage","floor":42.0,"key":"SMITH"},{"data":"infinitespire:Fortify","floor":49.0,"key":"SMITH"},{"data":"blademaster:Empower","floor":57,"key":"SMITH"},{"data":"blademaster:Bloodbath","floor":64,"key":"SMITH"},{"data":"blademaster:Safeguard","floor":66,"key":"SMITH"},{"data":"infinitespire:Menacing","floor":76,"key":"SMITH"},{"data":"blademaster:ColdBlood","floor":79,"key":"SMITH"},{"data":"blademaster:ColdBlood","floor":83,"key":"SMITH"},{"data":"blademaster:Overcharge","floor":91,"key":"SMITH"},{"data":"infinitespire:TheBestDefense","floor":93,"key":"SMITH"},{"data":"Mind Blast","floor":97,"key":"SMITH"},{"data":"StuffTheSpire:PlasmaPulse","floor":100,"key":"SMITH"},{"data":"blademaster:EnchantedCuirass","floor":103,"key":"SMITH"}],"circlet_count":0,"master_deck":["blademaster:Defend","blademaster:Defend","blademaster:RagingBlow","blademaster:HighVoltage+1","blademaster:FuriousStrike+1","blademaster:Bloodbath+1","blademaster:AspectOfWind","blademaster:Sharpen+1","blademaster:Safeguard+1","blademaster:LeechingStrike","blademaster:CombatPrep+1","blademaster:HighVoltage+1","blademaster:Frontflip","blademaster:Stability+1","blademaster:DaggerAndCloak+1","blademaster:Discharge","blademaster:AwakeningDefend+1","blademaster:Blindside","blademaster:AirSlash+1","blademaster:IcyWind","blademaster:Bloodbath+1","infinitespire:Fortify+1","blademaster:DaggerAndCloak+1","blademaster:Empower+1","blademaster:Bloodbath+1","infinitespire:Menacing+1","blademaster:ColdBlood+1","blademaster:Thrust+1","blademaster:Overcharge+1","blademaster:ColdBlood+1","blademaster:CombatPrep+1","infinitespire:TheBestDefense+1","StuffTheSpire:PlasmaPulse+1","Thinking Ahead+1","Mind Blast+1","hubris:Rewind","blademaster:SharpBlades+1","blademaster:EnchantedCuirass+1","blademaster:Bloodbath"],"relics":["blademaster:DancersAmulet","Centennial Puzzle","StuffTheSpire:Wildfire","DemoMod:MeltedRock","halation:Toothbrush","conspire:DeflatedDodgeball","hubris:Stopwatch","DemoMod:RingOfEthereal","StuffTheSpire:RubySignet","HornCleat","FossilizedHelix","aspiration:SecretTechniqueScroll","Blood Vial","Ring of Fangs","Toy Ornithopter","DemoMod:Metronome","hubris:Potato","DemoMod:GlassGuonStoneRelic","hubris:PeanutButter","Onion Ring","Whetstone","hubris:RunicObelisk","StuffTheSpire:SapphireSignet","StuffTheSpire:Barrel","Replay:Rubber Ducky","hubris:TenFootPole","conspire:RunicOctahedron","Juzu Bracelet","ReplayTheSpireMod:TigerMarble","infinitespire:Midas Blood","Dream Catcher","infinitespire:EvilPickle","construct:WeddingRing","conspire:TopHat","halation:BottledLove","hubris:Icosahedron","Painkiller Herb","Runesmith:Nanobots"],"acts_visited":["Exordium","TheCity","TheBeyond","Exordium","TheCity","TheBeyond","TheEnding"],"potions_floor_usage":[86],"damage_taken":[{"damage":3.0,"enemies":"Cultist","floor":1.0,"turns":3.0},{"damage":8.0,"enemies":"2 Louse","floor":4.0,"turns":6.0},{"damage":3.0,"enemies":"conspire:RoseBush","floor":5.0,"turns":4.0},{"damage":8.0,"enemies":"2 Fungi Beasts","floor":6.0,"turns":5.0},{"damage":29.0,"enemies":"3 Sentries","floor":7.0,"turns":9.0},{"damage":4.0,"enemies":"Replay:BlueRogue","floor":8.0,"turns":6.0},{"damage":8.0,"enemies":"Large Slime","floor":14.0,"turns":4.0},{"damage":15.0,"enemies":"Slime Boss","floor":16.0,"turns":6.0},{"damage":11.0,"enemies":"2 Thieves","floor":18.0,"turns":3.0},{"damage":26.0,"enemies":"Chosen","floor":21.0,"turns":6.0},{"damage":5.0,"enemies":"Nightmare","floor":23.0,"turns":8.0},{"damage":11.0,"enemies":"Sentry and Sphere","floor":25.0,"turns":6.0},{"damage":12.0,"enemies":"Snake Plant","floor":27.0,"turns":7.0},{"damage":0.0,"enemies":"theDuelist:KaibaA2","floor":28.0,"turns":5.0},{"damage":0.0,"enemies":"Centurion and Healer","floor":29.0,"turns":5.0},{"damage":6.0,"enemies":"Book of Stabbing","floor":31.0,"turns":5.0},{"damage":0.0,"enemies":"Collector","floor":33.0,"turns":9.0},{"damage":0.0,"enemies":"3 Shapes","floor":35.0,"turns":4.0},{"damage":0.0,"enemies":"R_Hoarder","floor":41.0,"turns":5.0},{"damage":0.0,"enemies":"Mind Bloom Boss Battle","floor":44.0,"turns":4.0},{"damage":6.0,"enemies":"3 Darklings","floor":45.0,"turns":4.0},{"damage":0.0,"enemies":"Nightmare","floor":46.0,"turns":5.0},{"damage":0.0,"enemies":"Jaw Worm Horde","floor":48.0,"turns":4.0},{"damage":0.0,"enemies":"Replay:Hell Engine","floor":50.0,"turns":8.0},{"damage":0,"enemies":"Jaw Worm","floor":52,"turns":2},{"damage":0,"enemies":"2 Louse","floor":55,"turns":1},{"damage":0,"enemies":"Cultist","floor":58,"turns":2},{"damage":0,"enemies":"Exordium Thugs","floor":59,"turns":2},{"damage":0,"enemies":"Large Slime","floor":61,"turns":3},{"damage":0,"enemies":"Nightmare","floor":62,"turns":4},{"damage":0,"enemies":"Replay:BlueRogue","floor":65,"turns":2},{"damage":0,"enemies":"The Guardian","floor":67,"turns":4},{"damage":0,"enemies":"conspire:FuzzyDice","floor":69,"turns":3},{"damage":0,"enemies":"3 Byrds","floor":70,"turns":1},{"damage":0,"enemies":"Snecko","floor":72,"turns":4},{"damage":0,"enemies":"3 Cultists","floor":73,"turns":3},{"damage":0,"enemies":"Nightmare","floor":74,"turns":5},{"damage":0,"enemies":"Snake Plant","floor":80,"turns":3},{"damage":0,"enemies":"Cultist and Chosen","floor":81,"turns":3},{"damage":0,"enemies":"Book of Stabbing","floor":82,"turns":3},{"damage":0,"enemies":"Pondfish","floor":84,"turns":4},{"damage":0,"enemies":"3 Shapes","floor":86,"turns":2},{"damage":0,"enemies":"Orb Walker","floor":90,"turns":2},{"damage":0,"enemies":"Nightmare","floor":92,"turns":5},{"damage":0,"enemies":"3 Darklings","floor":95,"turns":3},{"damage":0,"enemies":"Spire Growth","floor":96,"turns":3},{"damage":0,"enemies":"Awakened One","floor":101,"turns":7},{"damage":0,"enemies":"Shield and Spear","floor":105,"turns":3},{"damage":0,"enemies":"The Heart","floor":106,"turns":5}],"seed_played":"-2791751409804085093","potions_obtained":[{"floor":5.0,"key":"Cursed Concoction"},{"floor":6.0,"key":"Dexterity Potion"},{"floor":16.0,"key":"Venom Potion"},{"floor":25.0,"key":"SteroidPotion"},{"floor":29.0,"key":"AttackPotion"},{"floor":31.0,"key":"Block Potion"},{"floor":33.0,"key":"Elixir"},{"floor":41.0,"key":"Fire Potion"},{"floor":50.0,"key":"Death Potion"},{"floor":70,"key":"PowerPotion"},{"floor":80,"key":"AttackPotion"},{"floor":84,"key":"PowerPotion"},{"floor":86,"key":"SpeedPotion"}],"is_trial":false,"path_per_floor":["M","?","?","M","M","M","?","E","T","$","R","?","R","M","R","B",null,"M","?","?","M","?","NM","R","M","T","M","E","M","R","E","R","B",null,"M","?","$","T","?","R","E","R","T","?","M","NM","$","M","R","B",null,"M","?","$","M","T","R","M","M","T","M","NM","$","R","E","R","B",null,"M","M","?","M","M","NM","?","R","T","?","R","M","M","E","R","B",null,"M","?","$","?","M","R","NM","R","T","M","M","R","?","?","R","B",null,"T","T","E","B",null],"character_chosen":"THE_BLADEMASTER","items_purchased":["blademaster:AirSlash","Onion Ring","Whetstone","blademaster:Bloodbath"],"campfire_rested":3,"item_purchase_floors":[37,47,47,104],"current_hp_per_floor":[72,72,75,67,64,56,27,23,23,26,49,30,30,22,45,36,78,70,70,73,50,50,50,50,42,42,36,36,36,60,59,59,70,81,81,84,87,87,87,87,87,87,87,87,86,87,90,90,90,90,90,90,93,96,96,96,96,96,96,96,96,96,96,96,96,96,96,96,96,96,96,96,96,96,96,96,96,96,96,96,96,96,96,96,96,97,85,85,80,88,88,96,96,96,97,97,97,97,97,97,97,97,97,97,97,97],"gold":100,"neow_bonus":"RANDOM_EVENT","is_daily":false,"chose_seed":false,"campfire_upgraded":17,"win_rate":0.0,"timestamp":1612814326,"path_taken":["M","?","?","M","?","M","?","E","T","$","R","?","R","M","R","BOSS","M","?","?","M","?","NM","R","M","T","?","E","M","R","E","R","BOSS","M","?","$","?","?","R","E","R","T","?","M","NM","$","?","R","BOSS","M","?","?","?","?","R","M","M","T","M","NM","?","R","E","R","BOSS","M","M","?","M","M","NM","?","R","T","?","R","M","M","E","R","BOSS","M","?","$","?","M","R","NM","R","T","M","M","R","?","?","R","BOSS","T","T","E","BOSS"],"items_purchased_type":["Card","Relic","Relic","Card"],"build_version":"2020-12-22","purchased_purges":4,"victory":true,"max_hp_per_floor":[75,75,75,75,75,75,75,75,75,78,78,78,78,78,78,78,78,78,78,81,81,81,81,81,81,81,81,81,81,81,81,81,81,81,81,84,87,87,87,87,87,87,87,87,87,87,90,90,90,90,90,90,93,96,96,96,96,96,96,96,96,96,96,96,96,96,96,96,96,96,96,96,96,96,96,96,96,96,96,96,96,96,96,96,96,97,97,97,97,97,97,97,97,97,97,97,97,97,97,97,97,97,97,97,97,97],"card_choices":[{"not_picked":["blademaster:DancingEdge","blademaster:EyeOfTheStorm"],"picked":"blademaster:FuriousStrike","floor":1.0},{"not_picked":["blademaster:LeechingStrike","blademaster:AwakeningStrike"],"picked":"blademaster:Bloodbath","floor":4.0},{"not_picked":["blademaster:Quickstep","blademaster:Flurry"],"picked":"blademaster:AspectOfWind","floor":5.0},{"not_picked":["blademaster:UnrelentingWind","blademaster:ParryingStrike"],"picked":"blademaster:Sharpen","floor":6.0},{"not_picked":["blademaster:Havoc","blademaster:BloodyBlow"],"picked":"blademaster:Safeguard","floor":7.0},{"not_picked":["blademaster:Meditate","blademaster:AwakeningDefend"],"picked":"blademaster:LeechingStrike","floor":8.0},{"not_picked":["blademaster:AspectOfLightning","blademaster:FuriousStrike"],"picked":"blademaster:CombatPrep","floor":12.0},{"not_picked":["blademaster:Havoc","blademaster:EyeOfTheTornado","blademaster:BladeCross"],"picked":"SKIP","floor":14.0},{"not_picked":["blademaster:UnrelentingWind","blademaster:CloudOfSteel"],"picked":"blademaster:HighVoltage","floor":16.0},{"not_picked":["blademaster:BladeMastery","blademaster:SlyStabs"],"picked":"blademaster:Frontflip","floor":18.0},{"not_picked":["blademaster:AspectOfLightning","blademaster:Cut","blademaster:Rupture+1"],"picked":"SKIP","floor":21.0},{"not_picked":["blademaster:AwakeningDefend","blademaster:Flurry","blademaster:Sunder"],"picked":"SKIP","floor":23.0},{"not_picked":["blademaster:AwakeningDefend","blademaster:Flurry","blademaster:Sunder"],"picked":"SKIP","floor":23.0},{"not_picked":["blademaster:Stormstrike","blademaster:Momentum","blademaster:FuriousStrike"],"picked":"SKIP","floor":25.0},{"not_picked":["blademaster:Quickstep","blademaster:ThunderSlash+1"],"picked":"blademaster:Stability+1","floor":27.0},{"not_picked":["blademaster:Frontflip","blademaster:Stormstrike"],"picked":"blademaster:DaggerAndCloak+1","floor":28.0},{"not_picked":["blademaster:Vortex","blademaster:EyeOfTheStorm+1"],"picked":"blademaster:Discharge","floor":29.0},{"not_picked":["blademaster:CullingStrike","blademaster:ChargingUp"],"picked":"blademaster:AwakeningDefend+1","floor":31.0},{"not_picked":["blademaster:Flash","blademaster:CloudOfSteel"],"picked":"blademaster:Blindside","floor":33.0},{"not_picked":["blademaster:DragonStrike","blademaster:CullingStrike","blademaster:SlyStabs+1"],"picked":"SKIP","floor":35.0},{"not_picked":["blademaster:Stormstrike+1","blademaster:EyeOfTheStorm"],"picked":"blademaster:IcyWind","floor":41.0},{"not_picked":["blademaster:SlyStabs","blademaster:AncestralHealing+1"],"picked":"blademaster:Bloodbath+1","floor":44.0},{"not_picked":["blademaster:OneTrickPony","blademaster:BladeDance","blademaster:Meditate+1"],"picked":"SKIP","floor":45.0},{"not_picked":["infinitespire:DeathsTouch","ReplayTheSpireMod:Chaos Vortex"],"picked":"infinitespire:Fortify","floor":46.0},{"not_picked":["blademaster:AwakeningStrike+1","blademaster:IcyWind+1","blademaster:Frenzy+1"],"picked":"SKIP","floor":46.0},{"not_picked":["blademaster:LightningDraw","blademaster:ParryingStrike+1"],"picked":"blademaster:DaggerAndCloak+1","floor":48.0},{"not_picked":["blademaster:RagingBlow","blademaster:Flash"],"picked":"blademaster:Empower","floor":50.0},{"not_picked":["blademaster:Quickness","blademaster:IcyWind"],"picked":"blademaster:Bloodbath","floor":52},{"not_picked":["blademaster:TraverseCut","blademaster:BladeMastery","blademaster:WindSlash"],"picked":"SKIP","floor":55},{"not_picked":["blademaster:EyeOfTheTornado","blademaster:Slice","blademaster:BladeCross"],"picked":"SKIP","floor":58},{"not_picked":["blademaster:Havoc","blademaster:ThunderSlash","blademaster:KiBarrier"],"picked":"SKIP","floor":59},{"not_picked":["blademaster:WindSlash","blademaster:LeechingStrike","blademaster:Safeguard"],"picked":"SKIP","floor":61},{"not_picked":["blademaster:Slice","blademaster:AspectOfLightning","blademaster:Thrust"],"picked":"SKIP","floor":62},{"not_picked":["blademaster:ThunderingOpener","blademaster:DancingEdge","blademaster:CloudOfSteel"],"picked":"SKIP","floor":65},{"not_picked":["ReplayTheSpireMod:Haul","ReplayTheSpireMod:??????????????????????"],"picked":"infinitespire:Menacing","floor":67},{"not_picked":["blademaster:EnchantedCuirass","blademaster:RagingBlow"],"picked":"blademaster:ColdBlood","floor":67},{"not_picked":["blademaster:AirSlash","blademaster:ThunderSlash","blademaster:IcyWind+1"],"picked":"SKIP","floor":69},{"not_picked":["blademaster:DeadlyDance+1","blademaster:Quickness","blademaster:CullingStrike"],"picked":"SKIP","floor":70},{"not_picked":["blademaster:Discharge","blademaster:Frontflip"],"picked":"blademaster:Thrust+1","floor":72},{"not_picked":["blademaster:AirSlash","blademaster:AspectOfLightning"],"picked":"blademaster:Overcharge","floor":73},{"not_picked":["blademaster:SlyStabs+1","blademaster:Safeguard"],"picked":"blademaster:ColdBlood","floor":74},{"not_picked":["blademaster:CombatPrep","blademaster:AirSlash","blademaster:Slice+1"],"picked":"SKIP","floor":80},{"not_picked":["blademaster:BloodyBlow+1","blademaster:Frontflip","blademaster:KiBarrier"],"picked":"SKIP","floor":81},{"not_picked":["blademaster:UnrelentingWind","blademaster:BloodyBlow+1","blademaster:AwakeningStrike+1"],"picked":"SKIP","floor":82},{"not_picked":["blademaster:Breeze","blademaster:AspectOfWind"],"picked":"blademaster:CombatPrep+1","floor":86},{"not_picked":["Replay:Fractal Strike","ReplayTheSpireMod:Haul"],"picked":"infinitespire:TheBestDefense","floor":87},{"not_picked":["ReplayTheSpireMod:Trickstab","Apotheosis"],"picked":"StuffTheSpire:PlasmaPulse","floor":89},{"not_picked":["Blind","DemoMod:Spice"],"picked":"Thinking Ahead","floor":89},{"not_picked":["Good Instincts","Replay:Parry"],"picked":"Mind Blast","floor":89},{"not_picked":["blademaster:AspectOfLightning","blademaster:AspectOfWind","blademaster:DragonStrike"],"picked":"SKIP","floor":90},{"not_picked":["infinitespire:Gouge","infinitespire:Oblivion"],"picked":"hubris:Rewind","floor":92},{"not_picked":["blademaster:KiBarrier+1","blademaster:Safeguard","blademaster:Frontflip"],"picked":"SKIP","floor":92},{"not_picked":["blademaster:DragonStrike+1","blademaster:FuriousStrike+1"],"picked":"blademaster:SharpBlades+1","floor":95},{"not_picked":["blademaster:DragonStrike","blademaster:Sharpen+1","blademaster:AspectOfWind"],"picked":"SKIP","floor":96},{"not_picked":["blademaster:FlockOfBlades","blademaster:Flash"],"picked":"blademaster:EnchantedCuirass","floor":101},{"not_picked":["blademaster:Sunder+1","blademaster:AspectOfLightning+1","blademaster:WindSlash"],"picked":"SKIP","floor":105}],"player_experience":180502,"relics_obtained":[{"floor":7.0,"key":"StuffTheSpire:Wildfire"},{"floor":7.0,"key":"blademaster:OnAttackedChargePerk"},{"floor":8.0,"key":"DemoMod:MeltedRock"},{"floor":8.0,"key":"blademaster:FuryEveryTurnPerk"},{"floor":9.0,"key":"halation:Toothbrush"},{"floor":12.0,"key":"conspire:DeflatedDodgeball"},{"floor":23.0,"key":"DemoMod:RingOfEthereal"},{"floor":23.0,"key":"blademaster:DextrousPerk"},{"floor":26.0,"key":"StuffTheSpire:RubySignet"},{"floor":28.0,"key":"HornCleat"},{"floor":28.0,"key":"blademaster:FinisherDrawCardPerk"},{"floor":31.0,"key":"FossilizedHelix"},{"floor":31.0,"key":"blademaster:WindChargePerk"},{"floor":38.0,"key":"Blood Vial"},{"floor":39.0,"key":"Ring of Fangs"},{"floor":41.0,"key":"Toy Ornithopter"},{"floor":41.0,"key":"blademaster:BonusFuryPerk"},{"floor":43.0,"key":"DemoMod:Metronome"},{"floor":44.0,"key":"hubris:Potato"},{"floor":44.0,"key":"blademaster:ComboEveryTurnPerk"},{"floor":46.0,"key":"hubris:PeanutButter"},{"floor":46.0,"key":"blademaster:StanceHealPerk"},{"floor":56,"key":"StuffTheSpire:SapphireSignet"},{"floor":60,"key":"StuffTheSpire:Barrel"},{"floor":62,"key":"Replay:Rubber Ducky"},{"floor":62,"key":"blademaster:RandomBladePerk"},{"floor":65,"key":"hubris:TenFootPole"},{"floor":65,"key":"blademaster:StrongPerk"},{"floor":74,"key":"Juzu Bracelet"},{"floor":74,"key":"blademaster:BonusComboPerk"},{"floor":77,"key":"infinitespire:Midas Blood"},{"floor":82,"key":"Dream Catcher"},{"floor":82,"key":"blademaster:LightningChargePerk"},{"floor":92,"key":"conspire:TopHat"},{"floor":92,"key":"blademaster:BleedingLaceratePerk"},{"floor":94,"key":"halation:BottledLove"},{"floor":105,"key":"Runesmith:Nanobots"},{"floor":105,"key":"blademaster:BleedingMoreDamagePerk"}],"event_choices":[{"damage_healed":0.0,"max_hp_gain":0.0,"max_hp_loss":0.0,"gold_gain":0.0,"event_name":"Big Fish","player_choice":"Box","floor":0.0,"gold_loss":0.0,"damage_taken":0.0,"relics_obtained":["Centennial Puzzle"],"cards_obtained":["Regret"]},{"damage_healed":0.0,"max_hp_gain":0.0,"max_hp_loss":0.0,"gold_gain":30.0,"event_name":"Dead Adventurer","player_choice":"Searched \u00272\u0027 times","floor":7.0,"gold_loss":0.0,"damage_taken":0.0},{"damage_healed":0.0,"max_hp_gain":0.0,"max_hp_loss":0.0,"gold_gain":0.0,"event_name":"Vampires","player_choice":"Ignored","floor":19.0,"gold_loss":0.0,"damage_taken":0.0},{"cards_removed":["blademaster:Strike"],"damage_healed":0.0,"max_hp_gain":0.0,"max_hp_loss":0.0,"gold_gain":0.0,"event_name":"Beggar","player_choice":"Gave Gold","floor":20.0,"gold_loss":75.0,"damage_taken":0.0},{"cards_removed":["blademaster:Defend"],"damage_healed":0.0,"max_hp_gain":0.0,"max_hp_loss":0.0,"gold_gain":0.0,"event_name":"Bonfire Elementals","player_choice":"Offered Basic","floor":36.0,"gold_loss":0.0,"damage_taken":0.0},{"damage_healed":0.0,"max_hp_gain":0.0,"max_hp_loss":0.0,"gold_gain":0.0,"event_name":"MindBloom","player_choice":"Fight","floor":44.0,"gold_loss":0.0,"damage_taken":0.0},{"cards_removed":["blademaster:Strike"],"damage_healed":0,"gold_gain":0,"player_choice":"Offered Basic","damage_taken":0,"max_hp_gain":0,"max_hp_loss":0,"event_name":"Bonfire Elementals","floor":53,"gold_loss":0},{"damage_healed":0,"gold_gain":0,"player_choice":"Ignored","damage_taken":0,"max_hp_gain":0,"max_hp_loss":0,"event_name":"Ghosts","floor":71,"gold_loss":0},{"damage_healed":0,"gold_gain":0,"player_choice":"Gave Potion","damage_taken":0,"relics_obtained":["ReplayTheSpireMod:TigerMarble"],"max_hp_gain":0,"max_hp_loss":0,"event_name":"WeMeetAgain","floor":75,"gold_loss":0},{"damage_healed":0,"gold_gain":0,"player_choice":"Leave","damage_taken":0,"max_hp_gain":0,"max_hp_loss":0,"event_name":"conspire:Investor","floor":78,"gold_loss":0},{"damage_healed":0,"gold_gain":0,"player_choice":"Memory 3","damage_taken":10,"max_hp_gain":0,"max_hp_loss":0,"event_name":"SensoryStone","floor":89,"gold_loss":0},{"damage_healed":0,"gold_gain":0,"player_choice":"Forge","damage_taken":0,"max_hp_gain":0,"max_hp_loss":0,"event_name":"Accursed Blacksmith","floor":98,"gold_loss":0,"cards_upgraded":["Thinking Ahead"]}],"is_beta":false,"boss_relics":[{"not_picked":["StuffTheSpire:RunicConfusion","Pandora\u0027s Box"],"picked":"hubris:Stopwatch"},{"not_picked":["Replay:Grab Bag","conspire:RoyalGoblet"],"picked":"aspiration:SecretTechniqueScroll"},{"not_picked":["Runic Pyramid","aspiration:FutureDiary"],"picked":"hubris:RunicObelisk"},{"not_picked":["Astrolabe","StuffTheSpire:RunicConfusion"],"picked":"conspire:RunicOctahedron"},{"not_picked":["halation:MonkeysPaw","Runic Dome"],"picked":"construct:WeddingRing"},{"not_picked":["halation:Risk","halation:IncompleteEncyclopedia"],"picked":"Painkiller Herb"}],"items_purged_floors":[10,37,47,54],"is_endless":true,"potions_floor_spawned":[5,6,16,25,29,31,33,41,44,46,50,59,62,65,70,80,82,84,86,105],"ascension_level":0}}