{"host":"vc9y6l13pl00cmhf","time":1612782161,"event":{"mods":["Act Like it!","BaseMod","Colored Map","Colored Powertips","DeckTracker","Energized Spire","Filter the Spire","Hallownest","Hermit","Hubris","Infinite Spire","Minty Spire (QoL Compilation)","Quick Restart","Replay The Spire","Shop Mod","StSLib","The Animator","The Bug Knight","The Forsaken","The Jungle"],"gold_per_floor":[112,130,145,168,178,178,208,223,247,247,172,33,33,49,49,148,148,159,175,190,221,0,11,11,0,24,24,73,84,101,113,113,209,209,224,224,224],"floor_reached":36,"language":"ENG","playtime":7980,"items_purged":["HollowMod:QuickDashStart"],"score":393,"play_id":"cb5f8860-7710-4239-b5df-64d2f6e33a3c","local_time":"20210208040241","is_ascension_mode":false,"campfire_choices":[{"data":"HollowMod:DoubleDash","floor":6,"key":"SMITH"},{"data":"HollowMod:LifebloodCocoon","floor":10,"key":"SMITH"},{"data":"Hallownest:skillGreenpathMap","floor":13,"key":"SMITH"},{"data":"HollowMod:PogoStrike","floor":15,"key":"SMITH"},{"floor":24,"key":"REST"},{"data":"HollowMod:CloakDash","floor":27,"key":"SMITH"},{"data":"HollowMod:CloakDash","floor":32,"key":"SMITH"}],"circlet_count":0,"master_deck":["HollowMod:NailStrikeStart","HollowMod:NailStrikeStart","HollowMod:NailStrikeStart","HollowMod:NailStrikeStart","HollowMod:QuickDashStart","HollowMod:FocusHealStart","HollowMod:PogoStrike+1","HollowMod:ChannelNail","HollowMod:GreatSlash","HollowMod:DesolateDive","HollowMod:DoubleDash+1","HollowMod:BaldurShell","HollowMod:LifebloodCocoon+1","Hallownest:skillGreenpathMap+1","HollowMod:SoulMaster","HollowMod:SiblingsSouls","HollowMod:BaldurShell+1","HollowMod:ChannelNail","HollowMod:CloakDash+1","HollowMod:DoubleDash","HollowMod:DoubleDash","HollowMod:CloakDash+1","HollowMod:DreamGate","HollowMod:Weaversong","HollowMod:GoodIntentions+1"],"relics":["HollowMod:VesselMask","Nunchaku","Replay:Bottled Flurry","theForsaken:Lifeblossom","MerchantsRug","energizedSpire:SpiderWeb","HollowMod:GreatKnightMask","Membership Card","Toy Ornithopter","infinitespire:Beetle Shell","Empty Cage"],"acts_visited":["Hallownest:Greenpath","TheCity","Hallownest:KingdomsEdge"],"potions_floor_usage":[16,16,20,33,33,33],"damage_taken":[{"damage":0,"enemies":"2_ Uuma","floor":1,"turns":4},{"damage":0,"enemies":"Hallownest:monsterHuskWarrior","floor":2,"turns":4},{"damage":1,"enemies":"Hallownest:2_Baldur","floor":3,"turns":6},{"damage":28,"enemies":"Hallownest:1_Ooma_and_2_Uuma","floor":5,"turns":12},{"damage":33,"enemies":"Hallownest:eliteMossKnight","floor":7,"turns":12},{"damage":0,"enemies":"Hallownest:monsterAspidMother","floor":8,"turns":9},{"damage":0,"enemies":"Hallownest:monsterMossCharger","floor":14,"turns":10},{"damage":10,"enemies":"Hallownest:BossHornet","floor":16,"turns":24},{"damage":15,"enemies":"3 Byrds","floor":18,"turns":10},{"damage":12,"enemies":"Chosen","floor":19,"turns":8},{"damage":16,"enemies":"Snake Plant","floor":20,"turns":8},{"damage":0,"enemies":"HollowMod:Zote","floor":21,"turns":3},{"damage":64,"enemies":"Cultist and Chosen","floor":23,"turns":12},{"damage":11,"enemies":"Snecko","floor":29,"turns":8},{"damage":7,"enemies":"Centurion and Healer","floor":30,"turns":9},{"damage":20,"enemies":"Snake Plant","floor":31,"turns":8},{"damage":39,"enemies":"Collector","floor":33,"turns":11},{"damage":54,"enemies":"Hallownest:2_Littles","floor":35,"turns":9},{"damage":58,"enemies":"Hallownest:3_Siblings","floor":36,"turns":13}],"seed_played":"-6333887492668406833","potions_obtained":[{"floor":2,"key":"SpeedPotion"},{"floor":5,"key":"SpeedPotion"},{"floor":7,"key":"Block Potion"},{"floor":16,"key":"Weak Potion"},{"floor":18,"key":"PowerPotion"},{"floor":20,"key":"PowerPotion"},{"floor":21,"key":"Dexterity Potion"},{"floor":23,"key":"ColorlessPotion"}],"is_trial":false,"path_per_floor":["M","M","M","T","M","R","E","M","T","R","?","$","R","M","R","B",null,"M","M","M","?","$","M","R","?","T","R","T","M","M","M","R","B",null,"M","M"],"character_chosen":"THE_BUGKNIGHT","items_purchased":["MerchantsRug","Membership Card","HollowMod:CloakDash","HollowMod:DoubleDash"],"campfire_rested":1,"item_purchase_floors":[12,22,22,22],"current_hp_per_floor":[75,75,75,75,59,59,38,50,50,50,50,50,50,68,68,75,75,75,75,68,73,73,20,42,42,42,42,42,43,48,40,40,34,75,36,0,0],"gold":224,"neow_bonus":"RANDOM_COMMON_RELIC","is_daily":false,"chose_seed":false,"campfire_upgraded":6,"win_rate":0.0,"timestamp":1612782161,"path_taken":["M","M","M","?","M","R","E","M","T","R","?","$","R","M","R","BOSS","M","M","M","?","$","M","R","?","T","R","?","M","M","M","R","BOSS","M","M"],"items_purchased_type":["Relic","Relic","Card","Card"],"build_version":"2020-12-22","purchased_purges":1,"victory":false,"max_hp_per_floor":[75,75,75,75,75,75,75,75,75,75,75,75,75,75,75,75,75,75,75,75,75,75,75,75,75,75,75,75,75,75,75,75,75,75,75,75,75],"card_choices":[{"not_picked":["HollowMod:InfectedCysts","HollowMod:HeavyBlow"],"picked":"HollowMod:ChannelNail","floor":1},{"not_picked":["HollowMod:MawleksShell","HollowMod:ChannelNail"],"picked":"HollowMod:GreatSlash","floor":2},{"not_picked":["HollowMod:InfectedAttack","HollowMod:HeavyBlow"],"picked":"HollowMod:DesolateDive","floor":3},{"not_picked":["HollowMod:NewJinnsSoul","HollowMod:DescendingDark"],"picked":"HollowMod:DoubleDash","floor":5},{"not_picked":["HollowMod:InfectedCysts","HollowMod:NewInfectedGuardian"],"picked":"HollowMod:BaldurShell","floor":7},{"not_picked":["HollowMod:SharpenedNail","HollowMod:DashSlash"],"picked":"HollowMod:LifebloodCocoon","floor":8},{"not_picked":["HollowMod:CornifersMapStart","HollowMod:LifebloodCocoon","HollowMod:DescendingDark"],"picked":"SKIP","floor":14},{"not_picked":["HollowMod:AwokenDreamNail","HollowMod:VoidDash"],"picked":"HollowMod:SoulMaster","floor":16},{"not_picked":["HollowMod:VengefulSpirit","HollowMod:HeavyBlow+1"],"picked":"HollowMod:SiblingsSouls","floor":18},{"not_picked":["HollowMod:SiblingsSouls","HollowMod:CornifersMapStart"],"picked":"HollowMod:BaldurShell+1","floor":19},{"not_picked":["HollowMod:InfectedAttack+1","HollowMod:FastStrike","HollowMod:FallenFury+1"],"picked":"SKIP","floor":20},{"not_picked":["HollowMod:GreatSlash","HollowMod:WraithStrike+1"],"picked":"HollowMod:ChannelNail","floor":21},{"not_picked":["HollowMod:BrokenVessel","HollowMod:ShadowDash"],"picked":"HollowMod:DoubleDash","floor":23},{"not_picked":["HollowMod:SoulVessel","HollowMod:HeavyBlow"],"picked":"HollowMod:CloakDash","floor":29},{"not_picked":["HollowMod:DoubleDash","HollowMod:GreatSlash+1","HollowMod:VengefulVoid"],"picked":"SKIP","floor":30},{"not_picked":["HollowMod:DashSlash","HollowMod:HeavyBlow"],"picked":"HollowMod:DreamGate","floor":31},{"not_picked":["HollowMod:VoidDash","HollowMod:ElderbugsWisdom"],"picked":"HollowMod:Weaversong","floor":33},{"not_picked":["HollowMod:InfectionAssault+1","HollowMod:InfectedCysts+1"],"picked":"HollowMod:GoodIntentions+1","floor":35}],"player_experience":44399,"relics_obtained":[{"floor":7,"key":"Replay:Bottled Flurry"},{"floor":9,"key":"theForsaken:Lifeblossom"},{"floor":21,"key":"HollowMod:GreatKnightMask"},{"floor":26,"key":"Toy Ornithopter"},{"floor":28,"key":"infinitespire:Beetle Shell"}],"event_choices":[{"damage_healed":0,"gold_gain":0,"player_choice":"Paid Fearfully","damage_taken":0,"max_hp_gain":0,"max_hp_loss":0,"event_name":"Masked Bandits","floor":25,"gold_loss":11}],"is_beta":false,"boss_relics":[{"not_picked":["hubris:CrackedHourglass","Snecko Eye"],"picked":"energizedSpire:SpiderWeb"},{"not_picked":["Tiny House","hubris:HollowSoul"],"picked":"Empty Cage"}],"items_purged_floors":[22],"is_endless":false,"potions_floor_spawned":[2,5,7,8,16,18,20,21,23],"killed_by":"Hallownest:3_Siblings","ascension_level":0}}