{"host":"bf5upntvbdompq33","time":1612801255,"event":{"mods":["BaseMod","Colored Map","Colored Powertips","Curses Come First","Minty Spire (QoL Compilation)","StSLib","The Dragon Tamer","The Hierophant","The Marked","The Mystic","The Servant 0.9.4"],"gold_per_floor":[118,132,132,148,73,87,87,87,87,127,127,143,156,177,177,177,177],"floor_reached":16,"language":"ENG","playtime":1143,"items_purged":["Pain"],"score":177,"play_id":"c2a8debf-5e1a-4d89-becd-5148c0ea41a8","local_time":"20210208092055","is_ascension_mode":true,"campfire_choices":[{"data":"Body Slam","floor":8.0,"key":"SMITH"},{"data":"Entrench","floor":15.0,"key":"SMITH"}],"circlet_count":0,"master_deck":["AscendersBane","Strike_R","Strike_R","Strike_R","Strike_R","Strike_R","Defend_R","Defend_R","Defend_R","Defend_R","Bash","Body Slam","Armaments","Entrench+1","Body Slam+1","Bloodletting","Shockwave","Carnage"],"relics":["Burning Blood","NeowsBlessing","WarpedTongs","Golden Idol","Shovel","CaptainsWheel"],"acts_visited":["Exordium"],"potions_floor_usage":[],"damage_taken":[{"damage":0.0,"enemies":"2 Louse","floor":1.0,"turns":1.0},{"damage":0.0,"enemies":"Cultist","floor":2.0,"turns":1.0},{"damage":2.0,"enemies":"Small Slimes","floor":4.0,"turns":1.0},{"damage":6.0,"enemies":"3 Louse","floor":6.0,"turns":4.0},{"damage":33.0,"enemies":"3 Sentries","floor":10.0,"turns":9.0},{"damage":7.0,"enemies":"Large Slime","floor":12.0,"turns":6.0},{"damage":9.0,"enemies":"Lots of Slimes","floor":13.0,"turns":6.0},{"damage":0.0,"enemies":"2 Fungi Beasts","floor":14.0,"turns":5.0},{"damage":73,"enemies":"Hexaghost","floor":16,"turns":11}],"seed_played":"-6250966387055551289","potions_obtained":[{"floor":6.0,"key":"Swift Potion"},{"floor":12.0,"key":"BlessingOfTheForge"}],"is_trial":false,"path_per_floor":["M","M","?","M","$","M","?","R","T","E","?","M","M","M","R","B"],"character_chosen":"IRONCLAD","items_purchased":[],"campfire_rested":0,"item_purchase_floors":[],"current_hp_per_floor":[74,75,75,75,75,75,69,69,69,42,65,64,61,67,67,0,0],"gold":177,"neow_bonus":"THREE_ENEMY_KILL","is_daily":false,"chose_seed":false,"campfire_upgraded":2,"win_rate":0.0,"timestamp":1612801255,"path_taken":["M","M","?","?","$","M","?","R","T","E","?","M","M","M","R","BOSS"],"items_purchased_type":[],"build_version":"2020-12-22","purchased_purges":1,"victory":false,"max_hp_per_floor":[75,75,75,75,75,75,69,69,69,69,69,69,69,69,69,69,69],"card_choices":[{"not_picked":["Clash","Perfected Strike"],"picked":"Body Slam","floor":1.0},{"not_picked":["Perfected Strike","Bloodletting"],"picked":"Armaments","floor":2.0},{"not_picked":["Headbutt","Sentinel"],"picked":"Entrench","floor":4.0},{"not_picked":["Hemokinesis","Flame Barrier"],"picked":"Body Slam","floor":6.0},{"not_picked":["Perfected Strike","Spot Weakness"],"picked":"Bloodletting","floor":10.0},{"not_picked":["Sever Soul","Headbutt","Dark Embrace"],"picked":"SKIP","floor":12.0},{"not_picked":["Anger","Armaments"],"picked":"Shockwave","floor":13.0},{"not_picked":["Wild Strike","Spot Weakness"],"picked":"Carnage","floor":14.0}],"player_experience":1521287,"relics_obtained":[{"floor":9.0,"key":"Shovel"},{"floor":10.0,"key":"CaptainsWheel"}],"event_choices":[{"damage_healed":0.0,"max_hp_gain":0.0,"max_hp_loss":0.0,"gold_gain":0.0,"event_name":"Accursed Blacksmith","player_choice":"Rummage","floor":3.0,"gold_loss":0.0,"damage_taken":0.0,"relics_obtained":["WarpedTongs"],"cards_obtained":["Pain"]},{"damage_healed":0.0,"max_hp_gain":0.0,"max_hp_loss":6.0,"gold_gain":0.0,"event_name":"Golden Idol","player_choice":"Lose Max HP","floor":7.0,"gold_loss":0.0,"damage_taken":0.0,"relics_obtained":["Golden Idol"]},{"damage_healed":23.0,"max_hp_gain":0.0,"max_hp_loss":0.0,"gold_gain":0.0,"event_name":"Big Fish","player_choice":"Banana","floor":11.0,"gold_loss":0.0,"damage_taken":0.0}],"is_beta":false,"boss_relics":[],"items_purged_floors":[5],"is_endless":false,"potions_floor_spawned":[6,12],"killed_by":"Hexaghost","ascension_level":14}}