{"host":"8is2j71l4wmybkoi","time":1612777444,"event":{"mods":["AchievementEnabler","BaseMod","Colored Map","Minty Spire (QoL Compilation)","Rare Cards Sparkle","StSLib","SuperFastMode"],"gold_per_floor":[114,132,132,151,151,151,186,186,263,281,291,317,317,347,347,424,424,437,437,437,58,77,110,110,110,135,135,170,20,20,40,40,111,111,124,144,156,173,173,173,201,201,201,201,214,56,109,140,140,140,140,140,18,44,44,44],"floor_reached":55,"language":"KOR","playtime":2317,"items_purged":["Strike_B"],"score":1392,"play_id":"736d2d0a-746b-4180-8f70-30ccaf662bdf","local_time":"20210208184404","is_ascension_mode":true,"campfire_choices":[{"data":"Zap","floor":6.0,"key":"SMITH"},{"floor":8.0,"key":"REST"},{"floor":13.0,"key":"REST"},{"data":"Static Discharge","floor":15.0,"key":"SMITH"},{"floor":24.0,"key":"REST"},{"floor":30.0,"key":"RECALL"},{"floor":32.0,"key":"REST"},{"floor":40.0,"key":"REST"},{"floor":49,"key":"REST"},{"floor":52,"key":"REST"}],"circlet_count":0,"master_deck":["AscendersBane","Defend_B+1","Defend_B","Zap+1","Dualcast","Reinforced Body","Ball Lightning","Melter","Go for the Eyes","Rip and Tear","Sweeping Beam","Static Discharge+1","Aggregate+1","Chill+1","Undo+1","Seek+1","Hologram+1","Skim+1","Glacier+1","Double Energy+1","Defragment+1","Ghostly+1","Ghostly+1","Ghostly+1","White Noise+1","Echo Form+1","Stack+1","Electrodynamics+1","BootSequence+1","Core Surge+1","Rebound+1","Tempest+1","Bandage Up+1","Blind+1","Self Repair+1","Coolheaded+1","Multi-Cast+1","Darkness+1","Defragment+1","Reinforced Body+1"],"relics":["Cracked Core","Strawberry","Toxic Egg 2","Tiny Chest","CaptainsWheel","Fusion Hammer","Chemical X","Frozen Egg 2","Bronze Scales","Mummified Hand","MealTicket","Astrolabe","Orichalcum","Question Card","Turnip","Pocketwatch","Happy Flower","Blood Vial"],"acts_visited":["Exordium","TheCity","TheBeyond","TheEnding"],"potions_floor_usage":[54,55],"damage_taken":[{"damage":8.0,"enemies":"Jaw Worm","floor":1.0,"turns":4.0},{"damage":0.0,"enemies":"Small Slimes","floor":2.0,"turns":3.0},{"damage":0.0,"enemies":"2 Louse","floor":4.0,"turns":2.0},{"damage":13.0,"enemies":"Lagavulin","floor":7.0,"turns":4.0},{"damage":6.0,"enemies":"Looter","floor":10.0,"turns":3.0},{"damage":0.0,"enemies":"Exordium Wildlife","floor":11.0,"turns":2.0},{"damage":28.0,"enemies":"Gremlin Nob","floor":12.0,"turns":4.0},{"damage":8.0,"enemies":"3 Sentries","floor":14.0,"turns":7.0},{"damage":20.0,"enemies":"Hexaghost","floor":16.0,"turns":10.0},{"damage":0.0,"enemies":"Spheric Guardian","floor":18.0,"turns":3.0},{"damage":4.0,"enemies":"Shell Parasite","floor":22.0,"turns":4.0},{"damage":3.0,"enemies":"Book of Stabbing","floor":23.0,"turns":6.0},{"damage":0.0,"enemies":"Slavers","floor":28.0,"turns":5.0},{"damage":8.0,"enemies":"Snake Plant","floor":31.0,"turns":3.0},{"damage":5.0,"enemies":"Collector","floor":33.0,"turns":9.0},{"damage":0.0,"enemies":"3 Shapes","floor":35.0,"turns":3.0},{"damage":11.0,"enemies":"3 Darklings","floor":36.0,"turns":3.0},{"damage":0.0,"enemies":"4 Shapes","floor":37.0,"turns":7.0},{"damage":8.0,"enemies":"Writhing Mass","floor":38.0,"turns":5.0},{"damage":10.0,"enemies":"Nemesis","floor":41.0,"turns":9.0},{"damage":0.0,"enemies":"Maw","floor":45.0,"turns":9.0},{"damage":0,"enemies":"2 Orb Walkers","floor":47,"turns":5},{"damage":0,"enemies":"Reptomancer","floor":48,"turns":4},{"damage":23,"enemies":"Time Eater","floor":50,"turns":8},{"damage":12,"enemies":"Shield and Spear","floor":54,"turns":4},{"damage":61,"enemies":"The Heart","floor":55,"turns":5}],"seed_played":"-5072742253335637811","potions_obtained":[{"floor":2.0,"key":"Strength Potion"},{"floor":7.0,"key":"SmokeBomb"},{"floor":10.0,"key":"SpeedPotion"},{"floor":14.0,"key":"Weak Potion"},{"floor":31.0,"key":"Strength Potion"},{"floor":33.0,"key":"Weak Potion"},{"floor":36.0,"key":"Dexterity Potion"},{"floor":38.0,"key":"Ancient Potion"}],"is_trial":false,"path_per_floor":["M","M","?","M","?","R","E","R","T","M","M","E","R","E","R","B",null,"M","?","T","$","M","E","R","?","T","T","E","$","R","M","R","B",null,"M","M","M","M","?","R","E","?","T","T","M","$","?","E","R","B",null,"R","$","E","B"],"character_chosen":"DEFECT","items_purchased":["Skim+1","Glacier+1","Chemical X","Echo Form+1","Multi-Cast+1","Defragment+1","Swift Potion"],"campfire_rested":7,"item_purchase_floors":[21,21,21,29,46,53,53],"current_hp_per_floor":[56,56,35,35,35,35,29,52,52,46,46,18,41,33,33,13,62,62,40,40,40,36,33,57,41,41,41,41,41,41,33,41,36,40,40,29,29,21,16,28,24,24,24,24,39,39,39,39,39,32,37,39,39,33,0,0],"gold":44,"neow_bonus":"TRANSFORM_CARD","is_daily":false,"chose_seed":false,"campfire_upgraded":2,"win_rate":0.0,"timestamp":1612777444,"path_taken":["M","M","?","M","?","R","E","R","T","M","M","E","R","E","R","BOSS","M","?","?","$","M","E","R","?","T","?","E","?","R","M","R","BOSS","M","M","M","M","?","R","E","?","T","?","M","$","?","E","R","BOSS","R","$","E","BOSS"],"items_purchased_type":["Card","Card","Relic","Card","Card","Card","Potion"],"build_version":"2020-12-22","purchased_purges":1,"victory":false,"max_hp_per_floor":[71,71,71,71,71,71,78,78,78,78,78,78,78,78,78,78,78,78,83,83,83,83,83,83,41,41,41,41,41,41,41,41,41,41,41,41,41,41,41,41,41,39,39,39,39,39,39,39,39,39,39,39,39,39,39,39],"card_choices":[{"not_picked":["Go for the Eyes","Chill"],"picked":"Ball Lightning","floor":1.0},{"not_picked":["Consume","Hologram"],"picked":"Melter","floor":2.0},{"not_picked":["Barrage","Melter"],"picked":"Go for the Eyes","floor":4.0},{"not_picked":["Heatsinks","Leap"],"picked":"Sweeping Beam","floor":7.0},{"not_picked":["Blizzard","Hologram+1"],"picked":"Static Discharge","floor":10.0},{"not_picked":["Steam+1","Rebound"],"picked":"Aggregate+1","floor":11.0},{"not_picked":["Hello World","Thunder Strike"],"picked":"Chill+1","floor":12.0},{"not_picked":["Turbo+1","Ball Lightning"],"picked":"Undo+1","floor":14.0},{"not_picked":["Buffer","Multi-Cast+1"],"picked":"Seek+1","floor":16.0},{"not_picked":["Go for the Eyes","Rebound"],"picked":"Hologram+1","floor":18.0},{"not_picked":["Streamline+1","Storm"],"picked":"Double Energy+1","floor":22.0},{"not_picked":["Steam Power+1","Chaos+1"],"picked":"Defragment+1","floor":23.0},{"not_picked":["Stack+1","Gash"],"picked":"White Noise+1","floor":28.0},{"not_picked":["Sweeping Beam","Rip and Tear"],"picked":"Stack+1","floor":31.0},{"not_picked":["Rainbow+1","All For One"],"picked":"Electrodynamics+1","floor":33.0},{"not_picked":["Ball Lightning","Leap+1","Reprogram+1"],"picked":"SKIP","floor":35.0},{"not_picked":["Go for the Eyes","Melter","Ball Lightning"],"picked":"SKIP","floor":36.0},{"not_picked":["Force Field+1","Go for the Eyes"],"picked":"Tempest+1","floor":37.0},{"not_picked":["Streamline","Ball Lightning","Redo+1"],"picked":"SKIP","floor":38.0},{"not_picked":["Jack Of All Trades+1","Violence+1"],"picked":"Bandage Up+1","floor":39.0},{"not_picked":["Violence+1","Chrysalis+1"],"picked":"Blind+1","floor":39.0},{"not_picked":["Force Field+1","Rebound"],"picked":"Self Repair+1","floor":41.0},{"not_picked":["Storm+1","Streamline","Loop+1"],"picked":"Coolheaded+1","floor":45.0},{"not_picked":["Hologram+1","Undo+1","Conserve Battery+1"],"picked":"Darkness+1","floor":48},{"not_picked":["Compile Driver","Redo+1","Rebound+1"],"picked":"Reinforced Body+1","floor":54}],"player_experience":1061726,"relics_obtained":[{"floor":7.0,"key":"Strawberry"},{"floor":9.0,"key":"Toxic Egg 2"},{"floor":12.0,"key":"Tiny Chest"},{"floor":14.0,"key":"CaptainsWheel"},{"floor":23.0,"key":"Frozen Egg 2"},{"floor":26.0,"key":"Bronze Scales"},{"floor":27.0,"key":"Mummified Hand"},{"floor":28.0,"key":"MealTicket"},{"floor":41.0,"key":"Orichalcum"},{"floor":43.0,"key":"Question Card"},{"floor":44.0,"key":"Turnip"},{"floor":47,"key":"Pocketwatch"},{"floor":48,"key":"Happy Flower"},{"floor":54,"key":"Blood Vial"}],"event_choices":[{"damage_healed":0.0,"max_hp_gain":0.0,"max_hp_loss":0.0,"gold_gain":0.0,"event_name":"Shining Light","player_choice":"Entered Light","floor":3.0,"gold_loss":0.0,"damage_taken":21.0,"cards_upgraded":["Defend_B","Strike_B"]},{"damage_healed":0.0,"max_hp_gain":0.0,"max_hp_loss":0.0,"gold_gain":0.0,"cards_transformed":["Strike_B"],"event_name":"Living Wall","player_choice":"Change","floor":5.0,"gold_loss":0.0,"damage_taken":0.0,"cards_obtained":["Rip and Tear"]},{"damage_healed":0.0,"max_hp_gain":5.0,"max_hp_loss":0.0,"gold_gain":0.0,"event_name":"Forgotten Altar","player_choice":"Shed Blood","floor":19.0,"gold_loss":0.0,"damage_taken":27.0},{"damage_healed":0.0,"max_hp_gain":0.0,"max_hp_loss":42.0,"gold_gain":0.0,"event_name":"Ghosts","player_choice":"Became a Ghost","floor":25.0,"gold_loss":0.0,"damage_taken":0.0,"cards_obtained":["Ghostly","Ghostly","Ghostly"]},{"damage_healed":0.0,"max_hp_gain":0.0,"max_hp_loss":0.0,"gold_gain":0.0,"event_name":"SensoryStone","player_choice":"Memory 2","floor":39.0,"gold_loss":0.0,"damage_taken":5.0},{"damage_healed":0.0,"max_hp_gain":0.0,"max_hp_loss":2.0,"gold_gain":0.0,"event_name":"Winding Halls","player_choice":"Max HP","floor":42.0,"gold_loss":0.0,"damage_taken":0.0},{"damage_healed":0,"gold_gain":0,"player_choice":"Fight","damage_taken":0,"max_hp_gain":0,"max_hp_loss":0,"event_name":"Mysterious Sphere","floor":47,"gold_loss":0}],"is_beta":false,"boss_relics":[{"not_picked":["Ectoplasm","Nuclear Battery"],"picked":"Fusion Hammer"},{"not_picked":["Philosopher\u0027s Stone","Tiny House"],"picked":"Astrolabe"}],"items_purged_floors":[21],"is_endless":false,"potions_floor_spawned":[2,7,10,14,18,28,31,33,36,37,38,41],"killed_by":"The Heart","ascension_level":15}}