{"host":"avybiddlniqinkgc","time":1612803302,"event":{"mods":["AchievementEnabler","BaseMod","Colored Map","DeckTracker","Highlight Path","KOR Keyword Fix","Keyboard Shortcuts","Minty Spire (QoL Compilation)","Permanent Neow","Quick Restart","Random Character Button","Rare Cards Sparkle","StSLib","SuperFastMode"],"gold_per_floor":[18,18,31,51,71,71,98,157,203,203,203,222,255,209,209,309,309,325,340,353,373,391,341,341,375,375,18,30,30,58,77,77,174,174,191,217,233,233,248,276,276,294,294,294,306,306,6,17,17,17],"floor_reached":51,"language":"KOR","playtime":819,"items_purged":[],"score":944,"play_id":"63960e2a-b1a1-4650-bc4c-0260a357595f","local_time":"20210209015502","is_ascension_mode":true,"campfire_choices":[{"data":"Perfected Strike","floor":6.0,"key":"SMITH"},{"data":"True Grit","floor":11.0,"key":"SMITH"},{"data":"Perfected Strike","floor":15.0,"key":"SMITH"},{"data":"True Grit","floor":24.0,"key":"SMITH"},{"data":"Shrug It Off","floor":32.0,"key":"SMITH"},{"data":"Double Tap","floor":41.0,"key":"SMITH"},{"data":"Rage","floor":44.0,"key":"SMITH"},{"data":"Offering","floor":49,"key":"SMITH"}],"circlet_count":0,"master_deck":["Strike_R","Strike_R","Strike_R","Strike_R","Defend_R","Defend_R","Defend_R","Defend_R","Bash","Battle Trance","Headbutt","Wild Strike","Perfected Strike+1","True Grit+1","Cleave","Pommel Strike","Perfected Strike+1","Twin Strike","Offering+1","Second Wind","Armaments+1","Wild Strike+1","True Grit+1","Perfected Strike+1","Shrug It Off+1","Rage+1","True Grit+1","Wild Strike","Double Tap+1","Swift Strike","Dramatic Entrance","Shrug It Off+1","Pommel Strike","Wild Strike","Perfected Strike"],"relics":["Burning Blood","Question Card","Regal Pillow","Gambling Chip","Lantern","Ginger","Philosopher\u0027s Stone","Bag of Marbles","Ancient Tea Set","FossilizedHelix","Orichalcum","Snecko Eye","Blood Vial","Mercury Hourglass","Pocketwatch","Incense Burner"],"acts_visited":["Exordium","TheCity","TheBeyond"],"potions_floor_usage":[],"damage_taken":[{"damage":6.0,"enemies":"Jaw Worm","floor":1.0,"turns":4.0},{"damage":1.0,"enemies":"Cultist","floor":3.0,"turns":3.0},{"damage":9.0,"enemies":"Small Slimes","floor":4.0,"turns":3.0},{"damage":20.0,"enemies":"Gremlin Gang","floor":5.0,"turns":4.0},{"damage":22.0,"enemies":"3 Sentries","floor":7.0,"turns":6.0},{"damage":30.0,"enemies":"Lagavulin Event","floor":8.0,"turns":4.0},{"damage":6.0,"enemies":"Large Slime","floor":12.0,"turns":4.0},{"damage":0.0,"enemies":"Gremlin Nob","floor":13.0,"turns":2.0},{"damage":33.0,"enemies":"Hexaghost","floor":16.0,"turns":7.0},{"damage":20.0,"enemies":"3 Byrds","floor":18.0,"turns":4.0},{"damage":12.0,"enemies":"Chosen","floor":19.0,"turns":2.0},{"damage":24.0,"enemies":"Snake Plant","floor":20.0,"turns":3.0},{"damage":6.0,"enemies":"Centurion and Healer","floor":21.0,"turns":4.0},{"damage":6.0,"enemies":"Snecko","floor":22.0,"turns":1.0},{"damage":36.0,"enemies":"Slavers","floor":25.0,"turns":4.0},{"damage":0.0,"enemies":"Shelled Parasite and Fungi","floor":28.0,"turns":2.0},{"damage":0.0,"enemies":"Gremlin Leader","floor":30.0,"turns":1.0},{"damage":0.0,"enemies":"Cultist and Chosen","floor":31.0,"turns":2.0},{"damage":25.0,"enemies":"Champ","floor":33.0,"turns":5.0},{"damage":0.0,"enemies":"Orb Walker","floor":35.0,"turns":1.0},{"damage":0.0,"enemies":"3 Darklings","floor":37.0,"turns":2.0},{"damage":0.0,"enemies":"Jaw Worm Horde","floor":39.0,"turns":2.0},{"damage":0.0,"enemies":"Reptomancer","floor":40.0,"turns":2.0},{"damage":0.0,"enemies":"Sphere and 2 Shapes","floor":42.0,"turns":3.0},{"damage":18.0,"enemies":"4 Shapes","floor":45.0,"turns":3.0},{"damage":0,"enemies":"3 Darklings","floor":48,"turns":2},{"damage":61,"enemies":"Time Eater","floor":50,"turns":6}],"seed_played":"8928458337508618248","potions_obtained":[{"floor":1.0,"key":"EntropicBrew"},{"floor":3.0,"key":"Strength Potion"},{"floor":8.0,"key":"Ancient Potion"},{"floor":16.0,"key":"Regen Potion"},{"floor":19.0,"key":"Ancient Potion"},{"floor":30.0,"key":"LiquidMemories"},{"floor":35.0,"key":"Weak Potion"}],"is_trial":false,"path_per_floor":["M","?","M","M","M","R","E","?","T","?","R","M","E","$","R","B",null,"M","M","M","M","M","?","R","E","T","$","M","$","E","M","R","B",null,"M","T","M","?","M","E","R","M","T","R","M","?","$","M","R","B",null],"character_chosen":"IRONCLAD","items_purchased":["Twin Strike","Shrug It Off","FossilizedHelix","Incense Burner"],"campfire_rested":0,"item_purchase_floors":[14,27,27,47],"current_hp_per_floor":[96,96,96,93,79,79,63,39,39,30,30,30,36,36,36,9,96,82,76,58,58,58,58,58,37,37,37,43,43,49,55,55,36,96,96,96,96,86,94,96,96,96,96,96,84,84,84,92,92,39],"gold":17,"neow_bonus":"TWENTY_PERCENT_HP_BONUS","is_daily":false,"chose_seed":false,"campfire_upgraded":8,"win_rate":0.0,"timestamp":1612803302,"path_taken":["M","?","?","M","M","R","E","?","T","?","R","M","E","$","R","BOSS","M","?","?","M","M","?","R","E","T","$","M","$","E","M","R","BOSS","M","?","M","?","?","E","R","M","T","R","M","?","$","M","R","BOSS"],"items_purchased_type":["Card","Card","Relic","Relic"],"build_version":"2020-12-22","purchased_purges":0,"victory":true,"max_hp_per_floor":[96,96,96,96,96,96,96,96,96,96,96,96,96,96,96,96,96,96,96,96,96,96,96,96,96,96,96,96,96,96,96,96,96,96,96,96,96,96,96,96,96,96,96,96,96,96,96,96,96,96],"card_choices":[{"not_picked":["Sword Boomerang","Metallicize"],"picked":"Battle Trance","floor":1.0},{"not_picked":["Dual Wield","Pummel","Second Wind"],"picked":"Headbutt","floor":3.0},{"not_picked":["Dual Wield","Rampage","Clothesline"],"picked":"Wild Strike","floor":4.0},{"not_picked":["Iron Wave","Wild Strike","Twin Strike"],"picked":"Perfected Strike","floor":5.0},{"not_picked":["Clash","Second Wind","Body Slam"],"picked":"True Grit","floor":7.0},{"not_picked":["True Grit","Infernal Blade","Wild Strike"],"picked":"Cleave","floor":8.0},{"not_picked":["Uppercut","Sever Soul","Iron Wave"],"picked":"Pommel Strike","floor":12.0},{"not_picked":["Body Slam","Berserk","Feel No Pain"],"picked":"Perfected Strike","floor":13.0},{"not_picked":["Limit Break","Exhume","Brutality"],"picked":"Offering","floor":16.0},{"not_picked":["Dropkick","Armaments","Inflame"],"picked":"Second Wind","floor":18.0},{"not_picked":["Dark Embrace","Heavy Blade","Iron Wave+1"],"picked":"Armaments+1","floor":19.0},{"not_picked":["Headbutt","Anger+1","Heavy Blade"],"picked":"Wild Strike+1","floor":20.0},{"not_picked":["Body Slam+1","Fiend Fire","Reckless Charge","Seeing Red"],"picked":"SKIP","floor":21.0},{"not_picked":["Feel No Pain","Anger+1","Havoc"],"picked":"True Grit","floor":22.0},{"not_picked":["Rage","Intimidate","Burning Pact"],"picked":"Perfected Strike+1","floor":25.0},{"not_picked":["Pummel","Combust","Second Wind"],"picked":"Rage","floor":28.0},{"not_picked":["Warcry","Disarm","Power Through"],"picked":"True Grit+1","floor":30.0},{"not_picked":["Havoc+1","Warcry","Body Slam"],"picked":"Wild Strike","floor":31.0},{"not_picked":["Juggernaut","Reaper","Bludgeon"],"picked":"Double Tap","floor":33.0},{"not_picked":["Iron Wave","Heavy Blade","Sword Boomerang+1","Thunderclap"],"picked":"SKIP","floor":35.0},{"not_picked":["Iron Wave","Flex","Rage","Juggernaut"],"picked":"SKIP","floor":37.0},{"not_picked":["Deep Breath","Panache","Panacea"],"picked":"Swift Strike","floor":38.0},{"not_picked":["Madness","Enlightenment","Blind"],"picked":"Dramatic Entrance","floor":38.0},{"not_picked":["Entrench+1","Searing Blow","Warcry"],"picked":"Shrug It Off+1","floor":39.0},{"not_picked":["Cleave+1","Anger+1","Wild Strike+1"],"picked":"Pommel Strike","floor":40.0},{"not_picked":["Clash+1","Warcry","Reaper"],"picked":"Wild Strike","floor":42.0},{"not_picked":["Iron Wave","Bloodletting+1","Carnage+1"],"picked":"Perfected Strike","floor":45.0},{"not_picked":["Cleave","Iron Wave+1","Body Slam","Feel No Pain"],"picked":"SKIP","floor":48}],"player_experience":5254,"relics_obtained":[{"floor":7.0,"key":"Regal Pillow"},{"floor":8.0,"key":"Gambling Chip"},{"floor":9.0,"key":"Lantern"},{"floor":13.0,"key":"Ginger"},{"floor":25.0,"key":"Bag of Marbles"},{"floor":26.0,"key":"Ancient Tea Set"},{"floor":30.0,"key":"Orichalcum"},{"floor":36.0,"key":"Blood Vial"},{"floor":40.0,"key":"Mercury Hourglass"},{"floor":43.0,"key":"Pocketwatch"}],"event_choices":[{"damage_healed":0.0,"max_hp_gain":0.0,"max_hp_loss":0.0,"gold_gain":0.0,"event_name":"WeMeetAgain","player_choice":"Gave Potion","floor":2.0,"gold_loss":0.0,"damage_taken":0.0,"relics_obtained":["Question Card"]},{"damage_healed":0.0,"max_hp_gain":0.0,"max_hp_loss":0.0,"gold_gain":0.0,"event_name":"Dead Adventurer","player_choice":"Searched \u00272\u0027 times","floor":8.0,"gold_loss":0.0,"damage_taken":0.0},{"damage_healed":0.0,"max_hp_gain":0.0,"max_hp_loss":0.0,"gold_gain":0.0,"event_name":"Wheel of Change","player_choice":"Damaged","floor":10.0,"gold_loss":0.0,"damage_taken":9.0},{"damage_healed":0.0,"max_hp_gain":0.0,"max_hp_loss":0.0,"gold_gain":0.0,"event_name":"The Joust","player_choice":"Bet on Murderer","floor":23.0,"gold_loss":50.0,"damage_taken":0.0},{"damage_healed":0.0,"max_hp_gain":0.0,"max_hp_loss":0.0,"gold_gain":0.0,"event_name":"SensoryStone","player_choice":"Memory 3","floor":38.0,"gold_loss":0.0,"damage_taken":10.0},{"cards_removed":["Strike_R"],"damage_healed":0.0,"max_hp_gain":0.0,"max_hp_loss":0.0,"gold_gain":0.0,"event_name":"Falling","player_choice":"Removed Attack","floor":46.0,"gold_loss":0.0,"damage_taken":0.0}],"is_beta":false,"boss_relics":[{"not_picked":["Calling Bell","Runic Cube"],"picked":"Philosopher\u0027s Stone"},{"not_picked":["Fusion Hammer","SacredBark"],"picked":"Snecko Eye"}],"items_purged_floors":[],"is_endless":false,"potions_floor_spawned":[1,3,8,16,19,22,30,35,42],"ascension_level":1}}