{"host":"4eao2pkwlmv012cz","time":1612774281,"event":{"mods":["BaseMod","Colored Powertips","Minty Spire (QoL Compilation)","Permanent Neow","Quick Restart","Random Character Button","StSLib"],"gold_per_floor":[15,15,33,33,52,52,65,65,65,106,106,31,46,79,79,79,79],"floor_reached":16,"language":"ENG","playtime":391,"items_purged":[],"score":220,"play_id":"ef0e252d-1942-472b-bb46-e349df864a2c","local_time":"20210208035121","is_ascension_mode":true,"campfire_choices":[{"data":"Doom and Gloom","floor":6.0,"key":"SMITH"},{"data":"Streamline","floor":8.0,"key":"SMITH"},{"floor":11.0,"key":"REST"},{"data":"Zap","floor":15,"key":"SMITH"}],"circlet_count":0,"master_deck":["AscendersBane","Strike_B","Strike_B","Strike_B","Strike_B","Defend_B+1","Defend_B","Defend_B","Defend_B","Zap+1","Dualcast","Capacitor+1","Rip and Tear","Doom and Gloom+1","Streamline+1","Undo","Cold Snap","Compile Driver"],"relics":["Cracked Core","Mango","Golden Idol","MealTicket","Eternal Feather","Vajra"],"acts_visited":["Exordium"],"potions_floor_usage":[14,14],"damage_taken":[{"damage":2.0,"enemies":"2 Louse","floor":1.0,"turns":2.0},{"damage":7.0,"enemies":"Small Slimes","floor":3.0,"turns":4.0},{"damage":0.0,"enemies":"Cultist","floor":5.0,"turns":3.0},{"damage":10.0,"enemies":"Exordium Wildlife","floor":7.0,"turns":3.0},{"damage":24.0,"enemies":"3 Sentries","floor":10.0,"turns":4.0},{"damage":11.0,"enemies":"Looter","floor":13.0,"turns":3.0},{"damage":16,"enemies":"Lagavulin","floor":14,"turns":5},{"damage":26,"enemies":"Hexaghost","floor":16,"turns":8}],"seed_played":"1791904617170628473","potions_obtained":[{"floor":3.0,"key":"DuplicationPotion"},{"floor":5.0,"key":"EssenceOfSteel"},{"floor":10.0,"key":"SkillPotion"},{"floor":13.0,"key":"FearPotion"}],"is_trial":false,"path_per_floor":["M","?","M","?","M","R","M","R","T","E","R","?","M","E","R","B"],"character_chosen":"DEFECT","items_purchased":[],"campfire_rested":1,"item_purchase_floors":[],"current_hp_per_floor":[76,76,69,43,43,43,33,33,33,9,43,43,32,16,25,0,0],"gold":79,"neow_bonus":"ONE_RARE_RELIC","is_daily":false,"chose_seed":false,"campfire_upgraded":3,"win_rate":0.0,"timestamp":1612774281,"path_taken":["M","?","M","?","M","R","M","R","T","E","R","?","M","E","R","BOSS"],"items_purchased_type":[],"build_version":"2020-12-22","purchased_purges":0,"victory":false,"max_hp_per_floor":[85,85,85,85,85,85,85,85,85,85,85,85,85,85,85,85,85],"card_choices":[{"not_picked":["Go for the Eyes","Gash"],"picked":"Capacitor","floor":1.0},{"not_picked":["Double Energy","Static Discharge"],"picked":"Rip and Tear","floor":3.0},{"not_picked":["Lockon","Sweeping Beam"],"picked":"Doom and Gloom","floor":5.0},{"not_picked":["Beam Cell","Turbo"],"picked":"Streamline","floor":7.0},{"not_picked":["Compile Driver","Auto Shields"],"picked":"Undo","floor":10.0},{"not_picked":["Streamline","Ball Lightning"],"picked":"Cold Snap","floor":13.0},{"not_picked":["Hologram","Sweeping Beam"],"picked":"Compile Driver","floor":14}],"player_experience":2907635,"relics_obtained":[{"floor":9.0,"key":"MealTicket"},{"floor":10.0,"key":"Eternal Feather"},{"floor":14,"key":"Vajra"}],"event_choices":[{"damage_healed":0.0,"max_hp_gain":0.0,"max_hp_loss":0.0,"gold_gain":0.0,"event_name":"Golden Idol","player_choice":"Take Wound","floor":2.0,"gold_loss":0.0,"damage_taken":0.0,"relics_obtained":["Golden Idol"],"cards_obtained":["Injury"]},{"damage_healed":0.0,"max_hp_gain":0.0,"max_hp_loss":0.0,"gold_gain":0.0,"event_name":"Shining Light","player_choice":"Entered Light","floor":4.0,"gold_loss":0.0,"damage_taken":26.0,"cards_upgraded":["Capacitor","Defend_B"]},{"cards_removed":["Injury"],"damage_healed":0.0,"max_hp_gain":0.0,"max_hp_loss":0.0,"gold_gain":0.0,"event_name":"The Cleric","player_choice":"Card Removal","floor":12.0,"gold_loss":75.0,"damage_taken":0.0}],"is_beta":false,"boss_relics":[],"items_purged_floors":[],"is_endless":false,"potions_floor_spawned":[3,5,10,13],"killed_by":"Hexaghost","ascension_level":20}}