{"host":"qc8p2flj7wsy3zpg","time":1612802592,"event":{"mods":["BaseMod","Highlight Path","Minty Spire (QoL Compilation)","Monster List Patch","Relic Stats","StSLib"],"gold_per_floor":[362,20,30,48,48,76,76,104,104,136,150,150,174,207,207,285,285,303,303,303,303,24,24,24],"floor_reached":23,"language":"ENG","playtime":854,"items_purged":[],"score":430,"play_id":"13db1feb-7599-47fb-a0ee-c69f13bbe02c","local_time":"20210208104312","is_ascension_mode":true,"campfire_choices":[{"data":"Uppercut","floor":7.0,"key":"SMITH"},{"floor":12.0,"key":"REST"},{"data":"Bash","floor":15.0,"key":"SMITH"}],"circlet_count":0,"master_deck":["AscendersBane","Strike_R","Strike_R","Strike_R","Defend_R","Defend_R","Defend_R","Defend_R","Bash+1","PanicButton","SashWhip","Uppercut+1","Perfected Strike","Collect","Perfected Strike","Corruption","SpiritShield","Inflame+1","Bloodletting+1","Dark Embrace+1","SandsOfTime","J.A.X.","Flame Barrier"],"relics":["Burning Blood","PrismaticShard","Oddly Smooth Stone","Strawberry","The Courier","StrikeDummy","Pantograph","Odd Mushroom","Dream Catcher","Astrolabe","Nilry\u0027s Codex","White Beast Statue"],"acts_visited":["Exordium","TheCity"],"potions_floor_usage":[23],"damage_taken":[{"damage":12.0,"enemies":"2 Louse","floor":1.0,"turns":3.0},{"damage":12.0,"enemies":"Small Slimes","floor":3.0,"turns":5.0},{"damage":0.0,"enemies":"Cultist","floor":4.0,"turns":3.0},{"damage":27.0,"enemies":"Gremlin Nob","floor":6.0,"turns":4.0},{"damage":26.0,"enemies":"Lagavulin","floor":8.0,"turns":6.0},{"damage":6.0,"enemies":"Gremlin Nob","floor":10.0,"turns":4.0},{"damage":9.0,"enemies":"Gremlin Gang","floor":11.0,"turns":5.0},{"damage":6.0,"enemies":"The Mushroom Lair","floor":13.0,"turns":5.0},{"damage":15.0,"enemies":"Lagavulin","floor":14.0,"turns":5.0},{"damage":37.0,"enemies":"The Guardian","floor":16.0,"turns":11.0},{"damage":16.0,"enemies":"Spheric Guardian","floor":18.0,"turns":5.0},{"damage":55,"enemies":"Slavers","floor":23,"turns":4}],"seed_played":"4009199186896098808","potions_obtained":[{"floor":1.0,"key":"PowerPotion"},{"floor":8.0,"key":"Strength Potion"},{"floor":11.0,"key":"EssenceOfSteel"},{"floor":16.0,"key":"CultistPotion"}],"is_trial":false,"path_per_floor":["M","$","M","M","$","E","R","E","T","E","M","R","?","E","R","B",null,"M","?","?","?","$","E"],"character_chosen":"IRONCLAD","items_purchased":["PrismaticShard","Oddly Smooth Stone","White Beast Statue","Flame Barrier"],"campfire_rested":1,"item_purchase_floors":[2,2,22,22],"current_hp_per_floor":[62,62,56,62,62,48,48,28,28,28,25,47,47,38,38,32,64,54,54,33,48,48,0,0],"gold":24,"neow_bonus":"TWO_FIFTY_GOLD","is_daily":false,"chose_seed":false,"campfire_upgraded":2,"win_rate":0.0,"timestamp":1612802592,"path_taken":["M","$","M","M","$","E","R","E","T","E","M","R","?","E","R","BOSS","M","?","?","?","$","E"],"items_purchased_type":["Relic","Relic","Relic","Card"],"build_version":"2020-12-22","purchased_purges":0,"victory":false,"max_hp_per_floor":[68,68,68,68,68,75,75,75,75,75,75,75,75,75,75,75,75,75,75,75,75,75,75,75],"relic_stats":{"Dream Catcher":0,"counters":[12,60],"Pantograph":25,"Astrolabe":["Inflame","Bloodletting","Dark Embrace"],"obtain_stats":[{"Dream Catcher":14,"Nilry\u0027s Codex":20,"Strawberry":6,"Pantograph":10,"Astrolabe":17,"Oddly Smooth Stone":2,"The Courier":8,"Odd Mushroom":13,"PrismaticShard":2,"StrikeDummy":9,"Burning Blood":0,"White Beast Statue":22},{"Dream Catcher":9,"Nilry\u0027s Codex":11,"Strawberry":4,"Pantograph":6,"Astrolabe":10,"Oddly Smooth Stone":1,"The Courier":5,"Odd Mushroom":8,"PrismaticShard":1,"StrikeDummy":5,"Burning Blood":0,"White Beast Statue":11},{"Dream Catcher":40,"Nilry\u0027s Codex":56,"Strawberry":15,"Pantograph":25,"Astrolabe":51,"Oddly Smooth Stone":3,"The Courier":21,"Odd Mushroom":35,"PrismaticShard":3,"StrikeDummy":21,"Burning Blood":0,"White Beast Statue":56}],"Burning Blood":66},"card_choices":[{"not_picked":["Headbutt","Heavy Blade"],"picked":"Clothesline","floor":1.0},{"not_picked":["Shrug It Off","Heel Hook"],"picked":"PanicButton","floor":3.0},{"not_picked":["Heavy Blade","Leap"],"picked":"SashWhip","floor":4.0},{"not_picked":["Backflip","Double Tap"],"picked":"Uppercut","floor":6.0},{"not_picked":["Lockon","Metallicize"],"picked":"Perfected Strike","floor":8.0},{"not_picked":["SignatureMove","Aggregate"],"picked":"Collect","floor":10.0},{"not_picked":["Concentrate","FollowUp"],"picked":"Perfected Strike","floor":13.0},{"not_picked":["Cloak And Dagger","FollowUp"],"picked":"Corruption","floor":14.0},{"not_picked":["Impervious","Master of Strategy"],"picked":"SpiritShield","floor":16.0},{"not_picked":["Heavy Blade","WreathOfFlame"],"picked":"SandsOfTime","floor":18.0}],"player_experience":2336475,"relics_obtained":[{"floor":6.0,"key":"Strawberry"},{"floor":8.0,"key":"The Courier"},{"floor":9.0,"key":"StrikeDummy"},{"floor":10.0,"key":"Pantograph"},{"floor":13.0,"key":"Odd Mushroom"},{"floor":14.0,"key":"Dream Catcher"},{"floor":20.0,"key":"Nilry\u0027s Codex"}],"event_choices":[{"damage_healed":0.0,"max_hp_gain":0.0,"max_hp_loss":0.0,"gold_gain":0.0,"event_name":"Mushrooms","player_choice":"Fought Mushrooms","floor":13.0,"gold_loss":0.0,"damage_taken":0.0},{"damage_healed":0.0,"max_hp_gain":0.0,"max_hp_loss":0.0,"gold_gain":0.0,"event_name":"Drug Dealer","player_choice":"Obtain J.A.X.","floor":19.0,"gold_loss":0.0,"damage_taken":0.0,"cards_obtained":["J.A.X."]},{"damage_healed":0.0,"max_hp_gain":0.0,"max_hp_loss":0.0,"gold_gain":0.0,"event_name":"Cursed Tome","player_choice":"Obtained Book","floor":20.0,"gold_loss":0.0,"damage_taken":21.0},{"damage_healed":15.0,"max_hp_gain":0.0,"max_hp_loss":0.0,"gold_gain":0.0,"event_name":"The Library","player_choice":"Heal","floor":21.0,"gold_loss":0.0,"damage_taken":0.0}],"is_beta":false,"boss_relics":[{"not_picked":["SacredBark","Black Blood"],"picked":"Astrolabe"}],"items_purged_floors":[],"is_endless":false,"potions_floor_spawned":[1,8,11,16],"killed_by":"Slavers","ascension_level":20}}