{"host":"qksa0nge77ubun9a","time":1612773068,"event":{"mods":["AchievementEnabler","BaseMod","Colored Map","Colored Powertips","Googly Eyes","Highlight Path","Minty Spire (QoL Compilation)","Quick Restart","StSLib"],"gold_per_floor":[115,40,51,1,1,36,36,70,70,104,129,61,61,95,95,194,194,204,223,233,333,333,333,333,333,359,359,433,0,18,50,50,151,151,167,167,217,217,5,37,37,37,84,84,84,101,101,130,130,130],"floor_reached":51,"language":"ENG","playtime":3482,"items_purged":["Defend_R","Rampage+1"],"score":1321,"play_id":"7febe5cb-d8df-44b0-85b7-23aae06bf662","local_time":"20210208003108","is_ascension_mode":true,"campfire_choices":[{"data":"Bludgeon","floor":7.0,"key":"SMITH"},{"data":"Havoc","floor":13.0,"key":"SMITH"},{"data":"Flex","floor":15.0,"key":"SMITH"},{"data":"Barricade","floor":23.0,"key":"SMITH"},{"floor":25.0,"key":"REST"},{"data":"Sentinel","floor":27.0,"key":"SMITH"},{"data":"Entrench","floor":32.0,"key":"SMITH"},{"data":"Brutality","floor":42.0,"key":"SMITH"},{"data":"Demon Form","floor":44.0,"key":"SMITH"},{"data":"Impervious","floor":47.0,"key":"SMITH"},{"floor":49.0,"key":"REST"}],"circlet_count":0,"master_deck":["AscendersBane","Bash+1","Dual Wield","Flex+1","Bludgeon+1","Demon Form+1","Havoc+1","Cleave+1","Rampage+1","Barricade+1","Pummel+1","Anger+1","Clash+1","Whirlwind+1","Uppercut+1","Sentinel+1","Metallicize+1","Shrug It Off+1","Feed+1","Deep Breath","True Grit+1","Dropkick+1","Entrench+1","Impervious+1","Heavy Blade+1","Iron Wave+1","Impervious","Dark Embrace","Brutality+1","Sword Boomerang+1","Shrug It Off+1"],"relics":["Burning Blood","NeowsBlessing","Meat on the Bone","Juzu Bracelet","Molten Egg 2","Bag of Preparation","Odd Mushroom","MealTicket","Vajra","Pandora\u0027s Box","Centennial Puzzle","Matryoshka","Sundial","Mercury Hourglass","Snecko Eye","Magic Flower","DollysMirror","Art of War","Regal Pillow","Toy Ornithopter","Turnip"],"acts_visited":["Exordium","TheCity","TheBeyond"],"potions_floor_usage":[],"damage_taken":[{"damage":0.0,"enemies":"2 Louse","floor":1.0,"turns":1.0},{"damage":0.0,"enemies":"Jaw Worm","floor":3.0,"turns":1.0},{"damage":0.0,"enemies":"Lagavulin","floor":6.0,"turns":1.0},{"damage":16.0,"enemies":"Gremlin Nob","floor":8.0,"turns":3.0},{"damage":25.0,"enemies":"3 Sentries","floor":10.0,"turns":6.0},{"damage":27.0,"enemies":"The Mushroom Lair","floor":11.0,"turns":4.0},{"damage":0.0,"enemies":"Gremlin Nob","floor":14.0,"turns":2.0},{"damage":0.0,"enemies":"Slime Boss","floor":16.0,"turns":7.0},{"damage":33.0,"enemies":"2 Thieves","floor":18.0,"turns":3.0},{"damage":0.0,"enemies":"Spheric Guardian","floor":19.0,"turns":2.0},{"damage":33.0,"enemies":"Shelled Parasite and Fungi","floor":20.0,"turns":4.0},{"damage":0.0,"enemies":"Slavers","floor":24.0,"turns":1.0},{"damage":11.0,"enemies":"3 Cultists","floor":30.0,"turns":4.0},{"damage":58.0,"enemies":"Book of Stabbing","floor":31.0,"turns":5.0},{"damage":47.0,"enemies":"Automaton","floor":33.0,"turns":8.0},{"damage":20.0,"enemies":"3 Darklings","floor":35.0,"turns":3.0},{"damage":0.0,"enemies":"Mind Bloom Boss Battle","floor":37.0,"turns":5.0},{"damage":9.0,"enemies":"Giant Head","floor":40.0,"turns":5.0},{"damage":7.0,"enemies":"Orb Walker","floor":46.0,"turns":2.0},{"damage":63.0,"enemies":"Reptomancer","floor":48.0,"turns":7.0},{"damage":80,"enemies":"Awakened One","floor":50,"turns":8}],"seed_played":"503116370362456321","potions_obtained":[{"floor":3.0,"key":"Weak Potion"},{"floor":8.0,"key":"EntropicBrew"},{"floor":14.0,"key":"FearPotion"},{"floor":16.0,"key":"SmokeBomb"},{"floor":18.0,"key":"Strength Potion"},{"floor":30.0,"key":"AttackPotion"},{"floor":33.0,"key":"Explosive Potion"},{"floor":37.0,"key":"FearPotion"},{"floor":46.0,"key":"ColorlessPotion"}],"is_trial":false,"path_per_floor":["M","$","M","?","?","E","R","E","T","E","?","?","R","E","R","B",null,"M","M","M","?","?","R","E","R","T","R","T","$","M","E","R","B",null,"M","?","?","?","$","E","$","R","T","R","?","M","R","E","R","B",null],"character_chosen":"IRONCLAD","items_purchased":["True Grit","Sundial","BloodPotion","DollysMirror","Dark Embrace"],"campfire_rested":2,"item_purchase_floors":[29,29,29,39,39],"current_hp_per_floor":[78,78,80,80,64,70,70,60,60,53,44,44,44,50,50,56,74,47,53,38,38,38,38,56,80,80,80,80,80,79,39,55,26,70,56,56,62,62,77,77,84,84,84,84,84,88,88,68,88,41],"gold":130,"neow_bonus":"THREE_ENEMY_KILL","is_daily":false,"chose_seed":false,"campfire_upgraded":9,"win_rate":0.0,"timestamp":1612773068,"path_taken":["M","$","M","?","?","E","R","E","T","E","?","?","R","E","R","BOSS","M","M","M","?","?","R","E","R","T","R","?","$","M","E","R","BOSS","M","?","?","?","?","E","$","R","T","R","?","M","R","E","R","BOSS"],"items_purchased_type":["Card","Relic","Potion","Relic","Card"],"build_version":"2020-12-22","purchased_purges":2,"victory":true,"max_hp_per_floor":[80,80,80,80,80,80,80,80,80,80,80,80,80,80,80,80,80,80,80,80,80,80,80,80,80,80,80,80,80,84,84,84,84,84,84,84,84,84,84,84,84,84,84,84,84,88,88,88,88,92],"card_choices":[{"not_picked":["Flex","Warcry"],"picked":"Dual Wield","floor":1.0},{"not_picked":["Entrench","Warcry"],"picked":"Flex","floor":3.0},{"not_picked":["Rupture","Thunderclap"],"picked":"Bludgeon","floor":6.0},{"not_picked":["Shrug It Off","Shockwave"],"picked":"Demon Form","floor":8.0},{"not_picked":["Flex","Spot Weakness"],"picked":"Havoc","floor":10.0},{"not_picked":["Infernal Blade","Sever Soul+1"],"picked":"Cleave+1","floor":11.0},{"not_picked":["Reckless Charge+1","Flex"],"picked":"Rampage+1","floor":14.0},{"not_picked":["Exhume","Immolate+1"],"picked":"Barricade","floor":16.0},{"not_picked":["Heavy Blade+1","Wild Strike+1"],"picked":"Metallicize+1","floor":18.0},{"not_picked":["Feel No Pain","Flex"],"picked":"Shrug It Off+1","floor":19.0},{"not_picked":["Ghostly Armor","Thunderclap+1"],"picked":"Sword Boomerang+1","floor":20.0},{"not_picked":["Heavy Blade+1","Rupture"],"picked":"Dropkick+1","floor":30.0},{"not_picked":["Headbutt+1","Twin Strike+1"],"picked":"Entrench","floor":31.0},{"not_picked":["Limit Break","Juggernaut"],"picked":"Impervious","floor":33.0},{"not_picked":["Sword Boomerang+1","Body Slam+1"],"picked":"Heavy Blade+1","floor":35.0},{"not_picked":["Pummel+1","Warcry+1"],"picked":"Iron Wave+1","floor":37.0},{"not_picked":["Flame Barrier+1","True Grit+1"],"picked":"Brutality","floor":40.0},{"not_picked":["Cleave+1","Wild Strike+1"],"picked":"Sword Boomerang+1","floor":46.0},{"not_picked":["Bloodletting+1","Body Slam+1"],"picked":"Shrug It Off+1","floor":48.0}],"player_experience":1353217,"relics_obtained":[{"floor":6.0,"key":"Meat on the Bone"},{"floor":8.0,"key":"Juzu Bracelet"},{"floor":9.0,"key":"Molten Egg 2"},{"floor":10.0,"key":"Bag of Preparation"},{"floor":11.0,"key":"Odd Mushroom"},{"floor":14.0,"key":"Vajra"},{"floor":26.0,"key":"Centennial Puzzle"},{"floor":28.0,"key":"Matryoshka"},{"floor":31.0,"key":"Mercury Hourglass"},{"floor":37.0,"key":"Magic Flower"},{"floor":40.0,"key":"Art of War"},{"floor":43.0,"key":"Regal Pillow"},{"floor":43.0,"key":"Toy Ornithopter"},{"floor":48.0,"key":"Turnip"}],"event_choices":[{"cards_removed":["Strike_R"],"damage_healed":0.0,"max_hp_gain":0.0,"max_hp_loss":0.0,"gold_gain":0.0,"event_name":"The Cleric","player_choice":"Card Removal","floor":4.0,"gold_loss":50.0,"damage_taken":0.0},{"damage_healed":0.0,"max_hp_gain":0.0,"max_hp_loss":0.0,"gold_gain":0.0,"event_name":"Shining Light","player_choice":"Entered Light","floor":5.0,"gold_loss":0.0,"damage_taken":16.0,"cards_upgraded":["Bash","Strike_R"]},{"damage_healed":0.0,"max_hp_gain":0.0,"max_hp_loss":0.0,"gold_gain":0.0,"event_name":"Mushrooms","player_choice":"Fought Mushrooms","floor":11.0,"gold_loss":0.0,"damage_taken":0.0},{"damage_healed":0.0,"max_hp_gain":0.0,"max_hp_loss":0.0,"gold_gain":0.0,"event_name":"WeMeetAgain","player_choice":"Paid Gold","floor":12.0,"gold_loss":68.0,"damage_taken":0.0,"relics_obtained":["MealTicket"]},{"damage_healed":0.0,"max_hp_gain":0.0,"max_hp_loss":0.0,"gold_gain":100.0,"event_name":"Golden Shrine","player_choice":"Pray","floor":21.0,"gold_loss":0.0,"damage_taken":0.0},{"damage_healed":0.0,"max_hp_gain":0.0,"max_hp_loss":0.0,"gold_gain":0.0,"event_name":"Match and Keep!","player_choice":"2 cards matched","floor":22.0,"gold_loss":0.0,"damage_taken":0.0,"cards_obtained":["Feed","Deep Breath"]},{"damage_healed":0.0,"max_hp_gain":0.0,"max_hp_loss":0.0,"gold_gain":0.0,"event_name":"Upgrade Shrine","player_choice":"Upgraded","floor":36.0,"gold_loss":0.0,"damage_taken":0.0,"cards_upgraded":["True Grit"]},{"damage_healed":0.0,"max_hp_gain":0.0,"max_hp_loss":0.0,"gold_gain":0.0,"event_name":"MindBloom","player_choice":"Fight","floor":37.0,"gold_loss":0.0,"damage_taken":0.0},{"damage_healed":0.0,"max_hp_gain":0.0,"max_hp_loss":0.0,"gold_gain":0.0,"event_name":"SecretPortal","player_choice":"Ignored","floor":38.0,"gold_loss":0.0,"damage_taken":0.0},{"cards_removed":["Sword Boomerang"],"damage_healed":0.0,"max_hp_gain":0.0,"max_hp_loss":0.0,"gold_gain":0.0,"event_name":"Falling","player_choice":"Removed Attack","floor":45.0,"gold_loss":0.0,"damage_taken":0.0}],"is_beta":false,"boss_relics":[{"not_picked":["Black Star","Sozu"],"picked":"Pandora\u0027s Box"},{"not_picked":["Black Blood","Tiny House"],"picked":"Snecko Eye"}],"items_purged_floors":[2,29],"is_endless":false,"potions_floor_spawned":[3,8,14,16,18,19,24,30,33,37,46],"ascension_level":11}}