{"host":"wbs0wzz0alz01mnq","time":1612757271,"event":{"mods":["BaseMod","Bestiary","GifTheSpireLib","Googly Eyes","GungeonMod","Highlight Path","Mimic Mod","Minty Spire (QoL Compilation)","Quick Restart","StSLib"],"gold_per_floor":[114,126,178,195,195,195,295,295,295,313,345,230,248,267,267,272,272],"floor_reached":16,"language":"ENG","playtime":997,"items_purged":[],"score":94,"play_id":"ee564ce0-0086-4ce4-b8d3-e62bc28ab4b8","local_time":"20210207230751","is_ascension_mode":false,"campfire_choices":[{"data":"DemoMod:Elimentaler","floor":6,"key":"SMITH"},{"data":"DemoMod:RustySidearm","floor":8,"key":"SMITH"},{"data":"DemoMod:ChanceBullets","floor":15,"key":"SMITH"}],"circlet_count":0,"master_deck":["DemoMod:Strike_Huntress","DemoMod:Strike_Huntress","DemoMod:Defend_Huntress","DemoMod:Defend_Huntress","DemoMod:Defend_Huntress","DemoMod:Defend_Huntress","DemoMod:Roll","DemoMod:ManualReload","DemoMod:RustySidearm+1","DemoMod:CrossBow","DemoMod:BattleInHaste","DemoMod:JK47","DemoMod:Elimentaler+1","DemoMod:EasyReloadBullets","DemoMod:GunslingerForm","DemoMod:ChanceBullets+1","DemoMod:Polaris","DemoMod:TableSutra"],"relics":["DemoMod:Dog","NeowsBlessing","Sundial","MealTicket","DemoMod:GnawedKey"],"acts_visited":["Exordium"],"potions_floor_usage":[4,16,16,16],"damage_taken":[{"damage":0,"enemies":"Cultist","floor":1,"turns":1},{"damage":0,"enemies":"Small Slimes","floor":2,"turns":1},{"damage":0,"enemies":"Jaw Worm","floor":3,"turns":1},{"damage":0,"enemies":"3 Louse","floor":4,"turns":3},{"damage":0,"enemies":"Large Slime","floor":10,"turns":5},{"damage":2,"enemies":"Red Slaver","floor":11,"turns":11},{"damage":23,"enemies":"Red Slaver","floor":13,"turns":6},{"damage":36,"enemies":"Gremlin Gang","floor":14,"turns":9},{"damage":26,"enemies":"The Guardian","floor":16,"turns":2}],"seed_played":"7935559263422370553","potions_obtained":[{"floor":3,"key":"Fire Potion"},{"floor":4,"key":"FearPotion"},{"floor":10,"key":"Swift Potion"},{"floor":13,"key":"SteroidPotion"}],"is_trial":false,"path_per_floor":["M","M","M","M","?","R","?","R","T","M","MIM","$","M","M","R","B"],"character_chosen":"HUNTRESS","items_purchased":["DemoMod:GnawedKey"],"campfire_rested":0,"item_purchase_floors":[12],"current_hp_per_floor":[70,70,70,70,63,63,63,63,63,63,61,70,47,11,11,0,0],"gold":272,"neow_bonus":"THREE_ENEMY_KILL","is_daily":false,"chose_seed":false,"campfire_upgraded":3,"win_rate":0.0,"timestamp":1612757271,"path_taken":["M","?","M","M","?","R","?","R","T","?","?","$","M","M","R","BOSS"],"items_purchased_type":["Relic"],"build_version":"2020-12-22","purchased_purges":0,"victory":false,"max_hp_per_floor":[70,70,70,70,70,70,70,70,70,70,70,70,70,70,70,70,70],"card_choices":[{"not_picked":["DemoMod:Purify","DemoMod:MachoBrace"],"picked":"DemoMod:BattleInHaste","floor":1},{"not_picked":["DemoMod:BoxingGlove","DemoMod:AC15"],"picked":"DemoMod:JK47","floor":2},{"not_picked":["DemoMod:SniperShot","DemoMod:AWP"],"picked":"DemoMod:Elimentaler","floor":3},{"not_picked":["DemoMod:PotionOfGunFriendShip","DemoMod:ConditionalReflex"],"picked":"DemoMod:DirectionalPad","floor":4},{"not_picked":["DemoMod:StickyCrossBow","DemoMod:ConditionalReflex"],"picked":"DemoMod:EasyReloadBullets","floor":10},{"not_picked":["DemoMod:BoxingGlove","DemoMod:AC15"],"picked":"DemoMod:GunslingerForm","floor":11},{"not_picked":["DemoMod:GunstockTap","DemoMod:Unity"],"picked":"DemoMod:ChanceBullets","floor":11},{"not_picked":["DemoMod:PracticeMakesPerfect","DemoMod:PotionOfGunFriendShip"],"picked":"DemoMod:Polaris","floor":13},{"not_picked":["DemoMod:ProbeStrike","DemoMod:AC15"],"picked":"DemoMod:TableSutra","floor":14}],"player_experience":9552,"relics_obtained":[{"floor":9,"key":"Sundial"},{"floor":11,"key":"MealTicket"}],"event_choices":[{"cards_removed":["DemoMod:Strike_Huntress"],"damage_healed":0,"gold_gain":0,"player_choice":"Card Removal","damage_taken":7,"max_hp_gain":0,"max_hp_loss":0,"event_name":"Golden Wing","floor":5,"gold_loss":0},{"damage_healed":0,"gold_gain":100,"player_choice":"Gold","damage_taken":0,"max_hp_gain":0,"max_hp_loss":0,"event_name":"Wheel of Change","floor":7,"gold_loss":0}],"is_beta":false,"boss_relics":[],"items_purged_floors":[],"is_endless":false,"potions_floor_spawned":[3,4,10,13],"killed_by":"The Guardian","ascension_level":0}}