{"host":"gbryjxda0a5gse5q","time":1612806990,"event":{"mods":["AchievementEnabler","BaseMod","Colored Map","Minty Spire (QoL Compilation)","Permanent Neow","Rare Cards Sparkle","StSLib","Waifu the Spire"],"gold_per_floor":[112,112,129,144,69,69,69,81,106,127,127,127,155,166,166,267,267,279,279,279,179,197,197,197,197],"floor_reached":24,"language":"ENG","playtime":3056,"items_purged":["Strike_R","Clumsy"],"score":268,"play_id":"f0b44f5a-79fa-44e1-8b80-066d832e0876","local_time":"20210208125630","is_ascension_mode":true,"campfire_choices":[{"floor":6,"key":"REST"},{"floor":12,"key":"REST"},{"floor":15,"key":"REST"},{"floor":23,"key":"REST"}],"circlet_count":0,"master_deck":["Strike_R","Strike_R","Defend_R","Defend_R","Defend_R+1","Defend_R+1","Bash+1","Rampage+1","Cleave","Evolve+1","Inflame","Carnage","Demon Form"],"relics":["Burning Blood","Juzu Bracelet","Odd Mushroom","War Paint","Mark of Pain"],"acts_visited":["Exordium","TheCity"],"potions_floor_usage":[14,16,22,22,24],"damage_taken":[{"damage":20,"enemies":"Small Slimes","floor":1,"turns":3},{"damage":16,"enemies":"Cultist","floor":3,"turns":4},{"damage":14,"enemies":"2 Louse","floor":4,"turns":3},{"damage":17,"enemies":"Looter","floor":8,"turns":3},{"damage":35,"enemies":"The Mushroom Lair","floor":10,"turns":5},{"damage":20,"enemies":"Gremlin Nob","floor":13,"turns":4},{"damage":20,"enemies":"Large Slime","floor":14,"turns":4},{"damage":0,"enemies":"Slime Boss","floor":16,"turns":8},{"damage":40,"enemies":"3 Byrds","floor":18,"turns":6},{"damage":41,"enemies":"Shell Parasite","floor":22,"turns":6},{"damage":52,"enemies":"Book of Stabbing","floor":24,"turns":5}],"seed_played":"5847814077737922065","potions_obtained":[{"floor":4,"key":"ColorlessPotion"},{"floor":10,"key":"BloodPotion"},{"floor":14,"key":"DistilledChaos"},{"floor":16,"key":"Regen Potion"},{"floor":18,"key":"Strength Potion"}],"is_trial":false,"path_per_floor":["M","?","M","M","$","R","?","M","T","?","?","R","E","M","R","B",null,"M","?","?","$","M","R","E"],"character_chosen":"IRONCLAD","items_purchased":[],"campfire_rested":4,"item_purchase_floors":[],"current_hp_per_floor":[66,66,56,48,48,72,65,54,54,25,9,33,19,21,45,51,80,46,46,46,46,23,47,0,0],"gold":197,"neow_bonus":"RANDOM_COLORLESS_2","is_daily":false,"chose_seed":false,"campfire_upgraded":0,"win_rate":0.0,"timestamp":1612806990,"path_taken":["M","?","?","M","$","R","?","M","T","?","?","R","E","M","R","BOSS","M","?","?","$","M","R","E"],"items_purchased_type":[],"build_version":"2020-12-22","purchased_purges":2,"victory":false,"max_hp_per_floor":[80,80,80,80,80,80,80,80,80,80,80,80,80,80,80,80,80,80,80,80,80,80,80,80,80],"card_choices":[{"not_picked":["Blood for Blood","Havoc","True Grit"],"picked":"SKIP","floor":1},{"not_picked":["Perfected Strike","Feel No Pain"],"picked":"Rampage","floor":3},{"not_picked":["Perfected Strike","True Grit"],"picked":"Cleave","floor":4},{"not_picked":["Wild Strike","Burning Pact"],"picked":"Evolve","floor":8},{"not_picked":["Clash","Sever Soul"],"picked":"Inflame","floor":10},{"not_picked":["Twin Strike","Warcry","Ghostly Armor"],"picked":"SKIP","floor":13},{"not_picked":["Warcry","Perfected Strike"],"picked":"Carnage","floor":14},{"not_picked":["Reaper","Bludgeon"],"picked":"Demon Form","floor":16},{"not_picked":["Headbutt","Iron Wave","Armaments"],"picked":"SKIP","floor":18},{"not_picked":["Flex","Headbutt","True Grit"],"picked":"SKIP","floor":22}],"player_experience":280149,"relics_obtained":[{"floor":9,"key":"Juzu Bracelet"},{"floor":10,"key":"Odd Mushroom"},{"floor":13,"key":"War Paint"}],"event_choices":[{"damage_healed":0,"gold_gain":0,"player_choice":"Upgraded","damage_taken":0,"max_hp_gain":0,"max_hp_loss":0,"event_name":"Upgrade Shrine","floor":2,"gold_loss":0,"cards_upgraded":["Bash"]},{"cards_removed":["Strike_R"],"damage_healed":0,"gold_gain":0,"player_choice":"Card Removal","damage_taken":7,"max_hp_gain":0,"max_hp_loss":0,"event_name":"Golden Wing","floor":7,"gold_loss":0},{"damage_healed":0,"gold_gain":0,"player_choice":"Fought Mushrooms","damage_taken":0,"max_hp_gain":0,"max_hp_loss":0,"event_name":"Mushrooms","floor":10,"gold_loss":0},{"damage_healed":0,"gold_gain":0,"player_choice":"Entered Light","damage_taken":16,"max_hp_gain":0,"max_hp_loss":0,"event_name":"Shining Light","floor":11,"gold_loss":0,"cards_upgraded":["Evolve","Rampage"]},{"damage_healed":0,"gold_gain":0,"player_choice":"Ignored","damage_taken":0,"max_hp_gain":0,"max_hp_loss":0,"event_name":"Ghosts","floor":19,"gold_loss":0},{"cards_removed":["Strike_R"],"damage_healed":0,"gold_gain":0,"player_choice":"Elegance","damage_taken":0,"max_hp_gain":0,"max_hp_loss":0,"event_name":"Back to Basics","floor":20,"gold_loss":0}],"is_beta":false,"boss_relics":[{"not_picked":["Runic Dome","Velvet Choker"],"picked":"Mark of Pain"}],"items_purged_floors":[5,21],"is_endless":false,"potions_floor_spawned":[4,10,14,16,18],"killed_by":"Book of Stabbing","ascension_level":2}}