{"host":"6nqy62k7v1jh46lb","time":1612807235,"event":{"mods":["AchievementEnabler","BaseMod","Bestiary","Block Reminder","Colored Powertips","Highlight Path","Minty Spire (QoL Compilation)","Relic Stats"],"gold_per_floor":[112,129,142,95,111,111,144,144,220,220,235,269,269,9,9,105,105,90,5,5,5,5,5,5],"floor_reached":23,"language":"ENG","playtime":2195,"items_purged":[],"score":197,"play_id":"3b9419a3-eb88-4ee3-8502-4ffd3a38a742","local_time":"20210208190035","is_ascension_mode":false,"campfire_choices":[{"data":"LikeWater","floor":6.0,"key":"SMITH"},{"floor":8.0,"key":"REST"},{"floor":15.0,"key":"REST"}],"circlet_count":0,"master_deck":["Strike_P+1","Strike_P+1","Strike_P+1","Defend_P+1","Defend_P+1","Defend_P+1","Defend_P+1","Eruption","Vigilance","CurseOfTheBell","EmptyFist","Consecrate","LikeWater+1","Crescendo","ThirdEye","JustLucky","Meditate","TalkToTheHand","Wireheading","Wish","SashWhip+1"],"relics":["Calling Bell","Blood Vial","White Beast Statue","Peace Pipe","Girya","Kunai","War Paint","Pen Nib","SlaversCollar","Ice Cream","The Courier"],"acts_visited":["Exordium","TheCity"],"potions_floor_usage":[16,16,18,23],"damage_taken":[{"damage":10.0,"enemies":"Jaw Worm","floor":1.0,"turns":6.0},{"damage":1.0,"enemies":"Cultist","floor":2.0,"turns":3.0},{"damage":0.0,"enemies":"Small Slimes","floor":3.0,"turns":2.0},{"damage":6.0,"enemies":"Blue Slaver","floor":5.0,"turns":6.0},{"damage":14.0,"enemies":"Gremlin Nob","floor":7.0,"turns":4.0},{"damage":8.0,"enemies":"Large Slime","floor":11.0,"turns":6.0},{"damage":32.0,"enemies":"3 Sentries","floor":12.0,"turns":13.0},{"damage":40,"enemies":"Slime Boss","floor":16,"turns":10},{"damage":19,"enemies":"2 Thieves","floor":18,"turns":4},{"damage":58,"enemies":"Gremlin Leader","floor":23,"turns":3}],"seed_played":"-7617069210924568644","potions_obtained":[{"floor":1.0,"key":"FearPotion"},{"floor":2.0,"key":"CultistPotion"},{"floor":3.0,"key":"LiquidBronze"},{"floor":7.0,"key":"SkillPotion"},{"floor":10.0,"key":"Regen Potion"},{"floor":10.0,"key":"Explosive Potion"},{"floor":11.0,"key":"Weak Potion"},{"floor":12.0,"key":"ColorlessPotion"},{"floor":16,"key":"Strength Potion"},{"floor":18,"key":"Block Potion"}],"is_trial":false,"path_per_floor":["M","M","M","?","M","R","E","R","T","?","M","E","?","$","R","B",null,"M","?","?","T","$","E"],"character_chosen":"WATCHER","items_purchased":["Pen Nib","TalkToTheHand","Wireheading"],"campfire_rested":2,"item_purchase_floors":[14,14,14],"current_hp_per_floor":[62,63,65,65,61,61,49,70,70,70,64,49,42,42,63,25,72,53,53,53,53,53,0,0],"gold":5,"neow_bonus":"BOSS_RELIC","is_daily":false,"chose_seed":false,"campfire_upgraded":1,"win_rate":0.0,"timestamp":1612807235,"path_taken":["M","M","M","?","M","R","E","R","T","?","?","E","?","$","R","BOSS","M","?","?","?","$","E"],"items_purchased_type":["Relic","Card","Card"],"build_version":"2020-12-22","purchased_purges":0,"victory":false,"max_hp_per_floor":[72,72,72,72,72,72,72,72,72,72,72,72,72,72,72,72,72,72,72,72,72,72,72,72],"relic_stats":{"Blood Vial":16,"Peace Pipe":0,"counters":[10,57],"Pen Nib":[3],"Kunai":[8],"War Paint":["Defend_P","Defend_P"],"obtain_stats":[{"Calling Bell":0,"Blood Vial":0,"Peace Pipe":0,"Ice Cream":19,"Girya":7,"SlaversCollar":17,"Pen Nib":14,"The Courier":21,"Kunai":9,"PureWater":0,"War Paint":12,"White Beast Statue":0},{"Calling Bell":0,"Blood Vial":0,"Peace Pipe":0,"Ice Cream":9,"Girya":5,"SlaversCollar":8,"Pen Nib":7,"The Courier":9,"Kunai":5,"PureWater":0,"War Paint":7,"White Beast Statue":0},{"Calling Bell":0,"Blood Vial":0,"Peace Pipe":0,"Ice Cream":54,"Girya":21,"SlaversCollar":50,"Pen Nib":40,"The Courier":54,"Kunai":21,"PureWater":0,"War Paint":40,"White Beast Statue":0}]},"card_choices":[{"not_picked":["Tantrum","Sanctity"],"picked":"EmptyFist","floor":1.0},{"not_picked":["Halt","InnerPeace"],"picked":"Consecrate","floor":2.0},{"not_picked":["PathToVictory","ThirdEye"],"picked":"LikeWater","floor":3.0},{"not_picked":["DeceiveReality","Consecrate"],"picked":"Crescendo","floor":5.0},{"not_picked":["Prostrate","PathToVictory"],"picked":"ThirdEye","floor":7.0},{"not_picked":["PathToVictory","Crescendo"],"picked":"JustLucky","floor":11.0},{"not_picked":["WindmillStrike","Indignation"],"picked":"Meditate","floor":12.0},{"not_picked":["MasterReality","Brilliance"],"picked":"Wish","floor":16},{"not_picked":["LikeWater","Halt+1"],"picked":"SashWhip+1","floor":18}],"player_experience":181929,"relics_obtained":[{"floor":0.0,"key":"Blood Vial"},{"floor":0.0,"key":"White Beast Statue"},{"floor":0.0,"key":"Peace Pipe"},{"floor":7.0,"key":"Girya"},{"floor":9.0,"key":"Kunai"},{"floor":12.0,"key":"War Paint"},{"floor":21,"key":"The Courier"}],"event_choices":[{"damage_healed":0.0,"max_hp_gain":0.0,"max_hp_loss":0.0,"gold_gain":0.0,"event_name":"World of Goop","player_choice":"Left Gold","floor":4.0,"gold_loss":47.0,"damage_taken":0.0},{"damage_healed":0.0,"max_hp_gain":0.0,"max_hp_loss":0.0,"gold_gain":0.0,"event_name":"Lab","player_choice":"Got Potions","floor":10.0,"gold_loss":0.0,"damage_taken":0.0},{"cards_removed":["Strike_P"],"damage_healed":0.0,"max_hp_gain":0.0,"max_hp_loss":0.0,"gold_gain":0.0,"event_name":"Golden Wing","player_choice":"Card Removal","floor":13.0,"gold_loss":0.0,"damage_taken":7.0},{"damage_healed":0,"gold_gain":0,"player_choice":"Obtained Relic","damage_taken":0,"relics_obtained":["Ice Cream"],"max_hp_gain":0,"max_hp_loss":0,"event_name":"Addict","floor":19,"gold_loss":85},{"damage_healed":0,"gold_gain":0,"player_choice":"Simplicity","damage_taken":0,"max_hp_gain":0,"max_hp_loss":0,"event_name":"Back to Basics","floor":20,"gold_loss":0,"cards_upgraded":["Strike_P","Strike_P","Strike_P","Defend_P","Defend_P"]}],"is_beta":false,"boss_relics":[{"not_picked":["Black Star","Velvet Choker"],"picked":"SlaversCollar"}],"items_purged_floors":[],"is_endless":false,"potions_floor_spawned":[1,2,3,5,7,11,12,16,18],"killed_by":"Gremlin Leader","ascension_level":0}}