{"host":"hqvh779b89tfrjxy","time":1612774548,"event":{"mods":["Act Like it!","BaseMod","Better Third Choice","Downfall","Elementarium","GifTheSpireLib","Minty Spire (QoL Compilation)","Replay The Spire","Spicy Shops","StSLib","The Dragon Tamer"],"gold_per_floor":[119,135,135,149,61,61,71,82,82,104,68,68,83,111,111,216,216,227,296,395,414,427,427,452,470,544,560,335,364,364,279,279,382,382,398,448,448,463,488,488,519,519,519,536,239,250,250,250],"floor_reached":47,"language":"ENG","playtime":2646,"items_purged":["Strike_G","Defend_B","Strike_B"],"score":896,"play_id":"5297b24b-5f71-4209-9312-02b4eba55852","local_time":"20210208095548","is_ascension_mode":true,"campfire_choices":[{"data":"Genetic Algorithm","floor":6,"key":"SMITH"},{"data":"Crow Ritual","floor":12,"key":"SMITH"},{"data":"Ball Lightning","floor":15,"key":"SMITH"},{"data":"Echo Form","floor":23,"key":"SMITH"},{"data":"Chill","floor":30,"key":"SMITH"},{"data":"Stack","floor":32,"key":"SMITH"},{"data":"Multi-Cast","floor":40,"key":"SMITH"},{"data":"Redo","floor":42,"key":"SMITH"}],"circlet_count":0,"master_deck":["Strike_B","Strike_B","Strike_B","Defend_B","Defend_B","Defend_B","Zap","Dualcast","Crow Ritual+1","Ball Lightning+1","Genetic Algorithm+1","Cold Snap","Ball Lightning","Redo+1","Chill+1","Stack+1","Echo Form+1","Defragment+1","Defragment+1","Amplify","Multi-Cast+1","FIFO Queue","FIFO Queue","Recycle+1"],"relics":["Cracked Core","ReplayTheSpireMod:CursedCoin","Meat on the Bone","Symbiotic Virus","Odd Mushroom","Girya","Replay:Accelerometer","Runic Pyramid","Ginger","Mirror","Lee\u0027s Waffle","Tiny Chest","Matryoshka","Velvet Choker","Replay:Towering Pillar of Hats","Oddly Smooth Stone","Replay:Baseball","Onion Ring","StrikeDummy","Membership Card"],"acts_visited":["Exordium","TheCity","TheBeyond"],"potions_floor_usage":[11,14,16,22,24,33,33],"damage_taken":[{"damage":2,"enemies":"2 Louse","floor":1,"turns":2},{"damage":0,"enemies":"Cultist","floor":2,"turns":3},{"damage":0,"enemies":"Small Slimes","floor":4,"turns":3},{"damage":4,"enemies":"Looter","floor":7,"turns":4},{"damage":4,"enemies":"Blue Slaver","floor":8,"turns":3},{"damage":2,"enemies":"The Mushroom Lair","floor":10,"turns":3},{"damage":11,"enemies":"Gremlin Nob","floor":11,"turns":4},{"damage":15,"enemies":"Exordium Thugs","floor":13,"turns":5},{"damage":0,"enemies":"Gremlin Nob","floor":14,"turns":2},{"damage":7,"enemies":"The Guardian","floor":16,"turns":8},{"damage":34,"enemies":"Shell Parasite","floor":18,"turns":8},{"damage":0,"enemies":"Chosen","floor":21,"turns":4},{"damage":16,"enemies":"3 Cultists","floor":22,"turns":7},{"damage":20,"enemies":"Slavers","floor":24,"turns":7},{"damage":16,"enemies":"Snake Plant","floor":25,"turns":5},{"damage":19,"enemies":"Cultist and Chosen","floor":27,"turns":7},{"damage":26,"enemies":"Replay:Snechameleon","floor":29,"turns":5},{"damage":55,"enemies":"Pondfish","floor":33,"turns":13},{"damage":0,"enemies":"3 Shapes","floor":35,"turns":6},{"damage":7,"enemies":"Mind Bloom Boss Battle","floor":36,"turns":8},{"damage":45,"enemies":"3 Darklings","floor":38,"turns":4},{"damage":3,"enemies":"R_Hoarder","floor":41,"turns":8},{"damage":4,"enemies":"Spire Growth","floor":44,"turns":4},{"damage":23,"enemies":"Jaw Worm Horde","floor":46,"turns":6},{"damage":32,"enemies":"Giant Head","floor":47,"turns":6}],"seed_played":"-872330116577654125","potions_obtained":[{"floor":4,"key":"EssenceOfSteel"},{"floor":7,"key":"Fire Potion"},{"floor":11,"key":"Strength Potion"},{"floor":13,"key":"ColorlessPotion"},{"floor":16,"key":"FocusPotion"},{"floor":19,"key":"EssenceOfDarkness"},{"floor":25,"key":"BlessingOfTheForge"},{"floor":27,"key":"ColorlessPotion"},{"floor":33,"key":"sneckomod:MuddlingPotion"},{"floor":35,"key":"LiquidBronze"}],"is_trial":false,"path_per_floor":["M","M","?","M","$","R","M","M","T","?","?","R","M","E","R","B",null,"M","?","?","M","M","R","E","M","T","M","$","E","R","?","R","B",null,"M","?","?","M","T","R","E","R","T","M","$","M","E"],"character_chosen":"DEFECT","items_purchased":["ReplayTheSpireMod:CursedCoin","Meat on the Bone","Lee\u0027s Waffle","Membership Card","FIFO Queue"],"campfire_rested":0,"item_purchase_floors":[5,5,28,45,45],"current_hp_per_floor":[66,66,66,66,66,66,62,58,58,56,45,45,42,42,42,47,68,46,28,28,40,36,36,28,24,24,17,82,56,56,56,56,13,65,65,58,58,25,25,25,34,34,34,42,42,31,0,0],"gold":250,"neow_bonus":"RANDOM_COLORLESS_2","is_daily":false,"chose_seed":false,"campfire_upgraded":8,"win_rate":0.0,"timestamp":1612774548,"path_taken":["M","M","?","?","?","R","M","M","T","?","?","R","M","E","R","BOSS","M","?","?","?","M","R","E","M","T","M","?","E","R","?","R","BOSS","M","?","?","M","?","R","E","R","T","M","$","M","E"],"items_purchased_type":["Relic","Relic","Relic","Relic","Card"],"build_version":"2020-12-22","purchased_purges":3,"victory":false,"max_hp_per_floor":[75,75,75,75,75,75,75,75,75,75,75,75,75,75,75,75,75,75,75,75,75,75,75,75,75,75,75,82,82,82,82,82,82,82,82,82,82,82,82,82,82,82,82,82,82,82,82,82],"card_choices":[{"not_picked":["Violence","ReplayTheSpireMod:Necrogeddon"],"picked":"Crow Ritual","floor":0},{"not_picked":["Cold Snap","Recycle"],"picked":"Ball Lightning","floor":1},{"not_picked":["BasicCrystalCard","Consume"],"picked":"Genetic Algorithm","floor":2},{"not_picked":["FIFO Queue","Panic Button"],"picked":"Cold Snap","floor":4},{"not_picked":["Gash","Stack"],"picked":"Ball Lightning","floor":7},{"not_picked":["Buffer","Beam Cell"],"picked":"Redo","floor":8},{"not_picked":["Rebound","ReplayGash"],"picked":"Gash","floor":10},{"not_picked":["Rebound","Go for the Eyes"],"picked":"Chill","floor":11},{"not_picked":["Sweeping Beam","Force Field","Steam Power"],"picked":"SKIP","floor":13},{"not_picked":["Beam Cell","Go for the Eyes"],"picked":"Stack","floor":14},{"not_picked":["Fission","Mirror Shield"],"picked":"Echo Form","floor":16},{"not_picked":["Go for the Eyes","BasicCrystalCard","Conserve Battery+1"],"picked":"SKIP","floor":18},{"not_picked":["Force Field+1","Self Repair"],"picked":"Defragment+1","floor":19},{"not_picked":["Biased Cognition","Conserve Battery","Streamline+1"],"picked":"SKIP","floor":21},{"not_picked":["Coolheaded","Hologram","BootSequence"],"picked":"SKIP","floor":22},{"not_picked":["Steam+1","Aggregate","Cold Snap"],"picked":"SKIP","floor":24},{"not_picked":["Gash","Stack","Go for the Eyes"],"picked":"SKIP","floor":25},{"not_picked":["Blizzard","Lockon"],"picked":"Defragment+1","floor":27},{"not_picked":["Panic Button+1","Sweeping Beam"],"picked":"Amplify","floor":29},{"not_picked":["Rainbow","Hyperbeam"],"picked":"Multi-Cast","floor":33},{"not_picked":["Cold Snap+1","Hologram+1","Stack"],"picked":"SKIP","floor":35},{"not_picked":["Rebound+1","Sunder+1","Beam Cell+1"],"picked":"SKIP","floor":38},{"not_picked":["Reinforced Body+1","Chaos+1","ReplayTheSpireMod:Fabricate Wheel"],"picked":"SKIP","floor":41},{"not_picked":["Compile Driver+1","Panic Button","Conserve Battery+1"],"picked":"SKIP","floor":44},{"not_picked":["Stack","Ball Lightning+1"],"picked":"Recycle+1","floor":46}],"player_experience":229141,"relics_obtained":[{"floor":9,"key":"Symbiotic Virus"},{"floor":10,"key":"Odd Mushroom"},{"floor":14,"key":"Replay:Accelerometer"},{"floor":24,"key":"Ginger"},{"floor":26,"key":"Mirror"},{"floor":29,"key":"Tiny Chest"},{"floor":36,"key":"Replay:Towering Pillar of Hats"},{"floor":39,"key":"Oddly Smooth Stone"},{"floor":41,"key":"Replay:Baseball"},{"floor":43,"key":"Onion Ring"},{"floor":43,"key":"StrikeDummy"}],"event_choices":[{"cards_removed":["DTMod:SwitchingTactic"],"damage_healed":0,"gold_gain":0,"player_choice":"Purged","damage_taken":0,"max_hp_gain":0,"max_hp_loss":0,"event_name":"Purifier","floor":3,"gold_loss":0},{"damage_healed":0,"gold_gain":0,"player_choice":"Fought Mushrooms","damage_taken":0,"max_hp_gain":0,"max_hp_loss":0,"event_name":"Mushrooms","floor":10,"gold_loss":0},{"damage_healed":0,"gold_gain":0,"player_choice":"Searched \u00272\u0027 times","damage_taken":0,"relics_obtained":["Girya"],"max_hp_gain":0,"max_hp_loss":0,"event_name":"Dead Adventurer","floor":11,"gold_loss":0},{"damage_healed":0,"gold_gain":99,"player_choice":"Steal","damage_taken":0,"max_hp_gain":0,"max_hp_loss":0,"event_name":"betterThird:BetterNest","floor":20,"gold_loss":0},{"damage_healed":0,"gold_gain":0,"player_choice":"Obtained Relic","damage_taken":0,"relics_obtained":["Matryoshka"],"max_hp_gain":0,"max_hp_loss":0,"event_name":"Addict","floor":31,"gold_loss":85},{"damage_healed":0,"gold_gain":0,"player_choice":"Fight","damage_taken":0,"max_hp_gain":0,"max_hp_loss":0,"event_name":"MindBloom","floor":36,"gold_loss":0},{"cards_removed":["Gash"],"damage_healed":0,"gold_gain":0,"player_choice":"Removed Attack","damage_taken":0,"max_hp_gain":0,"max_hp_loss":0,"event_name":"Falling","floor":37,"gold_loss":0}],"is_beta":false,"boss_relics":[{"not_picked":["Coffee Dripper","Painkiller Herb"],"picked":"Runic Pyramid"},{"not_picked":["Black Star","Replay:Grab Bag"],"picked":"Velvet Choker"}],"items_purged_floors":[28,45,45],"is_endless":false,"potions_floor_spawned":[4,7,11,13,16,21,25,27,33,35,44],"killed_by":"Giant Head","ascension_level":6}}