{"host":"a92fqxohjrzqy5rn","time":1612821800,"event":{"mods":["AchievementEnabler","BaseMod","Minty Spire (QoL Compilation)","Relic Sorter","Smile Girya"],"gold_per_floor":[110,123,133,133,147,178,178,195,247,247,80,80,96,110,110,110,110],"floor_reached":16,"language":"ENG","playtime":444,"items_purged":[],"score":104,"play_id":"733287af-71a6-4f18-ac91-37cddb95f63a","local_time":"20210208220320","daily_mods":["Draft","Heirloom","Time Dilation","Flight"],"is_ascension_mode":false,"campfire_choices":[{"data":"Metamorphosis","floor":12.0,"key":"SMITH"},{"data":"Rampage","floor":15,"key":"SMITH"}],"circlet_count":0,"master_deck":["Heavy Blade","Flame Barrier","Uppercut","Whirlwind","Body Slam","Shrug It Off","Metallicize","Shockwave","Rampage+1","Flex","Pommel Strike","Flex","Rage","Headbutt","Dark Embrace","Entrench+1","Seeing Red","Bash","Sword Boomerang","Pain","Wild Strike","Metamorphosis+1"],"relics":["Burning Blood","Thread and Needle","Akabeko","WarpedTongs","Dream Catcher"],"acts_visited":["Exordium"],"potions_floor_usage":[],"damage_taken":[{"damage":0.0,"enemies":"Cultist","floor":1.0,"turns":2.0},{"damage":0.0,"enemies":"2 Louse","floor":2.0,"turns":2.0},{"damage":0.0,"enemies":"Small Slimes","floor":3.0,"turns":3.0},{"damage":3.0,"enemies":"Gremlin Gang","floor":5.0,"turns":2.0},{"damage":5.0,"enemies":"3 Sentries","floor":6.0,"turns":8.0},{"damage":9.0,"enemies":"Red Slaver","floor":8.0,"turns":2.0},{"damage":0.0,"enemies":"3 Louse","floor":13.0,"turns":1.0},{"damage":3,"enemies":"Large Slime","floor":14,"turns":3},{"damage":0,"enemies":"The Guardian","floor":16,"turns":2}],"seed_played":"580305671806796564","potions_obtained":[{"floor":3.0,"key":"SpeedPotion"},{"floor":5.0,"key":"Weak Potion"},{"floor":8.0,"key":"Regen Potion"}],"is_trial":true,"path_per_floor":["M","M","M","?","M","E","?","M","T","?","$","R","M","M","R","B"],"character_chosen":"IRONCLAD","items_purchased":["Metamorphosis"],"campfire_rested":0,"item_purchase_floors":[11],"current_hp_per_floor":[80,80,80,80,80,80,80,77,77,77,77,77,80,80,80,80,80],"gold":110,"neow_bonus":"","is_daily":false,"chose_seed":false,"campfire_upgraded":2,"win_rate":0.0,"timestamp":1612821800,"path_taken":["M","M","M","?","?","E","?","?","T","?","$","R","?","M","R","BOSS"],"items_purchased_type":["Card"],"build_version":"2020-12-22","purchased_purges":0,"victory":false,"max_hp_per_floor":[80,80,80,80,80,80,80,80,80,80,80,80,80,80,80,80,80],"card_choices":[{"not_picked":["Armaments","Twin Strike"],"picked":"Heavy Blade","floor":0.0},{"not_picked":["Anger","Sword Boomerang"],"picked":"Flame Barrier","floor":0.0},{"not_picked":["Whirlwind","Heavy Blade"],"picked":"Uppercut","floor":0.0},{"not_picked":["Armaments","Sword Boomerang"],"picked":"Whirlwind","floor":0.0},{"not_picked":["Clash","Thunderclap"],"picked":"Body Slam","floor":0.0},{"not_picked":["Warcry","Armaments"],"picked":"Shrug It Off","floor":0.0},{"not_picked":["Warcry","Intimidate"],"picked":"Metallicize","floor":0.0},{"not_picked":["Body Slam","Warcry"],"picked":"Shockwave","floor":0.0},{"not_picked":["Iron Wave","Havoc"],"picked":"Rampage","floor":0.0},{"not_picked":["Cleave","Power Through"],"picked":"Flex","floor":0.0},{"not_picked":["Clash","Rampage"],"picked":"Pommel Strike","floor":0.0},{"not_picked":["Pommel Strike","Clothesline"],"picked":"Flex","floor":0.0},{"not_picked":["Perfected Strike","Battle Trance"],"picked":"Rage","floor":0.0},{"not_picked":["Body Slam","Armaments"],"picked":"Headbutt","floor":0.0},{"not_picked":["Cleave","Flex"],"picked":"Dark Embrace","floor":0.0},{"not_picked":["Ghostly Armor","Warcry","Thunderclap"],"picked":"SKIP","floor":1.0},{"not_picked":["Dropkick","Armaments"],"picked":"Entrench","floor":2.0},{"not_picked":["Body Slam","Perfected Strike"],"picked":"Seeing Red","floor":3.0},{"not_picked":["Hemokinesis","Wild Strike","Clothesline"],"picked":"SKIP","floor":5.0},{"not_picked":["Brutality","Flex"],"picked":"Sword Boomerang","floor":6.0},{"not_picked":["Warcry","Clothesline"],"picked":"Wild Strike","floor":8.0},{"not_picked":["Body Slam","Ghostly Armor","Hemokinesis"],"picked":"SKIP","floor":13.0},{"not_picked":["Body Slam","Twin Strike","Headbutt"],"picked":"SKIP","floor":14}],"player_experience":223237,"relics_obtained":[{"floor":6.0,"key":"Akabeko"},{"floor":9.0,"key":"Dream Catcher"}],"event_choices":[{"damage_healed":0.0,"max_hp_gain":0.0,"max_hp_loss":0.0,"gold_gain":0.0,"event_name":"Match and Keep!","player_choice":"1 cards matched","floor":4.0,"gold_loss":0.0,"damage_taken":0.0,"cards_obtained":["Bash"]},{"damage_healed":0.0,"max_hp_gain":0.0,"max_hp_loss":0.0,"gold_gain":0.0,"event_name":"Accursed Blacksmith","player_choice":"Rummage","floor":7.0,"gold_loss":0.0,"damage_taken":0.0,"relics_obtained":["WarpedTongs"],"cards_obtained":["Pain"]},{"damage_healed":0.0,"max_hp_gain":0.0,"max_hp_loss":0.0,"gold_gain":0.0,"event_name":"Upgrade Shrine","player_choice":"Upgraded","floor":10.0,"gold_loss":0.0,"damage_taken":0.0,"cards_upgraded":["Entrench"]}],"is_beta":false,"boss_relics":[],"items_purged_floors":[],"is_endless":false,"potions_floor_spawned":[3,5,8,14],"killed_by":"The Guardian","ascension_level":0}}