{"host":"d61fcf2p3sjwe6yo","time":1612783791,"event":{"mods":["BaseMod","Colored Map","Gremlin Mod","Hermit","Minty Spire (QoL Compilation)","StSLib","SuperFastMode","The Hierophant"],"gold_per_floor":[111,127,139,139,151,151,151,162,188,199,234,250,263,289,289,385,385,385,385],"floor_reached":18,"language":"ENG","playtime":1168,"items_purged":[],"score":201,"play_id":"10ad0880-6578-4eb1-aa79-8a88fc375f0b","local_time":"20210208142951","is_ascension_mode":false,"campfire_choices":[{"data":"Gremlin:GremlinToss","floor":6,"key":"SMITH"},{"data":"Gremlin:ArmsTheft","floor":15,"key":"SMITH"}],"circlet_count":0,"master_deck":["Gremlin:Strike","Gremlin:Strike","Gremlin:Strike","Gremlin:Strike","Gremlin:Defend","Gremlin:Defend","Gremlin:Defend","Gremlin:Defend","Gremlin:TagTeam","Gremlin:GremlinDance","Gremlin:GremlinOffensive","Gremlin:GremlinToss+1","Gremlin:Changeo","Gremlin:Encore","Gremlin:GremlinArms","Gremlin:ArmsTheft+1","Gremlin:Changeo","Gremlin:Pinprick","Gremlin:SecondVolley"],"relics":["Gremlin:GremlinKnob","Smiling Mask","Bag of Preparation","Ancient Tea Set","Vajra","Sozu"],"acts_visited":["Exordium","TheCity"],"potions_floor_usage":[5,11,14],"damage_taken":[{"damage":0,"enemies":"Small Slimes","floor":1,"turns":3},{"damage":4,"enemies":"Jaw Worm","floor":2,"turns":5},{"damage":0,"enemies":"2 Louse","floor":3,"turns":3},{"damage":6,"enemies":"2 Fungi Beasts","floor":5,"turns":4},{"damage":1,"enemies":"Exordium Thugs","floor":8,"turns":5},{"damage":0,"enemies":"Large Slime","floor":10,"turns":3},{"damage":0,"enemies":"3 Sentries","floor":11,"turns":6},{"damage":0,"enemies":"Blue Slaver","floor":12,"turns":3},{"damage":0,"enemies":"Gremlin Gang","floor":13,"turns":3},{"damage":10,"enemies":"Lagavulin","floor":14,"turns":5},{"damage":32,"enemies":"Slime Boss","floor":16,"turns":13},{"damage":0,"enemies":"Spheric Guardian","floor":18,"turns":2}],"seed_played":"-2596299546290857135","potions_obtained":[{"floor":3,"key":"ColorlessPotion"},{"floor":5,"key":"GamblersBrew"},{"floor":8,"key":"SkillPotion"},{"floor":13,"key":"SkillPotion"},{"floor":14,"key":"Dexterity Potion"},{"floor":16,"key":"Fire Potion"}],"is_trial":false,"path_per_floor":["M","M","M","?","M","R","?","M","T","M","E","M","M","E","R","B",null,"M"],"character_chosen":"GREMLIN","items_purchased":[],"campfire_rested":0,"item_purchase_floors":[],"current_hp_per_floor":[21,17,21,20,20,20,20,19,19,20,20,19,10,9,9,18,21,21,21],"gold":385,"neow_bonus":"TEN_PERCENT_HP_BONUS","is_daily":false,"chose_seed":false,"campfire_upgraded":2,"win_rate":0.0,"timestamp":1612783791,"path_taken":["M","M","M","?","M","R","?","M","T","M","E","M","M","E","R","BOSS","M"],"items_purchased_type":[],"build_version":"2020-12-22","purchased_purges":0,"victory":false,"max_hp_per_floor":[21,21,21,21,21,21,21,21,21,21,21,21,21,21,21,21,21,21,21],"card_choices":[{"not_picked":["Gremlin:TwistTheKnife","Gremlin:PourSalt"],"picked":"Gremlin:GremlinOffensive","floor":1},{"not_picked":["Gremlin:Heckle","Gremlin:EdibleArmor","Gremlin:GremlinMeal"],"picked":"SKIP","floor":2},{"not_picked":["Gremlin:FollowThrough","Gremlin:PourSalt"],"picked":"Gremlin:GremlinToss","floor":3},{"not_picked":["Gremlin:Polish","Gremlin:Whiz"],"picked":"Gremlin:Changeo","floor":5},{"not_picked":["Gremlin:Tricksy","Gremlin:Pinprick"],"picked":"Gremlin:Encore","floor":8},{"not_picked":["Gremlin:GremlinMeal","Gremlin:Jeer"],"picked":"Gremlin:GremlinArms","floor":10},{"not_picked":["Gremlin:BrokenShin","Gremlin:Dazzle","Gremlin:IrksomeBlow"],"picked":"SKIP","floor":11},{"not_picked":["Gremlin:BrokenShin","Gremlin:Dazzle","Gremlin:IrksomeBlow"],"picked":"SKIP","floor":11},{"not_picked":["Gremlin:BurlyBlow","Gremlin:Scatter"],"picked":"Gremlin:ArmsTheft","floor":12},{"not_picked":["Gremlin:CounterStrike","Gremlin:Whiz"],"picked":"Gremlin:Changeo","floor":13},{"not_picked":["Gremlin:Tadah","Gremlin:TwistTheKnife"],"picked":"Gremlin:Pinprick","floor":14},{"not_picked":["Gremlin:Necromancy","Gremlin:TargetWeakness"],"picked":"Gremlin:SecondVolley","floor":16}],"player_experience":242830,"relics_obtained":[{"floor":9,"key":"Bag of Preparation"},{"floor":11,"key":"Ancient Tea Set"},{"floor":14,"key":"Vajra"}],"event_choices":[{"damage_healed":0,"gold_gain":0,"player_choice":"Success","damage_taken":1,"relics_obtained":["Smiling Mask"],"max_hp_gain":0,"max_hp_loss":0,"event_name":"Scrap Ooze","floor":4,"gold_loss":0},{"damage_healed":0,"gold_gain":0,"player_choice":"Ignored","damage_taken":0,"max_hp_gain":0,"max_hp_loss":0,"event_name":"Liars Game","floor":7,"gold_loss":0}],"is_beta":false,"boss_relics":[{"not_picked":["Busted Crown","Runic Dome"],"picked":"Sozu"}],"items_purged_floors":[],"is_endless":false,"potions_floor_spawned":[3,5,8,13,14,16],"killed_by":"Spheric Guardian","ascension_level":0}}