{"host":"Vegetablebread","time":1612801524,"event":{"mods":["BaseMod","Bestiary","Minty Spire (QoL Compilation)","Relic Stats","Slay the Relics Exporter"],"gold_per_floor":[110,110,128,128,141,141,167,16,16,43,4,24,24,24],"floor_reached":13,"language":"ENG","playtime":1135,"items_purged":["Normality"],"score":186,"play_id":"b91fa259-b1e7-49fb-97c4-4aa1c9081743","local_time":"20210208082524","is_ascension_mode":true,"campfire_choices":[{"data":"Bludgeon","floor":6,"key":"SMITH"}],"circlet_count":0,"master_deck":["AscendersBane","Strike_R","Strike_R","Strike_R","Strike_R","Strike_R","Defend_R","Defend_R","Defend_R","Defend_R","Bash","Bludgeon+1","Cleave","Spot Weakness","Iron Wave","Hemokinesis","Feel No Pain+1","Burning Pact","Blood for Blood","Intimidate"],"relics":["Burning Blood","Frozen Egg 2","Unceasing Top","Ancient Tea Set","Lantern"],"acts_visited":["Exordium"],"potions_floor_usage":[7],"damage_taken":[{"damage":7,"enemies":"Jaw Worm","floor":1,"turns":2},{"damage":2,"enemies":"2 Louse","floor":3,"turns":2},{"damage":1,"enemies":"Cultist","floor":5,"turns":3},{"damage":20,"enemies":"Lagavulin","floor":7,"turns":7},{"damage":11,"enemies":"Gremlin Nob","floor":10,"turns":3},{"damage":46,"enemies":"Exordium Thugs","floor":12,"turns":5},{"damage":25,"enemies":"3 Sentries","floor":13,"turns":4}],"seed_played":"-992438711938407008","potions_obtained":[{"floor":1,"key":"EssenceOfSteel"},{"floor":3,"key":"Energy Potion"},{"floor":5,"key":"Fruit Juice"}],"is_trial":false,"path_per_floor":["M","?","M","?","M","R","E","$","T","E","$","M","E"],"character_chosen":"IRONCLAD","items_purchased":["Feel No Pain+1","Blood for Blood"],"campfire_rested":0,"item_purchase_floors":[8,11],"current_hp_per_floor":[67,67,71,71,75,75,61,61,61,56,56,16,0,0],"gold":24,"neow_bonus":"THREE_RARE_CARDS","is_daily":false,"chose_seed":false,"campfire_upgraded":1,"win_rate":0.0,"timestamp":1612801524,"path_taken":["M","?","M","?","M","R","E","$","T","E","$","M","E"],"items_purchased_type":["Card","Card"],"build_version":"2020-12-18","purchased_purges":1,"victory":false,"max_hp_per_floor":[75,75,75,75,75,75,75,75,75,75,75,75,75,75],"relic_stats":{"counters":[7,26],"obtain_stats":[{"Lantern":10,"Frozen Egg 2":4,"Ancient Tea Set":9,"Burning Blood":0,"Unceasing Top":7},{"Lantern":5,"Frozen Egg 2":2,"Ancient Tea Set":4,"Burning Blood":0,"Unceasing Top":4},{"Lantern":17,"Frozen Egg 2":4,"Ancient Tea Set":14,"Burning Blood":0,"Unceasing Top":14}],"Burning Blood":35,"Unceasing Top":[0]},"card_choices":[{"not_picked":["Corruption","Exhume"],"picked":"Bludgeon","floor":0},{"not_picked":["Havoc","Pommel Strike"],"picked":"Cleave","floor":1},{"not_picked":["Body Slam","Rage"],"picked":"Spot Weakness","floor":3},{"not_picked":["Bloodletting","Anger"],"picked":"Iron Wave","floor":5},{"not_picked":["Sever Soul","Infernal Blade"],"picked":"Hemokinesis","floor":7},{"not_picked":["Sentinel","Searing Blow"],"picked":"Burning Pact","floor":10},{"not_picked":["Clash","Sword Boomerang"],"picked":"Intimidate","floor":12}],"player_experience":10455554,"relics_obtained":[{"floor":7,"key":"Unceasing Top"},{"floor":9,"key":"Ancient Tea Set"},{"floor":10,"key":"Lantern"}],"event_choices":[{"damage_healed":0,"gold_gain":0,"player_choice":"Ignored","damage_taken":0,"max_hp_gain":0,"max_hp_loss":0,"event_name":"Liars Game","floor":2,"gold_loss":0},{"damage_healed":0,"gold_gain":0,"player_choice":"Gave Potion","damage_taken":0,"relics_obtained":["Frozen Egg 2"],"max_hp_gain":0,"max_hp_loss":0,"event_name":"WeMeetAgain","floor":4,"gold_loss":0}],"is_beta":true,"boss_relics":[],"items_purged_floors":[8],"is_endless":false,"potions_floor_spawned":[1,3,5],"killed_by":"3 Sentries","ascension_level":20}}