{"host":"m7jrdcbl89w2s34c","time":1612799728,"event":{"mods":["AchievementEnabler","BaseMod","Bestiary","Block Reminder","Colored Map","Colored Powertips","Minty Spire (QoL Compilation)","Permanent Neow","Relic Stats","StSLib"],"gold_per_floor":[111,131,131,131,151,184,184,184,254,318,252,286,42,76,76,152,152,167,23,23,35,85,116,116,46,46,46,46],"floor_reached":27,"language":"ENG","playtime":1238,"items_purged":[],"score":429,"play_id":"be877657-686f-4d5e-93f5-49fa326441ff","local_time":"20210208165528","is_ascension_mode":true,"campfire_choices":[{"data":"Discovery","floor":7.0,"key":"SMITH"},{"floor":15.0,"key":"REST"},{"data":"Coolheaded","floor":24,"key":"SMITH"}],"circlet_count":0,"master_deck":["AscendersBane","Strike_B","Strike_B","Strike_B","Strike_B","Defend_B","Defend_B","Defend_B","Defend_B","Zap","Dualcast","Discovery+1","Compile Driver","Leap","Cold Snap","Genetic Algorithm","Ball Lightning","Turbo","Ball Lightning","Compile Driver","Coolheaded+1","Echo Form+1","Reinforced Body","Capacitor+1","Conserve Battery","Defragment+1","Self Repair+1"],"relics":["Cracked Core","PreservedInsect","Frozen Egg 2","Letter Opener","Ancient Tea Set","DataDisk","Orichalcum","Strawberry","SlaversCollar","Shuriken"],"acts_visited":["Exordium","TheCity"],"potions_floor_usage":[16,21,27],"damage_taken":[{"damage":5.0,"enemies":"Small Slimes","floor":1.0,"turns":4.0},{"damage":4.0,"enemies":"Jaw Worm","floor":2.0,"turns":4.0},{"damage":0.0,"enemies":"2 Louse","floor":5.0,"turns":2.0},{"damage":8.0,"enemies":"3 Sentries","floor":6.0,"turns":6.0},{"damage":11.0,"enemies":"Lagavulin Event","floor":10.0,"turns":5.0},{"damage":7.0,"enemies":"Gremlin Nob","floor":12.0,"turns":3.0},{"damage":7.0,"enemies":"Lagavulin","floor":14.0,"turns":4.0},{"damage":15,"enemies":"Hexaghost","floor":16,"turns":10},{"damage":5,"enemies":"3 Byrds","floor":18,"turns":4},{"damage":12,"enemies":"2 Thieves","floor":21,"turns":4},{"damage":31,"enemies":"Slavers","floor":23,"turns":4},{"damage":26,"enemies":"Gremlin Leader","floor":27,"turns":2}],"seed_played":"-5350856792982522554","potions_obtained":[{"floor":2.0,"key":"Swift Potion"},{"floor":5.0,"key":"Explosive Potion"},{"floor":6.0,"key":"SneckoOil"},{"floor":18,"key":"SteroidPotion"},{"floor":23,"key":"SpeedPotion"}],"is_trial":false,"path_per_floor":["M","M","?","?","M","E","R","?","T","?","?","E","$","E","R","B",null,"M","$","?","M","?","E","R","$","T","E"],"character_chosen":"DEFECT","items_purchased":["Orichalcum","Ball Lightning","Compile Driver","Capacitor+1","Conserve Battery","Block Potion","Self Repair+1"],"campfire_rested":1,"item_purchase_floors":[13,13,13,19,19,19,25],"current_hp_per_floor":[59,55,60,49,49,41,41,41,41,30,30,23,23,23,47,32,70,65,65,65,53,53,22,22,22,22,0,0],"gold":46,"neow_bonus":"RANDOM_COLORLESS","is_daily":false,"chose_seed":false,"campfire_upgraded":2,"win_rate":0.0,"timestamp":1612799728,"path_taken":["M","M","?","?","M","E","R","?","T","?","?","E","?","E","R","BOSS","M","$","?","M","?","E","R","?","T","E"],"items_purchased_type":["Relic","Card","Card","Card","Card","Potion","Card"],"build_version":"2020-12-22","purchased_purges":0,"victory":false,"max_hp_per_floor":[71,71,76,76,76,76,76,76,76,76,76,76,76,83,83,83,83,83,83,83,83,83,83,83,83,83,83,83],"relic_stats":{"counters":[12,52],"Shuriken":[1],"PreservedInsect":203,"Letter Opener":[98],"Orichalcum":[66],"obtain_stats":[{"SlaversCollar":17,"DataDisk":12,"Shuriken":23,"Strawberry":14,"PreservedInsect":4,"Letter Opener":9,"Frozen Egg 2":6,"Orichalcum":13,"Cracked Core":0,"Ancient Tea Set":10},{"SlaversCollar":8,"DataDisk":6,"Shuriken":11,"Strawberry":7,"PreservedInsect":2,"Letter Opener":4,"Frozen Egg 2":4,"Orichalcum":6,"Cracked Core":0,"Ancient Tea Set":5},{"SlaversCollar":38,"DataDisk":24,"Shuriken":50,"Strawberry":28,"PreservedInsect":8,"Letter Opener":16,"Frozen Egg 2":16,"Orichalcum":24,"Cracked Core":0,"Ancient Tea Set":21}]},"card_choices":[{"not_picked":["Blind","Finesse"],"picked":"Discovery","floor":0.0},{"not_picked":["Force Field","Scrape"],"picked":"Compile Driver","floor":1.0},{"not_picked":["Recycle","Tempest"],"picked":"Leap","floor":2.0},{"not_picked":["Heatsinks","Auto Shields"],"picked":"Cold Snap","floor":5.0},{"not_picked":["Fission","Aggregate"],"picked":"Genetic Algorithm","floor":6.0},{"not_picked":["Conserve Battery","Rebound"],"picked":"Ball Lightning","floor":10.0},{"not_picked":["Hyperbeam","Heatsinks+1"],"picked":"Turbo","floor":12.0},{"not_picked":["Turbo","Double Energy"],"picked":"Coolheaded","floor":14.0},{"not_picked":["Multi-Cast","Fission"],"picked":"Echo Form+1","floor":16},{"not_picked":["Beam Cell","Sweeping Beam"],"picked":"Reinforced Body","floor":18},{"not_picked":["Steam Power","Self Repair+1"],"picked":"Defragment+1","floor":21},{"not_picked":["Barrage","Lockon","Sunder"],"picked":"SKIP","floor":23}],"player_experience":257332,"relics_obtained":[{"floor":6.0,"key":"Frozen Egg 2"},{"floor":9.0,"key":"Letter Opener"},{"floor":10.0,"key":"Ancient Tea Set"},{"floor":12.0,"key":"DataDisk"},{"floor":14.0,"key":"Strawberry"},{"floor":23,"key":"Shuriken"}],"event_choices":[{"damage_healed":0.0,"max_hp_gain":5.0,"max_hp_loss":0.0,"gold_gain":0.0,"event_name":"Big Fish","player_choice":"Donut","floor":3.0,"gold_loss":0.0,"damage_taken":0.0},{"damage_healed":0.0,"max_hp_gain":0.0,"max_hp_loss":0.0,"gold_gain":0.0,"event_name":"Scrap Ooze","player_choice":"Success","floor":4.0,"gold_loss":0.0,"damage_taken":11.0,"relics_obtained":["PreservedInsect"]},{"damage_healed":0.0,"max_hp_gain":0.0,"max_hp_loss":0.0,"gold_gain":0.0,"event_name":"Golden Idol","player_choice":"Ignored","floor":8.0,"gold_loss":0.0,"damage_taken":0.0},{"damage_healed":0.0,"max_hp_gain":0.0,"max_hp_loss":0.0,"gold_gain":0.0,"event_name":"Dead Adventurer","player_choice":"Searched \u00271\u0027 times","floor":10.0,"gold_loss":0.0,"damage_taken":0.0},{"damage_healed":0.0,"max_hp_gain":0.0,"max_hp_loss":0.0,"gold_gain":0.0,"event_name":"World of Goop","player_choice":"Left Gold","floor":11.0,"gold_loss":66.0,"damage_taken":0.0},{"damage_healed":0,"gold_gain":0,"player_choice":"Ignored","damage_taken":0,"max_hp_gain":0,"max_hp_loss":0,"event_name":"The Mausoleum","floor":20,"gold_loss":0},{"damage_healed":0,"gold_gain":50,"player_choice":"Stole From Cult","damage_taken":0,"max_hp_gain":0,"max_hp_loss":0,"event_name":"Nest","floor":22,"gold_loss":0}],"is_beta":false,"boss_relics":[{"not_picked":["Black Star","Sozu"],"picked":"SlaversCollar"}],"items_purged_floors":[],"is_endless":false,"potions_floor_spawned":[2,5,6,10,18,23],"killed_by":"Gremlin Leader","ascension_level":15}}