{"host":"neeznpvpgo0qgfkd","time":1612804874,"event":{"mods":["AchievementEnabler","BaseMod","BetterRewards","Colored Map","Colored Powertips","Exacting","Minty Spire (QoL Compilation)","Permanent Neow","Quick Restart","Shop Mod"],"gold_per_floor":[115,115,133,184,218,246,246,293,316,344,344,374,172,254,254,352,352,382,382,396,409,409,437,437,465,465,498,514,540,585,601,601,745,745,762,703,727,727,468,502,502,532,532,532,565,598,624,330,330,330,330,330,19,46,46],"floor_reached":56,"language":"ENG","playtime":4260,"items_purged":[],"score":2222,"play_id":"5d1025b0-df2f-4263-958c-7a6aa00240fc","local_time":"20210208122114","is_ascension_mode":true,"campfire_choices":[{"data":"Noxious Fumes","floor":7.0,"key":"SMITH"},{"floor":11.0,"key":"RECALL"},{"data":"Cloak And Dagger","floor":15.0,"key":"SMITH"},{"floor":24.0,"key":"REST"},{"floor":32,"key":"REST"},{"floor":41,"key":"REST"},{"floor":44,"key":"REST"},{"data":"Phantasmal Killer","floor":49,"key":"SMITH"},{"data":"Burst","floor":52,"key":"SMITH"}],"circlet_count":0,"master_deck":["Strike_G","Strike_G+1","Strike_G+1","Defend_G","Defend_G","Defend_G","Defend_G","Defend_G","Survivor","Neutralize","Noxious Fumes+1","Terror","Blade Dance","Cloak And Dagger+1","Slice","Slice","Riddle With Holes","Poisoned Stab","Heel Hook","Burst+1","Cloak And Dagger+1","RitualDagger","Dash+1","Dagger Spray","Backflip+1","A Thousand Cuts","Dash","Infinite Blades+1","Escape Plan+1","Dodge and Roll+1","Accuracy+1","Phantasmal Killer+1","Slice","Infinite Blades+1","Flying Knee","Dagger Spray+1","Backstab+1","Blade Dance+1","Dodge and Roll+1","Accuracy+1","Underhanded Strike"],"relics":["Ring of the Serpent","Membership Card","StrikeDummy","Tiny Chest","Gambling Chip","Ice Cream","Tough Bandages","Meat on the Bone","Whetstone","FossilizedHelix","Snake Skull","Dream Catcher","Boot","Happy Flower","MealTicket","Omamori","Letter Opener","Pantograph","Toy Ornithopter","Frozen Egg 2","Nunchaku","Paper Crane","WristBlade","Prayer Wheel","Oddly Smooth Stone","TwistedFunnel","Ancient Tea Set","Akabeko","Lantern","Pen Nib","Bag of Preparation","Toxic Egg 2","Bronze Scales","Blood Vial","Lizard Tail","OrangePellets","Ninja Scroll","Bag of Marbles","Vajra"],"acts_visited":["Exordium","TheCity","TheBeyond","TheEnding"],"potions_floor_usage":[29,33,35,45,55,55],"damage_taken":[{"damage":0.0,"enemies":"Cultist","floor":1.0,"turns":3.0},{"damage":0.0,"enemies":"Jaw Worm","floor":3.0,"turns":2.0},{"damage":0.0,"enemies":"2 Louse","floor":5.0,"turns":1.0},{"damage":5.0,"enemies":"Lagavulin","floor":6.0,"turns":4.0},{"damage":0.0,"enemies":"3 Sentries","floor":8.0,"turns":6.0},{"damage":0.0,"enemies":"Lagavulin","floor":10.0,"turns":3.0},{"damage":0.0,"enemies":"Gremlin Nob","floor":12.0,"turns":3.0},{"damage":18.0,"enemies":"The Guardian","floor":16.0,"turns":7.0},{"damage":0.0,"enemies":"Chosen","floor":18.0,"turns":3.0},{"damage":8.0,"enemies":"2 Thieves","floor":20.0,"turns":3.0},{"damage":0.0,"enemies":"Centurion and Healer","floor":21.0,"turns":4.0},{"damage":28.0,"enemies":"Slavers","floor":23.0,"turns":4.0},{"damage":31.0,"enemies":"Gremlin Leader","floor":25.0,"turns":5.0},{"damage":11.0,"enemies":"Book of Stabbing","floor":27.0,"turns":5.0},{"damage":3,"enemies":"3 Cultists","floor":28,"turns":5},{"damage":0,"enemies":"Cultist and Chosen","floor":29,"turns":5},{"damage":1,"enemies":"Slavers","floor":30,"turns":5},{"damage":19,"enemies":"Snake Plant","floor":31,"turns":5},{"damage":19,"enemies":"Collector","floor":33,"turns":7},{"damage":5,"enemies":"3 Shapes","floor":35,"turns":2},{"damage":18,"enemies":"Giant Head","floor":40,"turns":6},{"damage":19,"enemies":"Nemesis","floor":42,"turns":3},{"damage":0,"enemies":"3 Darklings","floor":45,"turns":1},{"damage":9,"enemies":"Reptomancer","floor":46,"turns":5},{"damage":50,"enemies":"Awakened One","floor":50,"turns":7},{"damage":0,"enemies":"Shield and Spear","floor":54,"turns":1},{"damage":65,"enemies":"The Heart","floor":55,"turns":4}],"seed_played":"-8655264054198046685","potions_obtained":[{"floor":1.0,"key":"Fire Potion"},{"floor":5.0,"key":"Weak Potion"},{"floor":16.0,"key":"Fruit Juice"},{"floor":18.0,"key":"Dexterity Potion"},{"floor":21.0,"key":"SpeedPotion"},{"floor":23.0,"key":"DuplicationPotion"},{"floor":25.0,"key":"Regen Potion"},{"floor":30,"key":"BlessingOfTheForge"},{"floor":31,"key":"Poison Potion"},{"floor":33,"key":"SpeedPotion"},{"floor":35,"key":"CunningPotion"},{"floor":35,"key":"SteroidPotion"},{"floor":46,"key":"Fire Potion"}],"is_trial":false,"path_per_floor":["M","?","M","T","M","E","R","E","T","E","R","E","$","T","R","B",null,"M","?","M","M","?","E","R","E","T","E","M","M","E","M","R","B",null,"M","?","T","?","$","E","R","E","T","R","M","E","T","$","R","B",null,"R","$","E","B",null],"character_chosen":"THE_SILENT","items_purchased":["Membership Card","StrikeDummy","Tiny Chest","Noxious Fumes","Meat on the Bone","Whetstone","FossilizedHelix","Terror","Omamori","Letter Opener","TwistedFunnel","Ancient Tea Set","Infinite Blades+1","Akabeko","Blood Vial","Lizard Tail","FairyPotion","Dodge and Roll+1","OrangePellets","Ninja Scroll","Bag of Marbles","Accuracy+1"],"campfire_rested":4,"item_purchase_floors":[0,0,0,0,0,0,0,0,13,13,39,39,39,39,48,48,48,48,53,53,53,53],"current_hp_per_floor":[63,63,63,63,63,68,68,68,68,68,68,68,70,70,70,52,66,71,65,57,57,57,41,63,49,49,57,54,70,69,50,72,56,70,70,70,70,70,75,57,75,56,56,75,75,66,66,75,75,37,66,66,75,75,32],"gold":46,"neow_bonus":"","is_daily":false,"chose_seed":false,"campfire_upgraded":4,"win_rate":0.0,"timestamp":1612804874,"path_taken":["M","?","?","?","M","E","R","E","T","E","R","E","$","?","R","BOSS","M","?","M","M","?","E","R","E","T","E","M","M","E","M","R","BOSS","M","?","?","?","?","E","R","E","T","R","?","E","?","?","R","BOSS","R","$","E","BOSS"],"items_purchased_type":["Relic","Relic","Relic","Card","Relic","Relic","Relic","Card","Relic","Relic","Relic","Relic","Card","Relic","Relic","Relic","Potion","Card","Relic","Relic","Relic","Card"],"build_version":"2020-12-22","purchased_purges":0,"victory":true,"max_hp_per_floor":[70,70,70,70,70,70,70,70,70,70,70,70,70,70,70,70,70,75,75,75,75,75,75,75,75,75,75,75,75,75,75,75,75,75,75,75,75,75,75,75,75,75,75,75,75,75,75,75,75,75,75,75,75,75,75],"card_choices":[{"not_picked":["Deflect","Skewer"],"picked":"Blade Dance","floor":1.0},{"not_picked":["Setup","Prepared"],"picked":"Cloak And Dagger","floor":3.0},{"not_picked":["Choke","Flying Knee"],"picked":"Slice","floor":5.0},{"not_picked":["Calculated Gamble","Crippling Poison"],"picked":"Slice","floor":6.0},{"not_picked":["Footwork","Acrobatics"],"picked":"Riddle With Holes","floor":8.0},{"not_picked":["Dodge and Roll","Deadly Poison"],"picked":"Poisoned Stab","floor":10.0},{"not_picked":["PiercingWail","Doppelganger"],"picked":"Heel Hook","floor":12.0},{"not_picked":["Unload","Wraith Form v2"],"picked":"Burst","floor":16.0},{"not_picked":["PiercingWail","Dodge and Roll"],"picked":"Cloak And Dagger+1","floor":18.0},{"not_picked":["Prepared","Quick Slash"],"picked":"Dash+1","floor":20.0},{"not_picked":["Acrobatics","Underhanded Strike"],"picked":"Dagger Spray","floor":21.0},{"not_picked":["Bane","Sucker Punch+1"],"picked":"Backflip+1","floor":23.0},{"not_picked":["Underhanded Strike","Distraction"],"picked":"A Thousand Cuts","floor":24.0},{"not_picked":["Flying Knee","Prepared"],"picked":"Dash","floor":25.0},{"not_picked":["Storm of Steel","Deflect+1"],"picked":"Infinite Blades+1","floor":27.0},{"not_picked":["Outmaneuver","PiercingWail"],"picked":"Escape Plan+1","floor":28},{"not_picked":["Acrobatics","Deadly Poison","Backflip"],"picked":"SKIP","floor":29},{"not_picked":["Grand Finale","Bouncing Flask"],"picked":"Dodge and Roll+1","floor":30},{"not_picked":["Reflex+1","Deadly Poison"],"picked":"Accuracy+1","floor":31},{"not_picked":["Wraith Form v2+1","Venomology"],"picked":"Phantasmal Killer","floor":33},{"not_picked":["Caltrops+1","PiercingWail"],"picked":"Slice","floor":35},{"not_picked":["Eviscerate","Poisoned Stab"],"picked":"Flying Knee","floor":40},{"not_picked":["Escape Plan+1","Phantasmal Killer"],"picked":"Dagger Spray+1","floor":42},{"not_picked":["Dagger Throw","Corpse Explosion"],"picked":"Backstab+1","floor":45},{"not_picked":["Deadly Poison+1","Prepared+1","Backflip+1"],"picked":"SKIP","floor":45},{"not_picked":["Flechettes","PiercingWail+1"],"picked":"Blade Dance+1","floor":46},{"not_picked":["Bane+1","Dash+1"],"picked":"Underhanded Strike","floor":54}],"player_experience":1341134,"relics_obtained":[{"floor":6.0,"key":"Snake Skull"},{"floor":8.0,"key":"Dream Catcher"},{"floor":9.0,"key":"Boot"},{"floor":10.0,"key":"Happy Flower"},{"floor":12.0,"key":"MealTicket"},{"floor":14.0,"key":"Pantograph"},{"floor":23.0,"key":"Toy Ornithopter"},{"floor":25.0,"key":"Frozen Egg 2"},{"floor":27.0,"key":"Nunchaku"},{"floor":30,"key":"Paper Crane"},{"floor":37,"key":"Oddly Smooth Stone"},{"floor":40,"key":"Lantern"},{"floor":42,"key":"Pen Nib"},{"floor":43,"key":"Bag of Preparation"},{"floor":46,"key":"Toxic Egg 2"},{"floor":47,"key":"Bronze Scales"},{"floor":54,"key":"Vajra"}],"event_choices":[{"cards_removed":["Strike_G"],"damage_healed":0.0,"max_hp_gain":0.0,"max_hp_loss":0.0,"gold_gain":0.0,"event_name":"Bonfire Elementals","player_choice":"Offered Basic","floor":2.0,"gold_loss":0.0,"damage_taken":0.0},{"damage_healed":0.0,"max_hp_gain":0.0,"max_hp_loss":0.0,"gold_gain":0.0,"event_name":"Nest","player_choice":"Joined the Cult","floor":19.0,"gold_loss":0.0,"damage_taken":6.0,"cards_obtained":["RitualDagger"]},{"damage_healed":0.0,"max_hp_gain":0.0,"max_hp_loss":0.0,"gold_gain":0.0,"event_name":"Beggar","player_choice":"Ignored","floor":22.0,"gold_loss":0.0,"damage_taken":0.0},{"damage_healed":0,"gold_gain":0,"player_choice":"Paid Gold","damage_taken":0,"relics_obtained":["Prayer Wheel"],"max_hp_gain":0,"max_hp_loss":0,"event_name":"WeMeetAgain","floor":36,"gold_loss":59},{"cards_removed":["Strike_G"],"damage_healed":0,"gold_gain":0,"player_choice":"Removed Attack","damage_taken":0,"max_hp_gain":0,"max_hp_loss":0,"event_name":"Falling","floor":38,"gold_loss":0}],"is_beta":false,"boss_relics":[{"not_picked":["HoveringKite","Empty Cage"],"picked":"Ring of the Serpent"},{"not_picked":["Tiny House","Snecko Eye"],"picked":"WristBlade"}],"items_purged_floors":[],"is_endless":false,"potions_floor_spawned":[1,5,16,18,21,25,31,33,35,46],"ascension_level":7}}