{"host":"fff5e1uasnm04x18","time":1612815272,"event":{"mods":["BaseMod","Highlight Path","Minty Spire (QoL Compilation)","StSLib"],"gold_per_floor":[119,119,119,119,136,164,164,190,241,266,278,325,362,389,401,508,520,551,563,575,587,612,624,653,665,703,715,715],"floor_reached":27,"language":"ENG","playtime":1341,"items_purged":[],"score":252,"play_id":"cb0f1461-154c-456e-9902-dfd3136ff71f","local_time":"20210208151432","is_ascension_mode":true,"campfire_choices":[{"floor":7,"key":"REST"},{"data":"Caltrops","floor":11,"key":"SMITH"},{"floor":15,"key":"REST"},{"floor":23,"key":"REST"}],"circlet_count":0,"master_deck":["Strike_G+1","Strike_G+1","Strike_G+1","Strike_G","Strike_G","Defend_G","Defend_G","Defend_G","Defend_G","Defend_G+1","Survivor","Neutralize","Leg Sweep","Footwork","Caltrops","Caltrops+1","Dash","Tools of the Trade","Caltrops","Writhe","Clumsy"],"relics":["Ring of the Snake","Sundial","Whetstone","Pantograph","MawBank","Vajra","Odd Mushroom","Cursed Key","Toxic Egg 2","Nunchaku"],"acts_visited":["Exordium","TheCity"],"potions_floor_usage":[6,16,24,27],"damage_taken":[{"damage":0,"enemies":"Cultist","floor":1,"turns":4},{"damage":3,"enemies":"Jaw Worm","floor":5,"turns":8},{"damage":6,"enemies":"Lagavulin","floor":6,"turns":14},{"damage":14,"enemies":"3 Sentries","floor":8,"turns":12},{"damage":0,"enemies":"2 Louse","floor":10,"turns":4},{"damage":28,"enemies":"Gremlin Nob","floor":12,"turns":5},{"damage":1,"enemies":"The Mushroom Lair","floor":13,"turns":6},{"damage":3,"enemies":"Looter","floor":14,"turns":3},{"damage":44,"enemies":"Slime Boss","floor":16,"turns":12},{"damage":18,"enemies":"3 Byrds","floor":18,"turns":3},{"damage":24,"enemies":"Spheric Guardian","floor":22,"turns":5},{"damage":12,"enemies":"3 Cultists","floor":24,"turns":6},{"damage":46,"enemies":"Slavers","floor":27,"turns":3}],"seed_played":"-2426027548845321871","potions_obtained":[{"floor":1,"key":"Swift Potion"},{"floor":5,"key":"Weak Potion"},{"floor":8,"key":"DistilledChaos"},{"floor":12,"key":"Strength Potion"},{"floor":13,"key":"Explosive Potion"},{"floor":16,"key":"ColorlessPotion"},{"floor":24,"key":"SpeedPotion"}],"is_trial":false,"path_per_floor":["M","T","?","?","M","E","R","E","T","M","R","E","?","M","R","B",null,"M","?","$","?","M","R","M","?","T","E"],"character_chosen":"THE_SILENT","items_purchased":[],"campfire_rested":3,"item_purchase_floors":[],"current_hp_per_floor":[77,77,77,62,59,53,76,62,62,62,62,34,33,30,53,33,77,59,59,59,59,35,58,46,46,46,0,0],"gold":715,"neow_bonus":"TEN_PERCENT_HP_BONUS","is_daily":false,"chose_seed":false,"campfire_upgraded":1,"win_rate":0.0,"timestamp":1612815272,"path_taken":["M","?","?","?","M","E","R","E","T","M","R","E","?","M","R","BOSS","M","?","?","?","?","R","M","?","T","E"],"items_purchased_type":[],"build_version":"2020-12-22","purchased_purges":0,"victory":false,"max_hp_per_floor":[77,77,77,77,77,77,77,77,77,77,77,77,77,77,77,77,77,77,77,77,77,77,77,77,77,77,77,77],"card_choices":[{"not_picked":["Escape Plan","Prepared"],"picked":"Leg Sweep","floor":1},{"not_picked":["Riddle With Holes","Cloak And Dagger"],"picked":"Footwork","floor":5},{"not_picked":["Poisoned Stab","Blade Dance"],"picked":"Caltrops","floor":6},{"not_picked":["Acrobatics","Phantasmal Killer","PiercingWail"],"picked":"SKIP","floor":8},{"not_picked":["Flechettes","Tactician"],"picked":"Caltrops","floor":10},{"not_picked":["Well Laid Plans","Quick Slash","Escape Plan"],"picked":"SKIP","floor":12},{"not_picked":["Slice","Riddle With Holes"],"picked":"Dash","floor":13},{"not_picked":["Catalyst","Prepared","Blade Dance"],"picked":"SKIP","floor":14},{"not_picked":["Glass Knife","Night Terror"],"picked":"Tools of the Trade","floor":16},{"not_picked":["All Out Attack","PiercingWail"],"picked":"Caltrops","floor":18},{"not_picked":["Blade Dance+1","Deadly Poison","Deflect+1"],"picked":"SKIP","floor":22},{"not_picked":["PiercingWail+1","Reflex","Bane"],"picked":"SKIP","floor":24}],"player_experience":511441,"relics_obtained":[{"floor":2,"key":"Sundial"},{"floor":6,"key":"Whetstone"},{"floor":8,"key":"Pantograph"},{"floor":9,"key":"MawBank"},{"floor":12,"key":"Vajra"},{"floor":13,"key":"Odd Mushroom"},{"floor":26,"key":"Nunchaku"}],"event_choices":[{"damage_healed":0,"gold_gain":0,"player_choice":"Ignored","damage_taken":0,"max_hp_gain":0,"max_hp_loss":0,"event_name":"Liars Game","floor":3,"gold_loss":0},{"damage_healed":0,"gold_gain":0,"player_choice":"Entered Light","damage_taken":15,"max_hp_gain":0,"max_hp_loss":0,"event_name":"Shining Light","floor":4,"gold_loss":0,"cards_upgraded":["Strike_G","Defend_G"]},{"damage_healed":0,"gold_gain":0,"player_choice":"Fought Mushrooms","damage_taken":0,"max_hp_gain":0,"max_hp_loss":0,"event_name":"Mushrooms","floor":13,"gold_loss":0},{"damage_healed":0,"gold_gain":0,"player_choice":"Bought 0 Potions","damage_taken":0,"max_hp_gain":0,"max_hp_loss":0,"event_name":"The Woman in Blue","floor":19,"gold_loss":0},{"damage_healed":0,"gold_gain":0,"player_choice":"Ignored","damage_taken":0,"max_hp_gain":0,"max_hp_loss":0,"event_name":"Vampires","floor":21,"gold_loss":0},{"damage_healed":0,"gold_gain":0,"player_choice":"Opened","damage_taken":0,"relics_obtained":["Toxic Egg 2"],"max_hp_gain":0,"max_hp_loss":0,"event_name":"The Mausoleum","floor":25,"gold_loss":0,"cards_obtained":["Writhe"]}],"is_beta":false,"boss_relics":[{"not_picked":["Snecko Eye","Velvet Choker"],"picked":"Cursed Key"}],"items_purged_floors":[],"is_endless":false,"potions_floor_spawned":[1,5,8,12,13,16,22,24],"killed_by":"Slavers","ascension_level":2}}