{"host":"o9lehcdjc4u6j9un","time":1612790707,"event":{"mods":["BaseMod","Better-Laid Plans","Colored Map","Downfall","Hermit","Koishi","Marisa£®ÏF”Í°°ƒß¿Ì…≥£©","Minty Spire (QoL Compilation)","Remilia£®¿Ÿ√◊¿Ú—«£©","StSLib","The Alterego","The Runesmith","The Senshi"],"gold_per_floor":[119,119,131,157,185,197,225,262,274,305,317,329,360,390,402,516,528,540,540],"floor_reached":18,"language":"ZHS","playtime":838,"items_purged":[],"score":189,"play_id":"0f405a09-48e0-4689-a0ea-c9938ff29402","local_time":"20210208212507","is_ascension_mode":false,"campfire_choices":[{"data":"alterego_mod:Stockings","floor":6,"key":"SMITH"},{"data":"alterego_mod:Mirror","floor":12,"key":"SMITH"},{"data":"alterego_mod:Cushion","floor":15,"key":"SMITH"}],"circlet_count":0,"master_deck":["alterego_mod:Strike","alterego_mod:Strike","alterego_mod:Strike","alterego_mod:Strike","alterego_mod:Defend","alterego_mod:Defend","alterego_mod:Defend","alterego_mod:Defend","alterego_mod:Impale","alterego_mod:BigMeatyClaws","alterego_mod:BrynhildrsRune","alterego_mod:Stockings+1","alterego_mod:Pet","alterego_mod:Maid","alterego_mod:SakuraFive","alterego_mod:Cushion+1","alterego_mod:Mirror+1","alterego_mod:BiFurious","alterego_mod:Birthday","alterego_mod:BrynhildrRomantia"],"relics":["alterego_mod:MasochisticConstitution","MawBank","Pocketwatch","Question Card","Fusion Hammer"],"acts_visited":["Exordium","TheCity"],"potions_floor_usage":[13,16],"damage_taken":[{"damage":0,"enemies":"Small Slimes","floor":1,"turns":3},{"damage":6,"enemies":"Cultist","floor":4,"turns":3},{"damage":9,"enemies":"2 Louse","floor":5,"turns":3},{"damage":15,"enemies":"Exordium Wildlife","floor":7,"turns":4},{"damage":27,"enemies":"Gremlin Nob","floor":8,"turns":5},{"damage":2,"enemies":"Blue Slaver","floor":10,"turns":4},{"damage":9,"enemies":"Gremlin Gang","floor":13,"turns":3},{"damage":9,"enemies":"Exordium Thugs","floor":14,"turns":4},{"damage":27,"enemies":"Slime Boss","floor":16,"turns":5},{"damage":0,"enemies":"Shell Parasite","floor":18,"turns":1}],"seed_played":"272658082659406301","potions_obtained":[{"floor":1,"key":"Block Potion"},{"floor":7,"key":"GamblersBrew"},{"floor":10,"key":"Block Potion"},{"floor":14,"key":"PowerPotion"},{"floor":16,"key":"AttackPotion"}],"is_trial":false,"path_per_floor":["M","?","$","M","M","R","M","E","T","M","$","R","M","M","R","B",null,"M"],"character_chosen":"The_Alterego","items_purchased":[],"campfire_rested":0,"item_purchase_floors":[],"current_hp_per_floor":[77,77,77,72,64,64,64,38,38,44,44,44,36,35,35,11,85,85,85],"gold":540,"neow_bonus":"TEN_PERCENT_HP_BONUS","is_daily":false,"chose_seed":false,"campfire_upgraded":3,"win_rate":0.0,"timestamp":1612790707,"path_taken":["M","?","$","M","?","R","M","E","T","M","$","R","M","M","R","BOSS","M"],"items_purchased_type":[],"build_version":"2020-12-22","purchased_purges":0,"victory":false,"max_hp_per_floor":[77,77,77,78,79,79,80,81,81,82,82,82,83,84,84,85,85,85,85],"card_choices":[{"not_picked":["alterego_mod:Jiggle","alterego_mod:Birthday"],"picked":"alterego_mod:Stockings","floor":1},{"not_picked":["alterego_mod:IndependentAction","alterego_mod:SakuraPetals"],"picked":"alterego_mod:Pet","floor":4},{"not_picked":["alterego_mod:IndependentAction","alterego_mod:Pet"],"picked":"alterego_mod:Maid","floor":5},{"not_picked":["alterego_mod:HighServant","alterego_mod:Cooking"],"picked":"alterego_mod:SakuraFive","floor":7},{"not_picked":["alterego_mod:Pet","alterego_mod:HighServant"],"picked":"alterego_mod:Cushion","floor":8},{"not_picked":["alterego_mod:Smother","alterego_mod:Cooking","alterego_mod:IndependentAction"],"picked":"alterego_mod:Mirror","floor":10},{"not_picked":["alterego_mod:Vow","alterego_mod:Jiggle","alterego_mod:Undulate"],"picked":"alterego_mod:BiFurious","floor":13},{"not_picked":["alterego_mod:Complex","alterego_mod:SuperDuperMasochism","alterego_mod:Bloomers"],"picked":"alterego_mod:Birthday","floor":14},{"not_picked":["alterego_mod:PainIsPleasure","alterego_mod:Palingenesis","alterego_mod:Venus"],"picked":"alterego_mod:BrynhildrRomantia","floor":16}],"player_experience":120511,"relics_obtained":[{"floor":8,"key":"Pocketwatch"},{"floor":9,"key":"Question Card"}],"event_choices":[{"damage_healed":0,"gold_gain":0,"player_choice":"Gave Potion","damage_taken":0,"relics_obtained":["MawBank"],"max_hp_gain":0,"max_hp_loss":0,"event_name":"WeMeetAgain","floor":2,"gold_loss":0}],"is_beta":false,"boss_relics":[{"not_picked":["Velvet Choker","SacredBark"],"picked":"Fusion Hammer"}],"items_purged_floors":[],"is_endless":false,"potions_floor_spawned":[1,7,10,14,16],"killed_by":"Shell Parasite","ascension_level":0}}