{"host":"36t3qd3wjvajtu1z","time":1612820744,"event":{"mods":["2.2 Compatiblity","AchievementEnabler","BaseMod","Block Reminder","Colored Powertips","Minty Spire (QoL Compilation)","Permanent Neow","Quick Restart","Random Character Button","Rare Cards Sparkle","Relic Stats","Slay-I","StSLib"],"gold_per_floor":[114,114,126,144,69,102,102,122,191,191,191],"floor_reached":10,"language":"ENG","playtime":640,"items_purged":["Regret"],"score":129,"play_id":"52b0b3cd-d312-4b02-8388-a2144a4d2aa5","local_time":"20210208134544","is_ascension_mode":true,"campfire_choices":[{"floor":7,"key":"REST"}],"circlet_count":0,"master_deck":["AscendersBane","Strike_G","Strike_G","Strike_G","Strike_G","Strike_G","Defend_G","Defend_G","Defend_G","Defend_G","Defend_G","Survivor","Neutralize","Venomology","Poisoned Stab","Quick Slash","Bouncing Flask","PiercingWail","Bane"],"relics":["Ring of the Snake","StoneCalendar","Smiling Mask","Letter Opener"],"acts_visited":["Exordium"],"potions_floor_usage":[4,6,6,6,8],"damage_taken":[{"damage":1,"enemies":"Small Slimes","floor":1,"turns":4},{"damage":6,"enemies":"2 Louse","floor":3,"turns":3},{"damage":4,"enemies":"Jaw Worm","floor":4,"turns":3},{"damage":36,"enemies":"3 Sentries","floor":6,"turns":7},{"damage":22,"enemies":"Exordium Thugs","floor":8,"turns":7},{"damage":26,"enemies":"Lagavulin","floor":10,"turns":5}],"seed_played":"-8910687640656473155","potions_obtained":[],"is_trial":false,"path_per_floor":["M","?","M","M","$","E","R","M","T","E"],"character_chosen":"THE_SILENT","items_purchased":[],"campfire_rested":1,"item_purchase_floors":[],"current_hp_per_floor":[58,58,52,48,48,12,30,8,8,0,0],"gold":191,"neow_bonus":"THREE_RARE_CARDS","is_daily":false,"chose_seed":false,"campfire_upgraded":0,"win_rate":0.0,"timestamp":1612820744,"path_taken":["M","?","M","M","$","E","R","M","T","E"],"items_purchased_type":[],"build_version":"2020-12-22","purchased_purges":1,"victory":false,"max_hp_per_floor":[60,60,60,60,60,60,60,60,60,60,60],"relic_stats":{"counters":[6,29],"StoneCalendar":[20],"Letter Opener":[0],"Smiling Mask":0,"obtain_stats":[{"StoneCalendar":2,"Letter Opener":9,"Smiling Mask":6,"Ring of the Snake":0},{"StoneCalendar":1,"Letter Opener":5,"Smiling Mask":4,"Ring of the Snake":0},{"StoneCalendar":4,"Letter Opener":24,"Smiling Mask":17,"Ring of the Snake":0}],"Ring of the Snake":[12]},"card_choices":[{"not_picked":["Storm of Steel","Burst"],"picked":"Venomology","floor":0},{"not_picked":["Acrobatics","Cloak And Dagger"],"picked":"Poisoned Stab","floor":1},{"not_picked":["Prepared","Escape Plan"],"picked":"Quick Slash","floor":3},{"not_picked":["Backflip","Choke"],"picked":"Bouncing Flask","floor":4},{"not_picked":["Concentrate","Choke"],"picked":"PiercingWail","floor":6},{"not_picked":["Acrobatics","Endless Agony"],"picked":"Bane","floor":8}],"player_experience":438219,"relics_obtained":[{"floor":6,"key":"Smiling Mask"},{"floor":9,"key":"Letter Opener"}],"event_choices":[{"damage_healed":0,"gold_gain":0,"player_choice":"Box","damage_taken":0,"relics_obtained":["StoneCalendar"],"max_hp_gain":0,"max_hp_loss":0,"event_name":"Big Fish","floor":2,"gold_loss":0,"cards_obtained":["Regret"]}],"is_beta":false,"boss_relics":[],"items_purged_floors":[5],"is_endless":false,"potions_floor_spawned":[3,4],"killed_by":"Lagavulin","ascension_level":18}}