{"host":"dlqyscxstsnu98l1","time":1612767161,"event":{"mods":["AchievementEnabler","BaseMod","Colored Map","Colored Powertips","Downfall","GifTheSpireLib","Highlight Path","Minty Spire (QoL Compilation)","Random Character Button","SacredBarkPlus","StSLib","everything is the same but u backflip on backflip"],"gold_per_floor":[118,137,137,137,137,167,167,167,167,167,183,183,201,212,212,317,367,382,398,398,412,412,412,412],"floor_reached":23,"language":"ENG","playtime":1354,"items_purged":[],"score":276,"play_id":"976710c5-ffa3-4c25-8ff7-73faa943bde4","local_time":"20210208005241","is_ascension_mode":true,"campfire_choices":[{"floor":7.0,"key":"REST"},{"floor":10.0,"key":"REST"},{"data":"Cloak And Dagger","floor":15.0,"key":"SMITH"}],"circlet_count":0,"master_deck":["Strike_G","Strike_G","Strike_G","Defend_G","Defend_G","Defend_G","Defend_G+1","Defend_G","Survivor","Neutralize+1","Malaise","Blur","Dash","Cloak And Dagger+1","Dodge and Roll","Cloak And Dagger","Envenom+1","Die Die Die","PiercingWail","Backflip+1","Dodge and Roll+1","Wraith Form v2+1","After Image+1","Riddle With Holes","Decay"],"relics":["Ring of the Snake","Question Card","Frozen Egg 2","Spirit Poop","Pantograph","Tiny House"],"acts_visited":["Exordium","TheCity"],"potions_floor_usage":[21,23],"damage_taken":[{"damage":1.0,"enemies":"2 Louse","floor":1.0,"turns":3.0},{"damage":3.0,"enemies":"Small Slimes","floor":2.0,"turns":8.0},{"damage":55.0,"enemies":"Gremlin Nob","floor":6.0,"turns":9.0},{"damage":1.0,"enemies":"Cultist","floor":11.0,"turns":4.0},{"damage":16.0,"enemies":"Exordium Wildlife","floor":13.0,"turns":7.0},{"damage":2.0,"enemies":"Lots of Slimes","floor":14.0,"turns":7.0},{"damage":0.0,"enemies":"Hexaghost","floor":16.0,"turns":10.0},{"damage":12.0,"enemies":"3 Byrds","floor":18.0,"turns":8.0},{"damage":2.0,"enemies":"Chosen","floor":19.0,"turns":9.0},{"damage":48,"enemies":"Sentry and Sphere","floor":21,"turns":18},{"damage":15,"enemies":"Book of Stabbing","floor":23,"turns":11}],"seed_played":"-7984606205332834499","potions_obtained":[{"floor":2.0,"key":"Ancient Potion"},{"floor":12.0,"key":"Strength Potion"},{"floor":12.0,"key":"EssenceOfSteel"},{"floor":12.0,"key":"SmokeBomb"},{"floor":13.0,"key":"BlessingOfTheForge"},{"floor":17.0,"key":"FearPotion"},{"floor":21,"key":"CunningPotion"}],"is_trial":false,"path_per_floor":["M","M","$","?","?","E","R","?","T","R","M","?","M","M","R","B",null,"M","M","?","M","?","E"],"character_chosen":"THE_SILENT","items_purchased":[],"campfire_rested":2,"item_purchase_floors":[],"current_hp_per_floor":[69,66,66,66,59,4,25,25,25,46,45,45,29,27,27,52,75,63,61,61,13,13,0,0],"gold":412,"neow_bonus":"THREE_RARE_CARDS","is_daily":false,"chose_seed":false,"campfire_upgraded":1,"win_rate":0.0,"timestamp":1612767161,"path_taken":["M","M","$","?","?","E","R","?","T","R","?","?","?","M","R","BOSS","M","M","?","M","?","E"],"items_purchased_type":[],"build_version":"2020-12-22","purchased_purges":0,"victory":false,"max_hp_per_floor":[70,70,70,70,70,70,70,70,70,70,70,70,70,70,70,70,75,75,75,75,75,75,75,75],"card_choices":[{"not_picked":["Adrenaline","Doppelganger"],"picked":"Malaise","floor":0.0},{"not_picked":["Skewer","Slice"],"picked":"Blur","floor":1.0},{"not_picked":["Blade Dance","Underhanded Strike"],"picked":"Dash","floor":2.0},{"not_picked":["Prepared","Well Laid Plans+1","Calculated Gamble"],"picked":"Cloak And Dagger","floor":6.0},{"not_picked":["Dagger Throw","Blade Dance","Bane"],"picked":"Dodge and Roll","floor":11.0},{"not_picked":["Dodge and Roll","Dagger Spray","Quick Slash"],"picked":"Cloak And Dagger","floor":13.0},{"not_picked":["Backstab","Quick Slash","PiercingWail"],"picked":"Envenom+1","floor":14.0},{"not_picked":["Adrenaline","Storm of Steel","Burst"],"picked":"Die Die Die","floor":16.0},{"not_picked":["Quick Slash","Finisher","Cloak And Dagger"],"picked":"PiercingWail","floor":17.0},{"not_picked":["Deadly Poison","Prepared","Dodge and Roll"],"picked":"Backflip+1","floor":18.0},{"not_picked":["Caltrops+1","Quick Slash","Poisoned Stab"],"picked":"Dodge and Roll+1","floor":19.0},{"not_picked":["Backflip","Blade Dance","Bane"],"picked":"Riddle With Holes","floor":21}],"player_experience":160336,"relics_obtained":[{"floor":6.0,"key":"Frozen Egg 2"},{"floor":9.0,"key":"Pantograph"}],"event_choices":[{"damage_healed":0.0,"max_hp_gain":0.0,"max_hp_loss":0.0,"gold_gain":0.0,"event_name":"Living Wall","player_choice":"Grow","floor":4.0,"gold_loss":0.0,"damage_taken":0.0,"cards_upgraded":["Neutralize"]},{"damage_healed":0.0,"max_hp_gain":0.0,"max_hp_loss":0.0,"gold_gain":0.0,"event_name":"Scrap Ooze","player_choice":"Success","floor":5.0,"gold_loss":0.0,"damage_taken":7.0,"relics_obtained":["Question Card"]},{"cards_removed":["downfall:Icky"],"damage_healed":0.0,"max_hp_gain":0.0,"max_hp_loss":0.0,"gold_gain":0.0,"event_name":"Bonfire Elementals","player_choice":"Offered Curse","floor":8.0,"gold_loss":0.0,"damage_taken":0.0,"relics_obtained":["Spirit Poop"]},{"damage_healed":0.0,"max_hp_gain":0.0,"max_hp_loss":0.0,"gold_gain":0.0,"event_name":"Lab","player_choice":"Got Potions","floor":12.0,"gold_loss":0.0,"damage_taken":0.0},{"damage_healed":0.0,"max_hp_gain":0.0,"max_hp_loss":0.0,"gold_gain":0.0,"cards_transformed":["Strike_G","Strike_G"],"event_name":"Drug Dealer","player_choice":"Became Test Subject","floor":20.0,"gold_loss":0.0,"damage_taken":0.0,"cards_obtained":["Wraith Form v2","After Image"]},{"damage_healed":0,"gold_gain":0,"player_choice":"Smashed Altar","damage_taken":0,"max_hp_gain":0,"max_hp_loss":0,"event_name":"Forgotten Altar","floor":22,"gold_loss":0,"cards_obtained":["Decay"]}],"is_beta":false,"boss_relics":[{"not_picked":["Coffee Dripper","Velvet Choker"],"picked":"Tiny House"}],"items_purged_floors":[],"is_endless":false,"potions_floor_spawned":[2,13,14,21],"killed_by":"Book of Stabbing","ascension_level":3}}