{"host":"zjpztl3gv3azspk5","time":1612821175,"event":{"mods":["Act Like it!","BaseMod","Better Note","Better Skull","BetterRewards","Card Forge","Colored Powertips","Conspire","Downfall","Hermit","Highlight Path","Infinite Spire","Minty Spire (QoL Compilation)","Quick Restart","Rare Cards Sparkle","Replay The Spire","StSLib","The Exalted","everything is the same but u backflip on backflip"],"gold_per_floor":[118,137,137,137,157,174,200,185,215,315,331,346,346,360,360,463,463,463,463],"floor_reached":17,"language":"ENG","playtime":1187,"items_purged":[],"score":159,"play_id":"d5aee234-fc72-4fb6-a326-9a688207d5e8","local_time":"20210208135255","is_ascension_mode":false,"campfire_choices":[{"floor":15,"key":"REST"}],"circlet_count":0,"master_deck":["sneckomod:Strike","sneckomod:Strike","sneckomod:Defend","sneckomod:Defend","sneckomod:Defend","sneckomod:TailWhip","sneckomod:SnekBite","sneckomod:Unknown","sneckomod:Unknown","sneckomod:SerpentIdol","sneckomod:Unknown1Cost","Doubt","sneckomod:UnknownDexterity","sneckomod:IronFang","sneckomod:RainOfDice","sneckomod:RainOfDice","sneckomod:SnakeSap","Juggernaut","sneckomod:Unknown0Cost","sneckomod:UnknownRarePower","sneckomod:SnakeSap"],"relics":["sneckomod:SneckoSoul","Hammer of Thor","Seething Fire","Anvil of the Gods","ReplayTheSpireMod:Ring of Exchange","Replay:Rubber Ducky","infinitespire:Lucky Rock","DollysMirror"],"acts_visited":["Exordium","TheCity"],"potions_floor_usage":[16],"damage_taken":[{"damage":9,"enemies":"2 Louse","floor":1,"turns":3},{"damage":2,"enemies":"Small Slimes","floor":2,"turns":4},{"damage":0,"enemies":"Cultist","floor":5,"turns":2},{"damage":4,"enemies":"Large Slime","floor":6,"turns":8},{"damage":1,"enemies":"downfall:FleeingMerchant","floor":8,"turns":4},{"damage":48,"enemies":"Lagavulin","floor":9,"turns":9},{"damage":19,"enemies":"Exordium Wildlife","floor":11,"turns":4},{"damage":10,"enemies":"3 Louse","floor":12,"turns":4},{"damage":1,"enemies":"2 Fungi Beasts","floor":14,"turns":3},{"damage":16,"enemies":"SI_SHIV_ARCHETYPE","floor":16,"turns":11}],"seed_played":"8592209771507123356","potions_obtained":[{"floor":2,"key":"Venom Potion"},{"floor":11,"key":"Swift Potion"},{"floor":12,"key":"DistilledChaos"},{"floor":16,"key":"Elixir"}],"is_trial":false,"path_per_floor":["M","M","?","?","M","M","T","$","E","?","M","M","R","M","R","B",null],"character_chosen":"THE_SNECKO","items_purchased":[],"campfire_rested":1,"item_purchase_floors":[],"current_hp_per_floor":[90,88,88,88,88,84,84,83,35,35,16,6,6,5,34,18,99,99,99],"gold":463,"neow_bonus":"TEN_PERCENT_HP_BONUS","is_daily":false,"chose_seed":false,"campfire_upgraded":0,"win_rate":0.0,"timestamp":1612821175,"path_taken":["M","M","?","?","M","M","T","$","E","?","M","M","R","M","R","BOSS"],"items_purchased_type":[],"build_version":"2020-12-13","purchased_purges":0,"victory":false,"max_hp_per_floor":[99,99,99,99,99,99,99,99,99,99,99,99,99,99,99,99,99,99,99],"card_choices":[{"not_picked":["sneckomod:DiceCrush","sneckomod:WideSting"],"picked":"sneckomod:SerpentIdol","floor":1},{"not_picked":["sneckomod:QuickMove","sneckomod:DiceBlock"],"picked":"sneckomod:Unknown1Cost","floor":2},{"not_picked":["sneckomod:UnknownWeak","sneckomod:UnknownBlock"],"picked":"sneckomod:UnknownDexterity","floor":5},{"not_picked":["sneckomod:SoulCleanse","sneckomod:UnknownCommonAttack"],"picked":"sneckomod:IronFang","floor":6},{"not_picked":["sneckomod:UnknownColorless","sneckomod:DiceBoulder"],"picked":"sneckomod:RainOfDice","floor":8},{"not_picked":["sneckomod:UnknownStrength","sneckomod:TrashToTreasure"],"picked":"sneckomod:RainOfDice","floor":9},{"not_picked":["sneckomod:QuickBite","sneckomod:RainOfDice"],"picked":"sneckomod:UnknownBlock","floor":11},{"not_picked":["sneckomod:QuickMove","sneckomod:RainOfDice"],"picked":"sneckomod:SnakeSap","floor":12},{"not_picked":["sneckomod:UnknownStrength","sneckomod:UnknownCommonSkill"],"picked":"sneckomod:Unknown0Cost","floor":14},{"not_picked":["sneckomod:UnknownRareSkill","sneckomod:UnlimitedRolls"],"picked":"sneckomod:UnknownRarePower","floor":16}],"player_experience":218019,"relics_obtained":[{"floor":4,"key":"ReplayTheSpireMod:Ring of Exchange"},{"floor":7,"key":"Replay:Rubber Ducky"},{"floor":9,"key":"infinitespire:Lucky Rock"}],"event_choices":[],"is_beta":false,"boss_relics":[{"not_picked":["Sling","Replay:Wanted Poster"],"picked":"DollysMirror"}],"items_purged_floors":[],"is_endless":false,"potions_floor_spawned":[2,11,12,16],"ascension_level":0}}