{"host":"vyjryxuuuxkt43k4","time":1612758527,"event":{"mods":["AchievementEnabler","BaseMod","Colored Map","DeckTracker","Keyboard Shortcuts","Minty Spire (QoL Compilation)","Permanent Neow","Quick Restart","StSLib","SuperFastMode","everything is the same but u backflip on backflip"],"gold_per_floor":[113,133,133,150,169,169,197,197,197,214,214,232,232,248,248,324,324,340,39,39,55,69,69,102,102,102,102,122,132,132,28,28,103,103,121,121,121,49,62,62,88,88,139,139,150,168,168,201,201,201,201],"floor_reached":50,"language":"KOR","playtime":6131,"items_purged":["Strike_G"],"score":1044,"play_id":"22cb22c9-6d02-4dd0-a6b9-dc8aa23f6772","local_time":"20210208132847","is_ascension_mode":true,"campfire_choices":[{"data":"Neutralize","floor":6.0,"key":"SMITH"},{"floor":8.0,"key":"REST"},{"data":"Corpse Explosion","floor":13.0,"key":"SMITH"},{"floor":15.0,"key":"REST"},{"data":"Blade Dance","floor":23.0,"key":"SMITH"},{"data":"After Image","floor":25.0,"key":"SMITH"},{"floor":32.0,"key":"REST"},{"data":"Accuracy","floor":40,"key":"SMITH"},{"data":"Terror","floor":42,"key":"SMITH"},{"data":"Storm of Steel","floor":44,"key":"SMITH"},{"floor":49,"key":"RECALL"}],"circlet_count":0,"master_deck":["AscendersBane","Defend_G","Defend_G","Defend_G","Defend_G","Survivor","Neutralize+1","Well Laid Plans","Blade Dance+1","PiercingWail","Blade Dance","Terror+1","Slice","Corpse Explosion+1","Backstab","After Image+1","Backflip+1","Dagger Spray+1","Infinite Blades+1","Backflip","Accuracy+1","Blur","Dodge and Roll","Storm of Steel+1","Reflex","Choke","Escape Plan","Footwork+1"],"relics":["Ring of the Serpent","The Courier","Eternal Feather","Astrolabe","TwistedFunnel","Nunchaku","Kunai","Frozen Egg 2","Question Card","Pocketwatch","The Specimen","MealTicket"],"acts_visited":["Exordium","TheCity","TheBeyond"],"potions_floor_usage":[41,41],"damage_taken":[{"damage":2.0,"enemies":"2 Louse","floor":1.0,"turns":4.0},{"damage":4.0,"enemies":"Small Slimes","floor":2.0,"turns":5.0},{"damage":0.0,"enemies":"Cultist","floor":4.0,"turns":4.0},{"damage":21.0,"enemies":"Exordium Thugs","floor":5.0,"turns":7.0},{"damage":19.0,"enemies":"3 Sentries","floor":7.0,"turns":8.0},{"damage":6.0,"enemies":"Looter","floor":10.0,"turns":4.0},{"damage":2.0,"enemies":"3 Louse","floor":12.0,"turns":3.0},{"damage":23.0,"enemies":"Exordium Thugs","floor":14.0,"turns":4.0},{"damage":60.0,"enemies":"Slime Boss","floor":16.0,"turns":11.0},{"damage":2.0,"enemies":"3 Byrds","floor":18.0,"turns":4.0},{"damage":6.0,"enemies":"Shell Parasite","floor":21.0,"turns":2.0},{"damage":12.0,"enemies":"Cultist and Chosen","floor":22.0,"turns":6.0},{"damage":20.0,"enemies":"Slavers","floor":24.0,"turns":3.0},{"damage":1.0,"enemies":"Snecko","floor":28.0,"turns":6.0},{"damage":6.0,"enemies":"Centurion and Healer","floor":29.0,"turns":5.0},{"damage":13.0,"enemies":"Collector","floor":33.0,"turns":7.0},{"damage":19,"enemies":"3 Darklings","floor":35,"turns":3},{"damage":11,"enemies":"Orb Walker","floor":39,"turns":4},{"damage":20,"enemies":"Reptomancer","floor":41,"turns":7},{"damage":2,"enemies":"4 Shapes","floor":45,"turns":7},{"damage":20,"enemies":"3 Darklings","floor":46,"turns":3},{"damage":15,"enemies":"Nemesis","floor":48,"turns":7},{"damage":74,"enemies":"Donu and Deca","floor":50,"turns":7}],"seed_played":"-2599546276238086712","potions_obtained":[{"floor":1.0,"key":"BlessingOfTheForge"},{"floor":4.0,"key":"CunningPotion"},{"floor":14.0,"key":"Regen Potion"},{"floor":16.0,"key":"ColorlessPotion"},{"floor":18.0,"key":"AttackPotion"},{"floor":24.0,"key":"Ancient Potion"},{"floor":29.0,"key":"CunningPotion"},{"floor":33.0,"key":"Explosive Potion"},{"floor":35,"key":"Fire Potion"},{"floor":46,"key":"FairyPotion"}],"is_trial":false,"path_per_floor":["M","M","?","M","M","R","E","R","T","M","?","M","R","M","R","B",null,"M","$","T","M","M","R","E","R","T","?","M","M","?","$","R","B",null,"M","?","?","$","M","R","E","R","T","R","M","M","T","E","R","B"],"character_chosen":"THE_SILENT","items_purchased":["Accuracy","TwistedFunnel","Nunchaku","Dodge and Roll","Choke"],"campfire_rested":3,"item_purchase_floors":[19,19,19,31,38],"current_hp_per_floor":[57,53,58,58,37,37,18,39,39,33,33,31,40,17,50,5,55,53,53,53,47,35,47,27,39,39,39,38,32,12,12,46,33,65,46,46,46,46,35,50,30,45,45,60,58,38,38,23,38,0,0],"gold":201,"neow_bonus":"TRANSFORM_CARD","is_daily":false,"chose_seed":false,"campfire_upgraded":7,"win_rate":0.0,"timestamp":1612758527,"path_taken":["M","M","?","M","M","R","E","R","T","M","?","M","R","M","R","BOSS","M","?","?","M","M","R","E","R","T","?","M","M","?","?","R","BOSS","M","?","?","$","M","R","E","R","T","R","M","M","?","E","R","BOSS"],"items_purchased_type":["Card","Relic","Relic","Card","Card"],"build_version":"2020-12-22","purchased_purges":1,"victory":false,"max_hp_per_floor":[66,66,71,71,71,71,71,71,71,71,71,71,71,71,71,71,71,71,71,71,71,71,71,71,71,71,71,71,71,76,76,76,76,76,76,76,76,76,76,76,76,76,76,76,76,76,76,76,76,76,76],"card_choices":[{"not_picked":["Eviscerate","Bane"],"picked":"Riddle With Holes","floor":1.0},{"not_picked":["Accuracy","Prepared"],"picked":"Blade Dance","floor":2.0},{"not_picked":["Sucker Punch","Outmaneuver"],"picked":"PiercingWail","floor":4.0},{"not_picked":["Deadly Poison","Slice"],"picked":"Blade Dance","floor":5.0},{"not_picked":["Outmaneuver","Leg Sweep"],"picked":"Terror","floor":7.0},{"not_picked":["Sucker Punch","Expertise"],"picked":"Slice","floor":10.0},{"not_picked":["Setup","Escape Plan"],"picked":"Corpse Explosion","floor":12.0},{"not_picked":["Caltrops","Tactician"],"picked":"Backstab","floor":14.0},{"not_picked":["Bullet Time","Venomology"],"picked":"After Image","floor":16.0},{"not_picked":["Dagger Spray","Underhanded Strike"],"picked":"Backflip","floor":18.0},{"not_picked":["Flying Knee","Dagger Spray","Sucker Punch"],"picked":"SKIP","floor":21.0},{"not_picked":["Dodge and Roll","Corpse Explosion"],"picked":"Blur","floor":22.0},{"not_picked":["Skewer","Slice","Blade Dance"],"picked":"SKIP","floor":24.0},{"not_picked":["Predator","Cloak And Dagger","Blade Dance+1","Flying Knee"],"picked":"SKIP","floor":28.0},{"not_picked":["Poisoned Stab","Acrobatics","Blade Dance","All Out Attack"],"picked":"SKIP","floor":29.0},{"not_picked":["Glass Knife","Phantasmal Killer","Doppelganger"],"picked":"Storm of Steel","floor":33.0},{"not_picked":["Prepared","Backflip+1","Cloak And Dagger"],"picked":"Reflex","floor":35},{"not_picked":["Quick Slash","Backflip+1","Outmaneuver+1","Glass Knife"],"picked":"SKIP","floor":39},{"not_picked":["Quick Slash","Outmaneuver","Backstab","Poisoned Stab"],"picked":"SKIP","floor":41},{"not_picked":["Cloak And Dagger","Blade Dance","Flying Knee","Dagger Throw"],"picked":"SKIP","floor":45},{"not_picked":["Flying Knee","Distraction+1","Leg Sweep"],"picked":"Escape Plan","floor":46},{"not_picked":["Dash","Cloak And Dagger","Underhanded Strike"],"picked":"Footwork+1","floor":48}],"player_experience":826635,"relics_obtained":[{"floor":7.0,"key":"The Courier"},{"floor":9.0,"key":"Eternal Feather"},{"floor":20.0,"key":"Kunai"},{"floor":24.0,"key":"Frozen Egg 2"},{"floor":26.0,"key":"Question Card"},{"floor":41,"key":"Pocketwatch"},{"floor":47,"key":"The Specimen"},{"floor":48,"key":"MealTicket"}],"event_choices":[{"damage_healed":0.0,"max_hp_gain":5.0,"max_hp_loss":0.0,"gold_gain":0.0,"event_name":"Big Fish","player_choice":"Donut","floor":3.0,"gold_loss":0.0,"damage_taken":0.0},{"cards_removed":["Strike_G"],"damage_healed":0.0,"max_hp_gain":0.0,"max_hp_loss":0.0,"gold_gain":0.0,"event_name":"Bonfire Elementals","player_choice":"Offered Basic","floor":11.0,"gold_loss":0.0,"damage_taken":0.0},{"damage_healed":0.0,"max_hp_gain":0.0,"max_hp_loss":0.0,"gold_gain":0.0,"event_name":"Vampires","player_choice":"Ignored","floor":27.0,"gold_loss":0.0,"damage_taken":0.0},{"damage_healed":0.0,"max_hp_gain":5.0,"max_hp_loss":0.0,"gold_gain":0.0,"event_name":"Forgotten Altar","player_choice":"Shed Blood","floor":30.0,"gold_loss":0.0,"damage_taken":25.0},{"damage_healed":0,"gold_gain":0,"player_choice":"Ignored","damage_taken":0,"max_hp_gain":0,"max_hp_loss":0,"event_name":"Tomb of Lord Red Mask","floor":36,"gold_loss":0},{"cards_removed":["Riddle With Holes"],"damage_healed":0,"gold_gain":0,"player_choice":"Removed Attack","damage_taken":0,"max_hp_gain":0,"max_hp_loss":0,"event_name":"Falling","floor":37,"gold_loss":0}],"is_beta":false,"boss_relics":[{"not_picked":["Tiny House","SacredBark"],"picked":"Astrolabe"},{"not_picked":["HoveringKite","Coffee Dripper"],"picked":"Ring of the Serpent"}],"items_purged_floors":[31],"is_endless":false,"potions_floor_spawned":[1,4,14,16,18,24,29,33,35,46],"killed_by":"Donu and Deca","ascension_level":20}}