{"host":"684z1xpuwaoqmmh1","time":1612793243,"event":{"mods":["A Magickal Journey","BaseMod","Downfall","Hermit","Jorbs\u0027s Wanderer Trilogy","Marisa????????","Minty Spire (QoL Compilation)","Robot Space Explorer","Shade Mod","StSLib","The Bug Knight","The Dragon Tamer","The Elementalist","The Hayseed","The Hierophant","The Marked","The Mystic","The Runesmith","The Saiyan","The Senshi","The Spell Scribe","The Vixen","TheBandit","TheFirefly"],"gold_per_floor":[12,12,36,59,72,112,112,150,224,224,224,238,277,47,47,176,176,201,232,257,59,83,83,127,127,127,167,167,198,216,216,216,336,336,356,108,171,196,52,52,86,86,140,140,140,158,177,196,196,196,196,196,3,37,37,37],"floor_reached":55,"language":"ENG","playtime":2863,"items_purged":["theSenshi:SailorKick","Writhe"],"score":1342,"play_id":"41d208d7-da1d-4a22-8bfa-f997fc958b21","local_time":"20210208160723","is_ascension_mode":true,"campfire_choices":[{"data":"theSenshi:RoseThrow","floor":7.0,"key":"SMITH"},{"floor":10.0,"key":"REST"},{"floor":15,"key":"REST"},{"data":"theSenshi:SilverMoonCrystalPowerKiss","floor":23,"key":"SMITH"},{"data":"theSenshi:SailorMarsAssists","floor":25,"key":"SMITH"},{"data":"theSenshi:MoonCrisisMakeUp","floor":28,"key":"SMITH"},{"data":"theSenshi:SailorBlock","floor":32,"key":"SMITH"},{"floor":40,"key":"RECALL"},{"data":"theSenshi:FatedKiss","floor":42,"key":"SMITH"},{"data":"theSenshi:UranusStrength","floor":45,"key":"SMITH"},{"data":"theSenshi:SailorJupiterAssists","floor":49,"key":"SMITH"},{"data":"theSenshi:SailorBlock","floor":52,"key":"SMITH"}],"circlet_count":0,"master_deck":["AscendersBane","theSenshi:SailorKick","theSenshi:SailorKick","theSenshi:SailorBlock+1","theSenshi:SailorBlock+1","theSenshi:RoseThrow+1","theSenshi:MoonPrismPowerMakeUp","theSenshi:SailorMarsAssists+1","theSenshi:GatheringStrength","theSenshi:SilverMoonCrystalPowerKiss+1","theSenshi:SailorJupiterAssists+1","theSenshi:MoonGorgeousMeditation+1","theSenshi:MoonPunch+1","theSenshi:SailorSaturnAssists+1","theSenshi:MarsPride+1","theSenshi:LunaWiseMentor+1","theSenshi:MoonPunch+1","theSenshi:SailorChibiMoonAssists+1","theSenshi:SailorJupiterAssists+1","theSenshi:VenusGlamour+1","theSenshi:TallSilhouette+1","theSenshi:SailorUranusAssists+1","theSenshi:MoonCrisisMakeUp+1","theSenshi:MercurysCunning+1","theSenshi:FatedKiss+1","theSenshi:MoonCrystalPowerMakeUp+1","theSenshi:UranusStrength+1","theSenshi:MoonTiaraMagic+1","stsjorbsmod:Procrastination","Parasite","theSenshi:MoonCrystalPowerMakeUp","theSenshi:JupitersPower+1"],"relics":["theSenshi:TransformationBroochRelic","Unceasing Top","Golden Idol","Molten Egg 2","Du-Vu Doll","bronze:DecasWashers","Runesmith:AutoHammer","Ancient Tea Set","PreservedInsect","Astrolabe","Red Mask","Vajra","Oddly Smooth Stone","Letter Opener","theSenshi:TransformationPenRelic","Question Card","theSenshi:FeatherClipsRelic","Cursed Key","Sling","theSenshi:SpiralHeartMoonRodRelic","theSenshi:CutieMoonRodRelic","Centennial Puzzle","hexamod:BolsterEngine","Anchor"],"acts_visited":["Exordium","TheCity","TheBeyond","TheEnding"],"potions_floor_usage":[13,19,30,33,35,50,55,55],"damage_taken":[{"damage":0.0,"enemies":"Jaw Worm","floor":1.0,"turns":5.0},{"damage":0.0,"enemies":"2 Louse","floor":3.0,"turns":3.0},{"damage":0.0,"enemies":"Small Slimes","floor":4.0,"turns":4.0},{"damage":3.0,"enemies":"Exordium Wildlife","floor":5.0,"turns":6.0},{"damage":18.0,"enemies":"3 Sentries","floor":6.0,"turns":10.0},{"damage":34.0,"enemies":"HollowMod:MossKnight","floor":8.0,"turns":16.0},{"damage":8,"enemies":"3 Louse","floor":12,"turns":3},{"damage":6,"enemies":"3 Sentries","floor":13,"turns":6},{"damage":6,"enemies":"The Guardian","floor":16,"turns":13},{"damage":4,"enemies":"3 Byrds","floor":18,"turns":6},{"damage":19,"enemies":"Masked Bandits","floor":19,"turns":5},{"damage":1,"enemies":"2 Thieves","floor":20,"turns":3},{"damage":14,"enemies":"Sentry and Sphere","floor":22,"turns":5},{"damage":0,"enemies":"Gremlin Leader","floor":24,"turns":4},{"damage":0,"enemies":"Book of Stabbing","floor":27,"turns":3},{"damage":3,"enemies":"Slavers","floor":29,"turns":2},{"damage":0,"enemies":"Centurion and Healer","floor":30,"turns":3},{"damage":67,"enemies":"Champ","floor":33,"turns":11},{"damage":4,"enemies":"3 Darklings","floor":35,"turns":4},{"damage":4,"enemies":"Mind Bloom Boss Battle","floor":37,"turns":5},{"damage":0,"enemies":"Orb Walker","floor":38,"turns":4},{"damage":0,"enemies":"Reptomancer","floor":41,"turns":3},{"damage":18,"enemies":"Maw","floor":46,"turns":7},{"damage":0,"enemies":"Sphere and 2 Shapes","floor":47,"turns":3},{"damage":47,"enemies":"Writhing Mass","floor":48,"turns":5},{"damage":19,"enemies":"Donu and Deca","floor":50,"turns":7},{"damage":36,"enemies":"Shield and Spear","floor":54,"turns":5},{"damage":47,"enemies":"The Heart","floor":55,"turns":5}],"seed_played":"-6378916533765389968","potions_obtained":[{"floor":3.0,"key":"sneckomod:MuddlingPotion"},{"floor":4.0,"key":"SkillPotion"},{"floor":5.0,"key":"Energy Potion"},{"floor":8.0,"key":"champ:CounterPotion"},{"floor":13,"key":"sneckomod:MuddlingPotion"},{"floor":19,"key":"Swift Potion"},{"floor":22,"key":"sneckomod:MuddlingPotion"},{"floor":33,"key":"LiquidMemories"},{"floor":46,"key":"champ:CounterPotion"},{"floor":48,"key":"SkillPotion"},{"floor":54,"key":"GamblersBrew"}],"is_trial":false,"path_per_floor":["M","?","M","M","M","E","R","E","T","R","?","M","E","$","R","B",null,"M","?","M","$","M","R","E","R","T","E","R","E","M","?","R","B",null,"M","$","?","M","$","R","E","R","T","?","R","M","M","M","R","B",null,"R","$","E","B"],"character_chosen":"THE_SENSHI","items_purchased":["PreservedInsect","theSenshi:VenusGlamour+1","Vajra","Sling","theSenshi:CutieMoonRodRelic","theSenshi:MoonCrystalPowerMakeUp","hexamod:BolsterEngine"],"campfire_rested":2,"item_purchase_floors":[14,21,21,36,39,53,53],"current_hp_per_floor":[68,68,68,68,65,47,47,13,13,33,26,18,12,12,32,26,58,64,55,54,54,50,50,60,60,60,65,65,62,67,67,67,8,54,61,61,68,69,69,69,69,69,69,69,69,69,69,30,30,26,58,58,58,42,0,0],"gold":37,"neow_bonus":"ONE_RARE_RELIC","is_daily":false,"chose_seed":false,"campfire_upgraded":9,"win_rate":0.0,"timestamp":1612793243,"path_taken":["M","?","M","M","M","E","R","E","T","R","?","M","E","$","R","BOSS","M","?","M","$","M","R","E","R","T","E","R","E","M","?","R","BOSS","M","$","?","M","$","R","E","R","T","?","R","M","M","M","R","BOSS","R","$","E","BOSS"],"items_purchased_type":["Relic","Card","Relic","Relic","Relic","Card","Relic"],"build_version":"2020-12-22","purchased_purges":2,"victory":false,"max_hp_per_floor":[75,69,69,69,69,69,69,69,69,69,69,69,69,69,69,69,69,69,69,69,69,69,69,69,69,69,69,69,69,69,69,69,69,69,69,69,69,69,69,69,69,69,69,69,69,69,69,69,69,69,69,69,69,69,69,69],"card_choices":[{"not_picked":["theSenshi:MoonPower","theSenshi:MoonPrincessHalation"],"picked":"theSenshi:SailorMarsAssists","floor":1.0},{"not_picked":["theSenshi:DramaticEntrance","theSenshi:MoonPower"],"picked":"theSenshi:GatheringStrength","floor":3.0},{"not_picked":["theSenshi:MoonKick","theSenshi:InTheNickOfTime"],"picked":"theSenshi:SilverMoonCrystalPowerKiss","floor":4.0},{"not_picked":["theSenshi:RainbowMoonHeartAche","theSenshi:LunaWiseMentor"],"picked":"theSenshi:SailorJupiterAssists","floor":5.0},{"not_picked":["theSenshi:MoonsReflection","theSenshi:MoonPower+1"],"picked":"theSenshi:MoonGorgeousMeditation+1","floor":6.0},{"not_picked":["theSenshi:SilverMoonCrystalPowerKiss+1","theSenshi:MoonPrincessHalation+1"],"picked":"theSenshi:MoonPunch+1","floor":8.0},{"not_picked":["theSenshi:NeptunesGrace+1","theSenshi:Sidestep","theSenshi:LunasBite+1"],"picked":"SKIP","floor":12},{"not_picked":["theSenshi:TuxedoSmokingBomber+1","theSenshi:Sidestep","theSenshi:DramaticEntrance"],"picked":"SKIP","floor":13},{"not_picked":["theSenshi:SilverCrystal","theSenshi:StarlightHoneymoonTherapyKiss+1"],"picked":"theSenshi:SailorSaturnAssists+1","floor":16},{"not_picked":["theSenshi:MoonsReflection","theSenshi:SailorJupiterAssists+1"],"picked":"theSenshi:SailorChibiMoonAssists+1","floor":18},{"not_picked":["theSenshi:TuxedoSmokingBomber+1","theSenshi:SailorVenusAssists+1"],"picked":"theSenshi:SailorJupiterAssists+1","floor":19},{"not_picked":["theSenshi:MoonPower+1","theSenshi:EncouragingSpeech","theSenshi:SchoolBag+1"],"picked":"SKIP","floor":20},{"not_picked":["theSenshi:SailorStarFighterAssists+1","theSenshi:RainbowMoonHeartAche+1"],"picked":"theSenshi:TallSilhouette+1","floor":22},{"not_picked":["theSenshi:SailorJupiterAssists+1","theSenshi:SailorChibiMoonAssists+1"],"picked":"theSenshi:SailorUranusAssists+1","floor":24},{"not_picked":["theSenshi:SailorUranusAssists+1","theSenshi:SailorPlanetPower+1"],"picked":"theSenshi:MoonCrisisMakeUp","floor":27},{"not_picked":["theSenshi:SailorJupiterAssists+1","theSenshi:LunasBite+1","theSenshi:SailorVenusAssists+1"],"picked":"SKIP","floor":29},{"not_picked":["theSenshi:MoonPunch+1","theSenshi:MoonPrincessHalation+1","theSenshi:SailorUranusAssists+1"],"picked":"theSenshi:MercurysCunning+1","floor":30},{"not_picked":["theSenshi:StudyParty","theSenshi:ChibiMoonsLove","theSenshi:SilverCrystal"],"picked":"theSenshi:FatedKiss","floor":33},{"not_picked":["theSenshi:SupersonicWaves+1","theSenshi:MoonKick+1","theSenshi:DramaticEntrance","theSenshi:SailorUranusAssists+1"],"picked":"SKIP","floor":35},{"not_picked":["theSenshi:LateForSchool","theSenshi:MoonTiaraMagic+1","theSenshi:SailorChibiMoonAssists+1"],"picked":"theSenshi:MoonCrystalPowerMakeUp+1","floor":37},{"not_picked":["theSenshi:SailorVenusAssists+1","theSenshi:StarlightHoneymoonTherapyKiss+1","theSenshi:LunasBite+1"],"picked":"theSenshi:UranusStrength","floor":38},{"not_picked":["theSenshi:LateForSchool","theSenshi:TuxedoMaskAssists+1","theSenshi:MoonTwilightFlash+1"],"picked":"theSenshi:MoonTiaraMagic+1","floor":41},{"not_picked":["theSenshi:SupersonicWaves+1","theSenshi:MoonsReflection+1","theSenshi:MoonKick+1","theSenshi:SailorVenusAssists+1"],"picked":"SKIP","floor":46},{"not_picked":["theSenshi:SailorMarsAssists+1","theSenshi:EncouragingSpeech","theSenshi:SchoolBag","theSenshi:Sidestep+1"],"picked":"SKIP","floor":47},{"not_picked":["theSenshi:MoonPunch+1","theSenshi:SailorStarMakerAssists","theSenshi:TallSilhouette","theSenshi:MoonPower+1"],"picked":"SKIP","floor":48},{"not_picked":["theSenshi:MoonTiaraMagic+1","theSenshi:SailorJupiterAssists+1","theSenshi:MoonPower+1"],"picked":"theSenshi:JupitersPower+1","floor":54}],"player_experience":3200612,"relics_obtained":[{"floor":6.0,"key":"Molten Egg 2"},{"floor":8.0,"key":"Du-Vu Doll"},{"floor":9.0,"key":"bronze:DecasWashers"},{"floor":13,"key":"Ancient Tea Set"},{"floor":19,"key":"Red Mask"},{"floor":24,"key":"Oddly Smooth Stone"},{"floor":26,"key":"Letter Opener"},{"floor":27,"key":"theSenshi:TransformationPenRelic"},{"floor":29,"key":"Question Card"},{"floor":37,"key":"theSenshi:SpiralHeartMoonRodRelic"},{"floor":41,"key":"Centennial Puzzle"},{"floor":54,"key":"Anchor"}],"event_choices":[{"damage_healed":0.0,"max_hp_gain":0.0,"max_hp_loss":6.0,"gold_gain":0.0,"event_name":"Golden Idol","player_choice":"Lose Max HP","floor":2.0,"gold_loss":0.0,"damage_taken":0.0,"relics_obtained":["Golden Idol"]},{"damage_healed":0,"gold_gain":0,"player_choice":"Success","damage_taken":7,"relics_obtained":["Runesmith:AutoHammer"],"max_hp_gain":0,"max_hp_loss":0,"event_name":"Scrap Ooze","floor":11,"gold_loss":0},{"damage_healed":0,"gold_gain":0,"player_choice":"Fought Bandits","damage_taken":0,"max_hp_gain":0,"max_hp_loss":0,"event_name":"Masked Bandits","floor":19,"gold_loss":0},{"damage_healed":0,"gold_gain":0,"player_choice":"Opened","damage_taken":0,"relics_obtained":["theSenshi:FeatherClipsRelic"],"max_hp_gain":0,"max_hp_loss":0,"event_name":"The Mausoleum","floor":31,"gold_loss":0,"cards_obtained":["Writhe"]},{"damage_healed":0,"gold_gain":0,"player_choice":"Fight","damage_taken":0,"max_hp_gain":0,"max_hp_loss":0,"event_name":"MindBloom","floor":37,"gold_loss":0}],"is_beta":false,"boss_relics":[{"not_picked":["Velvet Choker","SacredBark"],"picked":"Astrolabe"},{"not_picked":["Philosopher\u0027s Stone","SlaversCollar"],"picked":"Cursed Key"}],"items_purged_floors":[14,36],"is_endless":false,"potions_floor_spawned":[3,4,5,8,13,19,22,27,30,33,46,48,54],"killed_by":"The Heart","ascension_level":12}}