{"host":"kxz5izodaorfb9am","time":1612820441,"event":{"mods":["BaseMod","GifTheSpireLib","Minty Spire (QoL Compilation)","Shop Mod","StSLib","The Runesmith"],"gold_per_floor":[114,114,131,150,166,192,192,204,230,230,230],"floor_reached":10,"language":"ENG","playtime":794,"items_purged":[],"score":105,"play_id":"f3953931-d4d4-4384-b4cb-187571f052d8","local_time":"20210208224041","is_ascension_mode":true,"campfire_choices":[{"data":"Runesmith:CraftFirestone","floor":7,"key":"SMITH"}],"circlet_count":0,"master_deck":["Runesmith:Strike_RS","Runesmith:Strike_RS","Runesmith:Strike_RS","Runesmith:Defend_RS","Runesmith:Defend_RS","Runesmith:Defend_RS","Runesmith:Defend_RS","Runesmith:CraftFirestone+1","Runesmith:Fortify","Runesmith:CreatorForm","Runesmith:CraftIncendium","Runesmith:EarthShield","Runesmith:EarthShield"],"relics":["Runesmith:BrokenRuby","CultistMask","Art of War","Tiny Chest"],"acts_visited":["Exordium"],"potions_floor_usage":[5,8],"damage_taken":[{"damage":2,"enemies":"2 Louse","floor":1,"turns":4},{"damage":2,"enemies":"Cultist","floor":3,"turns":4},{"damage":13,"enemies":"Jaw Worm","floor":4,"turns":4},{"damage":6,"enemies":"Exordium Wildlife","floor":5,"turns":4},{"damage":0,"enemies":"Lagavulin","floor":6,"turns":7},{"damage":12,"enemies":"Exordium Thugs","floor":8,"turns":6},{"damage":74,"enemies":"Gremlin Nob","floor":10,"turns":5}],"seed_played":"3589039769968147764","potions_obtained":[{"floor":3,"key":"Explosive Potion"},{"floor":4,"key":"ColorlessPotion"},{"floor":8,"key":"BlessingOfTheForge"}],"is_trial":false,"path_per_floor":["M","?","M","M","M","E","R","M","T","E"],"character_chosen":"RUNESMITH_CLASS","items_purchased":[],"campfire_rested":0,"item_purchase_floors":[],"current_hp_per_floor":[68,68,66,53,47,47,47,35,35,0,0],"gold":230,"neow_bonus":"TRANSFORM_CARD","is_daily":false,"chose_seed":false,"campfire_upgraded":1,"win_rate":0.0,"timestamp":1612820441,"path_taken":["M","?","?","M","M","E","R","M","T","E"],"items_purchased_type":[],"build_version":"2020-12-22","purchased_purges":0,"victory":false,"max_hp_per_floor":[70,70,70,70,70,70,70,70,70,70,70],"card_choices":[{"not_picked":["Runesmith:ChiselStab","Runesmith:HammerAndChisel"],"picked":"Runesmith:CraftIncendium","floor":1},{"not_picked":["Runesmith:Superposition","Runesmith:HeatExchange"],"picked":"Runesmith:EarthShield","floor":3},{"not_picked":["Runesmith:Refine","Runesmith:BackupBattery","Runesmith:Discharge"],"picked":"SKIP","floor":4},{"not_picked":["Runesmith:CraftSpiculum","Runesmith:Firewall"],"picked":"Runesmith:EarthShield","floor":5},{"not_picked":["Runesmith:Accelerate","Runesmith:StaticCage","Runesmith:Repurpose"],"picked":"SKIP","floor":6},{"not_picked":["Runesmith:FissionHammer","Runesmith:StaticCage","Runesmith:DoubleUp"],"picked":"SKIP","floor":8}],"player_experience":327414,"relics_obtained":[{"floor":6,"key":"Art of War"},{"floor":9,"key":"Tiny Chest"}],"event_choices":[{"damage_healed":0,"gold_gain":0,"player_choice":"Trade","damage_taken":0,"relics_obtained":["CultistMask"],"max_hp_gain":0,"max_hp_loss":0,"event_name":"FaceTrader","floor":2,"gold_loss":0}],"is_beta":false,"boss_relics":[],"items_purged_floors":[],"is_endless":false,"potions_floor_spawned":[3,4,8],"killed_by":"Gremlin Nob","ascension_level":2}}