{"host":"rzvepkyh9344fbo1","time":1612758155,"event":{"mods":["AchievementEnabler","Act Like it!","BaseMod","Colored Map","Colored Powertips","Curses Come First","Downfall","Hermit","Highlight Path","Minty Spire (QoL Compilation)","Replay The Spire","Robot Space Explorer","Shade Mod","Shop Mod","StS++","StSLib","The Cursed","The Marked","The Necromancer"],"gold_per_floor":[114,114,132,147,147,147,182,182,233,251,264,229,248,267,267,363,363,373,59,59,59,71,71,86,98,121,121,121,121,132,132,132,235,235,255,275,70,70,70],"floor_reached":38,"language":"ENG","playtime":3685,"items_purged":["theMarked:UnarmedFury","theMarked:ThrowWeapon"],"score":403,"play_id":"9caae456-aebb-4c2c-ae20-712fa90a8a62","local_time":"20210208152235","is_ascension_mode":false,"campfire_choices":[{"data":"theMarked:ComboAttacks","floor":6,"key":"SMITH"},{"floor":8,"key":"REST"},{"data":"theMarked:TakeOffHeels","floor":15,"key":"SMITH"},{"data":"Enlightenment","floor":23,"key":"SMITH"},{"data":"theMarked:Challenge","floor":27,"key":"SMITH"},{"data":"theMarked:Levitate","floor":29,"key":"SMITH"},{"floor":32,"key":"REST"}],"circlet_count":0,"master_deck":["theMarked:Strike","theMarked:Strike","theMarked:Strike+1","theMarked:Defend","theMarked:Defend","theMarked:Defend","theMarked:Defend+1","theMarked:SoldierOfQuellstein","theMarked:ComboAttacks+1","theMarked:HeightenedSenses","theMarked:BanishingStrike","theMarked:Parry","theMarked:RepellingDischarge","theMarked:TakeOffHeels+1","theMarked:BindingBlade","theMarked:Snap","theMarked:Defy","theMarked:DispelDoubt","theMarked:Toughness+1","theMarked:FavorableWinds","theMarked:TurnInvisible","theMarked:BindingBlade+1","theMarked:TakeOffHeels","theMarked:MagusForm","theMarked:SuspiciousRaven","theMarked:Abjuration+1","theMarked:EternalStudent","theMarked:Vacuum","theMarked:Challenge+1","theMarked:Levitate+1","Enlightenment+1","theMarked:EternalStudent","theMarked:Overthink","theMarked:WardOff","theMarked:TwofoldDefense+1","theMarked:EmpowerWeapon"],"relics":["theMarked:ArtifactOfAir","MealTicket","Ice Cream","Happy Flower","StSpp:CrystalBall","Guide Book","Ring of Fangs","Fusion Hammer","BargainBundle"],"acts_visited":["Exordium","TheCity","TheBeyond"],"potions_floor_usage":[11,11,11,16,18,25,38,38],"damage_taken":[{"damage":1,"enemies":"Jaw Worm","floor":1,"turns":3},{"damage":3,"enemies":"Small Slimes","floor":3,"turns":3},{"damage":3,"enemies":"2 Louse","floor":4,"turns":3},{"damage":37,"enemies":"Lagavulin","floor":7,"turns":8},{"damage":7,"enemies":"2 Fungi Beasts","floor":10,"turns":3},{"damage":11,"enemies":"Large Slime","floor":11,"turns":4},{"damage":0,"enemies":"Gremlin Gang","floor":13,"turns":4},{"damage":3,"enemies":"Exordium Wildlife","floor":14,"turns":3},{"damage":33,"enemies":"Fading Forest","floor":16,"turns":11},{"damage":13,"enemies":"2 Thieves","floor":18,"turns":5},{"damage":25,"enemies":"3 Byrds","floor":22,"turns":6},{"damage":9,"enemies":"Snake Plant","floor":24,"turns":4},{"damage":13,"enemies":"Centurion and Healer","floor":25,"turns":5},{"damage":1,"enemies":"Snecko","floor":30,"turns":3},{"damage":30,"enemies":"Collector","floor":33,"turns":8},{"damage":9,"enemies":"3 Shapes","floor":35,"turns":4},{"damage":61,"enemies":"3 Darklings","floor":36,"turns":7},{"damage":26,"enemies":"Writhing Mass","floor":38,"turns":2}],"seed_played":"4666011368561912553","potions_obtained":[{"floor":4,"key":"Elixir"},{"floor":7,"key":"StSpp:ScatteredPotion"},{"floor":10,"key":"Energy Potion"},{"floor":14,"key":"sneckomod:MuddlingPotion"},{"floor":30,"key":"StSpp:InhibitionPotion"},{"floor":33,"key":"PowerPotion"},{"floor":36,"key":"theMarked:ChargePotion"}],"is_trial":false,"path_per_floor":["M","?","M","M","?","R","E","R","T","M","M","?","M","M","R","B",null,"M","$","?","?","M","R","M","M","T","R","?","R","M","?","R","B",null,"M","M","$","M"],"character_chosen":"THE_DEFAULT","items_purchased":["Enlightenment","Guide Book","BargainBundle","Adrenaline Potion","Elixir","theMarked:EmpowerWeapon"],"campfire_rested":2,"item_purchase_floors":[19,19,37,37,37,37],"current_hp_per_floor":[76,73,70,67,52,52,15,38,38,31,20,39,39,36,36,27,77,64,77,77,77,52,52,43,30,30,30,30,30,29,29,52,22,77,68,7,22,0,0],"gold":70,"neow_bonus":"TEN_PERCENT_HP_BONUS","is_daily":false,"chose_seed":false,"campfire_upgraded":5,"win_rate":0.0,"timestamp":1612758155,"path_taken":["M","?","M","M","?","R","E","R","T","M","M","?","M","M","R","BOSS","M","$","?","?","M","R","M","M","T","R","?","R","M","?","R","BOSS","M","?","$","M"],"items_purchased_type":["Card","Relic","Relic","Potion","Potion","Card"],"build_version":"2020-12-22","purchased_purges":2,"victory":false,"max_hp_per_floor":[77,77,77,77,77,77,77,77,77,77,77,77,77,77,77,77,77,77,77,77,77,77,77,77,77,77,77,77,77,77,77,77,77,77,77,77,77,77,77],"card_choices":[{"not_picked":["theMarked:Improvise","theMarked:Memento"],"picked":"theMarked:ComboAttacks","floor":1},{"not_picked":["theMarked:ComboAttacks","theMarked:ResourceFulStrike","theMarked:Memento"],"picked":"SKIP","floor":3},{"not_picked":["theMarked:ElectricStrings","theMarked:ChainLightning","theMarked:Frustration"],"picked":"SKIP","floor":4},{"not_picked":["theMarked:Frustration","theMarked:ElectricStrings"],"picked":"theMarked:HeightenedSenses","floor":7},{"not_picked":["theMarked:ResourceFulStrike","theMarked:Generate"],"picked":"theMarked:BanishingStrike","floor":10},{"not_picked":["theMarked:MuscleMemory","theMarked:Indomitable"],"picked":"theMarked:Parry","floor":11},{"not_picked":["theMarked:BanishingStrike","theMarked:Aftermath"],"picked":"theMarked:RepellingDischarge","floor":13},{"not_picked":["theMarked:Aftermath","theMarked:Memento"],"picked":"theMarked:TakeOffHeels","floor":14},{"not_picked":["theMarked:Challenge","theMarked:Levitate"],"picked":"theMarked:BindingBlade","floor":16},{"not_picked":["theMarked:EmpowerWeapon+1","theMarked:Improvise+1","theMarked:WastefulAttack"],"picked":"SKIP","floor":18},{"not_picked":["theMarked:BanishingStrike","theMarked:StartUp","theMarked:TakeCover+1"],"picked":"SKIP","floor":22},{"not_picked":["theMarked:Parkour+1","theMarked:BanishingStrike","theMarked:WastefulAttack"],"picked":"SKIP","floor":24},{"not_picked":["theMarked:CreepingChasm","theMarked:TwofoldDefense"],"picked":"theMarked:WardOff","floor":25},{"not_picked":["theMarked:Frustration","theMarked:ElectricStrings","theMarked:StartUp"],"picked":"SKIP","floor":30},{"not_picked":["theMarked:PowerFlow+1","theMarked:ResourceFulStrike+1","theMarked:TunnelVision+1"],"picked":"SKIP","floor":35},{"not_picked":["theMarked:WastefulAttack+1","theMarked:Friction+1"],"picked":"theMarked:TwofoldDefense+1","floor":36}],"player_experience":281125,"relics_obtained":[{"floor":7,"key":"Ice Cream"},{"floor":9,"key":"Happy Flower"},{"floor":28,"key":"Ring of Fangs"}],"event_choices":[{"damage_healed":0,"gold_gain":0,"player_choice":"Success","damage_taken":3,"relics_obtained":["MealTicket"],"max_hp_gain":0,"max_hp_loss":0,"event_name":"Scrap Ooze","floor":2,"gold_loss":0},{"damage_healed":0,"gold_gain":0,"player_choice":"Entered Light","damage_taken":15,"max_hp_gain":0,"max_hp_loss":0,"event_name":"Shining Light","floor":5,"gold_loss":0,"cards_upgraded":["theMarked:Strike","theMarked:Defend"]},{"damage_healed":19,"gold_gain":0,"player_choice":"Healed","damage_taken":0,"max_hp_gain":0,"max_hp_loss":0,"event_name":"The Cleric","floor":12,"gold_loss":35},{"damage_healed":0,"gold_gain":0,"cards_transformed":["theMarked:Strike","theMarked:Strike"],"player_choice":"Became Test Subject","damage_taken":0,"max_hp_gain":0,"max_hp_loss":0,"event_name":"Drug Dealer","floor":21,"gold_loss":0,"cards_obtained":["theMarked:EternalStudent","theMarked:Overthink"]},{"damage_healed":0,"gold_gain":0,"player_choice":"Upgraded","damage_taken":0,"max_hp_gain":0,"max_hp_loss":0,"event_name":"Upgrade Shrine","floor":31,"gold_loss":0,"cards_upgraded":["theMarked:Abjuration"]}],"is_beta":false,"boss_relics":[{"not_picked":["Ectoplasm","Pandora\u0027s Box"],"picked":"StSpp:CrystalBall"},{"not_picked":["Snecko Eye","StSpp:FireArrow"],"picked":"Fusion Hammer"}],"items_purged_floors":[19,37],"is_endless":false,"potions_floor_spawned":[4,7,10,14,30,33,36],"killed_by":"Writhing Mass","ascension_level":0}}