{"host":"c6u7e77myxvw4d0m","time":1612764259,"event":{"mods":["AchievementEnabler","BaseMod","Bestiary","Colored Map","Colored Powertips","Minty Spire (QoL Compilation)","Rare Cards Sparkle","Relic Stats","everything is the same but u backflip on backflip"],"gold_per_floor":[118,135,135,148,148,148,181,181,204,269,314,349,349,19,19,96,96,116,116,133,133,133,133],"floor_reached":22,"language":"ENG","playtime":2873,"items_purged":["Strike_G"],"score":380,"play_id":"e41bc50e-3770-4db8-bf45-3e768c47b3ee","local_time":"20210208080419","is_ascension_mode":true,"campfire_choices":[{"data":"Unload","floor":6.0,"key":"SMITH"},{"floor":8,"key":"REST"},{"data":"Noxious Fumes","floor":13,"key":"SMITH"},{"data":"Blade Dance","floor":15,"key":"SMITH"}],"circlet_count":0,"master_deck":["AscendersBane","Strike_G","Strike_G","Defend_G","Defend_G","Defend_G+1","Defend_G","Defend_G","Survivor","Neutralize","Flying Knee","Masterful Stab","Unload+1","Endless Agony","Blade Dance+1","Dash","Noxious Fumes+1","Well Laid Plans","Blade Dance+1","Venomology","CurseOfTheBell","Poisoned Stab"],"relics":["Ring of the Snake","Centennial Puzzle","Calipers","Snake Skull","Eternal Feather","Oddly Smooth Stone","War Paint","Lantern","Calling Bell","Girya","The Courier","Dream Catcher"],"acts_visited":["Exordium","TheCity"],"potions_floor_usage":[10,10,20,20,22],"damage_taken":[{"damage":0.0,"enemies":"Small Slimes","floor":1.0,"turns":4.0},{"damage":1.0,"enemies":"2 Louse","floor":2.0,"turns":4.0},{"damage":0.0,"enemies":"Jaw Worm","floor":4.0,"turns":4.0},{"damage":30,"enemies":"Gremlin Nob","floor":7,"turns":4},{"damage":10,"enemies":"3 Sentries","floor":10,"turns":5},{"damage":9,"enemies":"3 Sentries","floor":12,"turns":6},{"damage":13,"enemies":"Slime Boss","floor":16,"turns":8},{"damage":25,"enemies":"Spheric Guardian","floor":18,"turns":6},{"damage":8,"enemies":"Shell Parasite","floor":20,"turns":5},{"damage":31,"enemies":"Cultist and Chosen","floor":22,"turns":5}],"seed_played":"5818881109394747400","potions_obtained":[{"floor":2.0,"key":"Energy Potion"},{"floor":4.0,"key":"CultistPotion"},{"floor":18,"key":"Explosive Potion"},{"floor":20,"key":"PowerPotion"}],"is_trial":false,"path_per_floor":["M","M","?","M","?","R","E","R","T","?","T","E","R","$","R","B",null,"M","?","M","?","M"],"character_chosen":"THE_SILENT","items_purchased":["Well Laid Plans","Blade Dance","Lantern"],"campfire_rested":1,"item_purchase_floors":[14,14,14],"current_hp_per_floor":[65,64,64,64,38,38,8,29,29,19,19,10,19,19,31,18,59,34,34,26,26,0,0],"gold":133,"neow_bonus":"TEN_PERCENT_HP_BONUS","is_daily":false,"chose_seed":false,"campfire_upgraded":3,"win_rate":0.0,"timestamp":1612764259,"path_taken":["M","M","?","M","?","R","E","R","T","?","?","E","R","$","R","BOSS","M","?","M","?","M"],"items_purchased_type":["Card","Card","Relic"],"build_version":"2020-12-22","purchased_purges":1,"victory":false,"max_hp_per_floor":[72,72,72,72,72,72,72,72,72,72,72,72,72,72,72,72,72,72,72,72,72,72,72],"relic_stats":{"Centennial Puzzle":[22],"Dream Catcher":0,"counters":[10,51],"Eternal Feather":21,"Snake Skull":[19],"War Paint":["Blade Dance","Defend_G"],"obtain_stats":[{"Calling Bell":17,"Girya":17,"Centennial Puzzle":5,"Lantern":14,"Dream Catcher":17,"Calipers":7,"Oddly Smooth Stone":11,"Eternal Feather":10,"Snake Skull":9,"The Courier":17,"War Paint":12,"Ring of the Snake":0},{"Calling Bell":7,"Girya":7,"Centennial Puzzle":3,"Lantern":6,"Dream Catcher":7,"Calipers":4,"Oddly Smooth Stone":5,"Eternal Feather":5,"Snake Skull":4,"The Courier":7,"War Paint":6,"Ring of the Snake":0},{"Calling Bell":35,"Girya":35,"Centennial Puzzle":12,"Lantern":27,"Dream Catcher":35,"Calipers":16,"Oddly Smooth Stone":21,"Eternal Feather":21,"Snake Skull":16,"The Courier":35,"War Paint":27,"Ring of the Snake":0}],"Ring of the Snake":[20]},"card_choices":[{"not_picked":["Acrobatics","Backstab"],"picked":"Flying Knee","floor":1.0},{"not_picked":["Riddle With Holes","Backflip"],"picked":"Masterful Stab","floor":2.0},{"not_picked":["Sucker Punch","Dodge and Roll"],"picked":"Endless Agony","floor":4.0},{"not_picked":["Deadly Poison","Acrobatics"],"picked":"Blade Dance","floor":7},{"not_picked":["Blade Dance","Acrobatics"],"picked":"Dash","floor":10},{"not_picked":["Skewer","Reflex"],"picked":"Noxious Fumes","floor":12},{"not_picked":["Night Terror","A Thousand Cuts"],"picked":"Venomology","floor":16},{"not_picked":["Backflip","Deadly Poison"],"picked":"Poisoned Stab","floor":18},{"not_picked":["Outmaneuver","Sucker Punch","Deflect"],"picked":"SKIP","floor":20}],"player_experience":711052,"relics_obtained":[{"floor":7,"key":"Calipers"},{"floor":9,"key":"Snake Skull"},{"floor":10,"key":"Eternal Feather"},{"floor":11,"key":"Oddly Smooth Stone"},{"floor":12,"key":"War Paint"},{"floor":17,"key":"Girya"},{"floor":17,"key":"The Courier"},{"floor":17,"key":"Dream Catcher"}],"event_choices":[{"damage_healed":0.0,"max_hp_gain":0.0,"max_hp_loss":0.0,"gold_gain":0.0,"cards_transformed":["Strike_G"],"event_name":"Living Wall","player_choice":"Change","floor":3.0,"gold_loss":0.0,"damage_taken":0.0,"cards_obtained":["Unload"]},{"damage_healed":0.0,"max_hp_gain":0.0,"max_hp_loss":0.0,"gold_gain":0.0,"event_name":"Scrap Ooze","player_choice":"Success","floor":5.0,"gold_loss":0.0,"damage_taken":26.0,"relics_obtained":["Centennial Puzzle"]},{"damage_healed":0,"gold_gain":0,"player_choice":"Searched \u00272\u0027 times","damage_taken":0,"max_hp_gain":0,"max_hp_loss":0,"event_name":"Dead Adventurer","floor":10,"gold_loss":0},{"damage_healed":0,"gold_gain":0,"player_choice":"Ignored","damage_taken":0,"max_hp_gain":0,"max_hp_loss":0,"event_name":"The Mausoleum","floor":19,"gold_loss":0},{"cards_removed":["Strike_G"],"damage_healed":0,"gold_gain":0,"player_choice":"Offered Basic","damage_taken":0,"max_hp_gain":0,"max_hp_loss":0,"event_name":"Bonfire Elementals","floor":21,"gold_loss":0}],"is_beta":false,"boss_relics":[{"not_picked":["Runic Dome","Philosopher\u0027s Stone"],"picked":"Calling Bell"}],"items_purged_floors":[14],"is_endless":false,"potions_floor_spawned":[2,4,7,18,20],"killed_by":"Cultist and Chosen","ascension_level":20}}