{"host":"facnppb4175fcpe2","time":1612773782,"event":{"mods":["AchievementEnabler","BaseMod","Colored Map","Colored Powertips","Highlight Path","Minty Spire (QoL Compilation)","Quick Restart","Rare Cards Sparkle","Relic Stats","StSLib","SuperFastMode"],"gold_per_floor":[118,118,135,154,168,202,202,234,234,234,254,254,254],"floor_reached":12,"language":"ZHS","playtime":510,"items_purged":[],"score":122,"play_id":"b11852f2-3686-4f54-9aac-36b6e8984f7a","local_time":"20210208164302","is_ascension_mode":true,"campfire_choices":[{"data":"Blade Dance","floor":7,"key":"SMITH"},{"data":"Footwork","floor":10,"key":"SMITH"}],"circlet_count":0,"master_deck":["Strike_G","Strike_G","Strike_G","Strike_G","Strike_G","Defend_G+1","Defend_G","Defend_G","Defend_G","Defend_G","Survivor+1","Neutralize","Footwork+1","Blade Dance+1"],"relics":["Ring of the Snake","MealTicket","Smiling Mask","Singing Bowl","War Paint"],"acts_visited":["Exordium"],"potions_floor_usage":[12],"damage_taken":[{"damage":0,"enemies":"Small Slimes","floor":1,"turns":4},{"damage":0,"enemies":"Cultist","floor":3,"turns":6},{"damage":1,"enemies":"2 Louse","floor":4,"turns":3},{"damage":5,"enemies":"Gremlin Gang","floor":5,"turns":9},{"damage":27,"enemies":"Gremlin Nob","floor":6,"turns":6},{"damage":31,"enemies":"Lagavulin","floor":8,"turns":9},{"damage":0,"enemies":"3 Louse","floor":11,"turns":4},{"damage":6,"enemies":"Gremlin Nob","floor":12,"turns":5}],"seed_played":"9127936549975311259","potions_obtained":[{"floor":1,"key":"Swift Potion"},{"floor":4,"key":"Energy Potion"},{"floor":8,"key":"LiquidBronze"}],"is_trial":false,"path_per_floor":["M","?","M","M","M","E","R","E","T","R","M","E"],"character_chosen":"THE_SILENT","items_purchased":[],"campfire_rested":0,"item_purchase_floors":[],"current_hp_per_floor":[70,70,70,69,64,37,37,8,8,8,10,4,4],"gold":254,"neow_bonus":"TEN_PERCENT_HP_BONUS","is_daily":false,"chose_seed":false,"campfire_upgraded":2,"win_rate":0.0,"timestamp":1612773782,"path_taken":["M","?","?","M","M","E","R","E","T","R","M","E"],"items_purchased_type":[],"build_version":"2020-12-22","purchased_purges":0,"victory":false,"max_hp_per_floor":[77,77,77,77,77,77,77,79,79,79,81,81,81],"relic_stats":{"Singing Bowl":4,"counters":[8,46],"MealTicket":0,"War Paint":["Defend_G","Survivor"],"Smiling Mask":0,"obtain_stats":[{"Singing Bowl":8,"MealTicket":2,"War Paint":9,"Smiling Mask":6,"Ring of the Snake":0},{"Singing Bowl":6,"MealTicket":1,"War Paint":6,"Smiling Mask":5,"Ring of the Snake":0},{"Singing Bowl":37,"MealTicket":4,"War Paint":37,"Smiling Mask":28,"Ring of the Snake":0}],"Ring of the Snake":[16]},"card_choices":[{"not_picked":["Slice","Deflect"],"picked":"Footwork","floor":1},{"not_picked":["PiercingWail","Quick Slash","Sucker Punch"],"picked":"SKIP","floor":3},{"not_picked":["Heel Hook","Bane"],"picked":"Blade Dance","floor":4},{"not_picked":["Dodge and Roll","Slice","Dagger Throw"],"picked":"SKIP","floor":5},{"not_picked":["Outmaneuver","Riddle With Holes","Caltrops"],"picked":"SKIP","floor":6},{"not_picked":["Deadly Poison","Flying Knee","Endless Agony"],"picked":"Singing Bowl","floor":8},{"not_picked":["Night Terror","Sucker Punch","Acrobatics"],"picked":"Singing Bowl","floor":11}],"player_experience":137807,"relics_obtained":[{"floor":6,"key":"Smiling Mask"},{"floor":8,"key":"Singing Bowl"},{"floor":9,"key":"War Paint"}],"event_choices":[{"damage_healed":0,"gold_gain":0,"player_choice":"Gave Potion","damage_taken":0,"relics_obtained":["MealTicket"],"max_hp_gain":0,"max_hp_loss":0,"event_name":"WeMeetAgain","floor":2,"gold_loss":0}],"is_beta":false,"boss_relics":[],"items_purged_floors":[],"is_endless":false,"potions_floor_spawned":[1,4,8],"killed_by":"Gremlin Nob","ascension_level":7}}