{"host":"i2ntsfwoh5q5m216","time":1612754505,"event":{"mods":["BaseMod","Colored Map","Downfall","Minty Spire (QoL Compilation)","StSLib"],"gold_per_floor":[99,114,125,125,71,91,117,117,173,98,127,138,88,88,98,199,199,149,159,159,185,3,37,37,37,37,72,88,115,65,65,84,187,187,137,153,170,188,199,113,113,113,127,127,127,127,147,322,340,340,340,340],"floor_reached":50,"language":"ENG","playtime":1970,"items_purged":["Slimebound:Strike_Slimebound","Slimebound:Defend_Slimebound"],"score":628,"play_id":"e340382a-2f73-4a1a-8c6b-44d6c2802952","local_time":"20210207212145","is_ascension_mode":true,"campfire_choices":[{"data":"Slimebound:TagTeam","floor":1,"key":"SMITH"},{"data":"Slimebound:ForwardTackle","floor":13,"key":"PURGE"},{"data":"Slimebound:Replication","floor":18,"key":"SMITH"},{"data":"Slimebound:Replication","floor":26,"key":"SMITH"},{"data":"Purity","floor":30,"key":"PURGE"},{"data":"Slimebound:RejuvenatingLick","floor":35,"key":"PURGE"}],"circlet_count":0,"master_deck":["Slimebound:Tackle","Slimebound:Defend_Slimebound","Slimebound:Split","Slimebound:CorrosiveSpit","Slimebound:TagTeam+1","Slimebound:MegaLick","Slimebound:LeechingTouch","Slimebound:SlimeSpikes","Slimebound:Replication+1","Slimebound:RallyTheTroops","Slimebound:Replication+1","Slimebound:SlimeTap","Slimebound:Schlurp+1","Slimebound:SelfFormingGoo","Slimebound:PressTheAttack+1","Slimebound:LeechEnergy","Slimebound:SplitLeeching+1","Slimebound:Repurpose","Slimebound:SlimeBarrage"],"relics":["Slimebound:AbsorbEndCombat","Slimebound:ScrapOozeRelic","Strawberry","Slimebound:GreedOozeRelic","Happy Flower","Sozu","Omamori","MealTicket","Meat on the Bone","Tiny Chest","Letter Opener","Regal Pillow","Slimebound:TarBlob","Shuriken","Slimebound:MaxSlimesRelic"],"acts_visited":["Exordium","TheCity","TheBeyond"],"potions_floor_usage":[9,22,50],"damage_taken":[{"damage":1,"enemies":"Jaw Worm","floor":2,"turns":3},{"damage":6,"enemies":"Cultist","floor":3,"turns":3},{"damage":5,"enemies":"downfall:FleeingMerchant","floor":5,"turns":4},{"damage":1,"enemies":"2 Louse","floor":6,"turns":3},{"damage":20,"enemies":"3 Sentries","floor":9,"turns":5},{"damage":7,"enemies":"Lagavulin","floor":11,"turns":5},{"damage":0,"enemies":"Large Slime","floor":12,"turns":4},{"damage":0,"enemies":"Blue Slaver","floor":15,"turns":3},{"damage":0,"enemies":"SI_SHIV_ARCHETYPE","floor":16,"turns":5},{"damage":0,"enemies":"Chosen","floor":19,"turns":3},{"damage":2,"enemies":"downfall:FleeingMerchant","floor":22,"turns":4},{"damage":29,"enemies":"Book of Stabbing","floor":23,"turns":4},{"damage":42,"enemies":"Slavers","floor":27,"turns":4},{"damage":4,"enemies":"Snecko","floor":28,"turns":4},{"damage":27,"enemies":"Book of Stabbing","floor":29,"turns":5},{"damage":0,"enemies":"3 Cultists","floor":32,"turns":3},{"damage":10,"enemies":"WA_ARCHETYPE_CALM","floor":33,"turns":8},{"damage":3,"enemies":"3 Shapes","floor":36,"turns":4},{"damage":10,"enemies":"3 Darklings","floor":37,"turns":5},{"damage":0,"enemies":"Transient","floor":38,"turns":5},{"damage":20,"enemies":"Jaw Worm Horde","floor":39,"turns":3},{"damage":11,"enemies":"downfall:FleeingMerchant","floor":40,"turns":4},{"damage":22,"enemies":"4 Shapes","floor":43,"turns":4},{"damage":0,"enemies":"Sphere and 2 Shapes","floor":47,"turns":3},{"damage":0,"enemies":"downfall:FleeingMerchant","floor":48,"turns":1},{"damage":8,"enemies":"Jaw Worm Horde","floor":49,"turns":2},{"damage":69,"enemies":"DF_ARCHETYPE_ORBS","floor":50,"turns":5}],"seed_played":"6350431480336137944","potions_obtained":[{"floor":3,"key":"Dexterity Potion"},{"floor":6,"key":"PowerPotion"},{"floor":16,"key":"Weak Potion"}],"is_trial":false,"path_per_floor":["R","M","M","?","$","M","T","?","?","?","E","M","R","?","M","B",null,"R","M","?","T","$","E","T","?","R","E","M","E","R","?","M","B",null,"R","M","M","M","M","$","T","?","M","T","?","?","M","$","M","B"],"character_chosen":"SLIMEBOUND","items_purchased":["Slimebound:Replication","Purity","Slimebound:Repurpose","Slimebound:SlimeBarrage"],"campfire_rested":0,"item_purchase_floors":[5,22,40,48],"current_hp_per_floor":[65,65,59,59,60,63,63,63,56,56,55,55,55,55,57,63,72,72,72,72,72,72,45,45,45,45,19,31,20,20,20,38,48,72,72,71,67,72,54,62,62,62,42,42,42,42,48,63,61,0,0,0],"gold":340,"neow_bonus":"ONE_RANDOM_RARE_CARD","is_daily":false,"chose_seed":false,"campfire_upgraded":3,"win_rate":0.0,"timestamp":1612754505,"path_taken":["R","M","M","?","?","M","T","?","?","?","E","M","R","?","M","BOSS","R","M","?","?","$","E","T","?","R","E","M","E","R","?","M","BOSS","R","M","M","M","M","$","T","?","?","?","?","?","M","$","M","BOSS"],"items_purchased_type":["Card","Card","Card","Card"],"build_version":"2020-12-22","purchased_purges":2,"victory":false,"max_hp_per_floor":[65,65,65,65,65,65,65,65,72,72,72,72,72,72,72,72,72,72,72,72,72,72,72,72,72,72,72,72,72,72,72,72,72,72,72,72,72,72,72,72,72,72,72,72,72,72,72,72,72,72,72,72],"card_choices":[{"not_picked":["Slimebound:GrowthPunch","Slimebound:GoopTackle"],"picked":"Slimebound:MegaLick","floor":2},{"not_picked":["Slimebound:SplitBruiser","Slimebound:FinishingTackle"],"picked":"Slimebound:LeechingTouch","floor":3},{"not_picked":["Slimebound:SplitLeeching","Slimebound:DisruptingSlam"],"picked":"Slimebound:SlimeSpikes","floor":5},{"not_picked":["Slimebound:SplitMire","Slimebound:ComboTackle","Slimebound:SamplingLick"],"picked":"SKIP","floor":6},{"not_picked":["Slimebound:Chomp","Slimebound:DisruptingSlam"],"picked":"Slimebound:RallyTheTroops","floor":9},{"not_picked":["Slimebound:RainOfGoop","Slimebound:LeechEnergy"],"picked":"Slimebound:Replication","floor":11},{"not_picked":["Slimebound:SplitBruiser","Slimebound:GoopSpray","Slimebound:HauntingLick"],"picked":"SKIP","floor":12},{"not_picked":["Slimebound:TongueLash","Slimebound:DisruptingSlam","Slimebound:HauntingLick"],"picked":"SKIP","floor":15},{"not_picked":["Slimebound:RainOfGoop","Slimebound:ItLooksTasty+1","Slimebound:SlimeSpikes"],"picked":"SKIP","floor":19},{"not_picked":["Slimebound:Dissolve","Slimebound:Gluttony","Slimebound:LeechingTouch"],"picked":"SKIP","floor":22},{"not_picked":["Slimebound:SplitAcid","Slimebound:SlimeBrawl","Slimebound:ItLooksTasty+1"],"picked":"SKIP","floor":23},{"not_picked":["Slimebound:SlimeSpikes","Slimebound:TongueLash"],"picked":"Slimebound:RejuvenatingLick","floor":27},{"not_picked":["Slimebound:SplitLeeching","Slimebound:TongueLash+1","Slimebound:Prepare+1"],"picked":"SKIP","floor":28},{"not_picked":["Slimebound:SlimeBrawl","Slimebound:FirmFortitude","Slimebound:AcidTongue"],"picked":"SKIP","floor":29},{"not_picked":["Slimebound:TongueLash","Slimebound:PressTheAttack"],"picked":"Slimebound:Schlurp+1","floor":32},{"not_picked":["Slimebound:WasteNot","Slimebound:TagTeam"],"picked":"Slimebound:SelfFormingGoo","floor":33},{"not_picked":["Slimebound:SpikyOuterGoop+1","Slimebound:LeechingTouch+1","Slimebound:FlameTackle+1"],"picked":"SKIP","floor":36},{"not_picked":["Slimebound:SamplingLick+1","Slimebound:LivingWall+1"],"picked":"Slimebound:PressTheAttack+1","floor":37},{"not_picked":["Slimebound:ItLooksTasty","Slimebound:FinishingTackle"],"picked":"Slimebound:LeechEnergy","floor":38},{"not_picked":["Slimebound:HauntingLick+1","Slimebound:CheckThePlaybook"],"picked":"Slimebound:SplitLeeching+1","floor":39},{"not_picked":["Slimebound:SplitAcid","Slimebound:ViciousTackle","Slimebound:ComboTackle"],"picked":"SKIP","floor":40},{"not_picked":["Slimebound:ComboTackle","Slimebound:SamplingLick","Slimebound:SplitMire"],"picked":"SKIP","floor":43},{"not_picked":["Slimebound:GoopSpray","Slimebound:SlimeSlap","Slimebound:Gluttony+1"],"picked":"SKIP","floor":47},{"not_picked":["Slimebound:HauntingLick","Slimebound:SlimeBarrage","Slimebound:Schlurp+1"],"picked":"SKIP","floor":48},{"not_picked":["Slimebound:SplitBruiser+1","Slimebound:LeechingTouch","Slimebound:FinishingTackle"],"picked":"SKIP","floor":49}],"player_experience":58969,"relics_obtained":[{"floor":7,"key":"Juzu Bracelet"},{"floor":9,"key":"Strawberry"},{"floor":11,"key":"Happy Flower"},{"floor":21,"key":"Omamori"},{"floor":23,"key":"MealTicket"},{"floor":24,"key":"Meat on the Bone"},{"floor":27,"key":"Tiny Chest"},{"floor":29,"key":"Letter Opener"},{"floor":41,"key":"Shuriken"},{"floor":44,"key":"Slimebound:MaxSlimesRelic"}],"event_choices":[{"cards_removed":["Slimebound:Strike_Slimebound"],"damage_healed":0,"gold_gain":0,"player_choice":"Card Removal","damage_taken":0,"max_hp_gain":0,"max_hp_loss":0,"event_name":"The Cleric","floor":14,"gold_loss":0},{"damage_healed":0,"gold_gain":0,"player_choice":"Read","damage_taken":0,"max_hp_gain":0,"max_hp_loss":0,"event_name":"The Library","floor":25,"gold_loss":0,"cards_obtained":["Slimebound:SlimeTap"]},{"cards_removed":["Slimebound:Defend_Slimebound"],"damage_healed":0,"gold_gain":0,"player_choice":"Offered Basic","damage_taken":0,"max_hp_gain":0,"max_hp_loss":0,"event_name":"Bonfire Elementals","floor":42,"gold_loss":0}],"is_beta":false,"boss_relics":[{"not_picked":["Runic Dome","bronze:MakeshiftBattery"],"picked":"Sozu"},{"not_picked":["Cursed Key","Astrolabe"],"picked":"Slimebound:TarBlob"}],"items_purged_floors":[22,48],"is_endless":false,"potions_floor_spawned":[3,6,16,19,28,29,33,36,43,49],"killed_by":"DF_ARCHETYPE_ORBS","ascension_level":1}}