{"host":"djoj10dqzzvtkauc","time":1612812236,"event":{"mods":["2.2 Compatiblity","BaseMod","Colored Map","DeckTracker","Highlight Path","Keyboard Shortcuts","Marisa£¨Ùöéë¡¡Øª×âÞÞ£©","Minty Spire (QoL Compilation)","Permanent Neow","Quick Restart","Random Character Button","StSLib","SuperFastMode","everything is the same but u backflip on backflip"],"gold_per_floor":[15,15,29,53,68,68,104,204,204,204,229,254,254,272,272,402,402,421,436,436,44,67,67,67],"floor_reached":23,"language":"KOR","playtime":753,"items_purged":["Strike_R"],"score":312,"play_id":"3630f587-02ca-4de4-b64e-753482db7686","local_time":"20210209042356","is_ascension_mode":true,"campfire_choices":[{"data":"Anger","floor":6,"key":"SMITH"},{"floor":10,"key":"REST"},{"data":"Offering","floor":13,"key":"SMITH"},{"floor":15,"key":"REST"}],"circlet_count":0,"master_deck":["AscendersBane","Strike_R","Strike_R","Strike_R","Defend_R","Defend_R","Defend_R","Bash","Anger+1","Thunderclap","Pummel","Havoc","Offering+1","Warcry","Flame Barrier","Wild Strike","Corruption","Evolve","Flex","Havoc","Offering+1","Evolve","Entrench","Havoc"],"relics":["Burning Blood","Golden Idol","Bag of Preparation","Toy Ornithopter","Snecko Eye","Kunai","DollysMirror"],"acts_visited":["Exordium","TheCity"],"potions_floor_usage":[16,16,22],"damage_taken":[{"damage":9,"enemies":"2 Louse","floor":1,"turns":4},{"damage":1,"enemies":"Cultist","floor":3,"turns":3},{"damage":7,"enemies":"Small Slimes","floor":4,"turns":3},{"damage":14,"enemies":"3 Louse","floor":5,"turns":3},{"damage":24,"enemies":"Gremlin Nob","floor":7,"turns":4},{"damage":10,"enemies":"2 Fungi Beasts","floor":11,"turns":3},{"damage":19,"enemies":"Exordium Wildlife","floor":12,"turns":4},{"damage":7,"enemies":"Blue Slaver","floor":14,"turns":2},{"damage":41,"enemies":"Slime Boss","floor":16,"turns":9},{"damage":6,"enemies":"Shell Parasite","floor":18,"turns":2},{"damage":7,"enemies":"2 Thieves","floor":19,"turns":3},{"damage":47,"enemies":"Shelled Parasite and Fungi","floor":22,"turns":5},{"damage":31,"enemies":"Slavers","floor":23,"turns":3}],"seed_played":"7058052849416557155","potions_obtained":[{"floor":3,"key":"GamblersBrew"},{"floor":11,"key":"Strength Potion"},{"floor":16,"key":"FearPotion"},{"floor":18,"key":"Energy Potion"}],"is_trial":false,"path_per_floor":["M","?","M","M","M","R","E","?","T","R","M","M","R","M","R","B",null,"M","M","?","$","M","E"],"character_chosen":"IRONCLAD","items_purchased":["Havoc","DollysMirror","Evolve","Entrench"],"campfire_rested":2,"item_purchase_floors":[21,21,21,21],"current_hp_per_floor":[69,49,54,53,45,45,27,27,27,51,47,34,34,33,57,32,68,68,67,67,67,31,0,0],"gold":67,"neow_bonus":"REMOVE_TWO","is_daily":false,"chose_seed":false,"campfire_upgraded":2,"win_rate":0.0,"timestamp":1612812236,"path_taken":["M","?","M","M","M","R","E","?","T","R","?","M","R","M","R","BOSS","M","M","?","$","M","E"],"items_purchased_type":["Card","Relic","Card","Card"],"build_version":"2020-12-22","purchased_purges":1,"victory":false,"max_hp_per_floor":[80,80,80,80,80,80,80,80,80,80,80,80,80,80,80,80,80,80,80,80,80,80,80,80],"card_choices":[{"not_picked":["Cleave","Rampage"],"picked":"Anger","floor":1},{"not_picked":["Searing Blow","Burning Pact"],"picked":"Thunderclap","floor":3},{"not_picked":["Bloodletting","Body Slam"],"picked":"Pummel","floor":4},{"not_picked":["Intimidate","Ghostly Armor"],"picked":"Havoc","floor":5},{"not_picked":["Cleave","Exhume"],"picked":"Offering","floor":7},{"not_picked":["Searing Blow","Iron Wave"],"picked":"Warcry","floor":11},{"not_picked":["Metallicize","Clothesline"],"picked":"Flame Barrier","floor":12},{"not_picked":["Disarm","Fire Breathing"],"picked":"Wild Strike","floor":14},{"not_picked":["Juggernaut","Feed"],"picked":"Corruption","floor":16},{"not_picked":["Clash","Anger"],"picked":"Evolve","floor":18},{"not_picked":["Iron Wave","True Grit"],"picked":"Flex","floor":19},{"not_picked":["Intimidate","Heavy Blade"],"picked":"Havoc","floor":22}],"player_experience":203176,"relics_obtained":[{"floor":7,"key":"Bag of Preparation"},{"floor":9,"key":"Toy Ornithopter"}],"event_choices":[{"damage_healed":0,"gold_gain":0,"player_choice":"Take Damage","damage_taken":20,"relics_obtained":["Golden Idol"],"max_hp_gain":0,"max_hp_loss":0,"event_name":"Golden Idol","floor":2,"gold_loss":0},{"damage_healed":0,"gold_gain":100,"player_choice":"Pray","damage_taken":0,"max_hp_gain":0,"max_hp_loss":0,"event_name":"Golden Shrine","floor":8,"gold_loss":0},{"damage_healed":0,"gold_gain":0,"player_choice":"Opened","damage_taken":0,"relics_obtained":["Kunai"],"max_hp_gain":0,"max_hp_loss":0,"event_name":"The Mausoleum","floor":20,"gold_loss":0}],"is_beta":false,"boss_relics":[{"not_picked":["Empty Cage","Tiny House"],"picked":"Snecko Eye"}],"items_purged_floors":[21],"is_endless":false,"potions_floor_spawned":[3,11,16,18],"killed_by":"Slavers","ascension_level":12}}