{"host":"vflj39ie5n27t074","time":1612766638,"event":{"mods":["BaseMod","BetterRewards","Bossed Relics","Colored Map","Colored Powertips","Downfall","Hero for Fun","Hubris","Infinite Spire","Marisa????????","Minty Spire (QoL Compilation)","Replay The Spire","SIMod","StSLib","The Jungle","The Mystic","The Poker Player","The Servant 0.9.4"],"gold_per_floor":[115,128,74,91,109,143,43,58,58,58,69,69,69,169,169,274,274,290,300,300,300,300],"floor_reached":21,"language":"ENG","playtime":883,"items_purged":["Defend_P"],"score":199,"play_id":"70d7ffe9-2b8d-4b81-81d1-d00e8b6196a9","local_time":"20210208004358","is_ascension_mode":true,"campfire_choices":[{"floor":10,"key":"REST"},{"floor":13,"key":"REST"},{"data":"Eruption","floor":15,"key":"SMITH"}],"circlet_count":0,"master_deck":["Strike_P","Strike_P","Strike_P","Strike_P","Defend_P","Defend_P","Defend_P","Eruption+1","Vigilance","DevaForm","FlurryOfBlows","EmptyFist","FlurryOfBlows","EmptyFist","Halt","SashWhip","CarveReality","Alpha","Consecrate+1","EmptyFist"],"relics":["PureWater","Strawberry","hubris:64BitClover","infinitespire:Eraser","hubris:Stopwatch","Oddly Smooth Stone"],"acts_visited":["Exordium","TheCity"],"potions_floor_usage":[6,16,16,21],"damage_taken":[{"damage":12,"enemies":"Cultist","floor":1,"turns":3},{"damage":6,"enemies":"2 Louse","floor":2,"turns":2},{"damage":7,"enemies":"Jaw Worm","floor":4,"turns":4},{"damage":12,"enemies":"Looter","floor":5,"turns":3},{"damage":17,"enemies":"Lagavulin","floor":6,"turns":7},{"damage":17,"enemies":"Exordium Thugs","floor":8,"turns":5},{"damage":9,"enemies":"Exordium Wildlife","floor":11,"turns":2},{"damage":42,"enemies":"The Guardian","floor":16,"turns":6},{"damage":30,"enemies":"Shell Parasite","floor":18,"turns":6},{"damage":46,"enemies":"2 Thieves","floor":19,"turns":5},{"damage":4,"enemies":"Centurion and Healer","floor":21,"turns":2}],"seed_played":"3136725546192283129","potions_obtained":[{"floor":2,"key":"SkillPotion"},{"floor":6,"key":"DistilledChaos"},{"floor":8,"key":"Strength Potion"},{"floor":19,"key":"Adrenaline Potion"}],"is_trial":false,"path_per_floor":["M","M","$","M","M","E","$","M","T","R","M","T","R","?","R","B",null,"M","M","AVR","M"],"character_chosen":"WATCHER","items_purchased":["EmptyFist","SashWhip"],"campfire_rested":2,"item_purchase_floors":[3,7],"current_hp_per_floor":[60,54,54,47,35,25,25,8,8,31,22,22,45,45,45,3,79,49,3,3,0,0],"gold":300,"neow_bonus":"ONE_RANDOM_RARE_CARD","is_daily":false,"chose_seed":false,"campfire_upgraded":1,"win_rate":0.0,"timestamp":1612766638,"path_taken":["M","?","?","M","M","E","$","M","T","R","M","?","R","?","R","BOSS","M","M","AVR","M"],"items_purchased_type":["Card","Card"],"build_version":"2020-12-22","purchased_purges":1,"victory":false,"max_hp_per_floor":[72,72,72,72,72,79,79,79,79,79,79,79,79,79,79,79,79,79,79,79,79,79],"card_choices":[{"not_picked":["Wireheading","FlyingSleeves"],"picked":"FlurryOfBlows","floor":1},{"not_picked":["Replay:AtTheReady","JustLucky","BowlingBash"],"picked":"SKIP","floor":2},{"not_picked":["Prostrate","WaveOfTheHand"],"picked":"FlurryOfBlows","floor":4},{"not_picked":["ReachHeaven","Replay:Cycle"],"picked":"EmptyFist","floor":5},{"not_picked":["Replay:Battleflow","Study"],"picked":"Halt","floor":6},{"not_picked":["Replay:ManipulateFuture","DeceiveReality"],"picked":"CarveReality","floor":8},{"not_picked":["Replay:ManipulateFuture","Crescendo","Replay:Vibes"],"picked":"SKIP","floor":11},{"not_picked":["Scrawl","Wish"],"picked":"Alpha","floor":16},{"not_picked":["BowlingBash","Crescendo"],"picked":"Consecrate+1","floor":18},{"not_picked":["Pray","DevaForm"],"picked":"EmptyFist","floor":19}],"player_experience":99892,"relics_obtained":[{"floor":6,"key":"Strawberry"},{"floor":9,"key":"hubris:64BitClover"},{"floor":12,"key":"infinitespire:Eraser"}],"event_choices":[{"damage_healed":0,"gold_gain":100,"player_choice":"Gold","damage_taken":0,"max_hp_gain":0,"max_hp_loss":0,"event_name":"Wheel of Change","floor":14,"gold_loss":0}],"is_beta":false,"boss_relics":[{"not_picked":["Calling Bell","hubris:VirtuousBlindfold"],"picked":"hubris:Stopwatch"}],"items_purged_floors":[7],"is_endless":false,"potions_floor_spawned":[2,6,8,19],"killed_by":"Centurion and Healer","ascension_level":2}}