{"host":"61y0z9o9vf3ujftj","time":1612755312,"event":{"mods":["BaseMod","Colored Map","Colored Powertips","GifTheSpireLib","HexUI Lib","Highlight Path","Minty Spire (QoL Compilation)","Permanent Neow","Relic Stats","StSLib","ojb\u0027s Info Mod"],"gold_per_floor":[115,130,143,155,175,175,186,186,211,241,257,257,290,215,215,288,288,300,250,265,180,200,200,229,241,314,327,69,88,88,121,121,195,195,213,56,56,56,71,71,71,71],"floor_reached":41,"language":"ENG","playtime":3058,"items_purged":["Strike_R","Strike_R"],"score":962,"play_id":"13ecb3cd-f36e-4064-9eb1-650fe443d0c2","local_time":"20210207213512","is_ascension_mode":true,"campfire_choices":[{"data":"True Grit","floor":6.0,"key":"SMITH"},{"data":"Cleave","floor":8.0,"key":"SMITH"},{"data":"Immolate","floor":12.0,"key":"SMITH"},{"data":"Bash","floor":15.0,"key":"SMITH"},{"floor":23.0,"key":"REST"},{"floor":30.0,"key":"REST"},{"data":"Burning Pact","floor":32.0,"key":"SMITH"},{"data":"Impervious","floor":40.0,"key":"SMITH"}],"circlet_count":0,"master_deck":["AscendersBane","Strike_R","Strike_R","Strike_R","Defend_R","Defend_R","Defend_R","Defend_R","Bash+1","Clothesline","Cleave+1","True Grit+1","Burning Pact+1","Shrug It Off","Immolate+1","Fire Breathing","Cleave","Impervious+1","Ghostly Armor","Flame Barrier+1","Sentinel+1","Seeing Red","Infernal Blade+1","Corruption+1","Shrug It Off","Barricade+1","Entrench"],"relics":["Runic Dome","Potion Belt","Orichalcum","Ancient Tea Set","SlaversCollar","Nunchaku","Tiny Chest","Gremlin Horn","Bag of Marbles","Frozen Egg 2","SacredBark","Oddly Smooth Stone"],"acts_visited":["Exordium","TheCity","TheBeyond"],"potions_floor_usage":[41,41],"damage_taken":[{"damage":1.0,"enemies":"Cultist","floor":1.0,"turns":3.0},{"damage":16.0,"enemies":"Jaw Worm","floor":2.0,"turns":4.0},{"damage":0.0,"enemies":"Small Slimes","floor":3.0,"turns":4.0},{"damage":1.0,"enemies":"Looter","floor":4.0,"turns":3.0},{"damage":22.0,"enemies":"Exordium Thugs","floor":5.0,"turns":6.0},{"damage":7.0,"enemies":"Exordium Wildlife","floor":7.0,"turns":4.0},{"damage":2.0,"enemies":"Lagavulin","floor":10.0,"turns":6.0},{"damage":1.0,"enemies":"Red Slaver","floor":11.0,"turns":2.0},{"damage":2.0,"enemies":"Gremlin Nob","floor":13.0,"turns":3.0},{"damage":6.0,"enemies":"Hexaghost","floor":16.0,"turns":9.0},{"damage":9.0,"enemies":"Shell Parasite","floor":18.0,"turns":5.0},{"damage":16.0,"enemies":"Spheric Guardian","floor":20.0,"turns":5.0},{"damage":18.0,"enemies":"Chosen and Byrds","floor":22.0,"turns":6.0},{"damage":5.0,"enemies":"Book of Stabbing","floor":24.0,"turns":5.0},{"damage":23.0,"enemies":"Shelled Parasite and Fungi","floor":25.0,"turns":9.0},{"damage":2.0,"enemies":"3 Cultists","floor":27.0,"turns":4.0},{"damage":7.0,"enemies":"Centurion and Healer","floor":29.0,"turns":7.0},{"damage":0.0,"enemies":"Gremlin Leader","floor":31.0,"turns":4.0},{"damage":0.0,"enemies":"Collector","floor":33.0,"turns":5.0},{"damage":0.0,"enemies":"Orb Walker","floor":35.0,"turns":2.0},{"damage":5.0,"enemies":"3 Shapes","floor":39.0,"turns":3.0},{"damage":82,"enemies":"Giant Head","floor":41,"turns":16}],"seed_played":"5847330039281135376","potions_obtained":[{"floor":2.0,"key":"DuplicationPotion"},{"floor":4.0,"key":"Energy Potion"},{"floor":10.0,"key":"Energy Potion"},{"floor":11.0,"key":"BloodPotion"},{"floor":16.0,"key":"ColorlessPotion"},{"floor":22.0,"key":"EssenceOfSteel"},{"floor":24.0,"key":"DistilledChaos"},{"floor":27.0,"key":"SkillPotion"},{"floor":31.0,"key":"BlessingOfTheForge"}],"is_trial":false,"path_per_floor":["M","M","M","M","M","R","M","R","T","E","M","R","E","$","R","B",null,"M","?","M","?","M","R","E","M","T","M","$","M","R","E","R","B",null,"M","$","?","$","M","R","E"],"character_chosen":"IRONCLAD","items_purchased":["Bag of Marbles","Barricade+1"],"campfire_rested":2,"item_purchase_floors":[28,36],"current_hp_per_floor":[67,51,51,50,28,28,21,21,21,19,18,18,31,31,31,25,63,54,54,38,38,20,42,37,14,14,12,12,5,27,27,27,27,63,63,63,63,63,58,58,0,0],"gold":71,"neow_bonus":"BOSS_RELIC","is_daily":false,"chose_seed":false,"campfire_upgraded":6,"win_rate":0.0,"timestamp":1612755312,"path_taken":["M","M","?","M","M","R","M","R","T","E","M","R","E","$","R","BOSS","M","?","?","?","M","R","E","M","T","M","$","M","R","E","R","BOSS","M","$","?","?","?","R","E"],"items_purchased_type":["Relic","Card"],"build_version":"2020-12-22","purchased_purges":2,"victory":false,"max_hp_per_floor":[75,75,75,75,75,75,75,75,75,75,75,75,75,75,75,75,75,75,75,75,75,75,75,75,75,75,75,75,75,75,75,75,75,75,75,75,75,75,75,75,75,75],"relic_stats":{"Nunchaku":[10],"Gremlin Horn":[12,12],"counters":[22,115],"Tiny Chest":0,"Orichalcum":[30],"obtain_stats":[{"Potion Belt":9,"Gremlin Horn":26,"SacredBark":34,"Oddly Smooth Stone":37,"Orichalcum":10,"Frozen Egg 2":31,"Ancient Tea Set":13,"Burning Blood":0,"Runic Dome":0,"SlaversCollar":17,"Nunchaku":21,"Tiny Chest":24,"Bag of Marbles":28},{"Potion Belt":6,"Gremlin Horn":15,"SacredBark":19,"Oddly Smooth Stone":20,"Orichalcum":7,"Frozen Egg 2":18,"Ancient Tea Set":9,"Burning Blood":0,"Runic Dome":0,"SlaversCollar":10,"Nunchaku":12,"Tiny Chest":14,"Bag of Marbles":16},{"Potion Belt":24,"Gremlin Horn":74,"SacredBark":94,"Oddly Smooth Stone":96,"Orichalcum":30,"Frozen Egg 2":89,"Ancient Tea Set":35,"Burning Blood":0,"Runic Dome":0,"SlaversCollar":44,"Nunchaku":54,"Tiny Chest":65,"Bag of Marbles":78}]},"card_choices":[{"not_picked":["Body Slam","Armaments"],"picked":"Clothesline","floor":1.0},{"not_picked":["Iron Wave","Rampage"],"picked":"Cleave","floor":2.0},{"not_picked":["Sword Boomerang","Iron Wave"],"picked":"True Grit","floor":3.0},{"not_picked":["Perfected Strike","Brutality","Flex"],"picked":"SKIP","floor":4.0},{"not_picked":["Havoc","Rage"],"picked":"Burning Pact","floor":5.0},{"not_picked":["Perfected Strike","Armaments"],"picked":"Shrug It Off","floor":7.0},{"not_picked":["Whirlwind","Ghostly Armor"],"picked":"Immolate","floor":10.0},{"not_picked":["True Grit","Burning Pact"],"picked":"Fire Breathing","floor":11.0},{"not_picked":["Iron Wave","Juggernaut"],"picked":"Cleave","floor":13.0},{"not_picked":["Bludgeon","Feed"],"picked":"Impervious","floor":16.0},{"not_picked":["Inflame","Burning Pact"],"picked":"Ghostly Armor","floor":18.0},{"not_picked":["Body Slam","Clash","Perfected Strike"],"picked":"SKIP","floor":20.0},{"not_picked":["Bloodletting","Thunderclap","Body Slam"],"picked":"SKIP","floor":22.0},{"not_picked":["Juggernaut","Shrug It Off"],"picked":"Flame Barrier+1","floor":24.0},{"not_picked":["Thunderclap","Sword Boomerang","Body Slam+1"],"picked":"SKIP","floor":25.0},{"not_picked":["Bloodletting","Thunderclap"],"picked":"Sentinel+1","floor":27.0},{"not_picked":["Cleave","Sword Boomerang"],"picked":"Seeing Red","floor":29.0},{"not_picked":["Shrug It Off","Clothesline"],"picked":"Infernal Blade+1","floor":31.0},{"not_picked":["Immolate","Limit Break"],"picked":"Corruption+1","floor":33.0},{"not_picked":["Havoc","Second Wind"],"picked":"Shrug It Off","floor":35.0},{"not_picked":["Havoc","Thunderclap+1"],"picked":"Entrench","floor":39.0}],"player_experience":546381,"relics_obtained":[{"floor":9.0,"key":"Potion Belt"},{"floor":10.0,"key":"Orichalcum"},{"floor":13.0,"key":"Ancient Tea Set"},{"floor":24.0,"key":"Tiny Chest"},{"floor":26.0,"key":"Gremlin Horn"},{"floor":31.0,"key":"Frozen Egg 2"},{"floor":37.0,"key":"Oddly Smooth Stone"}],"event_choices":[{"damage_healed":0.0,"max_hp_gain":0.0,"max_hp_loss":0.0,"gold_gain":0.0,"event_name":"The Joust","player_choice":"Bet on Murderer","floor":19.0,"gold_loss":50.0,"damage_taken":0.0},{"damage_healed":0.0,"max_hp_gain":0.0,"max_hp_loss":0.0,"gold_gain":0.0,"event_name":"Addict","player_choice":"Obtained Relic","floor":21.0,"gold_loss":85.0,"damage_taken":0.0,"relics_obtained":["Nunchaku"]},{"damage_healed":0.0,"max_hp_gain":0.0,"max_hp_loss":0.0,"gold_gain":0.0,"event_name":"Wheel of Change","player_choice":"Relic","floor":37.0,"gold_loss":0.0,"damage_taken":0.0}],"is_beta":false,"boss_relics":[{"not_picked":["Runic Cube","Busted Crown"],"picked":"SlaversCollar"},{"not_picked":["Fusion Hammer","Velvet Choker"],"picked":"SacredBark"}],"items_purged_floors":[14,28],"is_endless":false,"potions_floor_spawned":[2,4,10,11,16,22,24,27,31],"killed_by":"Giant Head","ascension_level":17}}