{"host":"y7b1p9nkx4idorr2","time":1612804374,"event":{"mods":["AchievementEnabler","Act Like it!","BaseMod","Colored Map","Downfall","GifTheSpireLib","Googly Eyes","Highlight Path","Mimic Mod","Minty Spire (QoL Compilation)","Shop Mod","Spicy Shops","StSLib","Unceasing Turn Reminder"],"gold_per_floor":[99,109,128,113,113,13,52,70,70,70,89,74,74,88,99,204,204,104,114,114,114,114,114,114],"floor_reached":22,"language":"ENG","playtime":1089,"items_purged":[],"score":216,"play_id":"3d85e607-037c-4b96-995e-97ebf84008e5","local_time":"20210208111254","is_ascension_mode":true,"campfire_choices":[{"floor":1,"key":"RECALL"},{"data":"sneckomod:RainOfDice","floor":6,"key":"SMITH"},{"data":"sneckomod:Unknown1Cost","floor":9,"key":"SMITH"},{"floor":13,"key":"REST"}],"circlet_count":0,"master_deck":["sneckomod:Strike","sneckomod:Strike","sneckomod:Strike","sneckomod:Defend","sneckomod:Defend","sneckomod:Defend","sneckomod:TailWhip","sneckomod:SnekBite","sneckomod:Unknown","sneckomod:Unknown","sneckomod:RainOfDice+1","sneckomod:UnknownBlock","sneckomod:Unknown1Cost+1","sneckomod:CheapStock","sneckomod:WideSting","sneckomod:IronFang","sneckomod:UnknownVulnerable","sneckomod:UnknownBlock","sneckomod:UnknownRareAttack","sneckomod:UnknownClassTHE_CHAMP_GRAY","sneckomod:UnknownClassTHE_CHAMP_GRAY","sneckomod:UnknownClassTHE_CHAMP_GRAY","sneckomod:UnknownClassTHE_CHAMP_GRAY","sneckomod:UnknownClassTHE_CHAMP_GRAY","champ:FanOfKnives","champ:VampiricStrike","sneckomod:UnknownDexterity","Writhe"],"relics":["sneckomod:SneckoSoul","GremlinMask","downfall:HeartBlessingRed","downfall:BrokenWingStatue","sneckomod:SneckoBoss","downfall:HeartBlessingBlue","downfall:RedIOU","Tiny Chest"],"acts_visited":["Exordium","TheCity"],"potions_floor_usage":[16,22,22],"damage_taken":[{"damage":23,"enemies":"Jaw Worm","floor":2,"turns":4},{"damage":1,"enemies":"Cultist","floor":3,"turns":3},{"damage":0,"enemies":"downfall:FleeingMerchant","floor":4,"turns":4},{"damage":3,"enemies":"2 Louse","floor":7,"turns":4},{"damage":2,"enemies":"2 Louse","floor":8,"turns":2},{"damage":8,"enemies":"Exordium Wildlife","floor":11,"turns":4},{"damage":15,"enemies":"downfall:FleeingMerchant","floor":12,"turns":4},{"damage":1,"enemies":"2 Fungi Beasts","floor":14,"turns":3},{"damage":0,"enemies":"Large Slime","floor":15,"turns":4},{"damage":22,"enemies":"WA_ARCHETYPE_RETAIN","floor":16,"turns":7},{"damage":53,"enemies":"Shell Parasite","floor":19,"turns":8},{"damage":68,"enemies":"downfall:Augmenter","floor":22,"turns":5}],"seed_played":"1843173507093585998","potions_obtained":[{"floor":3,"key":"sneckomod:DiceRollPotion"},{"floor":8,"key":"PowerPotion"},{"floor":15,"key":"LiquidMemories"}],"is_trial":false,"path_per_floor":["R","M","M","$","?","R","MIM","M","R","?","M","$","R","M","M","B",null,"R","M","?","?","?"],"character_chosen":"THE_SNECKO","items_purchased":[],"campfire_rested":1,"item_purchase_floors":[],"current_hp_per_floor":[90,67,66,66,66,66,63,61,61,61,53,38,65,64,64,42,90,100,57,57,57,0,0,0],"gold":114,"neow_bonus":"RANDOM_COMMON_RELIC","is_daily":false,"chose_seed":false,"campfire_upgraded":2,"win_rate":0.0,"timestamp":1612804374,"path_taken":["R","M","M","$","?","R","MIM","M","R","?","M","$","R","M","M","BOSS","R","M","?","?","?"],"items_purchased_type":[],"build_version":"2020-12-22","purchased_purges":0,"victory":false,"max_hp_per_floor":[90,90,90,90,90,90,90,90,90,90,90,90,90,90,90,90,90,100,100,100,100,100,100,100],"card_choices":[{"not_picked":["sneckomod:CheapStock","sneckomod:MasterEye"],"picked":"sneckomod:RainOfDice","floor":2},{"not_picked":["sneckomod:UnknownCommonAttack","sneckomod:SlitherStrike"],"picked":"sneckomod:UnknownBlock","floor":3},{"not_picked":["sneckomod:SoulRoll","sneckomod:Nope"],"picked":"sneckomod:Unknown1Cost","floor":4},{"not_picked":["sneckomod:SoulRoll","sneckomod:SoulDraw"],"picked":"sneckomod:Unknown1Cost","floor":7},{"not_picked":["sneckomod:UnknownBlock","sneckomod:Nope"],"picked":"sneckomod:CheapStock","floor":8},{"not_picked":["sneckomod:SoulDraw","sneckomod:IronFang"],"picked":"sneckomod:WideSting","floor":11},{"not_picked":["sneckomod:UnlimitedRolls","sneckomod:MasterEye"],"picked":"sneckomod:IronFang","floor":12},{"not_picked":["sneckomod:IronFang","sneckomod:QuickBite"],"picked":"sneckomod:UnknownVulnerable","floor":14},{"not_picked":["sneckomod:SoulDraw","sneckomod:WideSting"],"picked":"sneckomod:UnknownBlock","floor":15},{"not_picked":["sneckomod:UnknownRareSkill","sneckomod:Cheat"],"picked":"sneckomod:UnknownRareAttack","floor":16},{"not_picked":["champ:RecklessLeap","champ:Lariat"],"picked":"champ:VampiricStrike","floor":19},{"not_picked":["sneckomod:Unknown1Cost","sneckomod:UnknownBlock"],"picked":"sneckomod:UnknownDexterity","floor":19}],"player_experience":2320533,"relics_obtained":[],"event_choices":[{"damage_healed":0,"gold_gain":0,"player_choice":"Trade","damage_taken":0,"relics_obtained":["GremlinMask"],"max_hp_gain":0,"max_hp_loss":0,"event_name":"FaceTrader","floor":5,"gold_loss":0}],"is_beta":false,"boss_relics":[{"not_picked":["Empty Cage","Runic Pyramid"],"picked":"sneckomod:SneckoBoss"}],"items_purged_floors":[],"is_endless":false,"potions_floor_spawned":[3,8,15],"killed_by":"downfall:Augmenter","ascension_level":2}}