{"host":"rmt60uil2jppa14k","time":1612813612,"event":{"mods":["AchievementEnabler","BaseMod","Better Third Choice","Colored Powertips","Highlight Path","Minty Spire (QoL Compilation)","Quick Restart","Rare Cards Sparkle","Shop Mod","StSLib"],"gold_per_floor":[115,115,3,0,0,0,21,21,71,71,97,118,138,162,162,290,290,314,335,335,353,31,49,64,64,64,78,78,78,78],"floor_reached":29,"language":"ENG","playtime":1033,"items_purged":["Injury"],"score":217,"play_id":"0d5711ce-0ae6-405a-84b9-55dc26a1cbe7","local_time":"20210208194652","is_ascension_mode":false,"campfire_choices":[{"data":"Enlightenment","floor":6,"key":"SMITH"},{"floor":8,"key":"REST"},{"floor":15,"key":"REST"}],"circlet_count":0,"master_deck":["Strike_B","Strike_B","Strike_B","Strike_B","Defend_B","Defend_B","Defend_B","Defend_B","Zap","Dualcast","Stack","Hello World","Rip and Tear","Enlightenment+1","Ball Lightning","Apotheosis+1","Double Energy","Turbo","Conserve Battery","Thunder Strike","Turbo+1","Sweeping Beam","Stack+1","Gash","Conserve Battery+1","Gash"],"relics":["Cracked Core","Golden Idol","Orichalcum","MealTicket","Nuclear Battery","Bottled Lightning","Pen Nib"],"acts_visited":["Exordium","TheCity"],"potions_floor_usage":[0,14,16,16,23,24],"damage_taken":[{"damage":9,"enemies":"2 Louse","floor":1,"turns":3},{"damage":8,"enemies":"Jaw Worm","floor":7,"turns":3},{"damage":0,"enemies":"Cultist","floor":12,"turns":2},{"damage":12,"enemies":"Lots of Slimes","floor":13,"turns":4},{"damage":0,"enemies":"Large Slime","floor":14,"turns":3},{"damage":39,"enemies":"The Guardian","floor":16,"turns":11},{"damage":21,"enemies":"3 Byrds","floor":18,"turns":5},{"damage":2,"enemies":"Chosen","floor":19,"turns":4},{"damage":29,"enemies":"Snecko","floor":21,"turns":6},{"damage":9,"enemies":"Sentry and Sphere","floor":23,"turns":4},{"damage":24,"enemies":"Shelled Parasite and Fungi","floor":24,"turns":5},{"damage":30,"enemies":"Snake Plant","floor":27,"turns":5},{"damage":9,"enemies":"Centurion and Healer","floor":29,"turns":3}],"seed_played":"6210266656744177698","potions_obtained":[{"floor":0,"key":"Fruit Juice"},{"floor":0,"key":"BlessingOfTheForge"},{"floor":0,"key":"Energy Potion"},{"floor":1,"key":"FocusPotion"},{"floor":21,"key":"PowerPotion"},{"floor":23,"key":"DistilledChaos"}],"is_trial":false,"path_per_floor":["M","?","$","?","$","R","M","R","T","?","T","M","M","M","R","B",null,"M","M","?","M","$","M","M","?","T","M","?","M"],"character_chosen":"DEFECT","items_purchased":["Hello World","Rip and Tear","Bottled Lightning"],"campfire_rested":2,"item_purchase_floors":[3,3,22],"current_hp_per_floor":[71,71,71,77,77,77,69,86,86,86,86,86,74,74,86,47,86,65,63,86,57,72,63,39,39,39,9,9,0,0],"gold":78,"neow_bonus":"THREE_SMALL_POTIONS","is_daily":false,"chose_seed":false,"campfire_upgraded":1,"win_rate":0.0,"timestamp":1612813612,"path_taken":["M","?","$","?","$","R","M","R","T","?","?","?","M","M","R","BOSS","M","M","?","M","$","M","?","?","T","M","?","M"],"items_purchased_type":["Card","Card","Relic"],"build_version":"2020-12-22","purchased_purges":1,"victory":false,"max_hp_per_floor":[80,80,80,86,86,86,86,86,86,86,86,86,86,86,86,86,86,86,86,86,86,86,86,86,86,86,86,86,86,86],"card_choices":[{"not_picked":["Chill","Coolheaded"],"picked":"Stack","floor":1},{"not_picked":["Coolheaded","Cold Snap"],"picked":"Ball Lightning","floor":7},{"not_picked":["Recycle","Rebound"],"picked":"Double Energy","floor":12},{"not_picked":["White Noise","Seek"],"picked":"Turbo","floor":13},{"not_picked":["Go for the Eyes","Turbo"],"picked":"Conserve Battery","floor":14},{"not_picked":["Machine Learning","Amplify"],"picked":"Thunder Strike","floor":16},{"not_picked":["Go for the Eyes","Steam"],"picked":"Turbo+1","floor":18},{"not_picked":["Reprogram","Gash+1"],"picked":"Sweeping Beam","floor":19},{"not_picked":["Seek","Steam+1"],"picked":"Stack+1","floor":21},{"not_picked":["Skim","Scrape+1"],"picked":"Gash","floor":23},{"not_picked":["Beam Cell","Glacier"],"picked":"Conserve Battery+1","floor":24},{"not_picked":["Barrage","Steam Power"],"picked":"Gash","floor":27}],"player_experience":148442,"relics_obtained":[{"floor":9,"key":"Orichalcum"},{"floor":11,"key":"MealTicket"},{"floor":26,"key":"Pen Nib"}],"event_choices":[{"damage_healed":0,"gold_gain":0,"player_choice":"Take Wound","damage_taken":0,"relics_obtained":["Golden Idol"],"max_hp_gain":0,"max_hp_loss":0,"event_name":"Golden Idol","floor":2,"gold_loss":0,"cards_obtained":["Injury"]},{"damage_healed":0,"gold_gain":0,"player_choice":"RENOUNCE","damage_taken":3,"max_hp_gain":0,"max_hp_loss":0,"event_name":"betterThird:BetterSerpent","floor":4,"gold_loss":3,"cards_obtained":["Enlightenment"]},{"damage_healed":86,"gold_gain":0,"player_choice":"Embrace","damage_taken":0,"max_hp_gain":0,"max_hp_loss":86,"event_name":"betterThird:BetterShining","floor":10,"gold_loss":0},{"damage_healed":23,"gold_gain":0,"player_choice":"Full Heal","damage_taken":0,"max_hp_gain":0,"max_hp_loss":0,"event_name":"Wheel of Change","floor":20,"gold_loss":0},{"damage_healed":0,"gold_gain":0,"player_choice":"Serpent","damage_taken":0,"max_hp_gain":0,"max_hp_loss":0,"event_name":"BanditSerpent","floor":25,"gold_loss":0},{"damage_healed":0,"gold_gain":0,"player_choice":"Ignored","damage_taken":0,"max_hp_gain":0,"max_hp_loss":0,"event_name":"Beggar","floor":28,"gold_loss":0}],"is_beta":false,"boss_relics":[{"not_picked":["Philosopher\u0027s Stone","Astrolabe"],"picked":"Nuclear Battery"}],"items_purged_floors":[22],"is_endless":false,"potions_floor_spawned":[1,7,21,23],"killed_by":"Centurion and Healer","ascension_level":0}}