{"host":"v9ordiuf4xzdpttp","time":1612746019,"event":{"mods":["AchievementEnabler","Act Like it!","Aspiration","BaseMod","Better Third Choice","Better Vampires","BetterRewards","CCEM2","Colored Map","Gold Saver","Halation","Hubris","Infinite Spire","Jedi Mod","Marked Mod","Minty Spire (QoL Compilation)","Reliquary","Remove Card Discount Mod","Replay The Spire","Shop Mod","Small Relic Pack","Spicy Shops","StSLib","The Death Knight","The Senshi","The Showman","??????REMEMod"],"gold_per_floor":[464,45,45,45,145,479,69,83,106,126,136,136,151,162,221,321,321,535,753,430,39,250,250,250,514,514,115,115,332,349,349,349,445,445,455,455,655,655,866,866,1078,1328,1528,1728,28,42,54,54,54,54],"floor_reached":51,"language":"ENG","playtime":2995,"items_purged":["Parasite","Doubt","theShowman:PotentialUnleashed","Strike_B","Strike_B","Strike_B","Strike_B","Defend_B","Defend_B","Defend_B","ReplayTheSpireMod:Doomed","Overencumbered","Shame","Writhe","Overencumbered","Overencumbered","Clumsy","Doubt","Parasite"],"score":817,"play_id":"c347c722-65cc-4d40-bc74-8aa3939ee59f","local_time":"20210207200019","is_ascension_mode":false,"campfire_choices":[{"floor":23,"key":"REST"},{"floor":32,"key":"REST"},{"floor":40,"key":"REST"},{"floor":49,"key":"REST"}],"circlet_count":0,"master_deck":["Defend_B","Zap","Dualcast","Conserve Battery","Ball Lightning","hubris:Ukulele+1","White Noise","Defragment","Ball Lightning+1","Static Discharge","FIFO Queue+1","Creative AI","hubris:EnhanceAbility","jedi:hex","Madness","infinitespire:Collect","Lockon","Good Instincts","infinitespire:Punishment","Amplify","Capacitor+1","Madness","Madness","Panacea","Storm","FIFO Queue","Apotheosis","Mind Blast+1"],"relics":["Cracked Core","REME_ComplimentaryCards","ClockworkSouvenir","PreservedInsect","halation:PinkSoulGem","MerchantsRug","Lee\u0027s Waffle","Vajra","REME_DemonsWealth","hubris:BallOfYels","REME_HandOfSuture","jedi:bottledfury","Tiny Chest","reliquary:Aerogel","CCEMRelics:BiPhaseBiplane","Replay:Frozen Program","halation:PenCase","Cursed Key","hubris:SoftwareUpdate","Meat on the Bone","Shovel","The Courier","Molten Egg 2","REME_CardOfGreed","Replay:WaspNest","ReplayTheSpireMod:Lightbulb","Bag of Preparation","Gremlin Horn","jedi:archwizardhat","Whetstone","MealTicket","Replay:Rubber Ducky"],"acts_visited":["Exordium","TheCity","TheBeyond"],"potions_floor_usage":[16,16,18,25,25,42,42,46,47],"damage_taken":[{"damage":5,"enemies":"Jaw Worm","floor":1,"turns":4},{"damage":5,"enemies":"Gremlin Nob","floor":6,"turns":3},{"damage":0,"enemies":"Small Slimes","floor":8,"turns":2},{"damage":0,"enemies":"Cultist","floor":10,"turns":2},{"damage":0,"enemies":"Large Slime","floor":11,"turns":3},{"damage":13,"enemies":"Lots of Slimes","floor":13,"turns":3},{"damage":28,"enemies":"Exordium Thugs","floor":14,"turns":4},{"damage":28,"enemies":"Slime Boss","floor":16,"turns":4},{"damage":10,"enemies":"Spheric Guardian","floor":18,"turns":3},{"damage":23,"enemies":"2 Thieves","floor":19,"turns":4},{"damage":37,"enemies":"Centurion and Healer","floor":22,"turns":5},{"damage":20,"enemies":"Nightmare","floor":25,"turns":5},{"damage":0,"enemies":"Snake Plant","floor":29,"turns":1},{"damage":12,"enemies":"Cultist and Chosen","floor":30,"turns":5},{"damage":26,"enemies":"hubris:MusketHawk","floor":33,"turns":6},{"damage":5,"enemies":"3 Shapes","floor":35,"turns":3},{"damage":14,"enemies":"3 Darklings","floor":39,"turns":3},{"damage":22,"enemies":"Writhing Mass","floor":41,"turns":2},{"damage":0,"enemies":"Mind Bloom Boss Battle","floor":42,"turns":4},{"damage":0,"enemies":"4 Shapes","floor":46,"turns":2},{"damage":0,"enemies":"Spire Growth","floor":47,"turns":4},{"damage":38,"enemies":"Awakened One","floor":50,"turns":5}],"seed_played":"1484885085133777979","potions_obtained":[{"floor":8,"key":"Swift Potion"},{"floor":11,"key":"jedi:coolantleak"},{"floor":16,"key":"Ancient Potion"},{"floor":19,"key":"Energy Potion"},{"floor":22,"key":"REME_GoldPotion"},{"floor":39,"key":"Explosive Potion"},{"floor":41,"key":"Fire Potion"},{"floor":46,"key":"Weak Potion"}],"is_trial":false,"path_per_floor":["M","$","?","?","?","E","$","M","T","M","M","?","M","M","R_BF","B",null,"M","M","$","$","M","R","T","NM","T","$","?","M","M","AVR","R","B",null,"M","?","T","?","M","R","M","?","T","T","$","M","M","?","R","B",null],"character_chosen":"DEFECT","items_purchased":["Ball Lightning","ClockworkSouvenir","PreservedInsect","hubris:Ukulele","Defragment","MerchantsRug","Lee\u0027s Waffle","hubris:EnhanceAbility","jedi:hex","hubris:BallOfYels","REME_HandOfSuture","Madness","Lockon","Good Instincts","CCEMRelics:BiPhaseBiplane","Replay:Frozen Program","REME_CardOfGreed","Replay:WaspNest","ReplayTheSpireMod:Lightbulb","Panacea","Storm","FIFO Queue","Bag of Preparation","Apotheosis","Mind Blast+1","Adrenaline Potion","Gremlin Horn","jedi:archwizardhat","Whetstone","MealTicket","Replay:Rubber Ducky"],"campfire_rested":4,"item_purchase_floors":[2,2,2,2,7,7,7,20,20,21,21,21,27,27,27,27,45,45,45,45,45,45,45,45,45,45,45,45,45,45,45],"current_hp_per_floor":[77,77,80,80,80,75,92,92,92,92,92,92,79,51,51,23,92,82,59,59,59,22,48,48,28,28,28,28,28,16,16,42,16,89,84,84,84,73,59,85,63,63,63,63,63,63,63,63,86,48],"gold":54,"neow_bonus":"TEN_PERCENT_HP_BONUS","is_daily":false,"chose_seed":false,"campfire_upgraded":0,"win_rate":0.0,"timestamp":1612746019,"path_taken":["M","$","?","?","?","E","$","M","T","?","M","?","M","M","R_BF","BOSS","M","?","?","$","M","R","?","NM","T","$","?","M","?","AVR","R","BOSS","M","?","?","?","?","R","M","?","T","?","$","M","M","?","R","BOSS"],"items_purchased_type":["Card","Relic","Relic","Card","Card","Relic","Relic","Card","Card","Relic","Relic","Card","Card","Card","Relic","Relic","Relic","Relic","Relic","Card","Card","Card","Relic","Card","Card","Potion","Relic","Relic","Relic","Relic","Relic"],"build_version":"2020-12-22","purchased_purges":19,"victory":true,"max_hp_per_floor":[82,82,85,85,85,85,92,92,92,92,92,92,92,92,92,92,92,92,92,89,89,89,89,89,89,89,89,89,89,89,89,89,89,89,89,89,89,89,89,89,89,89,89,89,86,86,86,86,86,86],"card_choices":[{"not_picked":["Stack","jedi:BurstFrost"],"picked":"Conserve Battery","floor":1},{"not_picked":["Panic Button","ReplaySort"],"picked":"White Noise","floor":6},{"not_picked":["Barrage","REME_Whirling"],"picked":"Ball Lightning","floor":8},{"not_picked":["jedi:BurstLightning","Streamline"],"picked":"Static Discharge","floor":10},{"not_picked":["Beam Cell","Steam"],"picked":"FIFO Queue","floor":11},{"not_picked":["Redo","Streamline","jedi:readyaimfire"],"picked":"SKIP","floor":13},{"not_picked":["Streamline","Blizzard","jedi:BurstFrost"],"picked":"SKIP","floor":14},{"not_picked":["REME_ForAll","All For One"],"picked":"Creative AI","floor":16},{"not_picked":["Steam Power+1","jedi:BurstLightning","Double Energy"],"picked":"Parasite","floor":18},{"not_picked":["Stack","jedi:blockon","Rebound"],"picked":"Doubt","floor":19},{"not_picked":["Go for the Eyes","jedi:blockon","jedi:BurstLightning"],"picked":"Overencumbered","floor":22},{"not_picked":["infinitespire:UltimateForm","infinitespire:Oblivion"],"picked":"infinitespire:Collect","floor":25},{"not_picked":["hubris:PowerSurge","Undo","jedi:BurstFrost"],"picked":"Shame","floor":25},{"not_picked":["Tempest","Crystallizer","Time Bomb"],"picked":"ReplayTheSpireMod:Doomed","floor":29},{"not_picked":["Chaos+1","jedi:BurstLightning","Beam Cell+1","Normality"],"picked":"SKIP","floor":30},{"not_picked":["ReplayTheSpireMod:Omega Cannon","Thunder Strike","Hallucinations"],"picked":"Amplify","floor":33},{"not_picked":["Leap+1","ReplayTheSpireMod:System Scan+1","jedi:thedog"],"picked":"Capacitor+1","floor":35},{"not_picked":["Fusion","Chaos+1","Heatsinks"],"picked":"Doubt","floor":39},{"not_picked":["Barrage","Rip and Tear+1","Panic Button"],"picked":"Parasite","floor":41},{"not_picked":["Stack","BootSequence","hubris:PowerSurge"],"picked":"Clumsy","floor":42},{"not_picked":["Go for the Eyes+1","Panic Button+1","ReplaySort+1","Delirium"],"picked":"SKIP","floor":46},{"not_picked":["Go for the Eyes+1","Panic Button+1","ReplaySort+1","Delirium"],"picked":"SKIP","floor":46},{"not_picked":["Heatsinks","Chill","jedi:BurstLightning+1","Hallucinations"],"picked":"SKIP","floor":47}],"player_experience":280682,"relics_obtained":[{"floor":6,"key":"Old Coin"},{"floor":9,"key":"Vajra"},{"floor":24,"key":"jedi:bottledfury"},{"floor":25,"key":"Tiny Chest"},{"floor":26,"key":"reliquary:Aerogel"},{"floor":37,"key":"Meat on the Bone"},{"floor":42,"key":"Shovel"},{"floor":43,"key":"The Courier"},{"floor":44,"key":"Molten Egg 2"}],"event_choices":[{"damage_healed":0,"gold_gain":100,"player_choice":"Pray","damage_taken":0,"max_hp_gain":0,"max_hp_loss":0,"event_name":"Golden Shrine","floor":5,"gold_loss":0},{"damage_healed":0,"gold_gain":0,"player_choice":"Forge","damage_taken":0,"max_hp_gain":0,"max_hp_loss":0,"event_name":"Accursed Blacksmith","floor":12,"gold_loss":0,"cards_upgraded":["FIFO Queue"]},{"damage_healed":0,"gold_gain":0,"player_choice":"Ignored","damage_taken":0,"max_hp_gain":0,"max_hp_loss":0,"event_name":"Cursed Tome","floor":28,"gold_loss":0},{"damage_healed":0,"gold_gain":0,"player_choice":"Embrace Madness","damage_taken":11,"max_hp_gain":0,"max_hp_loss":0,"event_name":"Winding Halls","floor":38,"gold_loss":0,"cards_obtained":["Madness","Madness"]},{"damage_healed":0,"gold_gain":0,"player_choice":"Fight","damage_taken":0,"max_hp_gain":0,"max_hp_loss":0,"event_name":"MindBloom","floor":42,"gold_loss":0}],"is_beta":false,"boss_relics":[{"not_picked":["relicPack:KazumaCape","CCEMRelics:ExpiredCReal"],"picked":"REME_DemonsWealth"},{"not_picked":["aspiration:WatcherSkillbook","jedi:hotpepper"],"picked":"Cursed Key"}],"items_purged_floors":[20,20,20,27,27,27,27,27,27,27,31,45,45,45,45,45,45,45,45],"is_endless":false,"potions_floor_spawned":[8,11,16,19,22,39,41,46],"ascension_level":0}}