{"host":"29uuqgkzqd703i93","time":1612745237,"event":{"mods":["BaseMod","Minty Spire (QoL Compilation)"],"gold_per_floor":[214,214,214,232,247,247,261,275,347,385,408,421,421,434,434,434,434],"floor_reached":16,"language":"ENG","playtime":1248,"items_purged":[],"score":106,"play_id":"811727be-0db8-4f8c-89c3-6264ec241bf2","local_time":"20210208014717","is_ascension_mode":false,"campfire_choices":[{"floor":6,"key":"REST"},{"floor":13,"key":"REST"},{"floor":15,"key":"REST"}],"circlet_count":0,"master_deck":["Strike_B","Strike_B","Strike_B","Strike_B","Defend_B","Defend_B","Defend_B","Defend_B","Zap","Dualcast","Cold Snap","Sweeping Beam","Stack","Barrage","Hologram","Leap","Beam Cell","Coolheaded","Conserve Battery"],"relics":["Cracked Core","Golden Idol","Gremlin Horn","Calipers"],"acts_visited":["Exordium"],"potions_floor_usage":[14,16],"damage_taken":[{"damage":5,"enemies":"Jaw Worm","floor":1,"turns":5},{"damage":4,"enemies":"2 Louse","floor":4,"turns":3},{"damage":0,"enemies":"Small Slimes","floor":5,"turns":3},{"damage":11,"enemies":"Exordium Thugs","floor":7,"turns":4},{"damage":6,"enemies":"Looter","floor":8,"turns":3},{"damage":27,"enemies":"Lagavulin","floor":10,"turns":6},{"damage":2,"enemies":"Blue Slaver","floor":11,"turns":4},{"damage":13,"enemies":"2 Fungi Beasts","floor":12,"turns":3},{"damage":9,"enemies":"Exordium Wildlife","floor":14,"turns":4},{"damage":53,"enemies":"The Guardian","floor":16,"turns":18}],"seed_played":"-2168264761099608728","potions_obtained":[{"floor":4,"key":"SkillPotion"},{"floor":8,"key":"GamblersBrew"},{"floor":10,"key":"Strength Potion"}],"is_trial":false,"path_per_floor":["M","?","?","M","M","R","M","M","T","E","M","M","R","M","R","B"],"character_chosen":"DEFECT","items_purchased":[],"campfire_rested":3,"item_purchase_floors":[],"current_hp_per_floor":[70,70,63,59,59,75,64,58,58,31,29,16,38,29,51,0,0],"gold":434,"neow_bonus":"HUNDRED_GOLD","is_daily":false,"chose_seed":false,"campfire_upgraded":0,"win_rate":0.0,"timestamp":1612745237,"path_taken":["M","?","?","M","M","R","M","M","T","E","M","M","R","M","R","BOSS"],"items_purchased_type":[],"build_version":"2020-12-22","purchased_purges":0,"victory":false,"max_hp_per_floor":[75,75,75,75,75,75,75,75,75,75,75,75,75,75,75,75,75],"card_choices":[{"not_picked":["Steam Power","White Noise"],"picked":"Cold Snap","floor":1},{"not_picked":["Beam Cell","Loop"],"picked":"Sweeping Beam","floor":4},{"not_picked":["Sweeping Beam","Coolheaded"],"picked":"Stack","floor":5},{"not_picked":["Streamline","Creative AI"],"picked":"Barrage","floor":7},{"not_picked":["Compile Driver","Barrage"],"picked":"Hologram","floor":8},{"not_picked":["Reprogram","Echo Form"],"picked":"Leap","floor":10},{"not_picked":["Heatsinks","Steam"],"picked":"Beam Cell","floor":11},{"not_picked":["Glacier","Heatsinks"],"picked":"Coolheaded","floor":12},{"not_picked":["Barrage","Seek"],"picked":"Conserve Battery","floor":14}],"player_experience":69385,"relics_obtained":[{"floor":9,"key":"Gremlin Horn"},{"floor":10,"key":"Calipers"}],"event_choices":[{"damage_healed":0,"gold_gain":0,"player_choice":"Take Wound","damage_taken":0,"relics_obtained":["Golden Idol"],"max_hp_gain":0,"max_hp_loss":0,"event_name":"Golden Idol","floor":2,"gold_loss":0,"cards_obtained":["Injury"]},{"cards_removed":["Injury"],"damage_healed":0,"gold_gain":0,"player_choice":"Card Removal","damage_taken":7,"max_hp_gain":0,"max_hp_loss":0,"event_name":"Golden Wing","floor":3,"gold_loss":0}],"is_beta":false,"boss_relics":[],"items_purged_floors":[],"is_endless":false,"potions_floor_spawned":[4,8,10],"killed_by":"The Guardian","ascension_level":0}}