{"host":"g2yp6paluzgljz05","time":1612768795,"event":{"mods":["BaseMod","Bestiary","Colored Powertips","DeckTracker","Highlight Path","Minty Spire (QoL Compilation)","Quick Restart"],"gold_per_floor":[113,113,127,74,74,100,112,142,179,191,191],"floor_reached":10,"language":"ENG","playtime":384,"items_purged":[],"score":102,"play_id":"12b9eb15-4c92-417b-9c4a-8de25c79d9c0","local_time":"20210208181955","is_ascension_mode":true,"campfire_choices":[{"floor":7,"key":"REST"}],"circlet_count":0,"master_deck":["AscendersBane","Strike_R","Strike_R","Strike_R","Strike_R","Strike_R","Defend_R","Defend_R","Defend_R","Defend_R","Bash","True Grit","Impervious","Body Slam"],"relics":["Burning Blood","Mango","Shuriken","MawBank","Smiling Mask"],"acts_visited":["Exordium"],"potions_floor_usage":[6],"damage_taken":[{"damage":11,"enemies":"Cultist","floor":1,"turns":4},{"damage":7,"enemies":"Small Slimes","floor":3,"turns":3},{"damage":54,"enemies":"Lagavulin","floor":6,"turns":8},{"damage":12,"enemies":"Jaw Worm","floor":8,"turns":3},{"damage":38,"enemies":"3 Sentries","floor":10,"turns":6}],"seed_played":"-4857968438564873359","potions_obtained":[{"floor":3,"key":"LiquidMemories"},{"floor":6,"key":"HeartOfIron"}],"is_trial":false,"path_per_floor":["M","T","M","$","?","E","R","M","T","E"],"character_chosen":"IRONCLAD","items_purchased":["True Grit"],"campfire_rested":1,"item_purchase_floors":[4],"current_hp_per_floor":[60,60,59,59,59,11,39,33,33,0,0],"gold":191,"neow_bonus":"ONE_RARE_RELIC","is_daily":false,"chose_seed":false,"campfire_upgraded":0,"win_rate":0.0,"timestamp":1612768795,"path_taken":["M","?","?","$","?","E","R","M","T","E"],"items_purchased_type":["Card"],"build_version":"2020-12-22","purchased_purges":0,"victory":false,"max_hp_per_floor":[94,94,94,94,94,94,94,94,94,94,94],"card_choices":[{"not_picked":["Clash","Iron Wave","Sword Boomerang"],"picked":"SKIP","floor":1},{"not_picked":["Thunderclap","Dual Wield","Sentinel"],"picked":"SKIP","floor":3},{"not_picked":["Body Slam","Perfected Strike"],"picked":"Impervious","floor":6},{"not_picked":["Ghostly Armor","Anger"],"picked":"Body Slam","floor":8}],"player_experience":339218,"relics_obtained":[{"floor":2,"key":"Shuriken"},{"floor":6,"key":"MawBank"},{"floor":9,"key":"Smiling Mask"}],"event_choices":[{"damage_healed":0,"gold_gain":0,"player_choice":"Ignored","damage_taken":0,"max_hp_gain":0,"max_hp_loss":0,"event_name":"Shining Light","floor":5,"gold_loss":0}],"is_beta":false,"boss_relics":[],"items_purged_floors":[],"is_endless":false,"potions_floor_spawned":[3,6],"killed_by":"3 Sentries","ascension_level":11}}