{"host":"aq3xpixvif6gmjmv","time":1612753813,"event":{"mods":["BaseMod","CapriCore","Colored Map","Colored Powertips","Friendly Minions","Minty Spire (QoL Compilation)","StSLib","SuperFastMode","The Hierophant"],"gold_per_floor":[119,119,136,311,89,123,123,149,149,149,173,186,186,35,35,135,135,151,51,127,52,52,84,84,84],"floor_reached":24,"language":"KOR","playtime":487,"items_purged":["Doubt","Strike_R"],"score":229,"play_id":"0fa83b88-9968-4873-a75b-541c6f367bd9","local_time":"20210208121013","daily_mods":["Heirloom","Flight","Elite Swarm"],"is_ascension_mode":true,"campfire_choices":[{"data":"Iron Wave","floor":10,"key":"SMITH"},{"floor":13,"key":"REST"},{"data":"Heavy Blade","floor":15,"key":"SMITH"}],"circlet_count":0,"master_deck":["Strike_R+1","Defend_R","Defend_R","Defend_R","Bash+1","Iron Wave+1","Heavy Blade+1","Double Tap+1","Limit Break","Pummel","Offering"],"relics":["Burning Blood","Dead Branch","Whetstone","Singing Bowl","Dream Catcher","MealTicket","Regal Pillow","Vajra","Empty Cage","Gremlin Horn","Happy Flower"],"acts_visited":["Exordium","TheCity"],"potions_floor_usage":[24],"damage_taken":[{"damage":12,"enemies":"2 Louse","floor":1,"turns":3},{"damage":1,"enemies":"Cultist","floor":3,"turns":3},{"damage":44,"enemies":"Lagavulin","floor":6,"turns":7},{"damage":23,"enemies":"3 Sentries","floor":8,"turns":8},{"damage":11,"enemies":"Jaw Worm","floor":12,"turns":2},{"damage":39,"enemies":"Hexaghost","floor":16,"turns":8},{"damage":22,"enemies":"Spheric Guardian","floor":18,"turns":4},{"damage":51,"enemies":"Book of Stabbing","floor":23,"turns":5},{"damage":48,"enemies":"Gremlin Leader","floor":24,"turns":2}],"seed_played":"-4745661771252119611","potions_obtained":[{"floor":3,"key":"ElixirPotion"},{"floor":12,"key":"ElixirPotion"},{"floor":18,"key":"ElixirPotion"},{"floor":23,"key":"Explosive Potion"}],"is_trial":true,"path_per_floor":["M","?","M","?","$","E","?","E","T","R","T","M","R","$","R","B",null,"M","$","T","?","$","E","E"],"character_chosen":"IRONCLAD","items_purchased":["Whetstone","Vajra"],"campfire_rested":1,"item_purchase_floors":[5,14],"current_hp_per_floor":[74,74,79,79,79,41,41,26,26,26,26,23,65,80,80,47,86,70,85,85,85,86,41,0,0],"gold":84,"neow_bonus":"","is_daily":false,"chose_seed":false,"campfire_upgraded":2,"win_rate":0.0,"timestamp":1612753813,"path_taken":["M","?","?","?","$","E","?","E","T","R","?","?","R","$","R","BOSS","M","$","?","?","?","E","E"],"items_purchased_type":["Relic","Relic"],"build_version":"2020-12-22","purchased_purges":2,"victory":false,"max_hp_per_floor":[80,80,80,80,80,80,80,82,82,82,82,84,86,86,86,86,86,86,86,86,86,86,86,86,86],"card_choices":[{"not_picked":["Havoc","Hemokinesis"],"picked":"Iron Wave","floor":1},{"not_picked":["Havoc","True Grit"],"picked":"Heavy Blade","floor":3},{"not_picked":["Demon Form","Barricade"],"picked":"Double Tap","floor":6},{"not_picked":["Exhume","Impervious","Juggernaut"],"picked":"Singing Bowl","floor":8},{"not_picked":["Shockwave","Rage","Clash"],"picked":"Singing Bowl","floor":12},{"not_picked":["Rupture","Rampage","Body Slam"],"picked":"Singing Bowl","floor":13},{"not_picked":["Corruption","Brutality"],"picked":"Limit Break","floor":16},{"not_picked":["Wild Strike","Headbutt+1"],"picked":"Pummel","floor":18},{"not_picked":["Berserk","Limit Break"],"picked":"Offering","floor":23}],"player_experience":420191,"relics_obtained":[{"floor":6,"key":"Singing Bowl"},{"floor":8,"key":"Dream Catcher"},{"floor":9,"key":"MealTicket"},{"floor":11,"key":"Regal Pillow"},{"floor":20,"key":"Gremlin Horn"},{"floor":23,"key":"Happy Flower"}],"event_choices":[{"cards_removed":["Strike_R"],"damage_healed":0,"gold_gain":0,"player_choice":"Purged","damage_taken":0,"max_hp_gain":0,"max_hp_loss":0,"event_name":"Purifier","floor":2,"gold_loss":0},{"damage_healed":0,"gold_gain":175,"player_choice":"AGREE","damage_taken":0,"max_hp_gain":0,"max_hp_loss":0,"event_name":"Liars Game","floor":4,"gold_loss":0,"cards_obtained":["Doubt"]},{"damage_healed":0,"gold_gain":0,"player_choice":"Grow","damage_taken":0,"max_hp_gain":0,"max_hp_loss":0,"event_name":"Living Wall","floor":7,"gold_loss":0,"cards_upgraded":["Double Tap"]},{"cards_removed":["Strike_R"],"damage_healed":0,"gold_gain":0,"player_choice":"Gave Gold","damage_taken":0,"max_hp_gain":0,"max_hp_loss":0,"event_name":"Beggar","floor":21,"gold_loss":75}],"is_beta":false,"boss_relics":[{"not_picked":["SacredBark","Black Blood"],"picked":"Empty Cage"}],"items_purged_floors":[5,19],"is_endless":false,"potions_floor_spawned":[3,12,18,23],"killed_by":"Gremlin Leader","ascension_level":1}}