{"host":"lddajdu6cqgaqcx3","time":1612808097,"event":{"mods":["Act Like it!","BaseMod","Bossed Relics","Colored Map","Downfall","Gensokyo","Marisa£®ÏF”Í°°ƒß¿Ì…≥£©","Minty Spire (QoL Compilation)","Reimu£®≤©¿ˆ¡È√Œ£©","Remilia£®¿Ÿ√◊¿Ú—«£©","Replay The Spire","StSLib"],"gold_per_floor":[99,116,130,90,110,120,120,151,163,119,119,172,172,205,240,360,360,360,373,408,424,424,443,443,443,462,482,467,517,537,562,582,687,687,687,699,710,724,724,18,45,45,60,160,193,205,205,205,205],"floor_reached":48,"language":"ZHS","playtime":3084,"items_purged":["Strike_RM","Strike_RM"],"score":672,"play_id":"3ee2c97a-11c9-457c-8f1a-feb9b5186491","local_time":"20210209021457","is_ascension_mode":true,"campfire_choices":[{"floor":1.0,"key":"RECALL"},{"data":"ScarletImprint","floor":13.0,"key":"SMITH"},{"data":"BloodySeventeenLaser","floor":18.0,"key":"SMITH"},{"data":"BombardNight","floor":25.0,"key":"SMITH"},{"data":"Ultimatum","floor":35.0,"key":"SMITH"},{"data":"Mind Blast","floor":42.0,"key":"SMITH"},{"floor":47,"key":"REST"}],"circlet_count":0,"master_deck":["Defend_RM","Defend_RM","RedMoon","ScarletShoot","ScarletImprint+1","Stigmanizer","DiffusionOfMisfortune","EndlessAdversity","FavorOfDestiny","BombardNight+1","HeartBreak","Ultimatum+1","Decay","ScarletNetherworld","HunterOfTheNight","RedRainbow","Stigmanizer","ScarletImprint","BloodySeventeenLaser+1","EternalNight+1","Stigmanizer","ScarletSymphony+1","CharismaGuard","VampireKiss","EternalNight","UnderTheZenith+1","MillenniumVampire+1","BloodHunter+1","SuperhumanBloodyKnife","BombardNight","AfternoonTea","VampireClaw","DiffusionOfMisfortune+1","ChaoticDestiny","NightDance","VampireSweep+1","EndlessAdversity+1","Doubt","NightLord+1","UnstableMagic","Thinking Ahead","Mind Blast+1","Survey Options+1","BadLadyScramble","Stigmanizer+1","VampireSweep+1","EmergencyRegeneration"],"relics":["ScarletHat","PaintedHorse:ReiMu","Darkstone Periapt","ReplayTheSpireMod:CursedCoin","Oddly Smooth Stone","bronze:MakeshiftBattery","Shuriken","Ginger","Pear","Black Star","Ring of Fangs","ReplayTheSpireMod:ShopPack","MealTicket","Membership Card","War Paint","Pen Nib","downfall:GremlinWheel","Replay:Bottled Flurry","Replay:Multitool"],"acts_visited":["Exordium","TheCity","TheBeyond"],"potions_floor_usage":[45,45],"damage_taken":[{"damage":0.0,"enemies":"Small Slimes","floor":2.0,"turns":3.0},{"damage":3.0,"enemies":"2 Louse","floor":3.0,"turns":2.0},{"damage":4.0,"enemies":"Cultist","floor":5.0,"turns":5.0},{"damage":3.0,"enemies":"Exordium Thugs","floor":6.0,"turns":3.0},{"damage":2.0,"enemies":"3 Sentries","floor":8.0,"turns":9.0},{"damage":1.0,"enemies":"2 Fungi Beasts","floor":9.0,"turns":3.0},{"damage":0.0,"enemies":"downfall:FleeingMerchant","floor":10.0,"turns":4.0},{"damage":8.0,"enemies":"Replay:BlueRogue","floor":12.0,"turns":5.0},{"damage":2.0,"enemies":"3 Louse","floor":14.0,"turns":3.0},{"damage":26.0,"enemies":"Exordium Thugs","floor":15.0,"turns":8.0},{"damage":41.0,"enemies":"DF_ARCHETYPE_STREAMLINE","floor":16.0,"turns":7.0},{"damage":4.0,"enemies":"Chosen","floor":19.0,"turns":3.0},{"damage":12.0,"enemies":"Shell Parasite","floor":20.0,"turns":3.0},{"damage":0.0,"enemies":"3 Cultists","floor":21.0,"turns":3.0},{"damage":27.0,"enemies":"Centurion and Healer","floor":23.0,"turns":3.0},{"damage":0.0,"enemies":"Snake Plant","floor":26.0,"turns":2.0},{"damage":0.0,"enemies":"Sentry and Sphere","floor":27.0,"turns":3.0},{"damage":7.0,"enemies":"downfall:FleeingMerchant","floor":28.0,"turns":4.0},{"damage":12.0,"enemies":"Book of Stabbing","floor":29.0,"turns":5.0},{"damage":0.0,"enemies":"Centurion and Healer","floor":30.0,"turns":3.0},{"damage":24.0,"enemies":"Gremlin Leader","floor":31.0,"turns":4.0},{"damage":18.0,"enemies":"Cultist and Chosen","floor":32.0,"turns":8.0},{"damage":46.0,"enemies":"IC_MUSHROOM_ARCHETYPE","floor":33.0,"turns":8.0},{"damage":43.0,"enemies":"3 Darklings","floor":36.0,"turns":3.0},{"damage":7.0,"enemies":"3 Shapes","floor":37.0,"turns":2.0},{"damage":27.0,"enemies":"Transient","floor":38.0,"turns":5.0},{"damage":2.0,"enemies":"downfall:FleeingMerchant","floor":40.0,"turns":4.0},{"damage":28,"enemies":"3 Darklings","floor":43,"turns":4},{"damage":0,"enemies":"3 Darklings","floor":44,"turns":2},{"damage":24,"enemies":"Nemesis","floor":45,"turns":5},{"damage":0,"enemies":"Sphere and 2 Shapes","floor":46,"turns":2},{"damage":120,"enemies":"Reptomancer","floor":48,"turns":2}],"seed_played":"-8410803930209603245","potions_obtained":[{"floor":3.0,"key":"Weak Potion"},{"floor":8.0,"key":"SmokeBomb"},{"floor":9.0,"key":"Dexterity Potion"},{"floor":9.0,"key":"Energy Potion"},{"floor":10.0,"key":"Fire Potion"},{"floor":14.0,"key":"SteroidPotion"},{"floor":15.0,"key":"champ:CounterPotion"},{"floor":16.0,"key":"Block Potion"},{"floor":19.0,"key":"Reflective Coating"},{"floor":19.0,"key":"PowerPotion"},{"floor":21.0,"key":"Flashbang"},{"floor":23.0,"key":"Doom Potion"},{"floor":31.0,"key":"Weak Potion"},{"floor":33.0,"key":"ColorlessPotion"},{"floor":33.0,"key":"SkillPotion"},{"floor":36.0,"key":"LifebloodPotion"},{"floor":37.0,"key":"Slimebound:ThreeZeroPotion"},{"floor":46,"key":"Fire Potion"}],"is_trial":false,"path_per_floor":["R","M","M","?","M","M","T","E","M","$","?","E","R","M","M","B",null,"R_BF","M","M","M","?","M","T","R","M","M","$","E","M","E","M","B",null,"R","M","M","M","?","$","T","R","M","?","E","M","R","E"],"character_chosen":"REMILIA","items_purchased":["Ultimatum","ReplayTheSpireMod:CursedCoin","ScarletNetherworld","ReplayTheSpireMod:ShopPack","UnstableMagic","MealTicket","Membership Card","War Paint","BadLadyScramble"],"campfire_rested":1,"item_purchase_floors":[10,10,10,40,40,40,40,40,40],"current_hp_per_floor":[75,75,72,72,68,65,65,65,64,70,70,64,64,62,36,5,81,81,77,65,65,65,40,40,40,43,43,45,49,49,43,31,9,91,91,48,44,32,38,37,37,37,11,11,3,3,32,0,0],"gold":205,"neow_bonus":"REMOVE_CARD","is_daily":false,"chose_seed":false,"campfire_upgraded":5,"win_rate":0.0,"timestamp":1612808097,"path_taken":["R","M","M","?","M","M","T","E","M","$","?","E","R","M","M","BOSS","R_BF","M","M","M","?","M","T","R","M","M","$","E","M","E","M","BOSS","R","M","M","M","?","$","T","R","M","?","E","?","R","E"],"items_purchased_type":["Card","Relic","Card","Relic","Card","Relic","Relic","Relic","Card"],"build_version":"2020-12-22","purchased_purges":2,"victory":false,"max_hp_per_floor":[75,75,75,75,75,75,75,75,75,81,81,81,81,81,81,81,81,81,81,81,81,81,81,81,81,81,81,81,81,81,91,91,91,91,91,91,91,91,97,97,97,97,97,97,97,97,97,97,97],"card_choices":[{"not_picked":["ScarletDevil","MastersStateliness"],"picked":"ScarletImprint","floor":2.0},{"not_picked":["BloodAndWine","ScarletGensokyo"],"picked":"Stigmanizer","floor":3.0},{"not_picked":["RedNightlessCastle","VampireFantasy"],"picked":"DiffusionOfMisfortune","floor":5.0},{"not_picked":["ForbiddenFruit","BloodyTrap"],"picked":"EndlessAdversity","floor":6.0},{"not_picked":["BlasphemousPunishment","MastersStateliness"],"picked":"FavorOfDestiny","floor":8.0},{"not_picked":["VampireFantasy","UnderTheZenith"],"picked":"BombardNight","floor":9.0},{"not_picked":["ScarletCoffin","ScarletDream"],"picked":"HeartBreak","floor":10.0},{"not_picked":["BombardNight","AfternoonTea"],"picked":"HunterOfTheNight","floor":12.0},{"not_picked":["BlasphemousPunishment","ScarletDevilSign"],"picked":"RedRainbow","floor":14.0},{"not_picked":["MiserableFate","RedRainbow"],"picked":"Stigmanizer","floor":15.0},{"not_picked":["ReincarnationDial","DiffusionOfMisfortune"],"picked":"ScarletImprint","floor":15.0},{"not_picked":["TransientEternity","DemonKingCradle"],"picked":"BloodySeventeenLaser","floor":16.0},{"not_picked":["UnderTheZenith","EmergencyRegeneration"],"picked":"EternalNight+1","floor":19.0},{"not_picked":["NightLord+1","BlasphemousPunishment"],"picked":"Stigmanizer","floor":20.0},{"not_picked":["TwelveNightmare","RedMagic"],"picked":"ScarletSymphony","floor":21.0},{"not_picked":["EndlessAdversity","DiffusionOfMisfortune"],"picked":"CharismaGuard","floor":23.0},{"not_picked":["CharismaGuard","Ultimatum"],"picked":"VampireKiss","floor":23.0},{"not_picked":["NightDance","EndlessAdversity"],"picked":"EternalNight","floor":26.0},{"not_picked":["HellCatastrophe","BlasphemousPunishment"],"picked":"UnderTheZenith+1","floor":27.0},{"not_picked":["UnstableMagic","DiffusionOfMisfortune"],"picked":"MillenniumVampire+1","floor":27.0},{"not_picked":["CharismaGuard","FitfulNightmare"],"picked":"BloodHunter+1","floor":28.0},{"not_picked":["MastersStateliness","RedNightlessCastle"],"picked":"SuperhumanBloodyKnife","floor":29.0},{"not_picked":["BlasphemousPunishment","UltimateOffering+1"],"picked":"BombardNight","floor":30.0},{"not_picked":["RedMagic","StarOfDavid"],"picked":"AfternoonTea","floor":30.0},{"not_picked":["MiserableFate","Stigmanizer"],"picked":"VampireClaw","floor":31.0},{"not_picked":["EquivalentExchange","BloodHunter+1"],"picked":"DiffusionOfMisfortune+1","floor":32.0},{"not_picked":["ForecastOfChange","HellCatastrophe"],"picked":"ChaoticDestiny","floor":33.0},{"not_picked":["BloodHunter","UnderTheZenith"],"picked":"NightDance","floor":36.0},{"not_picked":["CharismaGuard","RedMagic"],"picked":"VampireSweep+1","floor":37.0},{"not_picked":["NightLord","BlasphemousPunishment+1"],"picked":"EndlessAdversity+1","floor":38.0},{"not_picked":["Septette+1","DiffusionOfMisfortune"],"picked":"NightLord+1","floor":40.0},{"not_picked":["ReplayTheSpireMod:Brewmster","Poisoned Strike"],"picked":"Thinking Ahead","floor":40.0},{"not_picked":["Swift Strike","Enlightenment"],"picked":"Mind Blast","floor":40.0},{"not_picked":["Replay:Sssssssssstrike","Finesse"],"picked":"Survey Options","floor":40.0},{"not_picked":["DiffusionOfMisfortune","BlasphemousPunishment+1"],"picked":"Stigmanizer+1","floor":43},{"not_picked":["BloodyHallows","ScarletDevil+1"],"picked":"VampireSweep+1","floor":45},{"not_picked":["BombardNight+1","DevilSight"],"picked":"EmergencyRegeneration","floor":46}],"player_experience":13338,"relics_obtained":[{"floor":8.0,"key":"Darkstone Periapt"},{"floor":12.0,"key":"Oddly Smooth Stone"},{"floor":24.0,"key":"Shuriken"},{"floor":29.0,"key":"Ginger"},{"floor":31.0,"key":"Pear"},{"floor":39.0,"key":"Ring of Fangs"},{"floor":41.0,"key":"Pen Nib"},{"floor":44,"key":"downfall:GremlinWheel"},{"floor":45,"key":"Replay:Bottled Flurry"},{"floor":45,"key":"Replay:Multitool"}],"event_choices":[{"damage_healed":0.0,"max_hp_gain":0.0,"max_hp_loss":0.0,"gold_gain":0.0,"event_name":"yidonshenshe","player_choice":"»˚«Æ","floor":4.0,"gold_loss":40.0,"damage_taken":0.0,"relics_obtained":["PaintedHorse:ReiMu"]},{"cards_removed":["Strike_RM"],"damage_healed":0.0,"max_hp_gain":0.0,"max_hp_loss":0.0,"gold_gain":0.0,"event_name":"Back to Basics","player_choice":"Elegance","floor":22.0,"gold_loss":0.0,"damage_taken":0.0},{"cards_removed":["Defend_RM"],"damage_healed":0,"gold_gain":0,"player_choice":"Card Removal","damage_taken":0,"max_hp_gain":0,"max_hp_loss":0,"event_name":"Wheel of Change","floor":47,"gold_loss":0}],"is_beta":false,"boss_relics":[{"not_picked":["SlaversCollar","Busted Crown"],"picked":"bronze:MakeshiftBattery"},{"not_picked":["ReplayTheSpireMod:DimensionalGlitch","Replay:Grab Bag"],"picked":"Black Star"}],"items_purged_floors":[10,40],"is_endless":false,"potions_floor_spawned":[3,8,9,14,15,16,19,23,26,29,33,37,38,46],"killed_by":"Reptomancer","ascension_level":2}}