{"host":"ly20tmf9be7b85hl","time":1612801695,"event":{"mods":["BaseMod","Colored Map","Keyboard Shortcuts","Minty Spire (QoL Compilation)","Permanent Neow","Quick Restart","SuperFastMode"],"gold_per_floor":[118,132,57,57,76,76,36,69,69,86,161,161,176,192,192,268,268,288,298,298,324,4,36,36,36,85,85,85],"floor_reached":27,"language":"KOR","playtime":662,"items_purged":["Strike_G"],"score":462,"play_id":"b46ffa81-aee1-4f43-82a1-285d4ef15c40","local_time":"20210209012815","is_ascension_mode":true,"campfire_choices":[{"floor":6,"key":"RECALL"},{"floor":12,"key":"REST"},{"floor":15,"key":"REST"}],"circlet_count":0,"master_deck":["AscendersBane","Strike_G","Defend_G","Defend_G+1","Defend_G","Defend_G","Survivor","Neutralize","Expertise","Noxious Fumes","Deadly Poison","PiercingWail","After Image+1","Cloak And Dagger","Deadly Poison","Backflip","Venomology","Catalyst+1","Malaise+1","Distraction+1","Footwork+1","Tactician","Escape Plan","Prepared","Ghostly","Ghostly+1","Ghostly"],"relics":["Fusion Hammer","Frozen Egg 2","Blue Candle","Astrolabe","Tiny Chest","Snake Skull","Pen Nib","War Paint"],"acts_visited":["Exordium","TheCity"],"potions_floor_usage":[8,16,16,18,23,23,27],"damage_taken":[{"damage":0.0,"enemies":"2 Louse","floor":1.0,"turns":3.0},{"damage":2,"enemies":"Jaw Worm","floor":2,"turns":7},{"damage":12,"enemies":"Small Slimes","floor":5,"turns":4},{"damage":1,"enemies":"Looter","floor":7,"turns":4},{"damage":30,"enemies":"Lagavulin","floor":8,"turns":8},{"damage":0,"enemies":"Blue Slaver","floor":10,"turns":6},{"damage":0,"enemies":"3 Louse","floor":13,"turns":4},{"damage":0,"enemies":"Red Slaver","floor":14,"turns":4},{"damage":48,"enemies":"Slime Boss","floor":16,"turns":15},{"damage":10,"enemies":"3 Byrds","floor":18,"turns":5},{"damage":5,"enemies":"Shell Parasite","floor":19,"turns":5},{"damage":25,"enemies":"Gremlin Leader","floor":23,"turns":5},{"damage":25,"enemies":"Slavers","floor":27,"turns":9}],"seed_played":"-1270126719350782577","potions_obtained":[{"floor":1.0,"key":"Regen Potion"},{"floor":5,"key":"Weak Potion"},{"floor":8,"key":"BlessingOfTheForge"},{"floor":16,"key":"LiquidMemories"},{"floor":19,"key":"FairyPotion"}],"is_trial":false,"path_per_floor":["M","M","?","?","M","R","M","E","T","M","?","R","M","M","R","B",null,"M","M","?","T","$","E","?","?","T","E"],"character_chosen":"THE_SILENT","items_purchased":["Snake Skull","Escape Plan"],"campfire_rested":2,"item_purchase_floors":[22,22],"current_hp_per_floor":[59,57,57,57,45,45,44,14,14,14,3,22,22,22,41,8,52,42,37,37,37,37,12,12,12,12,0,0],"gold":85,"neow_bonus":"BOSS_RELIC","is_daily":false,"chose_seed":false,"campfire_upgraded":0,"win_rate":0.0,"timestamp":1612801695,"path_taken":["M","M","?","?","M","R","M","E","T","M","?","R","M","M","R","BOSS","M","M","?","?","?","E","?","?","T","E"],"items_purchased_type":["Relic","Card"],"build_version":"2020-12-22","purchased_purges":1,"victory":false,"max_hp_per_floor":[66,66,66,66,66,66,66,66,66,66,66,66,66,66,66,66,66,66,66,66,66,66,66,66,33,33,33,33],"card_choices":[{"not_picked":["Distraction","Quick Slash"],"picked":"Expertise","floor":1.0},{"not_picked":["Dagger Throw","Well Laid Plans"],"picked":"Noxious Fumes","floor":2},{"not_picked":["Bane","Caltrops"],"picked":"Deadly Poison","floor":5},{"not_picked":["Caltrops","Quick Slash"],"picked":"PiercingWail","floor":7},{"not_picked":["Dagger Throw","Finisher"],"picked":"After Image+1","floor":8},{"not_picked":["Prepared","Poisoned Stab"],"picked":"Cloak And Dagger","floor":10},{"not_picked":["Deflect","Sucker Punch"],"picked":"Deadly Poison","floor":13},{"not_picked":["Flechettes","Quick Slash"],"picked":"Backflip","floor":14},{"not_picked":["Adrenaline","Malaise"],"picked":"Venomology","floor":16},{"not_picked":["Endless Agony+1","Cloak And Dagger","Underhanded Strike"],"picked":"SKIP","floor":18},{"not_picked":["PiercingWail","Choke"],"picked":"Footwork+1","floor":19},{"not_picked":["Deflect","PiercingWail"],"picked":"Prepared","floor":23}],"player_experience":852332,"relics_obtained":[{"floor":8,"key":"Frozen Egg 2"},{"floor":9,"key":"Blue Candle"},{"floor":21,"key":"Tiny Chest"},{"floor":23,"key":"Pen Nib"},{"floor":26,"key":"War Paint"}],"event_choices":[{"cards_removed":["Strike_G"],"damage_healed":0,"gold_gain":0,"player_choice":"Card Removal","damage_taken":0,"max_hp_gain":0,"max_hp_loss":0,"event_name":"The Cleric","floor":3,"gold_loss":75},{"damage_healed":0,"gold_gain":0,"player_choice":"Ignored","damage_taken":0,"max_hp_gain":0,"max_hp_loss":0,"event_name":"Liars Game","floor":4,"gold_loss":0},{"damage_healed":0,"gold_gain":75,"player_choice":"Gather Gold","damage_taken":11,"max_hp_gain":0,"max_hp_loss":0,"event_name":"World of Goop","floor":11,"gold_loss":0},{"damage_healed":0,"gold_gain":0,"player_choice":"Read","damage_taken":0,"max_hp_gain":0,"max_hp_loss":0,"event_name":"The Library","floor":20,"gold_loss":0,"cards_obtained":["Tactician"]},{"damage_healed":0,"gold_gain":0,"player_choice":"Became a Ghost","damage_taken":0,"max_hp_gain":0,"max_hp_loss":33,"event_name":"Ghosts","floor":25,"gold_loss":0,"cards_obtained":["Ghostly","Ghostly","Ghostly"]}],"is_beta":false,"boss_relics":[{"not_picked":["Snecko Eye","Black Star"],"picked":"Astrolabe"}],"items_purged_floors":[22],"is_endless":false,"potions_floor_spawned":[1,5,8,13,16,19],"killed_by":"Slavers","ascension_level":20}}