{"host":"v1zz5dqrlq7zjvm7","time":1612800648,"event":{"mods":["100% Spire Juice","Act Like it!","BaseMod","Colored Map","Colored Powertips","Friendly Minions","Gensokyo","HololiveMod","Minty Spire (QoL Compilation)","Prisma Mod","StSLib","The Alterego","The Marked","The Servant 0.9.4","TheSwordswoman","UnlockEverythingMod","Waifu the Spire","Yakumo Yukari mod"],"gold_per_floor":[118,118,18,18,18,18,34,34,34,63,63,74,74,84,84,187,187,85,12,12,12,32,32,32,51,51,62,72,100,114,62,62,165,45,60,71,71,89,89,104,104,139,139,139,139],"floor_reached":44,"language":"ENG","playtime":2156,"items_purged":[],"score":510,"play_id":"2622f6bc-5ea4-4b06-b9c9-e258fd8a307b","local_time":"20210209024048","is_ascension_mode":false,"campfire_choices":[{"data":"Moonworks:BackdoorTrade","floor":6,"key":"SMITH"},{"floor":8,"key":"REST"},{"floor":11,"key":"REST"},{"data":"Moonworks:SakisCookie","floor":13,"key":"SMITH"},{"data":"Moonworks:EvilSpyWorkPreparation","floor":15,"key":"SMITH"},{"data":"Moonworks:SinkOrSwim","floor":23,"key":"SMITH"},{"floor":32,"key":"REST"}],"circlet_count":0,"master_deck":["Moonworks:Strike","Moonworks:Strike","Moonworks:Strike","Moonworks:Defend","Moonworks:Defend","Moonworks:Defend","Moonworks:Ambush+1","Moonworks:LongDistanceShot","Moonworks:SakisCookie+1","Moonworks:BackdoorTrade+1","Moonworks:RagingMadness","Moonworks:EvilSpyWorkPreparation+1","Moonworks:LuckyCharm","Moonworks:SinkOrSwim+1","Moonworks:LulusLuckyEgg+1","Moonworks:CompletionReward","Moonworks:DeployBits+1","Moonworks:DeployBits+1","Moonworks:AnotherUltimateWeapon","Moonworks:Assault+1","Moonworks:LulusLuckyEgg+1","Moonworks:ShieldCounter","Moonworks:Poppoformation+1","Moonworks:UnpaidWork+1","Sadistic Nature","Moonworks:Dash","Moonworks:x16BigRocket"],"relics":["Moonworks:BrokenBomb","Moonworks:Homemark","Ornamental Fan","Bronze Scales","Smiling Mask","SlaversCollar","Darkstone Periapt","Hololive_LightStick","Philosopher\u0027s Stone","Akabeko","Pantograph"],"acts_visited":["Exordium","TheCity","TheBeyond"],"potions_floor_usage":[10,16,16,33,40,40,42],"damage_taken":[{"damage":15,"enemies":"Jaw Worm","floor":1,"turns":4},{"damage":15,"enemies":"Small Slimes","floor":3,"turns":3},{"damage":0,"enemies":"Cultist","floor":7,"turns":3},{"damage":19,"enemies":"3 Sentries","floor":10,"turns":8},{"damage":0,"enemies":"Large Slime","floor":12,"turns":4},{"damage":9,"enemies":"Exordium Wildlife","floor":14,"turns":4},{"damage":11,"enemies":"Slime Boss","floor":16,"turns":10},{"damage":23,"enemies":"Shell Parasite","floor":18,"turns":5},{"damage":0,"enemies":"3 Byrds","floor":22,"turns":2},{"damage":15,"enemies":"Snake Plant","floor":25,"turns":4},{"damage":3,"enemies":"Snecko","floor":27,"turns":5},{"damage":25,"enemies":"Centurion and Healer","floor":28,"turns":4},{"damage":24,"enemies":"Gremlin Leader","floor":29,"turns":6},{"damage":0,"enemies":"Chosen and Byrds","floor":30,"turns":4},{"damage":26,"enemies":"Champ","floor":33,"turns":8},{"damage":0,"enemies":"Orb Walker","floor":35,"turns":3},{"damage":18,"enemies":"3 Shapes","floor":36,"turns":4},{"damage":22,"enemies":"Sphere and 2 Shapes","floor":38,"turns":5},{"damage":18,"enemies":"Maw","floor":40,"turns":7},{"damage":0,"enemies":"Giant Head","floor":42,"turns":8},{"damage":29,"enemies":"Reptomancer","floor":44,"turns":3}],"seed_played":"7866425501447124325","potions_obtained":[{"floor":7,"key":"AttackPotion"},{"floor":10,"key":"Block Potion"},{"floor":12,"key":"LiquidBronze"},{"floor":22,"key":"SneckoOil"},{"floor":29,"key":"LiquidMemories"},{"floor":30,"key":"AttackPotion"},{"floor":33,"key":"Block Potion"},{"floor":38,"key":"Strength Potion"}],"is_trial":false,"path_per_floor":["M","?","M","?","?","R","M","R","T","E","R","M","R","M","R","B",null,"M","$","?","$","M","R","?","M","T","M","M","E","M","$","R","B",null,"M","M","?","M","?","M","?","E","T","E"],"character_chosen":"THE_STARBREAKER","items_purchased":["Moonworks:CompletionReward","PowerPotion"],"campfire_rested":3,"item_purchase_floors":[19,31],"current_hp_per_floor":[51,51,38,31,24,24,24,43,43,24,43,45,45,39,39,31,66,46,46,34,34,37,37,60,48,48,48,26,5,8,8,29,6,71,71,53,53,34,34,19,19,22,22,0,0],"gold":139,"neow_bonus":"TEN_PERCENT_HP_BONUS","is_daily":false,"chose_seed":false,"campfire_upgraded":4,"win_rate":0.0,"timestamp":1612800648,"path_taken":["M","?","M","?","?","R","M","R","T","E","R","M","R","?","R","BOSS","M","?","?","?","?","R","?","M","T","M","M","E","M","$","R","BOSS","M","M","?","M","?","M","?","E","T","E"],"items_purchased_type":["Card","Potion"],"build_version":"2020-12-22","purchased_purges":0,"victory":false,"max_hp_per_floor":[66,66,66,66,66,66,66,66,66,66,66,66,66,66,66,66,66,66,66,71,71,71,71,71,71,71,71,71,71,71,71,71,71,71,71,71,71,71,71,71,71,71,71,71,71],"card_choices":[{"not_picked":["Moonworks:BeyondHell","Moonworks:JonathanRush"],"picked":"Moonworks:SakisCookie","floor":1},{"not_picked":["Moonworks:EvilSpyWorkPreparation","Moonworks:MiracleWalker"],"picked":"Moonworks:BackdoorTrade","floor":3},{"not_picked":["Moonworks:BigMagnum","Moonworks:SakisCookie","Moonworks:IndiscriminateFireSupport"],"picked":"SKIP","floor":7},{"not_picked":["Moonworks:EvilSpyWorkPreparation","Moonworks:BigBangBell"],"picked":"Moonworks:RagingMadness","floor":10},{"not_picked":["Moonworks:BigMagnum","Moonworks:JonathanRush"],"picked":"Moonworks:EvilSpyWorkPreparation","floor":12},{"not_picked":["Moonworks:Dinner","Moonworks:JonathanRush"],"picked":"Moonworks:LuckyCharm","floor":14},{"not_picked":["Moonworks:StarBlastingFuse","Moonworks:MeltingMemories"],"picked":"Moonworks:SinkOrSwim","floor":16},{"not_picked":["Moonworks:EvilSpyWorkPreparation","Moonworks:ImOnFire"],"picked":"Moonworks:LulusLuckyEgg+1","floor":18},{"not_picked":["Moonworks:SakisCookie","Moonworks:ImOnFire"],"picked":"Moonworks:DeployBits+1","floor":22},{"not_picked":["Moonworks:BeyondHell","Moonworks:LulusLuckyEgg"],"picked":"Moonworks:DeployBits+1","floor":25},{"not_picked":["Moonworks:JonathanRush","Moonworks:TacticalRetreat"],"picked":"Moonworks:AnotherUltimateWeapon","floor":27},{"not_picked":["Moonworks:LulusLuckyEgg","Moonworks:EvilSpyWorkPreparation"],"picked":"Moonworks:Assault+1","floor":28},{"not_picked":["Moonworks:Assault","Moonworks:EvilSpyWorkPreparation","Moonworks:EvilMastermind"],"picked":"SKIP","floor":29},{"not_picked":["Moonworks:Assault+1","Moonworks:DeployBits"],"picked":"Moonworks:LulusLuckyEgg+1","floor":30},{"not_picked":["Moonworks:OutOfAmmo","Moonworks:HolyNight"],"picked":"Moonworks:ShieldCounter","floor":33},{"not_picked":["Moonworks:LulusLuckyEgg","Moonworks:BackdoorTrade"],"picked":"Moonworks:Poppoformation+1","floor":35},{"not_picked":["Moonworks:BigMagnum","Moonworks:ImOnFire+1","Moonworks:CloudOfSeagulls"],"picked":"SKIP","floor":36},{"not_picked":["Moonworks:MixPhenomenon+1","Moonworks:CloudOfSeagulls+1"],"picked":"Moonworks:UnpaidWork+1","floor":38},{"not_picked":["Metamorphosis","Flash of Steel"],"picked":"Sadistic Nature","floor":39},{"not_picked":["Moonworks:BigMagnum+1","Moonworks:SakisCookie"],"picked":"Moonworks:Dash","floor":40},{"not_picked":["Moonworks:UnluckyCharm+1","Moonworks:EvilSpyWorkPreparation+1"],"picked":"Moonworks:x16BigRocket","floor":42}],"player_experience":170786,"relics_obtained":[{"floor":9,"key":"Bronze Scales"},{"floor":10,"key":"Smiling Mask"},{"floor":26,"key":"Darkstone Periapt"},{"floor":29,"key":"Hololive_LightStick"},{"floor":42,"key":"Akabeko"},{"floor":43,"key":"Pantograph"}],"event_choices":[{"damage_healed":0,"gold_gain":0,"player_choice":"Grow","damage_taken":0,"max_hp_gain":0,"max_hp_loss":0,"event_name":"Living Wall","floor":2,"gold_loss":0,"cards_upgraded":["Moonworks:Ambush"]},{"damage_healed":0,"gold_gain":0,"player_choice":"Success","damage_taken":7,"relics_obtained":["Ornamental Fan"],"max_hp_gain":0,"max_hp_loss":0,"event_name":"Scrap Ooze","floor":4,"gold_loss":0},{"cards_removed":["Moonworks:Defend"],"damage_healed":0,"gold_gain":0,"player_choice":"Card Removal","damage_taken":7,"max_hp_gain":0,"max_hp_loss":0,"event_name":"Golden Wing","floor":5,"gold_loss":0},{"damage_healed":0,"gold_gain":0,"player_choice":"Shed Blood","damage_taken":17,"max_hp_gain":5,"max_hp_loss":0,"event_name":"Forgotten Altar","floor":20,"gold_loss":0},{"damage_healed":23,"gold_gain":0,"player_choice":"Heal","damage_taken":0,"max_hp_gain":0,"max_hp_loss":0,"event_name":"The Library","floor":24,"gold_loss":0},{"damage_healed":0,"gold_gain":0,"player_choice":"Ignored","damage_taken":0,"max_hp_gain":0,"max_hp_loss":0,"event_name":"Tomb of Lord Red Mask","floor":37,"gold_loss":0},{"damage_healed":0,"gold_gain":0,"player_choice":"Memory 1","damage_taken":0,"max_hp_gain":0,"max_hp_loss":0,"event_name":"SensoryStone","floor":39,"gold_loss":0},{"cards_removed":["Moonworks:Strike"],"damage_healed":0,"gold_gain":0,"player_choice":"Removed Attack","damage_taken":0,"max_hp_gain":0,"max_hp_loss":0,"event_name":"Falling","floor":41,"gold_loss":0}],"is_beta":false,"boss_relics":[{"not_picked":["Tiny House","Calling Bell"],"picked":"SlaversCollar"},{"not_picked":["Runic Dome","Busted Crown"],"picked":"Philosopher\u0027s Stone"}],"items_purged_floors":[],"is_endless":false,"potions_floor_spawned":[7,10,12,22,29,30,33,35,38],"killed_by":"Reptomancer","ascension_level":0}}