{"host":"cbu6enf2xtq4r7r3","time":1612756018,"event":{"mods":["2.2 Compatiblity","AlwaysNeverKeys","BaseMod","Better Match","Better Note","Better Sensory Stone","Better Skull","Better Third Choice","Colored Map","Colored Powertips","Defuse TimeMaze Blight","Emptier Cage","Minty Spire (QoL Compilation)","Permanent Neow","Quick Restart","Random Character Button","Relic Sorter","Reorder Act Four","Shop Mod","StSLib"],"gold_per_floor":[19,353,367,80,180,180,214,214,214,249,249,265,48,58,58,156,156,173,190,190,35,35,35,70,70,117,67,95,195,195,70,70,166,166,186,186,486,534,546,546,157,190,270,270,270,270,283,314,314,314],"floor_reached":51,"language":"ENG","playtime":1838,"items_purged":["Strike_G","Strike_G","Strike_G","Strike_G"],"score":1500,"play_id":"28d00537-6d9f-4422-ae93-731b6b2e220b","local_time":"20210208044658","is_ascension_mode":true,"campfire_choices":[{"data":"Noxious Fumes","floor":6,"key":"SMITH"},{"data":"Bandage Up","floor":8,"key":"SMITH"},{"data":"Crippling Poison","floor":11,"key":"SMITH"},{"data":"Blur","floor":15,"key":"SMITH"},{"data":"Dodge and Roll","floor":23,"key":"SMITH"},{"data":"Neutralize","floor":25,"key":"SMITH"},{"data":"Blur","floor":30,"key":"SMITH"},{"data":"Deflect","floor":32,"key":"SMITH"},{"data":"Dodge and Roll","floor":40,"key":"SMITH"},{"data":"Survivor","floor":44,"key":"SMITH"},{"data":"Defend_G","floor":46,"key":"SMITH"},{"data":"Defend_G","floor":49,"key":"SMITH"}],"circlet_count":0,"master_deck":["Defend_G","Defend_G","Defend_G","Defend_G+1","Defend_G+1","Survivor+1","Neutralize+1","Adrenaline","Crippling Poison+1","Poisoned Stab","Noxious Fumes+1","Poisoned Stab","Bandage Up+1","Dodge and Roll+1","Adrenaline","PiercingWail","Flash of Steel","Deflect+1","Blur+1","Venomology","Footwork+1","Apotheosis+1","PiercingWail","Blur+1","After Image","Noxious Fumes+1","Dodge and Roll+1","Blur+1","Leg Sweep+1","Skewer"],"relics":["Ring of the Serpent","Pocketwatch","Bottled Lightning","The Specimen","Coffee Dripper","Blood Vial","Strawberry","Juzu Bracelet","White Beast Statue","Calipers","Eternal Feather","CaptainsWheel","HornCleat","Gambling Chip","Mummified Hand","CeramicFish"],"acts_visited":["Exordium","TheCity","TheBeyond"],"potions_floor_usage":[19,24,24,28,29,29,29,33,38,38,42,42,48,50,50,50,50],"damage_taken":[{"damage":0,"enemies":"Jaw Worm","floor":1,"turns":4},{"damage":0,"enemies":"Cultist","floor":3,"turns":5},{"damage":23,"enemies":"Gremlin Nob","floor":7,"turns":4},{"damage":0,"enemies":"Lagavulin","floor":10,"turns":7},{"damage":4,"enemies":"2 Louse","floor":12,"turns":3},{"damage":1,"enemies":"Red Slaver","floor":14,"turns":4},{"damage":0,"enemies":"Hexaghost","floor":16,"turns":8},{"damage":0,"enemies":"3 Byrds","floor":18,"turns":4},{"damage":8,"enemies":"2 Thieves","floor":19,"turns":4},{"damage":0,"enemies":"Book of Stabbing","floor":24,"turns":6},{"damage":7,"enemies":"Gremlin Leader","floor":28,"turns":6},{"damage":0,"enemies":"Colosseum Slavers","floor":29,"turns":1},{"damage":0,"enemies":"Colosseum Nobs","floor":29,"turns":6},{"damage":0,"enemies":"Collector","floor":33,"turns":8},{"damage":0,"enemies":"3 Shapes","floor":35,"turns":5},{"damage":0,"enemies":"2 Orb Walkers","floor":38,"turns":5},{"damage":0,"enemies":"3 Darklings","floor":39,"turns":1},{"damage":0,"enemies":"Nemesis","floor":42,"turns":9},{"damage":0,"enemies":"Spire Growth","floor":47,"turns":7},{"damage":0,"enemies":"Reptomancer","floor":48,"turns":5},{"damage":0,"enemies":"Time Eater","floor":50,"turns":15}],"seed_played":"8098128187839876350","potions_obtained":[{"floor":1,"key":"Ancient Potion"},{"floor":16,"key":"FairyPotion"},{"floor":19,"key":"SkillPotion"},{"floor":20,"key":"PowerPotion"},{"floor":20,"key":"ColorlessPotion"},{"floor":20,"key":"SmokeBomb"},{"floor":29,"key":"CultistPotion"},{"floor":33,"key":"LiquidMemories"},{"floor":35,"key":"PowerPotion"},{"floor":38,"key":"AttackPotion"},{"floor":42,"key":"SkillPotion"},{"floor":48,"key":"Dexterity Potion"}],"is_trial":false,"path_per_floor":["M","?","M","$","?","R","E","R","T","E","R","M","$","M","R","B",null,"M","M","?","$","?","R","E","R","T","$","E","?","R","$","R","B",null,"M","?","?","?","M","R","$","E","T","R","?","R","M","E","R","B",null],"character_chosen":"THE_SILENT","items_purchased":["Noxious Fumes","Poisoned Stab","Bandage Up","Flash of Steel","Deflect","Blood Vial","PiercingWail","HornCleat"],"campfire_rested":0,"item_purchase_floors":[4,4,4,13,13,21,27,41],"current_hp_per_floor":[63,38,38,38,38,38,19,19,19,25,25,27,27,32,32,38,62,68,66,66,66,66,66,77,77,77,77,70,77,77,77,77,77,77,77,77,77,77,77,77,77,77,77,77,77,77,77,77,77,77],"gold":314,"neow_bonus":"THREE_RARE_CARDS","is_daily":false,"chose_seed":false,"campfire_upgraded":12,"win_rate":0.0,"timestamp":1612756018,"path_taken":["M","?","?","$","?","R","E","R","T","E","R","M","$","?","R","BOSS","M","M","?","?","?","R","E","R","T","?","E","?","R","$","R","BOSS","M","?","?","?","M","R","$","E","T","R","?","R","M","E","R","BOSS"],"items_purchased_type":["Card","Card","Card","Card","Card","Relic","Card","Relic"],"build_version":"2020-12-22","purchased_purges":4,"victory":true,"max_hp_per_floor":[70,70,70,70,70,70,70,70,70,70,70,70,70,70,70,70,70,70,70,70,70,70,70,77,77,77,77,77,77,77,77,77,77,77,77,77,77,77,77,77,77,77,77,77,77,77,77,77,77,77],"card_choices":[{"not_picked":["Phantasmal Killer","Envenom"],"picked":"Adrenaline","floor":0},{"not_picked":["Well Laid Plans","Acrobatics"],"picked":"Crippling Poison","floor":1},{"not_picked":["Backflip","Underhanded Strike"],"picked":"Poisoned Stab","floor":3},{"not_picked":["Flying Knee","Envenom"],"picked":"Dodge and Roll","floor":7},{"not_picked":["Cloak And Dagger","PiercingWail"],"picked":"Adrenaline","floor":10},{"not_picked":["Underhanded Strike","Sucker Punch"],"picked":"PiercingWail","floor":12},{"not_picked":["Outmaneuver","Flechettes"],"picked":"Blur","floor":14},{"not_picked":["Grand Finale","Envenom"],"picked":"Venomology","floor":16},{"not_picked":["Noxious Fumes","Leg Sweep"],"picked":"Footwork+1","floor":18},{"not_picked":["Blade Dance","Bane","Crippling Poison"],"picked":"SKIP","floor":19},{"not_picked":["Slice","Dagger Throw","All Out Attack"],"picked":"SKIP","floor":24},{"not_picked":["Acrobatics","Quick Slash","Burst"],"picked":"SKIP","floor":28},{"not_picked":["Masterful Stab","Leg Sweep+1"],"picked":"Blur","floor":29},{"not_picked":["Wraith Form v2","Phantasmal Killer"],"picked":"After Image","floor":33},{"not_picked":["Flechettes+1","Crippling Poison","Concentrate+1"],"picked":"SKIP","floor":35},{"not_picked":["Heel Hook+1","Reflex+1"],"picked":"Dodge and Roll","floor":38},{"not_picked":["Deflect+1","Blade Dance"],"picked":"Blur+1","floor":39},{"not_picked":["Caltrops","Slice"],"picked":"Leg Sweep+1","floor":42},{"not_picked":["Skewer+1","Prepared+1","Dagger Spray+1"],"picked":"SKIP","floor":47},{"not_picked":["Grand Finale","Predator","Blade Dance"],"picked":"SKIP","floor":48}],"player_experience":129221,"relics_obtained":[{"floor":7,"key":"Pocketwatch"},{"floor":9,"key":"Bottled Lightning"},{"floor":10,"key":"The Specimen"},{"floor":24,"key":"Strawberry"},{"floor":26,"key":"Juzu Bracelet"},{"floor":28,"key":"White Beast Statue"},{"floor":29,"key":"Calipers"},{"floor":29,"key":"Eternal Feather"},{"floor":38,"key":"CaptainsWheel"},{"floor":42,"key":"Gambling Chip"},{"floor":43,"key":"Mummified Hand"},{"floor":48,"key":"CeramicFish"}],"event_choices":[{"damage_healed":0,"gold_gain":334,"player_choice":"GO GO GO ","damage_taken":28,"relics_obtained":[],"max_hp_gain":0,"max_hp_loss":0,"event_name":"betterSkull:BetterSkull","floor":2,"gold_loss":0,"cards_upgraded":[]},{"damage_healed":0,"gold_gain":100,"player_choice":"Pray","damage_taken":0,"max_hp_gain":0,"max_hp_loss":0,"event_name":"Golden Shrine","floor":5,"gold_loss":0},{"damage_healed":0,"gold_gain":0,"player_choice":"Got Potions","damage_taken":0,"max_hp_gain":0,"max_hp_loss":0,"event_name":"Lab","floor":20,"gold_loss":0},{"cards_removed":["Noxious Fumes"],"damage_healed":0,"gold_gain":0,"player_choice":"Take \u0026 Give","damage_taken":0,"max_hp_gain":0,"max_hp_loss":0,"event_name":"betterNote:BetterNote","floor":22,"gold_loss":0,"cards_obtained":["Apotheosis"]},{"damage_healed":0,"gold_gain":0,"player_choice":"Fight","damage_taken":0,"max_hp_gain":0,"max_hp_loss":0,"event_name":"Colosseum","floor":29,"gold_loss":0},{"damage_healed":0,"gold_gain":0,"player_choice":"Fought Nobs","damage_taken":0,"max_hp_gain":0,"max_hp_loss":0,"event_name":"Colosseum","floor":29,"gold_loss":0},{"damage_healed":0,"gold_gain":3,"player_choice":"4","damage_taken":0,"max_hp_gain":0,"max_hp_loss":0,"event_name":"betterStone:BetterStone","floor":36,"gold_loss":0,"cards_obtained":["Noxious Fumes"]},{"damage_healed":0,"gold_gain":300,"player_choice":"Gold","damage_taken":0,"max_hp_gain":0,"max_hp_loss":0,"event_name":"Wheel of Change","floor":37,"gold_loss":0},{"damage_healed":0,"gold_gain":0,"player_choice":"Fight","damage_taken":0,"max_hp_gain":0,"max_hp_loss":0,"event_name":"Mysterious Sphere","floor":38,"gold_loss":0},{"damage_healed":0,"gold_gain":0,"cards_transformed":["Strike_G"],"player_choice":"Transformed","damage_taken":0,"max_hp_gain":0,"max_hp_loss":0,"event_name":"Transmorgrifier","floor":45,"gold_loss":0,"cards_obtained":["Skewer"]}],"is_beta":false,"boss_relics":[{"not_picked":["Black Star","Ectoplasm"],"picked":"Coffee Dripper"},{"not_picked":["Snecko Eye","Runic Dome"],"picked":"Ring of the Serpent"}],"items_purged_floors":[4,13,31,41],"is_endless":false,"potions_floor_spawned":[1,16,19,29,29,33,35,38,39,42,47,48],"ascension_level":8}}