{"host":"995ppxxqmb2p2due","time":1612819862,"event":{"mods":["BaseMod","Downfall","Minty Spire (QoL Compilation)","StSLib"],"gold_per_floor":[165,178,194,39,55,55,230,258,258,293,293,304,304,304,304,402,402,418,193,208,228,244,276,38,66,142,142,142],"floor_reached":27,"language":"ENG","playtime":1334,"items_purged":["Doubt"],"score":289,"play_id":"4f0a4df8-1006-4f40-af8a-84121f730515","local_time":"20210208163102","is_ascension_mode":true,"campfire_choices":[{"data":"Nirvana","floor":6.0,"key":"SMITH"},{"floor":11.0,"key":"RECALL"},{"floor":13.0,"key":"REST"},{"data":"ThirdEye","floor":15.0,"key":"SMITH"}],"circlet_count":0,"master_deck":["Strike_P","Strike_P","Strike_P+1","Strike_P","Defend_P","Defend_P","Defend_P","Defend_P","Eruption","Vigilance","BowlingBash","FlyingSleeves","CutThroughFate","Perseverance","Nirvana+1","ThirdEye+1","Consecrate","FearNoEvil","CarveReality","JustLucky","BattleHymn","Ragnarok","Nirvana+1","Establishment","Bandage Up"],"relics":["Tiny House","Dead Branch","Du-Vu Doll","CloakClasp","Sozu","HandDrill","Tiny Chest","Sundial"],"acts_visited":["Exordium","TheCity"],"potions_floor_usage":[23],"damage_taken":[{"damage":0.0,"enemies":"Small Slimes","floor":1.0,"turns":3.0},{"damage":1.0,"enemies":"Jaw Worm","floor":2.0,"turns":4.0},{"damage":11.0,"enemies":"Cultist","floor":3.0,"turns":4.0},{"damage":4.0,"enemies":"2 Fungi Beasts","floor":5.0,"turns":3.0},{"damage":7.0,"enemies":"Lagavulin","floor":8.0,"turns":5.0},{"damage":19.0,"enemies":"3 Sentries","floor":10.0,"turns":7.0},{"damage":18.0,"enemies":"Large Slime","floor":12.0,"turns":5.0},{"damage":27.0,"enemies":"The Guardian","floor":16.0,"turns":9.0},{"damage":0,"enemies":"Chosen","floor":18,"turns":4},{"damage":8,"enemies":"Shell Parasite","floor":20,"turns":5},{"damage":0,"enemies":"Snecko","floor":21,"turns":6},{"damage":0,"enemies":"Snake Plant","floor":22,"turns":2},{"damage":20,"enemies":"Slavers","floor":23,"turns":7},{"damage":46,"enemies":"Book of Stabbing","floor":25,"turns":6},{"damage":12,"enemies":"Shelled Parasite and Fungi","floor":27,"turns":1}],"seed_played":"67990270366180993","potions_obtained":[{"floor":0.0,"key":"Ancient Potion"},{"floor":3.0,"key":"PowerPotion"},{"floor":5.0,"key":"FearPotion"},{"floor":8.0,"key":"BlessingOfTheForge"},{"floor":16,"key":"DistilledChaos"}],"is_trial":false,"path_per_floor":["M","M","M","$","M","R","?","E","T","E","R","M","R","?","R","B",null,"M","$","M","M","M","E","$","E","T","M"],"character_chosen":"WATCHER","items_purchased":["Nirvana","ThirdEye","Consecrate","HandDrill","Establishment","Bandage Up"],"campfire_rested":1,"item_purchase_floors":[4,4,4,19,24,24],"current_hp_per_floor":[77,76,65,65,61,61,61,54,54,35,35,17,40,40,40,13,77,77,77,69,69,69,49,49,7,7,0,0],"gold":142,"neow_bonus":"BOSS_RELIC","is_daily":false,"chose_seed":false,"campfire_upgraded":2,"win_rate":0.0,"timestamp":1612819862,"path_taken":["M","M","M","$","M","R","?","E","T","E","R","M","R","?","R","BOSS","BOSS","M","$","M","?","M","E","$","E","T","M"],"items_purchased_type":["Card","Card","Card","Relic","Card","Card"],"build_version":"2020-12-22","purchased_purges":1,"victory":false,"max_hp_per_floor":[77,77,77,77,77,77,77,77,77,77,77,77,77,77,77,77,77,77,77,77,77,77,77,77,77,77,77,77],"card_choices":[{"not_picked":["JustLucky","Halt"],"picked":"BowlingBash","floor":0.0},{"not_picked":["Nirvana","CutThroughFate"],"picked":"FlyingSleeves","floor":1.0},{"not_picked":["Halt","Consecrate"],"picked":"CutThroughFate","floor":2.0},{"not_picked":["Vault","Evaluate"],"picked":"Perseverance","floor":3.0},{"not_picked":["DeceiveReality","FlyingSleeves"],"picked":"FearNoEvil","floor":5.0},{"not_picked":["Ragnarok","JustLucky"],"picked":"CarveReality","floor":8.0},{"not_picked":["CrushJoints","FearNoEvil"],"picked":"JustLucky","floor":10.0},{"not_picked":["Consecrate","Evaluate"],"picked":"BattleHymn","floor":12.0},{"not_picked":["ConjureBlade","Vault"],"picked":"Ragnarok","floor":16},{"not_picked":["Prostrate","Perseverance"],"picked":"Nirvana+1","floor":18},{"not_picked":["Nirvana","ClearTheMind+1","PathToVictory"],"picked":"SKIP","floor":20},{"not_picked":["Evaluate","BowlingBash","ClearTheMind"],"picked":"SKIP","floor":21},{"not_picked":["WheelKick+1","BowlingBash+1","WreathOfFlame+1"],"picked":"SKIP","floor":22},{"not_picked":["Consecrate","Adaptation","PathToVictory"],"picked":"SKIP","floor":23},{"not_picked":["Consecrate","CarveReality","EmptyBody"],"picked":"SKIP","floor":25}],"player_experience":122053,"relics_obtained":[{"floor":8.0,"key":"Dead Branch"},{"floor":9.0,"key":"Du-Vu Doll"},{"floor":10.0,"key":"CloakClasp"},{"floor":23,"key":"Tiny Chest"},{"floor":25,"key":"Sundial"}],"event_choices":[{"damage_healed":0.0,"max_hp_gain":0.0,"max_hp_loss":0.0,"gold_gain":175.0,"event_name":"Liars Game","player_choice":"AGREE","floor":7.0,"gold_loss":0.0,"damage_taken":0.0,"cards_obtained":["Doubt"]},{"damage_healed":0.0,"max_hp_gain":0.0,"max_hp_loss":0.0,"gold_gain":0.0,"event_name":"Fountain of Cleansing","player_choice":"Ignored","floor":14.0,"gold_loss":0.0,"damage_taken":0.0}],"is_beta":false,"boss_relics":[{"not_picked":["Runic Dome","Snecko Eye"],"picked":"Sozu"}],"items_purged_floors":[19],"is_endless":false,"potions_floor_spawned":[3,5,8,10,16,21,22,25],"killed_by":"Shelled Parasite and Fungi","ascension_level":2}}