{"host":"a464imauj9yqom7y","time":1612748039,"event":{"mods":["AchievementEnabler","BaseMod","Better Altar","Better Match","Better Note","Better Sensory Stone","Better Skull","BetterRewards","ChefMod","Colored Map","Colored Powertips","Hermit","Minty Spire (QoL Compilation)","Rare Cards Sparkle","Robot Space Explorer","Somnambulant","StSLib","The Marked","The Runesmith","TheBandit"],"gold_per_floor":[116,37,212,225,241,268,268,301,324,324,356,421,421,439,439,535,535,550,562,562,577,594,594,605,617,643,656,656,29,42,62,62,157,157,177,194,213,213,232,232,265,265,288,137,148,148,148,0,0,0],"floor_reached":51,"language":"ENG","playtime":2653,"items_purged":[],"score":843,"play_id":"b82c0850-7d1f-4380-b5a4-44e26e204177","local_time":"20210207193359","is_ascension_mode":true,"campfire_choices":[{"data":"Rupture","floor":7,"key":"SMITH"},{"floor":10,"key":"REST"},{"floor":15,"key":"REST"},{"floor":23,"key":"REST"},{"floor":28,"key":"REST"},{"floor":32,"key":"REST"},{"floor":40,"key":"REST"},{"floor":42,"key":"REST"},{"floor":46,"key":"REST"},{"data":"Brutality","floor":49,"key":"SMITH"}],"circlet_count":0,"master_deck":["Strike_R","Strike_R","Strike_R","Defend_R","Defend_R","Defend_R","Defend_R","Shrug It Off+1","Offering+1","Sword Boomerang+1","Combust","Rupture+1","Ghostly Armor","Blood for Blood","Heavy Blade","Combust","Demon Form","Fire Breathing","Battle Trance","Brutality+1","Infernal Blade","Warcry","Swift Strike","Chrysalis","Shrug It Off","Iron Wave+1","Shrug It Off+1","Uppercut","Seeing Red","Bloodletting","Mayhem","Armaments","Battle Trance","Corruption","Feel No Pain+1","Infernal Blade+1","Writhe","Power Through","Armaments+1","Power Through+1"],"relics":["Astrolabe","Potion Belt","Juzu Bracelet","Red Skull","Pantograph","Lizard Tail","Runesmith:UraniumAnvil","Tiny Chest","Blood Vial","Centennial Puzzle","Philosopher\u0027s Stone","White Beast Statue","MealTicket","Cauldron","Red Mask"],"acts_visited":["Exordium","TheCity","TheBeyond"],"potions_floor_usage":[11,11,16,19,21,30,31,33,39,39,45,45,47],"damage_taken":[{"damage":0,"enemies":"2 Louse","floor":1,"turns":2},{"damage":4,"enemies":"Cultist","floor":4,"turns":3},{"damage":0,"enemies":"Small Slimes","floor":5,"turns":5},{"damage":22,"enemies":"3 Sentries","floor":6,"turns":5},{"damage":19,"enemies":"Lagavulin","floor":8,"turns":6},{"damage":27,"enemies":"Gremlin Nob","floor":11,"turns":4},{"damage":21,"enemies":"Lagavulin Event","floor":12,"turns":5},{"damage":2,"enemies":"Blue Slaver","floor":14,"turns":3},{"damage":12,"enemies":"Slime Boss","floor":16,"turns":5},{"damage":12,"enemies":"Chosen","floor":18,"turns":4},{"damage":9,"enemies":"Spheric Guardian","floor":19,"turns":4},{"damage":27,"enemies":"Snecko","floor":21,"turns":5},{"damage":33,"enemies":"Snake Plant","floor":22,"turns":3},{"damage":23,"enemies":"Chosen and Byrds","floor":24,"turns":5},{"damage":24,"enemies":"Centurion and Healer","floor":25,"turns":4},{"damage":39,"enemies":"Sentry and Sphere","floor":27,"turns":7},{"damage":30,"enemies":"3 Cultists","floor":30,"turns":5},{"damage":12,"enemies":"Centurion and Healer","floor":31,"turns":5},{"damage":24,"enemies":"Champ","floor":33,"turns":6},{"damage":35,"enemies":"3 Shapes","floor":35,"turns":4},{"damage":8,"enemies":"Orb Walker","floor":36,"turns":3},{"damage":38,"enemies":"Sphere and 2 Shapes","floor":37,"turns":5},{"damage":9,"enemies":"Spire Growth","floor":39,"turns":3},{"damage":36,"enemies":"Reptomancer","floor":41,"turns":6},{"damage":10,"enemies":"3 Darklings","floor":45,"turns":3},{"damage":18,"enemies":"Giant Head","floor":47,"turns":7},{"damage":46,"enemies":"Time Eater","floor":50,"turns":8}],"seed_played":"2845734217269016200","potions_obtained":[{"floor":5,"key":"AttackPotion"},{"floor":8,"key":"Dexterity Potion"},{"floor":12,"key":"Block Potion"},{"floor":14,"key":"Energy Potion"},{"floor":19,"key":"EssenceOfSteel"},{"floor":21,"key":"FairyPotion"},{"floor":27,"key":"Regen Potion"},{"floor":30,"key":"Strength Potion"},{"floor":31,"key":"DistilledChaos"},{"floor":35,"key":"Weak Potion"},{"floor":36,"key":"DuplicationPotion"},{"floor":41,"key":"SteroidPotion"},{"floor":44,"key":"Regen Potion"},{"floor":44,"key":"Swift Potion"},{"floor":44,"key":"FairyPotion"},{"floor":44,"key":"ElixirPotion"},{"floor":45,"key":"SmokeBomb"}],"is_trial":false,"path_per_floor":["M","$","?","M","M","E","R","E","T","R","E","?","?","M","R","B",null,"M","M","?","M","M","R","M","M","T","M","R","$","M","M","R","B",null,"M","M","M","?","M","R","E","R","T","$","M","R","E","?","R","B",null],"character_chosen":"IRONCLAD","items_purchased":["Rupture","Blood Vial","Seeing Red","Bloodletting","Centennial Puzzle","Mayhem","Cauldron"],"campfire_rested":8,"item_purchase_floors":[2,29,29,29,29,29,44],"current_hp_per_floor":[80,80,80,76,76,54,54,35,35,59,32,11,11,9,33,46,80,68,59,59,32,23,47,24,40,40,1,25,25,11,1,25,28,80,45,39,3,23,16,40,6,30,30,45,49,73,57,57,57,34],"gold":0,"neow_bonus":"BOSS_RELIC","is_daily":false,"chose_seed":false,"campfire_upgraded":2,"win_rate":0.0,"timestamp":1612748039,"path_taken":["M","$","?","M","M","E","R","E","T","R","E","?","?","M","R","BOSS","M","M","?","M","M","R","M","M","T","M","R","$","M","M","R","BOSS","M","M","M","?","M","R","E","R","T","$","M","R","E","?","R","BOSS"],"items_purchased_type":["Card","Relic","Card","Card","Relic","Card","Relic"],"build_version":"2020-12-22","purchased_purges":0,"victory":true,"max_hp_per_floor":[80,80,80,80,80,80,80,80,80,80,80,80,80,80,80,80,80,80,80,80,80,80,80,80,80,80,80,80,80,80,80,80,80,80,80,80,80,80,80,80,80,80,80,80,80,80,80,80,80,80],"card_choices":[{"not_picked":["Clothesline","Shrug It Off"],"picked":"Combust","floor":1},{"not_picked":["Feel No Pain","Clothesline"],"picked":"Ghostly Armor","floor":4},{"not_picked":["Second Wind","Sword Boomerang"],"picked":"Blood for Blood","floor":5},{"not_picked":["Whirlwind","Perfected Strike"],"picked":"Heavy Blade","floor":6},{"not_picked":["Sword Boomerang","Barricade"],"picked":"Combust","floor":8},{"not_picked":["Intimidate","Ghostly Armor"],"picked":"Demon Form","floor":11},{"not_picked":["Flex","Ghostly Armor"],"picked":"Fire Breathing","floor":12},{"not_picked":["Anger","Cleave"],"picked":"Battle Trance","floor":14},{"not_picked":["Berserk","Demon Form"],"picked":"Brutality","floor":16},{"not_picked":["Inflame","Warcry+1"],"picked":"Infernal Blade","floor":18},{"not_picked":["Iron Wave","Second Wind"],"picked":"Warcry","floor":19},{"not_picked":["The Bomb","Mind Blast"],"picked":"Swift Strike","floor":20},{"not_picked":["Magnetism","PanicButton"],"picked":"Chrysalis","floor":20},{"not_picked":["Disarm","Twin Strike"],"picked":"Shrug It Off","floor":21},{"not_picked":["Perfected Strike","Warcry"],"picked":"Iron Wave+1","floor":22},{"not_picked":["Clash","Double Tap"],"picked":"Shrug It Off+1","floor":24},{"not_picked":["Body Slam","Cleave","Combust"],"picked":"SKIP","floor":25},{"not_picked":["Flex","Blood for Blood"],"picked":"Uppercut","floor":27},{"not_picked":["Second Wind","Sword Boomerang"],"picked":"Armaments","floor":30},{"not_picked":["Cleave","Body Slam"],"picked":"Battle Trance","floor":31},{"not_picked":["Barricade","Berserk"],"picked":"Corruption","floor":33},{"not_picked":["Flex+1","Sword Boomerang"],"picked":"Feel No Pain+1","floor":35},{"not_picked":["Battle Trance","Flame Barrier"],"picked":"Infernal Blade+1","floor":36},{"not_picked":["Thunderclap","Anger","Rampage"],"picked":"SKIP","floor":37},{"not_picked":["Shrug It Off","Flex"],"picked":"Power Through","floor":39},{"not_picked":["Flame Barrier","Twin Strike"],"picked":"Armaments+1","floor":41},{"not_picked":["Warcry+1","Clothesline"],"picked":"Power Through+1","floor":45}],"player_experience":59684,"relics_obtained":[{"floor":6,"key":"Potion Belt"},{"floor":8,"key":"Juzu Bracelet"},{"floor":9,"key":"Red Skull"},{"floor":11,"key":"Pantograph"},{"floor":12,"key":"Lizard Tail"},{"floor":26,"key":"Tiny Chest"},{"floor":41,"key":"White Beast Statue"},{"floor":43,"key":"MealTicket"}],"event_choices":[{"damage_healed":0,"gold_gain":175,"player_choice":"AGREE","damage_taken":0,"max_hp_gain":0,"max_hp_loss":0,"event_name":"Liars Game","floor":3,"gold_loss":0,"cards_obtained":["Doubt"]},{"damage_healed":0,"gold_gain":0,"player_choice":"Searched \u00272\u0027 times","damage_taken":0,"max_hp_gain":0,"max_hp_loss":0,"event_name":"Dead Adventurer","floor":12,"gold_loss":0},{"cards_removed":["Doubt"],"damage_healed":0,"gold_gain":0,"player_choice":"Removed Curses","damage_taken":0,"max_hp_gain":0,"max_hp_loss":0,"event_name":"Fountain of Cleansing","floor":13,"gold_loss":0},{"damage_healed":0,"gold_gain":2,"player_choice":"1","damage_taken":0,"max_hp_gain":0,"max_hp_loss":0,"event_name":"betterStone:BetterStone","floor":20,"gold_loss":0},{"damage_healed":20,"gold_gain":0,"player_choice":"Writhe","damage_taken":0,"max_hp_gain":0,"max_hp_loss":0,"event_name":"Winding Halls","floor":38,"gold_loss":0,"cards_obtained":["Writhe"]},{"damage_healed":0,"gold_gain":0,"player_choice":"Paid","damage_taken":0,"relics_obtained":["Red Mask"],"max_hp_gain":0,"max_hp_loss":0,"event_name":"Tomb of Lord Red Mask","floor":48,"gold_loss":148}],"is_beta":false,"boss_relics":[{"not_picked":["Velvet Choker","Coffee Dripper"],"picked":"Runesmith:UraniumAnvil"},{"not_picked":["Black Star","Runic Dome"],"picked":"Philosopher\u0027s Stone"}],"items_purged_floors":[],"is_endless":false,"potions_floor_spawned":[5,8,12,14,19,21,27,30,31,35,36,41,45,47],"ascension_level":1}}