{"host":"8srk5r1dwtmjotwd","time":1612752675,"event":{"mods":["AchievementEnabler","Act Like it!","BaseMod","Beaked The Cultist","Bestiary","Better Note","Better Third Choice","Colored Map","Colored Powertips","Custom Start","Friendly Minions","GifTheSpireLib","Halation","Hallownest","Hermit","Hubris","Infinite Spire","Mimic Mod","Minty Spire (QoL Compilation)","Morshu Shopkeeper - ENHANCED","Quick Restart","Rare Cards Sparkle","Reliquary","Replay The Spire","Shop Mod","StSLib","SuperFastMode","Synergy Search","The Bug Knight","The Construct","The Cursed","Thieving Mod","Yohane!","everything is the same but u backflip on backflip","slay the spire mod where everything is the same but ironclad has a cowboy hat"],"gold_per_floor":[115,190,190,204,222,222,240,259,259,259,62,62,62,73,73,175,175,193,193,211,4,15,48,48,85,85,124,84,84,101,0,0,113,113,161,161,161,188,219,245,245],"floor_reached":40,"language":"ENG","playtime":3934,"items_purged":[],"score":450,"play_id":"a9e81340-7a71-4c75-9aaf-91de5cf6ec06","local_time":"20210207215115","is_ascension_mode":false,"campfire_choices":[{"data":"Strike_R+1","floor":6.0,"key":"SMITH"},{"floor":13.0,"key":"REST"},{"data":"Strike_R+2","floor":15.0,"key":"SMITH"},{"floor":24,"key":"REST"},{"data":"Strike_R+2","floor":29,"key":"SMITH"},{"floor":32,"key":"REST"}],"circlet_count":0,"master_deck":["Strike_R+3","Anger","Disarm+1","Dual Wield","Thunderclap","Flex","Midas Touch","Dark Shackles+1","Replay:BasicMightCard","Limit Break","hubris:Rewind+1","Cleave+1","Flex","Rage","Massacre","Replay:Undeath\u0027s Touch","Hallucinations"],"relics":["Burning Blood","Simple Rune","beaked:ShinyBauble","FossilizedHelix","ReplayTheSpireMod:ShopPack","beaked:SacredDeck","Blood Vial","Orrery","Replay:Bandana","Replay:Bottled Snecko","Busted Crown","Ring of Hypnosis","Ring of Panic"],"acts_visited":["Exordium","TheCity","TheBeyond"],"potions_floor_usage":[23,25,30,33,33,38,39],"damage_taken":[{"damage":43.0,"enemies":"Jaw Worm","floor":1.0,"turns":6.0},{"damage":0.0,"enemies":"Small Slimes","floor":4.0,"turns":3.0},{"damage":5.0,"enemies":"2 Louse","floor":5.0,"turns":2.0},{"damage":4.0,"enemies":"Exordium Thugs","floor":7.0,"turns":3.0},{"damage":4.0,"enemies":"3 Louse","floor":8.0,"turns":2.0},{"damage":0.0,"enemies":"Looter","floor":14.0,"turns":3.0},{"damage":0.0,"enemies":"Slime Boss","floor":16.0,"turns":5.0},{"damage":12.0,"enemies":"Shell Parasite","floor":18.0,"turns":3.0},{"damage":5.0,"enemies":"Chosen","floor":20.0,"turns":3.0},{"damage":12.0,"enemies":"Snecko","floor":22.0,"turns":5.0},{"damage":37,"enemies":"Slavers","floor":23,"turns":4},{"damage":10,"enemies":"Sentry and Sphere","floor":25,"turns":4},{"damage":17,"enemies":"Centurion and Healer","floor":27,"turns":5},{"damage":7,"enemies":"Snake Plant","floor":30,"turns":2},{"damage":30,"enemies":"Collector","floor":33,"turns":5},{"damage":33,"enemies":"3 Darklings","floor":35,"turns":5},{"damage":35,"enemies":"Orb Walker","floor":38,"turns":5},{"damage":24,"enemies":"4 Shapes","floor":39,"turns":2},{"damage":30,"enemies":"3 Darklings","floor":40,"turns":3}],"seed_played":"-2935676839887545045","potions_obtained":[{"floor":1.0,"key":"infinitespire:BlackPotion"},{"floor":4.0,"key":"LiquidMemories"},{"floor":12.0,"key":"Block Potion"},{"floor":16.0,"key":"BloodPotion"},{"floor":18.0,"key":"Fire Potion"},{"floor":22.0,"key":"SteroidPotion"},{"floor":23,"key":"PowerPotion"},{"floor":25,"key":"Adrenaline Potion"},{"floor":27,"key":"Adrenaline Potion"},{"floor":38,"key":"SteroidPotion"}],"is_trial":true,"path_per_floor":["M","?","?","M","M","R","M","M","T","?","$","?","R","M","R","B",null,"M","?","M","$","M","E","R","M","T","M","?","R","M","$","R","B",null,"M","?","?","M","M","M"],"character_chosen":"IRONCLAD","items_purchased":["ReplayTheSpireMod:ShopPack","LiquidMemories","Flex","Orrery","SteroidPotion","AttackPotion"],"campfire_rested":3,"item_purchase_floors":[11,11,21,21,31,31],"current_hp_per_floor":[43,32,29,35,36,36,38,40,40,40,40,40,64,70,70,76,80,74,74,77,77,73,44,68,66,66,57,57,57,58,58,80,56,80,53,53,53,42,26,0,0],"gold":245,"neow_bonus":"","is_daily":false,"chose_seed":false,"campfire_upgraded":3,"win_rate":0.0,"timestamp":1612752675,"path_taken":["M","?","?","M","M","R","M","M","T","?","$","?","R","M","R","BOSS","M","?","M","?","M","E","R","M","T","M","?","R","M","$","R","BOSS","M","?","?","M","?","M"],"items_purchased_type":["Relic","Potion","Card","Relic","Potion","Potion"],"build_version":"2020-12-22","purchased_purges":0,"victory":false,"max_hp_per_floor":[80,80,80,80,80,80,80,80,80,80,80,80,80,80,80,80,80,80,80,80,80,80,80,80,80,80,80,80,80,80,80,80,80,80,80,80,80,80,80,80,80],"card_choices":[{"not_picked":["True Grit","Armaments"],"picked":"Anger","floor":1.0},{"not_picked":["Anger","ReplayTheSpireMod:Limb From Limb"],"picked":"Disarm","floor":4.0},{"not_picked":["Sword Boomerang","Combust"],"picked":"Dual Wield","floor":5.0},{"not_picked":["hubris:SharpeningStone","Eclipse"],"picked":"Thunderclap","floor":7.0},{"not_picked":["Seeing Red","Heavy Blade"],"picked":"Flex","floor":8.0},{"not_picked":["ReplayTheSpireMod:Brewmster","HandOfGreed"],"picked":"Midas Touch","floor":11.0},{"not_picked":["Crow Ritual","Panacea"],"picked":"Dark Shackles","floor":11.0},{"not_picked":["hubris:Ssssneak","Chrysalis"],"picked":"Replay:BasicMightCard","floor":11.0},{"not_picked":["Blood for Blood","Anger","Hemogenesis"],"picked":"SKIP","floor":14.0},{"not_picked":["Brutality","Barricade"],"picked":"Limit Break","floor":16.0},{"not_picked":["Warcry","Anger","Metallicize"],"picked":"SKIP","floor":18.0},{"not_picked":["Abandon","Twin Strike"],"picked":"Cleave+1","floor":20.0},{"not_picked":["Sword Boomerang+1","hubris:CleavingFinish"],"picked":"Rage","floor":21.0},{"not_picked":["Body Slam","Feel No Pain"],"picked":"Massacre","floor":21.0},{"not_picked":["Anger","Entrench+1","Twin Strike"],"picked":"SKIP","floor":22.0},{"not_picked":["Cleave","Hemokinesis"],"picked":"Replay:Undeath\u0027s Touch","floor":23},{"not_picked":["True Grit+1","Run Through","hubris:CleavingFinish"],"picked":"SKIP","floor":25},{"not_picked":["Headbutt","Evolve","Heavy Blade+1"],"picked":"SKIP","floor":27},{"not_picked":["Defy Death+1","Feed","Clothesline+1"],"picked":"SKIP","floor":30},{"not_picked":["Sword Boomerang+1"],"picked":"SKIP","floor":35},{"not_picked":["Anger+1"],"picked":"SKIP","floor":38},{"not_picked":["Uppercut+1"],"picked":"SKIP","floor":39}],"player_experience":122375,"relics_obtained":[{"floor":9.0,"key":"FossilizedHelix"},{"floor":19.0,"key":"Blood Vial"},{"floor":23,"key":"Replay:Bandana"},{"floor":26,"key":"Replay:Bottled Snecko"},{"floor":37,"key":"Ring of Hypnosis"},{"floor":37,"key":"Ring of Panic"}],"event_choices":[{"damage_healed":0.0,"max_hp_gain":0.0,"max_hp_loss":0.0,"gold_gain":75.0,"event_name":"betterThird:BetterGoop","player_choice":"Gold","floor":2.0,"gold_loss":0.0,"damage_taken":11.0},{"damage_healed":0.0,"max_hp_gain":0.0,"max_hp_loss":0.0,"gold_gain":0.0,"event_name":"betterThird:BetterScrap","player_choice":"Relic ","floor":3.0,"gold_loss":0.0,"damage_taken":3.0,"cards_obtained":["Rip and Tear"]},{"damage_healed":0.0,"max_hp_gain":0.0,"max_hp_loss":0.0,"gold_gain":0.0,"event_name":"Lab","player_choice":"Got Potions","floor":12.0,"gold_loss":0.0,"damage_taken":0.0},{"damage_healed":0.0,"max_hp_gain":0.0,"max_hp_loss":0.0,"gold_gain":0.0,"event_name":"Wheel of Change","player_choice":"Relic","floor":19.0,"gold_loss":0.0,"damage_taken":0.0},{"damage_healed":0,"gold_gain":0,"player_choice":"Upgraded Two","damage_taken":0,"max_hp_gain":0,"max_hp_loss":0,"event_name":"Designer","floor":28,"gold_loss":40,"cards_upgraded":["Dark Shackles","Strike_R"]}],"is_beta":false,"boss_relics":[{"not_picked":["reliquary:KinkedSpring","hubris:GrandSneckoEye"],"picked":"beaked:SacredDeck"},{"not_picked":["halation:PlatinumPhoenix","Astrolabe"],"picked":"Busted Crown"}],"items_purged_floors":[],"is_endless":false,"potions_floor_spawned":[1,4,16,18,22,23,25,27,38],"killed_by":"3 Darklings","ascension_level":0}}