{"host":"6bsan6hkua32tfq7","time":1612770264,"event":{"mods":["BaseMod","Better Third Choice","Colored Map","Highlight Path","Minty Spire (QoL Compilation)","StSLib"],"gold_per_floor":[118,43,43,54,70,70,88,115,151,133,145,157,183,223,235,247,247],"floor_reached":16,"language":"ENG","playtime":354,"items_purged":[],"score":220,"play_id":"94653b14-f1b9-4f26-aaae-fe91e506d0f2","local_time":"20210208084424","is_ascension_mode":true,"campfire_choices":[{"data":"Berserk","floor":6,"key":"SMITH"},{"data":"Bash","floor":12,"key":"SMITH"},{"data":"Double Tap","floor":15,"key":"SMITH"}],"circlet_count":0,"master_deck":["AscendersBane","Strike_R","Strike_R","Strike_R","Strike_R","Strike_R","Defend_R","Defend_R","Defend_R","Bash+1","Berserk+1","Thunderclap","Metallicize","Wild Strike","Double Tap+1","Metallicize","Wild Strike","Flame Barrier"],"relics":["Burning Blood","MawBank","Strawberry","MealTicket"],"acts_visited":["Exordium"],"potions_floor_usage":[8,14,16],"damage_taken":[{"damage":4,"enemies":"Cultist","floor":1,"turns":3},{"damage":2,"enemies":"2 Louse","floor":4,"turns":4},{"damage":9,"enemies":"Small Slimes","floor":5,"turns":4},{"damage":15,"enemies":"Looter","floor":7,"turns":4},{"damage":28,"enemies":"3 Sentries","floor":8,"turns":8},{"damage":6,"enemies":"Exordium Thugs","floor":13,"turns":4},{"damage":32,"enemies":"Lagavulin","floor":14,"turns":8},{"damage":12,"enemies":"Slime Boss","floor":16,"turns":4}],"seed_played":"2170256988856906905","potions_obtained":[{"floor":4,"key":"HeartOfIron"},{"floor":10,"key":"Energy Potion"},{"floor":10,"key":"ElixirPotion"},{"floor":14,"key":"SteroidPotion"}],"is_trial":false,"path_per_floor":["M","$","?","M","M","R","M","E","T","?","$","R","M","E","R","B"],"character_chosen":"IRONCLAD","items_purchased":["Metallicize"],"campfire_rested":0,"item_purchase_floors":[2],"current_hp_per_floor":[68,68,61,65,62,62,53,31,38,38,38,38,38,12,12,0,0],"gold":247,"neow_bonus":"THREE_RARE_CARDS","is_daily":false,"chose_seed":false,"campfire_upgraded":3,"win_rate":0.0,"timestamp":1612770264,"path_taken":["M","?","?","M","M","R","M","E","T","?","$","R","?","E","R","BOSS"],"items_purchased_type":["Card"],"build_version":"2020-12-22","purchased_purges":0,"victory":false,"max_hp_per_floor":[68,68,68,68,68,68,68,68,75,75,75,75,75,75,75,75,75],"card_choices":[{"not_picked":["Impervious","Reaper"],"picked":"Berserk","floor":0},{"not_picked":["Warcry","Feel No Pain"],"picked":"Thunderclap","floor":1},{"not_picked":["Perfected Strike","Wild Strike","Body Slam"],"picked":"SKIP","floor":4},{"not_picked":["Perfected Strike","Body Slam"],"picked":"Wild Strike","floor":4},{"not_picked":["True Grit","Rupture"],"picked":"Double Tap","floor":5},{"not_picked":["Pommel Strike","Havoc","Clash"],"picked":"SKIP","floor":7},{"not_picked":["Armaments","Intimidate"],"picked":"Metallicize","floor":8},{"not_picked":["Havoc","Intimidate"],"picked":"Wild Strike","floor":13},{"not_picked":["Sword Boomerang","Feel No Pain"],"picked":"Flame Barrier","floor":14}],"player_experience":5417831,"relics_obtained":[{"floor":8,"key":"MawBank"},{"floor":9,"key":"Strawberry"},{"floor":14,"key":"MealTicket"}],"event_choices":[{"cards_removed":["Defend_R"],"damage_healed":0,"gold_gain":0,"player_choice":"Card Removal","damage_taken":7,"max_hp_gain":0,"max_hp_loss":0,"event_name":"Golden Wing","floor":3,"gold_loss":0},{"damage_healed":0,"gold_gain":0,"player_choice":"Bought 2 Potions","damage_taken":0,"max_hp_gain":0,"max_hp_loss":0,"event_name":"The Woman in Blue","floor":10,"gold_loss":0}],"is_beta":false,"boss_relics":[],"items_purged_floors":[],"is_endless":false,"potions_floor_spawned":[4,13,14],"killed_by":"Slime Boss","ascension_level":20}}