{"host":"9bcvatsnbq1a3xq4","time":1612817212,"event":{"mods":["BaseMod","Bestiary","Block Reminder","Highlight Path","Minty Spire (QoL Compilation)","Relic Stats"],"gold_per_floor":[113,113,54,54,29,55,55,82,82,113,127,127,127,146,146,220,220,230,264,276,276,15,47,47,75,151,151,151],"floor_reached":27,"language":"ENG","playtime":1616,"items_purged":[],"score":630,"play_id":"4fe8308a-9612-4196-96f3-4b60bf016f59","local_time":"20210208214652","is_ascension_mode":true,"campfire_choices":[{"data":"Barrage","floor":7,"key":"SMITH"},{"floor":13,"key":"REST"},{"data":"Sunder","floor":15,"key":"SMITH"},{"floor":24,"key":"REST"}],"circlet_count":0,"master_deck":["AscendersBane","Defend_B+1","Defend_B","Defend_B","Defend_B","Zap+1","Dualcast","Gash","Cold Snap+1","Barrage+1","Rebound","Coolheaded","Compile Driver+1","Sunder+1","Biased Cognition","Storm+1","Reinforced Body+1","Coolheaded","Glacier","Static Discharge","Force Field","Compile Driver","Defragment","Capacitor","Heatsinks"],"relics":["Cracked Core","NeowsBlessing","Pen Nib","Cables","StoneCalendar","Happy Flower","Whetstone","Astrolabe","Red Mask","Toolbox","Bottled Flame","Juzu Bracelet","Gremlin Horn"],"acts_visited":["Exordium","TheCity"],"potions_floor_usage":[10,19,23,23],"damage_taken":[{"damage":0,"enemies":"Small Slimes","floor":1,"turns":1},{"damage":0,"enemies":"Gremlin Nob","floor":6,"turns":1},{"damage":0,"enemies":"3 Sentries","floor":8,"turns":1},{"damage":7,"enemies":"Gremlin Nob","floor":10,"turns":3},{"damage":0,"enemies":"2 Louse","floor":11,"turns":2},{"damage":0,"enemies":"Jaw Worm","floor":14,"turns":2},{"damage":1,"enemies":"Slime Boss","floor":16,"turns":6},{"damage":0,"enemies":"Chosen","floor":18,"turns":4},{"damage":35,"enemies":"Masked Bandits","floor":19,"turns":4},{"damage":0,"enemies":"Spheric Guardian","floor":20,"turns":4},{"damage":19,"enemies":"Slavers","floor":23,"turns":6},{"damage":5,"enemies":"Book of Stabbing","floor":25,"turns":5},{"damage":25,"enemies":"Cultist and Chosen","floor":27,"turns":5}],"seed_played":"-954305530033963729","potions_obtained":[{"floor":8,"key":"CultistPotion"},{"floor":11,"key":"PotionOfCapacity"},{"floor":14,"key":"SneckoOil"},{"floor":19,"key":"PotionOfCapacity"},{"floor":20,"key":"FocusPotion"},{"floor":25,"key":"Strength Potion"}],"is_trial":false,"path_per_floor":["M","?","$","?","$","E","R","E","T","E","M","?","R","M","R","B",null,"M","?","M","?","$","E","R","E","T","M"],"character_chosen":"DEFECT","items_purchased":["Cold Snap","Barrage","Defragment","Toolbox"],"campfire_rested":2,"item_purchase_floors":[3,5,22,22],"current_hp_per_floor":[64,43,43,25,25,25,25,25,25,18,18,18,39,39,39,38,63,63,28,28,28,28,9,30,25,25,0,0],"gold":151,"neow_bonus":"THREE_ENEMY_KILL","is_daily":false,"chose_seed":false,"campfire_upgraded":2,"win_rate":0.0,"timestamp":1612817212,"path_taken":["M","?","$","?","$","E","R","E","T","E","M","?","R","M","R","BOSS","M","?","M","?","$","E","R","E","T","M"],"items_purchased_type":["Card","Card","Card","Relic"],"build_version":"2020-12-22","purchased_purges":0,"victory":false,"max_hp_per_floor":[71,71,71,71,71,71,71,71,71,71,71,71,71,71,71,71,71,71,71,71,71,71,71,71,71,71,71,71],"relic_stats":{"Happy Flower":[13],"Gremlin Horn":[1,1],"counters":[13,44],"Astrolabe":["Storm","Reinforced Body","Reprogram"],"StoneCalendar":[0],"Pen Nib":[6],"Juzu Bracelet":0,"Whetstone":["Compile Driver","Cold Snap"],"obtain_stats":[{"NeowsBlessing":0,"Happy Flower":9,"Gremlin Horn":26,"Astrolabe":17,"StoneCalendar":8,"Pen Nib":4,"Juzu Bracelet":25,"Whetstone":10,"Cables":6,"Bottled Flame":23,"Toolbox":22,"Red Mask":19,"Cracked Core":0},{"NeowsBlessing":0,"Happy Flower":3,"Gremlin Horn":12,"Astrolabe":7,"StoneCalendar":3,"Pen Nib":1,"Juzu Bracelet":12,"Whetstone":4,"Cables":2,"Bottled Flame":11,"Toolbox":10,"Red Mask":9,"Cracked Core":0},{"NeowsBlessing":0,"Happy Flower":3,"Gremlin Horn":39,"Astrolabe":16,"StoneCalendar":3,"Pen Nib":1,"Juzu Bracelet":39,"Whetstone":6,"Cables":2,"Bottled Flame":34,"Toolbox":28,"Red Mask":24,"Cracked Core":0}],"Cables":[35,17,18,0,0]},"card_choices":[{"not_picked":["Undo","Hologram"],"picked":"Gash","floor":1},{"not_picked":["Capacitor","Heatsinks"],"picked":"Rebound","floor":6},{"not_picked":["Consume","Leap"],"picked":"Coolheaded","floor":8},{"not_picked":["Barrage","Cold Snap"],"picked":"Compile Driver","floor":10},{"not_picked":["Steam","Rebound"],"picked":"Sunder","floor":11},{"not_picked":["Reprogram","Force Field","Scrape"],"picked":"SKIP","floor":14},{"not_picked":["Amplify","Machine Learning"],"picked":"Biased Cognition","floor":16},{"not_picked":["Hello World+1","Streamline"],"picked":"Coolheaded","floor":18},{"not_picked":["Skim","Capacitor+1"],"picked":"Glacier","floor":19},{"not_picked":["Sweeping Beam","Redo"],"picked":"Static Discharge","floor":20},{"not_picked":["Blizzard","Steam"],"picked":"Capacitor","floor":23},{"not_picked":["Consume","Redo"],"picked":"Heatsinks","floor":25}],"player_experience":817026,"relics_obtained":[{"floor":6,"key":"Cables"},{"floor":8,"key":"StoneCalendar"},{"floor":9,"key":"Happy Flower"},{"floor":10,"key":"Whetstone"},{"floor":19,"key":"Red Mask"},{"floor":23,"key":"Bottled Flame"},{"floor":25,"key":"Juzu Bracelet"},{"floor":26,"key":"Gremlin Horn"}],"event_choices":[{"damage_healed":0,"gold_gain":0,"player_choice":"Entered Light","damage_taken":21,"max_hp_gain":0,"max_hp_loss":0,"event_name":"Shining Light","floor":2,"gold_loss":0,"cards_upgraded":["Zap","Defend_B"]},{"damage_healed":0,"gold_gain":0,"player_choice":"Success","damage_taken":18,"relics_obtained":["Pen Nib"],"max_hp_gain":0,"max_hp_loss":0,"event_name":"Scrap Ooze","floor":4,"gold_loss":0},{"damage_healed":0,"gold_gain":0,"player_choice":"Ignored","damage_taken":0,"max_hp_gain":0,"max_hp_loss":0,"event_name":"Liars Game","floor":12,"gold_loss":0},{"damage_healed":0,"gold_gain":0,"player_choice":"Fought Bandits","damage_taken":0,"max_hp_gain":0,"max_hp_loss":0,"event_name":"Masked Bandits","floor":19,"gold_loss":0},{"damage_healed":0,"gold_gain":0,"cards_transformed":["Strike_B","Reprogram"],"player_choice":"Became Test Subject","damage_taken":0,"max_hp_gain":0,"max_hp_loss":0,"event_name":"Drug Dealer","floor":21,"gold_loss":0,"cards_obtained":["Force Field","Compile Driver"]}],"is_beta":false,"boss_relics":[{"not_picked":["Runic Dome","Busted Crown"],"picked":"Astrolabe"}],"items_purged_floors":[],"is_endless":false,"potions_floor_spawned":[8,11,14,19,20,25],"killed_by":"Cultist and Chosen","ascension_level":20}}