{"host":"i4vlfbz13gs2xtdj","time":1612742511,"event":{"mods":["2.2 Compatiblity","AchievementEnabler","Act Like it!","Aspiration","BaseMod","Bestiary","Better Altar","Better Match","Better Note","Better Sensory Stone","Better Skull","Better Third Choice","BetterRewards","CatGirl Mod","Challenge The Spire","Colored Map","Colored Powertips","Curses Come First","Defuse TimeMaze Blight","Elementarium","Energized Spire","Fox Events","Friendly Minions","GifTheSpireLib","Halation","Hubris","Infinite Spire","Jedi Mod","Marked Mod","Menagerie","Minty Spire (QoL Compilation)","Pale of the Ancients","Potionbrewer","Rare Cards Sparkle","Relic Sorter","Relic Stats","Reliquary","Replay The Spire","Shop Mod","Somnambulant","Spicy Shops","Spikes Relics","Spire Arcade","StSLib","Stuff the Spire","The Blue Laboratory","The Marked","The Sage","Trackpad","Useless Jewels Mod","Wandering Minibosses"],"gold_per_floor":[118,10,21,21,32,32,62,62,135,167,187,61,77,93,93,191,191,207,207,207,222,239,239,266,16,41,41,41],"floor_reached":27,"language":"ENG","playtime":3360,"items_purged":[],"score":438,"play_id":"bc98c2ec-0ec1-4b76-9974-725ed4547dab","local_time":"20210207190151","is_ascension_mode":true,"campfire_choices":[{"data":"theMarked:RepellingDischarge","floor":6,"key":"SMITH"},{"floor":8,"key":"REST"},{"floor":15,"key":"RECALL"},{"floor":23,"key":"REST"}],"circlet_count":0,"master_deck":["theMarked:Strike","theMarked:Strike","theMarked:Strike","theMarked:Strike","theMarked:Defend","theMarked:Defend","theMarked:Defend","theMarked:Defend","theMarked:SoldierOfQuellstein","theMarked:Overthink","theMarked:RepellingDischarge+1","theMarked:Friction","theMarked:BanishingStrike","theMarked:SuspiciousRaven","theMarked:ResourceFulStrike+1","RitualDagger","theMarked:BanishingStrike","GremboGang"],"relics":["theMarked:ArtifactOfAir","sagemod:Red_Beast_Statue","Calipers","trackpad:BiPhaseBiplane","MealTicket","reliquary:PorcupineQuills","hubris:EmptyBottle","Ring of Fangs","Ring of Hypnosis","jedi:bottledfury","Pear","sagemod:Creepy_Carousel","StuffTheSpire:Saxophone","Philosopher\u0027s Stone","potionbrewer:BottledElixir","Smiling Mask"],"acts_visited":["Menagerie:Menagerie","TheCity"],"potions_floor_usage":[7,7,10,10,10,16,16,16,16,16,21,21,22,22,22,22],"damage_taken":[{"damage":0,"enemies":"Menagerie:WhisperingWraith","floor":1,"turns":4},{"damage":0,"enemies":"Menagerie:2_RABBITS","floor":3,"turns":4},{"damage":7,"enemies":"Menagerie:MonstrousExperiment","floor":5,"turns":4},{"damage":15,"enemies":"Menagerie:Hydra","floor":7,"turns":8},{"damage":0,"enemies":"Menagerie:MaskedSummoner","floor":10,"turns":4},{"damage":4,"enemies":"Menagerie:STYGIAN_BOAR_AND_RABBIT","floor":11,"turns":6},{"damage":4,"enemies":"Menagerie:MENAGERIE_WILDLIFE","floor":13,"turns":5},{"damage":7,"enemies":"Menagerie:STYGIAN_BOAR_AND_WHISPERING_WRAITH","floor":14,"turns":7},{"damage":0,"enemies":"Menagerie:Chimera","floor":16,"turns":10},{"damage":26,"enemies":"3 Byrds","floor":18,"turns":5},{"damage":18,"enemies":"Shell Parasite","floor":21,"turns":5},{"damage":6,"enemies":"Shelled Parasite and Fungi","floor":22,"turns":5},{"damage":44,"enemies":"Book of Stabbing","floor":24,"turns":7},{"damage":7,"enemies":"Snecko","floor":27,"turns":2}],"seed_played":"7626189226644742420","potions_obtained":[{"floor":3,"key":"Explosive Potion"},{"floor":5,"key":"EssenceOfSteel"},{"floor":11,"key":"blueLaboratory:ImpenetrablePotion"},{"floor":16,"key":"potionbrewer:InfectionPotion"},{"floor":18,"key":"blueLaboratory:SavagePotion"},{"floor":21,"key":"BlessingOfTheForge"}],"is_trial":false,"path_per_floor":["M","$","M","?","M","R","E","R","T","E","M","$","M","M","R","B",null,"M","?","?","M","M","R","E","?","T","M"],"character_chosen":"THE_DEFAULT","items_purchased":["sagemod:Red_Beast_Statue","trackpad:BiPhaseBiplane","MealTicket","reliquary:PorcupineQuills","hubris:EmptyBottle","Toxic Potion","StuffTheSpire:Saxophone","Adrenaline Potion"],"campfire_rested":2,"item_purchase_floors":[0,0,0,0,0,2,12,12],"current_hp_per_floor":[32,47,47,47,40,40,25,46,56,56,52,67,63,56,56,56,80,54,48,48,30,24,48,4,4,4,0,0],"gold":41,"neow_bonus":"","is_daily":false,"chose_seed":false,"campfire_upgraded":1,"win_rate":0.0,"timestamp":1612742511,"path_taken":["M","$","M","?","M","R","E","R","T","E","M","$","?","?","R","BOSS","M","?","?","?","M","R","E","?","T","M"],"items_purchased_type":["Relic","Relic","Relic","Relic","Relic","Potion","Relic","Potion"],"build_version":"2020-12-22","purchased_purges":0,"victory":false,"max_hp_per_floor":[70,70,70,70,70,70,70,70,80,80,80,80,80,80,80,80,80,80,80,80,80,80,80,80,80,80,80,80],"relic_stats":{"counters":[48,199],"MealTicket":30,"Smiling Mask":0,"obtain_stats":[{"sagemod:Red_Beast_Statue":0,"Golden Egg":26,"Regal Pillow":23,"Lantern":54,"Calipers":0,"Mango":47,"Replay:Multitool":9,"Incense Burner":38,"jedi:bottledfury":7,"jedi:archwizardhat":4,"reliquary:RedCape":17,"hubris:EmptyBottle":0,"Smiling Mask":26,"Old Coin":6,"Ring of Fangs":4,"trackpad:RapidFire":5,"StuffTheSpire:HeavyRock":10,"MealTicket":0,"Philosopher\u0027s Stone":17,"trackpad:BiPhaseBiplane":0,"aspiration:ChemicalBlood":4,"hubris:DisguiseKit":11,"MerchantsRug":45,"Replay:M_StaffOfTheSnake":5,"Pear":37,"NeowsBlessing":0,"StuffTheSpire:RunicHypercube":17,"Ring of Hypnosis":4,"aspiration:Nostalgia":5,"aspiration:FetidBarrel":6,"Guide Book":45,"StuffTheSpire:Saxophone":12,"Pen Nib":21,"reliquary:WeakTea":9,"potionbrewer:ToyAutogyro":10,"Orichalcum":14,"theMarked:ArtifactOfAir":0,"reliquary:PorcupineQuills":0,"halation:EternalFortune":3,"sagemod:Creepy_Carousel":10,"Membership Card":10,"halation:TwoAmDonut":42,"halation:Convergence":48,"potionbrewer:BottledElixir":24,"infinitespire:Cupcake":37},{"sagemod:Red_Beast_Statue":34,"Golden Egg":19,"Regal Pillow":19,"Lantern":33,"Calipers":34,"Mango":31,"Replay:Multitool":4,"Incense Burner":25,"jedi:bottledfury":38,"jedi:archwizardhat":2,"reliquary:RedCape":16,"hubris:EmptyBottle":34,"Smiling Mask":47,"Old Coin":3,"Ring of Fangs":36,"trackpad:RapidFire":12,"StuffTheSpire:HeavyRock":4,"MealTicket":34,"Philosopher\u0027s Stone":43,"trackpad:BiPhaseBiplane":34,"aspiration:ChemicalBlood":12,"hubris:DisguiseKit":4,"MerchantsRug":30,"Replay:M_StaffOfTheSnake":12,"Pear":24,"NeowsBlessing":0,"StuffTheSpire:RunicHypercube":7,"Ring of Hypnosis":36,"aspiration:Nostalgia":12,"aspiration:FetidBarrel":13,"Guide Book":30,"StuffTheSpire:Saxophone":40,"Pen Nib":18,"reliquary:WeakTea":13,"potionbrewer:ToyAutogyro":4,"Orichalcum":15,"theMarked:ArtifactOfAir":0,"reliquary:PorcupineQuills":34,"halation:EternalFortune":2,"sagemod:Creepy_Carousel":39,"Membership Card":4,"halation:TwoAmDonut":29,"halation:Convergence":31,"potionbrewer:BottledElixir":47,"infinitespire:Cupcake":24},{"sagemod:Red_Beast_Statue":123,"Golden Egg":67,"Regal Pillow":67,"Lantern":117,"Calipers":123,"Mango":104,"Replay:Multitool":6,"Incense Burner":88,"jedi:bottledfury":143,"jedi:archwizardhat":2,"reliquary:RedCape":58,"hubris:EmptyBottle":123,"Smiling Mask":197,"Old Coin":3,"Ring of Fangs":131,"trackpad:RapidFire":44,"StuffTheSpire:HeavyRock":6,"MealTicket":123,"Philosopher\u0027s Stone":175,"trackpad:BiPhaseBiplane":123,"aspiration:ChemicalBlood":44,"hubris:DisguiseKit":6,"MerchantsRug":100,"Replay:M_StaffOfTheSnake":44,"Pear":85,"NeowsBlessing":0,"StuffTheSpire:RunicHypercube":27,"Ring of Hypnosis":131,"aspiration:Nostalgia":44,"aspiration:FetidBarrel":48,"Guide Book":100,"StuffTheSpire:Saxophone":153,"Pen Nib":64,"reliquary:WeakTea":48,"potionbrewer:ToyAutogyro":6,"Orichalcum":51,"theMarked:ArtifactOfAir":0,"reliquary:PorcupineQuills":123,"halation:EternalFortune":2,"sagemod:Creepy_Carousel":147,"Membership Card":6,"halation:TwoAmDonut":99,"halation:Convergence":104,"potionbrewer:BottledElixir":197,"infinitespire:Cupcake":85}]},"card_choices":[{"not_picked":["theMarked:TwofoldDefense","theMarked:CreepingChasm"],"picked":"theMarked:Overthink","floor":1},{"not_picked":["theMarked:Pokerface","theMarked:HeightenedSenses","theMarked:Parkour"],"picked":"SKIP","floor":3},{"not_picked":["theMarked:Memento","theMarked:TakeCover"],"picked":"theMarked:RepellingDischarge","floor":5},{"not_picked":["theMarked:ChainLightning","theMarked:Reabsorb","theMarked:SwordAndMagic"],"picked":"SKIP","floor":7},{"not_picked":["theMarked:Determination","theMarked:Memento"],"picked":"theMarked:Friction","floor":10},{"not_picked":["theMarked:DispelDoubt","theMarked:ChainLightning"],"picked":"theMarked:BanishingStrike","floor":11},{"not_picked":["theMarked:BanishingStrike","theMarked:RogueSparks","theMarked:TwofoldDefense"],"picked":"SKIP","floor":13},{"not_picked":["theMarked:EnhanceMovement","theMarked:BanishingStrike","theMarked:Memento"],"picked":"SKIP","floor":14},{"not_picked":["theMarked:TurnInvisible","theMarked:Snap"],"picked":"theMarked:SuspiciousRaven","floor":16},{"not_picked":["theMarked:WardOff","theMarked:TakeCover"],"picked":"theMarked:ResourceFulStrike+1","floor":18},{"not_picked":["theMarked:ResourceFulStrike+1","theMarked:TunnelVision+1","theMarked:ParalyzingBlade"],"picked":"SKIP","floor":21},{"not_picked":["theMarked:SwordAndMagic","theMarked:Parkour"],"picked":"theMarked:BanishingStrike","floor":22},{"not_picked":["theMarked:ElectricStrings","theMarked:Static+1","theMarked:Polarize+1"],"picked":"SKIP","floor":24}],"player_experience":367863,"relics_obtained":[{"floor":4,"key":"Ring of Fangs"},{"floor":4,"key":"Ring of Hypnosis"},{"floor":7,"key":"jedi:bottledfury"},{"floor":9,"key":"Pear"},{"floor":10,"key":"sagemod:Creepy_Carousel"},{"floor":24,"key":"potionbrewer:BottledElixir"},{"floor":26,"key":"Smiling Mask"}],"event_choices":[{"damage_healed":0,"gold_gain":0,"player_choice":"Dagger","damage_taken":6,"max_hp_gain":0,"max_hp_loss":0,"event_name":"betterThird:BetterNest","floor":19,"gold_loss":0,"cards_obtained":["RitualDagger"]},{"cards_removed":["theMarked:Strike"],"damage_healed":0,"gold_gain":0,"player_choice":"Purged","damage_taken":0,"max_hp_gain":0,"max_hp_loss":0,"event_name":"Purifier","floor":20,"gold_loss":0}],"is_beta":false,"boss_relics":[{"not_picked":["Calling Bell","reliquary:Craggleroot"],"picked":"Philosopher\u0027s Stone"}],"items_purged_floors":[],"is_endless":false,"potions_floor_spawned":[3,5,11,16,18,21],"killed_by":"Snecko","ascension_level":1}}