{"host":"j5j96s76v36ug78u","time":1612812018,"event":{"mods":["Bartender","BaseMod","Better Third Choice","Highlight Path","Minty Spire (QoL Compilation)","Potion Indicator Mod","Potionbrewer","Reliquary","StSLib"],"gold_per_floor":[114,127,145,116,130,165,189,227,287,331,343,375,387,429,441,567,579,619,651,663,675,687,742,781,781],"floor_reached":24,"language":"ENG","playtime":2306,"items_purged":[],"score":315,"play_id":"29cbc701-025e-445f-80e4-8001a3d1756e","local_time":"20210208162018","is_ascension_mode":false,"campfire_choices":[{"floor":11,"key":"REST"},{"data":"potionbrewer:LeftoverSpecimen","floor":15,"key":"SMITH"}],"circlet_count":0,"master_deck":["potionbrewer:PotionbrewerStrike","potionbrewer:PotionbrewerStrike","potionbrewer:PotionbrewerStrike","potionbrewer:PotionbrewerDefend","potionbrewer:PotionbrewerDefend","potionbrewer:Collect","potionbrewer:ChemicalSpill","Injury","potionbrewer:PotentialEnergy","potionbrewer:Spark","potionbrewer:PrivateReserves","potionbrewer:FortifiedSerum","potionbrewer:ChemicalWeapons","potionbrewer:FortifiedSerum","potionbrewer:WizBang","potionbrewer:LeftoverSpecimen+1","potionbrewer:Prototype","potionbrewer:Prototype","potionbrewer:ChemicalSpill","Flash of Steel","potionbrewer:Accelerant+1","CurseOfTheBell","potionbrewer:Prototype","Injury","potionbrewer:TestFormula","potionbrewer:FlashPowder+1"],"relics":["potionbrewer:PotionKit","betterThird:SlimedRelic","MawBank","reliquary:Boomerang","Blood Vial","Meat on the Bone","Calling Bell","Bag of Preparation","Matryoshka","Du-Vu Doll","reliquary:SilkGlove"],"acts_visited":["Exordium","TheCity"],"potions_floor_usage":[6,6,6,6,7,8,8,8,10,10,12,16,16,18,18,23,23,23,23,23,24,24],"damage_taken":[{"damage":10,"enemies":"Cultist","floor":1,"turns":4},{"damage":8,"enemies":"Small Slimes","floor":2,"turns":3},{"damage":0,"enemies":"2 Louse","floor":3,"turns":5},{"damage":11,"enemies":"Red Slaver","floor":5,"turns":5},{"damage":21,"enemies":"Lagavulin","floor":6,"turns":7},{"damage":0,"enemies":"2 Fungi Beasts","floor":7,"turns":4},{"damage":0,"enemies":"3 Sentries","floor":8,"turns":8},{"damage":0,"enemies":"Gremlin Nob","floor":10,"turns":3},{"damage":1,"enemies":"Exordium Thugs","floor":12,"turns":4},{"damage":20,"enemies":"Looter","floor":14,"turns":4},{"damage":30,"enemies":"Slime Boss","floor":16,"turns":8},{"damage":0,"enemies":"2 Thieves","floor":18,"turns":3},{"damage":1,"enemies":"Chosen","floor":19,"turns":4},{"damage":0,"enemies":"Gremlin Leader","floor":23,"turns":5},{"damage":1,"enemies":"Snecko","floor":24,"turns":5}],"seed_played":"6895175747257429678","potions_obtained":[{"floor":5,"key":"LiquidBronze"},{"floor":6,"key":"FearPotion"},{"floor":8,"key":"SpeedPotion"},{"floor":10,"key":"Fruit Juice"},{"floor":16,"key":"Energy Potion"},{"floor":19,"key":"PowerPotion"},{"floor":23,"key":"potionbrewer:NoxiousPotion"}],"is_trial":false,"path_per_floor":["M","M","M","?","M","E","M","E","T","E","R","M","?","M","R","B",null,"M","M","?","$","?","E","M"],"character_chosen":"POTIONBREWER","items_purchased":[],"campfire_rested":1,"item_purchase_floors":[],"current_hp_per_floor":[65,57,57,46,35,14,14,14,14,16,38,44,44,38,38,22,80,80,79,79,79,79,80,79,79],"gold":781,"neow_bonus":"TRANSFORM_TWO_CARDS","is_daily":false,"chose_seed":false,"campfire_upgraded":1,"win_rate":0.0,"timestamp":1612812018,"path_taken":["M","M","?","?","M","E","M","E","T","E","R","M","?","?","R","BOSS","M","M","?","?","?","E","?"],"items_purchased_type":[],"build_version":"2020-12-22","purchased_purges":0,"victory":false,"max_hp_per_floor":[75,75,75,75,75,75,75,75,75,75,75,80,80,80,80,80,80,80,80,80,80,80,80,80,80],"card_choices":[{"not_picked":["potionbrewer:Toxicity","potionbrewer:OneTwoPunch"],"picked":"potionbrewer:PrivateReserves","floor":1},{"not_picked":["potionbrewer:Refill","potionbrewer:ChemicalShroud"],"picked":"potionbrewer:FortifiedSerum","floor":2},{"not_picked":["potionbrewer:VolatileSolution","potionbrewer:FortifiedSerum","potionbrewer:Prototype"],"picked":"potionbrewer:ChemicalWeapons","floor":3},{"not_picked":["potionbrewer:Refill","potionbrewer:ExplosiveReaction"],"picked":"potionbrewer:FortifiedSerum","floor":5},{"not_picked":["potionbrewer:FortifiedSerum","potionbrewer:FlashPowder"],"picked":"potionbrewer:WizBang","floor":6},{"not_picked":["potionbrewer:QuickStep","potionbrewer:ChemicalWeapons","potionbrewer:Prototype"],"picked":"potionbrewer:LeftoverSpecimen","floor":7},{"not_picked":["potionbrewer:UnstableFormula","potionbrewer:ChemicalWeapons","potionbrewer:Smokescreen"],"picked":"potionbrewer:Prototype","floor":8},{"not_picked":["potionbrewer:BlindingSpray","potionbrewer:Experimentation","potionbrewer:Toxicity"],"picked":"SKIP","floor":10},{"not_picked":["potionbrewer:Shovel","potionbrewer:ResearchResults","potionbrewer:TimeBomb"],"picked":"potionbrewer:Prototype","floor":12},{"not_picked":["potionbrewer:TimeBomb","potionbrewer:FortifiedSerum","potionbrewer:FlashPowder"],"picked":"SKIP","floor":14},{"not_picked":["potionbrewer:TheFinalStraw","potionbrewer:BrokenBeakers","potionbrewer:Prototype"],"picked":"potionbrewer:Accelerant","floor":16},{"not_picked":["potionbrewer:FortifiedSerum","potionbrewer:MicrobeSpray","potionbrewer:Toxicity","potionbrewer:Prototype"],"picked":"SKIP","floor":18},{"not_picked":["potionbrewer:AcidCloud","potionbrewer:ExothermicReaction","potionbrewer:AnotherRound"],"picked":"potionbrewer:Prototype","floor":19},{"not_picked":["potionbrewer:PortableLab","potionbrewer:FortifiedSerum"],"picked":"potionbrewer:TestFormula","floor":23},{"not_picked":["potionbrewer:AnotherRound","potionbrewer:Smack","potionbrewer:Prototype"],"picked":"potionbrewer:FlashPowder+1","floor":24}],"player_experience":161371,"relics_obtained":[{"floor":6,"key":"MawBank"},{"floor":8,"key":"reliquary:Boomerang"},{"floor":9,"key":"Blood Vial"},{"floor":10,"key":"Meat on the Bone"},{"floor":17,"key":"Bag of Preparation"},{"floor":17,"key":"Matryoshka"},{"floor":17,"key":"Du-Vu Doll"},{"floor":23,"key":"reliquary:SilkGlove"}],"event_choices":[{"damage_healed":0,"gold_gain":0,"player_choice":"Slimed","damage_taken":11,"max_hp_gain":0,"max_hp_loss":0,"event_name":"betterThird:BetterGoop","floor":4,"gold_loss":29},{"damage_healed":0,"gold_gain":0,"player_choice":"2 cards matched","damage_taken":0,"max_hp_gain":0,"max_hp_loss":0,"event_name":"Match and Keep!","floor":13,"gold_loss":0,"cards_obtained":["potionbrewer:ChemicalSpill","Flash of Steel"]},{"cards_removed":["potionbrewer:PotionbrewerStrike"],"damage_healed":0,"gold_gain":0,"player_choice":"Took Card","damage_taken":0,"max_hp_gain":0,"max_hp_loss":0,"event_name":"NoteForYourself","floor":20,"gold_loss":0,"cards_obtained":["Injury"]},{"damage_healed":0,"gold_gain":0,"player_choice":"Upgraded","damage_taken":0,"max_hp_gain":0,"max_hp_loss":0,"event_name":"Upgrade Shrine","floor":22,"gold_loss":0,"cards_upgraded":["potionbrewer:Accelerant"]}],"is_beta":false,"boss_relics":[{"not_picked":["reliquary:WritOfMandamus","Philosopher\u0027s Stone"],"picked":"Calling Bell"}],"items_purged_floors":[],"is_endless":false,"potions_floor_spawned":[5,6,8,10,16,19,23],"killed_by":"Snecko","ascension_level":0}}