{"host":"Jinnai","time":1612769049,"event":{"mods":["BaseMod","Bestiary","Block Reminder","Colored Map","Colored Powertips","Curses Come First","Highlight Path","Minty Spire (QoL Compilation)","Permanent Neow","Potion Indicator Mod","Quick Restart","Relic Stats","StSLib","ojb\u0027s Info Mod"],"gold_per_floor":[13,13,13,33,52,52,52,52,52,52,67,67,67,80,80,199,199,223,223,223,246,321,341,240,261,287,287,287],"floor_reached":27,"language":"ENG","playtime":567,"items_purged":["Dualcast+1"],"score":203,"play_id":"df14d928-2aac-443c-a936-e2aa15b6785d","local_time":"20210208022409","is_ascension_mode":false,"campfire_choices":[{"data":"Strike_B","floor":6,"key":"SMITH"},{"data":"Defend_B","floor":8,"key":"SMITH"},{"data":"Zap","floor":12,"key":"SMITH"},{"data":"Dualcast","floor":15,"key":"SMITH"}],"circlet_count":0,"master_deck":["Defend_B+1","Zap+1","Cold Snap+1","Loop+1","Loop+1","Gash","Gash","Gash"],"relics":["Cracked Core","Golden Idol","Shuriken","Astrolabe","Akabeko"],"acts_visited":["Exordium","TheCity"],"potions_floor_usage":[16],"damage_taken":[{"damage":0,"enemies":"2 Louse","floor":1,"turns":2},{"damage":7,"enemies":"Small Slimes","floor":4,"turns":3},{"damage":6,"enemies":"Cultist","floor":5,"turns":3},{"damage":17,"enemies":"Exordium Thugs","floor":11,"turns":3},{"damage":0,"enemies":"Large Slime","floor":14,"turns":3},{"damage":26,"enemies":"The Guardian","floor":16,"turns":10},{"damage":24,"enemies":"Shell Parasite","floor":18,"turns":4},{"damage":8,"enemies":"3 Byrds","floor":21,"turns":5},{"damage":4,"enemies":"Centurion and Healer","floor":23,"turns":5},{"damage":13,"enemies":"Snake Plant","floor":25,"turns":3},{"damage":16,"enemies":"Shelled Parasite and Fungi","floor":27,"turns":1}],"seed_played":"7414727669982120169","potions_obtained":[{"floor":5,"key":"AttackPotion"},{"floor":11,"key":"DuplicationPotion"},{"floor":14,"key":"EssenceOfSteel"},{"floor":25,"key":"LiquidMemories"}],"is_trial":false,"path_per_floor":["M","?","?","M","M","R","$","R","T","$","M","R","$","M","R","B",null,"M","?","?","M","?","M","$","M","T","M"],"character_chosen":"DEFECT","items_purchased":["Gash"],"campfire_rested":0,"item_purchase_floors":[24],"current_hp_per_floor":[75,69,69,62,56,56,56,56,56,56,39,39,39,39,39,13,69,45,45,45,37,31,27,27,14,14,0,0],"gold":287,"neow_bonus":"REMOVE_TWO","is_daily":false,"chose_seed":false,"campfire_upgraded":4,"win_rate":0.0,"timestamp":1612769049,"path_taken":["M","?","?","M","M","R","$","R","T","$","M","R","$","?","R","BOSS","M","?","?","?","?","M","$","?","T","M"],"items_purchased_type":["Card"],"build_version":"2020-12-18","purchased_purges":1,"victory":false,"max_hp_per_floor":[75,69,69,69,69,69,69,69,69,69,69,69,69,69,69,69,69,69,69,69,69,69,69,69,69,69,69,69],"relic_stats":{"counters":[11,41],"Golden Idol":56,"Shuriken":[7],"Astrolabe":["Cold Snap","Loop","Loop"],"obtain_stats":[{"Golden Idol":2,"Shuriken":9,"Astrolabe":17,"Cracked Core":0,"Akabeko":26},{"Golden Idol":1,"Shuriken":3,"Astrolabe":6,"Cracked Core":0,"Akabeko":10},{"Golden Idol":2,"Shuriken":8,"Astrolabe":24,"Cracked Core":0,"Akabeko":40}]},"card_choices":[{"not_picked":["Redo","Ball Lightning","Rebound"],"picked":"SKIP","floor":1},{"not_picked":["Cold Snap","Rebound","Sweeping Beam"],"picked":"SKIP","floor":4},{"not_picked":["Skim","Barrage","Seek"],"picked":"SKIP","floor":5},{"not_picked":["Barrage","Coolheaded","Steam"],"picked":"SKIP","floor":11},{"not_picked":["Beam Cell","Compile Driver","Leap"],"picked":"SKIP","floor":14},{"not_picked":["Cold Snap","Blizzard"],"picked":"Gash","floor":18},{"not_picked":["Coolheaded+1","Barrage","Ball Lightning"],"picked":"SKIP","floor":21},{"not_picked":["Reinforced Body","Undo","Go for the Eyes"],"picked":"SKIP","floor":23},{"not_picked":["Genetic Algorithm","Barrage+1","Undo"],"picked":"SKIP","floor":25}],"player_experience":1683708,"relics_obtained":[{"floor":9,"key":"Shuriken"},{"floor":26,"key":"Akabeko"}],"event_choices":[{"damage_healed":0,"gold_gain":0,"player_choice":"Lose Max HP","damage_taken":0,"relics_obtained":["Golden Idol"],"max_hp_gain":0,"max_hp_loss":6,"event_name":"Golden Idol","floor":2,"gold_loss":0},{"cards_removed":["Defend_B"],"damage_healed":0,"gold_gain":0,"player_choice":"Offered Basic","damage_taken":0,"max_hp_gain":0,"max_hp_loss":0,"event_name":"Bonfire Elementals","floor":3,"gold_loss":0},{"cards_removed":["Strike_B"],"damage_healed":0,"gold_gain":0,"player_choice":"Elegance","damage_taken":0,"max_hp_gain":0,"max_hp_loss":0,"event_name":"Back to Basics","floor":19,"gold_loss":0},{"damage_healed":0,"gold_gain":0,"player_choice":"Copied","damage_taken":0,"max_hp_gain":0,"max_hp_loss":0,"event_name":"Duplicator","floor":20,"gold_loss":0,"cards_obtained":["Gash"]},{"damage_healed":0,"gold_gain":75,"player_choice":"Touch","damage_taken":6,"max_hp_gain":0,"max_hp_loss":0,"event_name":"FaceTrader","floor":22,"gold_loss":0}],"is_beta":true,"boss_relics":[{"not_picked":["Cursed Key","Snecko Eye"],"picked":"Astrolabe"}],"items_purged_floors":[24],"is_endless":false,"potions_floor_spawned":[5,11,14,25],"killed_by":"Shelled Parasite and Fungi","ascension_level":0}}