{"host":"2c84cb4cp1emursg","time":1612766998,"event":{"mods":["Act Like it!","BaseMod","Better Third Choice","Bossed Relics","Hermit","Mimic Mod","Minty Spire (QoL Compilation)","Permanent Neow","Robot Space Explorer","StSLib"],"gold_per_floor":[114,131,131,141,160,193,193,218,257,225,255,271,283,317,317,317,317],"floor_reached":16,"language":"ENG","playtime":1003,"items_purged":[],"score":212,"play_id":"da71ddbd-2963-43a2-a28f-f760949ee8bd","local_time":"20210207234958","is_ascension_mode":true,"campfire_choices":[{"data":"Body Slam","floor":15,"key":"SMITH"}],"circlet_count":0,"master_deck":["Strike_R","Strike_R","Strike_R","Defend_R","Defend_R","Defend_R","Defend_R","Bash","Shrug It Off","Wild Strike","Power Through","Second Wind","Warcry","Rampage","Brutality","Feed","Body Slam+1"],"relics":["Burning Blood","Peace Pipe","Lantern","PreservedInsect","Thread and Needle","Singing Bowl"],"acts_visited":["Exordium"],"potions_floor_usage":[6,8,11,11,14,14],"damage_taken":[{"damage":1,"enemies":"Small Slimes","floor":1,"turns":4},{"damage":0,"enemies":"Cultist","floor":2,"turns":3},{"damage":4,"enemies":"Jaw Worm","floor":4,"turns":4},{"damage":18,"enemies":"Lots of Slimes","floor":5,"turns":7},{"damage":64,"enemies":"Gremlin Nob","floor":6,"turns":6},{"damage":7,"enemies":"Lagavulin","floor":8,"turns":5},{"damage":19,"enemies":"Blue Slaver","floor":9,"turns":10},{"damage":3,"enemies":"Gremlin Nob","floor":11,"turns":3},{"damage":4,"enemies":"Blue Slaver","floor":12,"turns":5},{"damage":0,"enemies":"3 Louse","floor":13,"turns":3},{"damage":4,"enemies":"Lagavulin","floor":14,"turns":5},{"damage":28,"enemies":"Hexaghost","floor":16,"turns":9}],"seed_played":"-2472390638571905802","potions_obtained":[{"floor":4,"key":"Regen Potion"},{"floor":6,"key":"DuplicationPotion"},{"floor":7,"key":"Swift Potion"},{"floor":7,"key":"Fire Potion"},{"floor":8,"key":"Dexterity Potion"},{"floor":12,"key":"ColorlessPotion"}],"is_trial":false,"path_per_floor":["M","M","?","M","M","E","?","E","MIM","?","E","M","M","E","R","B"],"character_chosen":"IRONCLAD","items_purchased":[],"campfire_rested":0,"item_purchase_floors":[],"current_hp_per_floor":[56,62,80,80,68,22,22,21,8,8,11,13,22,26,26,0,0],"gold":317,"neow_bonus":"TRANSFORM_TWO_CARDS","is_daily":false,"chose_seed":false,"campfire_upgraded":1,"win_rate":0.0,"timestamp":1612766998,"path_taken":["M","M","?","M","?","E","?","E","MIM","?","E","M","M","E","R","BOSS"],"items_purchased_type":[],"build_version":"2020-12-22","purchased_purges":0,"victory":false,"max_hp_per_floor":[80,80,80,80,80,80,80,80,80,80,80,80,83,85,85,85,85],"card_choices":[{"not_picked":["Dark Embrace","Shrug It Off"],"picked":"Wild Strike","floor":1},{"not_picked":["Thunderclap","Feel No Pain"],"picked":"Power Through","floor":2},{"not_picked":["Dropkick","Warcry"],"picked":"Second Wind","floor":4},{"not_picked":["Cleave","Perfected Strike"],"picked":"Warcry","floor":5},{"not_picked":["Wild Strike","Cleave"],"picked":"Rampage","floor":6},{"not_picked":["Battle Trance","Flex"],"picked":"Brutality","floor":8},{"not_picked":["Flex","Sword Boomerang"],"picked":"Feed","floor":11},{"not_picked":["Bloodletting","Wild Strike"],"picked":"Body Slam","floor":12},{"not_picked":["Sentinel","Twin Strike","Anger"],"picked":"SKIP","floor":13},{"not_picked":["Warcry","Metallicize","Anger"],"picked":"Singing Bowl","floor":14}],"player_experience":452280,"relics_obtained":[{"floor":6,"key":"Peace Pipe"},{"floor":8,"key":"Lantern"},{"floor":9,"key":"PreservedInsect"},{"floor":11,"key":"Thread and Needle"},{"floor":14,"key":"Singing Bowl"}],"event_choices":[{"cards_removed":["Entrench"],"damage_healed":18,"gold_gain":0,"player_choice":"Offered Uncommon","damage_taken":0,"max_hp_gain":0,"max_hp_loss":0,"event_name":"Bonfire Elementals","floor":3,"gold_loss":0},{"damage_healed":0,"gold_gain":0,"player_choice":"Got Potions","damage_taken":0,"max_hp_gain":0,"max_hp_loss":0,"event_name":"Lab","floor":7,"gold_loss":0},{"damage_healed":0,"gold_gain":0,"player_choice":"Left","damage_taken":0,"max_hp_gain":0,"max_hp_loss":0,"event_name":"betterThird:BetterGoop","floor":10,"gold_loss":32}],"is_beta":false,"boss_relics":[],"items_purged_floors":[],"is_endless":false,"potions_floor_spawned":[4,6,8,12],"killed_by":"Hexaghost","ascension_level":7}}