{"host":"d61fcf2p3sjwe6yo","time":1612807709,"event":{"mods":["BaseMod","Colored Map","Koishi","Marisa????????","Minty Spire (QoL Compilation)","StSLib","SuperFastMode","The Servant 0.9.4"],"gold_per_floor":[10,10,29,45,84,84,103,28,28,28,28],"floor_reached":10,"language":"ENG","playtime":637,"items_purged":["Koishi:BasicStrike"],"score":120,"play_id":"17ef1238-3a44-452a-a288-76dd4622ae9c","local_time":"20210208210829","is_ascension_mode":true,"campfire_choices":[{"data":"Koishi:HauntingSlash","floor":6,"key":"SMITH"}],"circlet_count":0,"master_deck":["AscendersBane","Koishi:BasicStrike","Koishi:BasicStrike","Koishi:BasicStrike","Koishi:BasicDefend","Koishi:BasicDefend","Koishi:BasicDefend","Koishi:BasicDefend","Koishi:Provoke","Koishi:HauntingSlash+1","Koishi:PerfectMindControl+1","Koishi:Vanish","Koishi:IdleWhim","Koishi:EmbryosDream","Koishi:PhantomBarrier","Koishi:DreadfulBlow"],"relics":["Koishi:ImaginaryFriend","Meat on the Bone"],"acts_visited":["Exordium"],"potions_floor_usage":[],"damage_taken":[{"damage":0,"enemies":"2 Louse","floor":1,"turns":3},{"damage":3,"enemies":"Cultist","floor":3,"turns":5},{"damage":4,"enemies":"Jaw Worm","floor":4,"turns":6},{"damage":13,"enemies":"Looter","floor":5,"turns":5},{"damage":5,"enemies":"2 Fungi Beasts","floor":7,"turns":4},{"damage":13,"enemies":"Lagavulin","floor":10,"turns":12}],"seed_played":"-5872251686629578445","potions_obtained":[{"floor":4,"key":"EntropicBrew"},{"floor":7,"key":"SneckoOil"}],"is_trial":false,"path_per_floor":["M","?","M","M","M","R","M","$","T","E"],"character_chosen":"KOISHI","items_purchased":[],"campfire_rested":0,"item_purchase_floors":[],"current_hp_per_floor":[51,51,49,47,36,36,33,33,33,20,20],"gold":28,"neow_bonus":"THREE_RARE_CARDS","is_daily":false,"chose_seed":false,"campfire_upgraded":1,"win_rate":0.0,"timestamp":1612807709,"path_taken":["M","?","M","M","?","R","M","?","T","E"],"items_purchased_type":[],"build_version":"2020-12-22","purchased_purges":1,"victory":false,"max_hp_per_floor":[57,57,57,57,57,57,57,57,57,57,57],"card_choices":[{"not_picked":["Koishi:Ego","Koishi:HeartStoppingHorror"],"picked":"Koishi:PerfectMindControl","floor":0},{"not_picked":["Koishi:BloodcurdlingScream","Koishi:PredatoryInstincts"],"picked":"Koishi:Vanish","floor":1},{"not_picked":["Koishi:JumpScare","Koishi:UnansweredLove"],"picked":"Koishi:IdleWhim","floor":3},{"not_picked":["Koishi:TraumaticStroke","Koishi:CatchAndRose"],"picked":"Koishi:EmbryosDream","floor":4},{"not_picked":["Koishi:Catatonia","Koishi:FreudianInstinct"],"picked":"Koishi:PhantomBarrier","floor":5},{"not_picked":["Koishi:EmbryosDream","Koishi:PhantomStrike"],"picked":"Koishi:DreadfulBlow","floor":7}],"player_experience":288444,"relics_obtained":[{"floor":9,"key":"Meat on the Bone"}],"event_choices":[{"damage_healed":0,"gold_gain":0,"player_choice":"Forge","damage_taken":0,"max_hp_gain":0,"max_hp_loss":0,"event_name":"Accursed Blacksmith","floor":2,"gold_loss":0,"cards_upgraded":["Koishi:PerfectMindControl"]}],"is_beta":false,"boss_relics":[],"items_purged_floors":[8],"is_endless":false,"potions_floor_spawned":[4,7],"killed_by":"Lagavulin","ascension_level":20}}