{"host":"344lv32hnei0mdhu","time":1612761559,"event":{"mods":["Act Like it!","BaseMod","Better Match","Better Sensory Stone","Better Skull","Better Third Choice","Better Vampires","Colored Powertips","Highlight Path","Minty Spire (QoL Compilation)","Quick Restart","Random Character Button","Rare Cards Sparkle","StSLib"],"gold_per_floor":[116,116,69,69,17,45,45,75,75,86,101,118,153,153,153,250,250,262,262,115,115,115,115,126,126,126,141,155,173,132,152,152,252,252,267,367,385,385,403,430,430,463,463,463,479,496,340,340,340,340,340],"floor_reached":50,"language":"ENG","playtime":2093,"items_purged":[],"score":884,"play_id":"f6e385d2-f45a-4fc2-8f82-6bd221cdec3f","local_time":"20210207231919","is_ascension_mode":true,"campfire_choices":[{"data":"Defragment","floor":7.0,"key":"SMITH"},{"data":"Buffer","floor":15.0,"key":"SMITH"},{"floor":23.0,"key":"REST"},{"data":"Defragment","floor":25.0,"key":"SMITH"},{"floor":32.0,"key":"REST"},{"floor":41.0,"key":"REST"},{"floor":44.0,"key":"REST"},{"floor":49,"key":"REST"}],"circlet_count":0,"master_deck":["AscendersBane","Zap+1","Dualcast","Defragment+1","Defragment+1","Steam+1","Conserve Battery","Chill","Capacitor","Ball Lightning+1","Buffer+1","Amplify","Meteor Strike+1","Hologram+1","Skim+1","Bandage Up","Defragment+1","White Noise+1","Static Discharge","Seek","Leap","Compile Driver+1","Seek","Reprogram","Reprogram","Cold Snap+1","Parasite","Sunder+1","Writhe"],"relics":["Cracked Core","NeowsBlessing","Pen Nib","InkBottle","DataDisk","Matryoshka","Vajra","Astrolabe","Anchor","Strawberry","Molten Egg 2","Pandora\u0027s Box","Gremlin Horn","Ornamental Fan","Whetstone","Oddly Smooth Stone"],"acts_visited":["Exordium","TheCity","TheBeyond"],"potions_floor_usage":[50,50],"damage_taken":[{"damage":0.0,"enemies":"Small Slimes","floor":1.0,"turns":1.0},{"damage":0.0,"enemies":"Lagavulin","floor":6.0,"turns":1.0},{"damage":0.0,"enemies":"3 Sentries","floor":8.0,"turns":1.0},{"damage":0.0,"enemies":"Jaw Worm","floor":10.0,"turns":4.0},{"damage":8.0,"enemies":"2 Louse","floor":11.0,"turns":3.0},{"damage":4.0,"enemies":"Exordium Wildlife","floor":12.0,"turns":4.0},{"damage":21.0,"enemies":"Gremlin Nob","floor":13.0,"turns":4.0},{"damage":12.0,"enemies":"The Guardian","floor":16.0,"turns":10.0},{"damage":22.0,"enemies":"3 Byrds","floor":18.0,"turns":4.0},{"damage":0.0,"enemies":"Chosen","floor":24.0,"turns":5.0},{"damage":36.0,"enemies":"Snake Plant","floor":27.0,"turns":4.0},{"damage":0.0,"enemies":"3 Cultists","floor":28.0,"turns":7.0},{"damage":0.0,"enemies":"Snecko","floor":29.0,"turns":4.0},{"damage":0.0,"enemies":"Snake Plant","floor":31.0,"turns":4.0},{"damage":32.0,"enemies":"Champ","floor":33.0,"turns":10.0},{"damage":13.0,"enemies":"3 Shapes","floor":35.0,"turns":4.0},{"damage":2.0,"enemies":"3 Darklings","floor":37.0,"turns":6.0},{"damage":33.0,"enemies":"Sphere and 2 Shapes","floor":39.0,"turns":6.0},{"damage":13.0,"enemies":"Nemesis","floor":40.0,"turns":7.0},{"damage":41.0,"enemies":"Reptomancer","floor":42.0,"turns":6.0},{"damage":29.0,"enemies":"4 Shapes","floor":45.0,"turns":6.0},{"damage":18,"enemies":"Writhing Mass","floor":46,"turns":8},{"damage":70,"enemies":"Awakened One","floor":50,"turns":5}],"seed_played":"5415657700316667870","potions_obtained":[{"floor":6.0,"key":"Ancient Potion"},{"floor":10.0,"key":"EssenceOfSteel"},{"floor":13.0,"key":"EssenceOfDarkness"},{"floor":18.0,"key":"Energy Potion"},{"floor":33.0,"key":"DistilledChaos"},{"floor":45.0,"key":"Strength Potion"}],"is_trial":false,"path_per_floor":["M","?","$","?","$","E","R","E","T","M","M","M","E","T","R","B",null,"M","?","$","?","?","R","M","R","T","M","M","M","$","M","R","B",null,"M","?","M","$","M","E","R","E","T","R","M","M","$","?","R","B"],"character_chosen":"DEFECT","items_purchased":["Steam","Conserve Battery","Anchor","Static Discharge","Oddly Smooth Stone"],"campfire_rested":5,"item_purchase_floors":[3,5,20,30,47],"current_hp_per_floor":[68,73,73,57,57,57,57,57,57,57,49,45,24,24,24,12,63,41,41,41,41,41,65,69,69,76,44,48,52,52,56,82,54,79,70,70,72,72,43,34,60,23,23,49,24,10,10,32,58,0,0],"gold":340,"neow_bonus":"THREE_ENEMY_KILL","is_daily":false,"chose_seed":false,"campfire_upgraded":3,"win_rate":0.0,"timestamp":1612761559,"path_taken":["M","?","$","?","$","E","R","E","T","?","M","M","E","?","R","BOSS","M","?","$","?","?","R","M","R","T","M","?","M","$","M","R","BOSS","M","?","?","$","?","E","R","E","T","R","M","M","$","?","R","BOSS"],"items_purchased_type":["Card","Card","Relic","Card","Relic"],"build_version":"2020-12-22","purchased_purges":0,"victory":false,"max_hp_per_floor":[75,80,80,80,80,80,80,80,80,80,80,80,80,80,80,80,80,80,80,80,80,80,80,80,80,87,87,87,87,87,87,87,87,87,87,87,87,87,87,87,87,87,87,87,87,87,87,87,87,87,87],"card_choices":[{"not_picked":["Conserve Battery","Ball Lightning"],"picked":"Defragment","floor":1.0},{"not_picked":["Conserve Battery","Ball Lightning"],"picked":"Defragment","floor":1.0},{"not_picked":["Streamline","Hologram","Redo"],"picked":"SKIP","floor":6.0},{"not_picked":["Storm","Gash"],"picked":"Chill","floor":8.0},{"not_picked":["Gash","Glacier"],"picked":"Capacitor","floor":10.0},{"not_picked":["Conserve Battery","Rebound","Hologram"],"picked":"SKIP","floor":11.0},{"not_picked":["Steam","Go for the Eyes"],"picked":"Ball Lightning","floor":12.0},{"not_picked":["Auto Shields","Barrage"],"picked":"Buffer","floor":13.0},{"not_picked":["Multi-Cast","Hyperbeam"],"picked":"Amplify","floor":16.0},{"not_picked":["Heatsinks","Barrage","Steam"],"picked":"SKIP","floor":18.0},{"not_picked":["Panache","Transmutation"],"picked":"Bandage Up","floor":19.0},{"not_picked":["Turbo+1","Hologram"],"picked":"Defragment","floor":24.0},{"not_picked":["Conserve Battery","Cold Snap+1","Stack"],"picked":"SKIP","floor":27.0},{"not_picked":["Rebound+1","Undo","Beam Cell+1"],"picked":"SKIP","floor":28.0},{"not_picked":["Chaos","Sunder+1"],"picked":"White Noise+1","floor":29.0},{"not_picked":["Consume","Leap","Double Energy+1"],"picked":"SKIP","floor":31.0},{"not_picked":["Meteor Strike+1","All For One+1"],"picked":"Seek","floor":33.0},{"not_picked":["Conserve Battery+1","Steam","Streamline+1"],"picked":"SKIP","floor":35.0},{"not_picked":["Hologram+1","Beam Cell+1","Leap"],"picked":"SKIP","floor":37.0},{"not_picked":["Compile Driver+1","Reinforced Body","Reprogram"],"picked":"SKIP","floor":39.0},{"not_picked":["Gash+1","Rainbow"],"picked":"Cold Snap+1","floor":40.0},{"not_picked":["BootSequence","Redo","Ball Lightning+1"],"picked":"SKIP","floor":42.0},{"not_picked":["Doom and Gloom+1","Cold Snap+1","Genetic Algorithm+1"],"picked":"SKIP","floor":45.0},{"not_picked":["Consume","Hologram+1"],"picked":"Sunder+1","floor":46}],"player_experience":416922,"relics_obtained":[{"floor":6.0,"key":"Pen Nib"},{"floor":8.0,"key":"InkBottle"},{"floor":9.0,"key":"DataDisk"},{"floor":13.0,"key":"Matryoshka"},{"floor":14.0,"key":"Vajra"},{"floor":26.0,"key":"Strawberry"},{"floor":26.0,"key":"Molten Egg 2"},{"floor":40.0,"key":"Gremlin Horn"},{"floor":42.0,"key":"Ornamental Fan"},{"floor":43.0,"key":"Whetstone"}],"event_choices":[{"damage_healed":0.0,"max_hp_gain":5.0,"max_hp_loss":0.0,"gold_gain":0.0,"event_name":"Big Fish","player_choice":"Donut","floor":2.0,"gold_loss":0.0,"damage_taken":0.0},{"damage_healed":73.0,"max_hp_gain":0.0,"max_hp_loss":80.0,"gold_gain":0.0,"event_name":"betterThird:BetterShining","player_choice":"Upgrade","floor":4.0,"gold_loss":0.0,"damage_taken":16.0,"cards_upgraded":["Steam","Zap"]},{"damage_healed":0.0,"max_hp_gain":0.0,"max_hp_loss":0.0,"gold_gain":2.0,"event_name":"betterStone:BetterStone","player_choice":"1","floor":19.0,"gold_loss":0.0,"damage_taken":0.0},{"damage_healed":0.0,"max_hp_gain":0.0,"max_hp_loss":0.0,"gold_gain":0.0,"event_name":"Vampires","player_choice":"Ignored","floor":22.0,"gold_loss":0.0,"damage_taken":0.0},{"damage_healed":0.0,"max_hp_gain":0.0,"max_hp_loss":0.0,"gold_gain":100.0,"event_name":"Golden Shrine","player_choice":"Pray","floor":36.0,"gold_loss":0.0,"damage_taken":0.0},{"damage_healed":22,"gold_gain":0,"player_choice":"Writhe","damage_taken":0,"max_hp_gain":0,"max_hp_loss":0,"event_name":"Winding Halls","floor":48,"gold_loss":0,"cards_obtained":["Writhe"]}],"is_beta":false,"boss_relics":[{"not_picked":["Black Star","SacredBark"],"picked":"Astrolabe"},{"not_picked":["Sozu","Snecko Eye"],"picked":"Pandora\u0027s Box"}],"items_purged_floors":[],"is_endless":false,"potions_floor_spawned":[6,10,12,13,18,28,33,35,45,46],"killed_by":"Awakened One","ascension_level":11}}