{"host":"gobyjzz6xbwq9f9i","time":1612771807,"event":{"mods":["AchievementEnabler","BaseMod","Bestiary","Colored Map","Minty Spire (QoL Compilation)","Relic Stats"],"gold_per_floor":[143,186,14,49,149,149,187,224,251,285,330,385,428,456,456,577,577,563,606,89,104,104,104,163,175,175,175,274,274,302,2,2,103,103,103,103],"floor_reached":35,"language":"ENG","playtime":3811,"items_purged":["WreathOfFlame"],"score":689,"play_id":"a27a65f6-b3f6-468a-8183-f947244d129f","local_time":"20210208001007","is_ascension_mode":true,"campfire_choices":[{"data":"FlyingSleeves","floor":6.0,"key":"SMITH"},{"data":"Meditate","floor":15,"key":"SMITH"},{"floor":23,"key":"REST"},{"data":"Conclude","floor":27,"key":"SMITH"},{"data":"Wallop","floor":29,"key":"SMITH"},{"data":"Adaptation","floor":32,"key":"SMITH"}],"circlet_count":0,"master_deck":["Eruption+1","Vigilance","Ragnarok","WreathOfFlame","DeusExMachina","Wish","Prostrate","EmptyFist+1","ClearTheMind","Wallop+1","ThirdEye","FlyingSleeves+1","Meditate+1","CutThroughFate","Conclude+1","EmptyBody","ThirdEye","SandsOfTime","Establishment","Adaptation+1","MentalFortress","Scrawl","Evaluate","FlurryOfBlows","Crescendo","Tantrum","Omniscience+1"],"relics":["Pandora\u0027s Box","PreservedInsect","Whetstone","Omamori","Toy Ornithopter","Black Star","TungstenRod","Juzu Bracelet","Eternal Feather","Bag of Preparation","Tiny Chest","Pear","Centennial Puzzle","Toxic Egg 2","Anchor","HandDrill","Philosopher\u0027s Stone"],"acts_visited":["Exordium","TheCity","TheBeyond"],"potions_floor_usage":[10,14,16,18,19,21,24,25],"damage_taken":[{"damage":2.0,"enemies":"Small Slimes","floor":1.0,"turns":3.0},{"damage":0.0,"enemies":"Cultist","floor":2.0,"turns":3.0},{"damage":1.0,"enemies":"Jaw Worm","floor":4.0,"turns":5.0},{"damage":0.0,"enemies":"2 Fungi Beasts","floor":7.0,"turns":3.0},{"damage":17,"enemies":"Blue Slaver","floor":8,"turns":3},{"damage":0,"enemies":"Gremlin Nob","floor":10,"turns":2},{"damage":0,"enemies":"Large Slime","floor":11,"turns":4},{"damage":0,"enemies":"Lagavulin","floor":12,"turns":3},{"damage":3,"enemies":"Lots of Slimes","floor":13,"turns":7},{"damage":0,"enemies":"3 Sentries","floor":14,"turns":3},{"damage":20,"enemies":"The Guardian","floor":16,"turns":9},{"damage":33,"enemies":"2 Thieves","floor":18,"turns":4},{"damage":12,"enemies":"3 Byrds","floor":19,"turns":5},{"damage":22,"enemies":"Snecko","floor":21,"turns":6},{"damage":36,"enemies":"Slavers","floor":24,"turns":5},{"damage":0,"enemies":"Chosen and Byrds","floor":25,"turns":4},{"damage":8,"enemies":"Book of Stabbing","floor":30,"turns":3},{"damage":12,"enemies":"Collector","floor":33,"turns":7},{"damage":76,"enemies":"3 Darklings","floor":35,"turns":2}],"seed_played":"-6026554147066368579","potions_obtained":[{"floor":7.0,"key":"SpeedPotion"},{"floor":8,"key":"ColorlessPotion"},{"floor":11,"key":"PowerPotion"},{"floor":14,"key":"SpeedPotion"},{"floor":16,"key":"Dexterity Potion"},{"floor":18,"key":"Energy Potion"},{"floor":21,"key":"SteroidPotion"},{"floor":24,"key":"Energy Potion"},{"floor":33,"key":"Swift Potion"}],"is_trial":false,"path_per_floor":["M","M","$","M","?","R","M","M","T","E","M","E","M","E","R","B",null,"M","M","$","M","?","R","E","M","T","R","?","R","E","$","R","B",null,"M"],"character_chosen":"WATCHER","items_purchased":["FlyingSleeves","Meditate","Strength Potion","TungstenRod","Juzu Bracelet","Anchor","HandDrill"],"campfire_rested":1,"item_purchase_floors":[3,3,3,20,20,31,31],"current_hp_per_floor":[63,63,63,62,62,62,62,45,45,45,45,45,42,42,42,27,61,33,26,26,9,9,42,11,16,26,41,41,56,48,48,63,51,74,0,0],"gold":103,"neow_bonus":"BOSS_RELIC","is_daily":false,"chose_seed":false,"campfire_upgraded":5,"win_rate":0.0,"timestamp":1612771807,"path_taken":["M","M","$","M","?","R","M","?","T","E","M","E","M","E","R","BOSS","M","M","$","M","?","R","E","M","T","R","?","R","E","$","R","BOSS","M"],"items_purchased_type":["Card","Card","Potion","Relic","Relic","Relic","Relic"],"build_version":"2020-12-22","purchased_purges":1,"victory":false,"max_hp_per_floor":[72,72,72,72,72,72,72,72,72,72,72,72,72,72,72,72,72,72,72,72,72,72,72,72,72,82,82,82,82,82,82,82,82,82,82,82],"relic_stats":{"counters":[19,81],"Eternal Feather":57,"PreservedInsect":163,"Juzu Bracelet":1,"Bag of Preparation":[9],"Whetstone":["EmptyFist","Eruption"],"Centennial Puzzle":[6],"Pandora\u0027s Box":["WreathOfFlame","Ragnarok","WreathOfFlame","DeusExMachina","Wish","Prostrate","EmptyFist","ClearTheMind"],"Tiny Chest":0,"Black Star":2,"HandDrill":[8],"obtain_stats":[{"Pear":26,"Eternal Feather":22,"PreservedInsect":9,"Omamori":12,"Juzu Bracelet":20,"Bag of Preparation":24,"Whetstone":10,"Centennial Puzzle":30,"Anchor":31,"Pandora\u0027s Box":0,"Tiny Chest":24,"Philosopher\u0027s Stone":34,"Black Star":17,"HandDrill":31,"PureWater":0,"Toxic Egg 2":30,"Toy Ornithopter":14,"TungstenRod":20},{"Pear":16,"Eternal Feather":14,"PreservedInsect":5,"Omamori":8,"Juzu Bracelet":13,"Bag of Preparation":15,"Whetstone":6,"Centennial Puzzle":17,"Anchor":17,"Pandora\u0027s Box":0,"Tiny Chest":15,"Philosopher\u0027s Stone":18,"Black Star":11,"HandDrill":17,"PureWater":0,"Toxic Egg 2":17,"Toy Ornithopter":10,"TungstenRod":13},{"Pear":69,"Eternal Feather":60,"PreservedInsect":17,"Omamori":26,"Juzu Bracelet":54,"Bag of Preparation":65,"Whetstone":19,"Centennial Puzzle":72,"Anchor":72,"Pandora\u0027s Box":0,"Tiny Chest":65,"Philosopher\u0027s Stone":79,"Black Star":45,"HandDrill":72,"PureWater":0,"Toxic Egg 2":72,"Toy Ornithopter":36,"TungstenRod":54}],"Toy Ornithopter":30,"TungstenRod":14},"card_choices":[{"not_picked":["CutThroughFate","CrushJoints"],"picked":"Wallop","floor":1.0},{"not_picked":["WheelKick","Nirvana"],"picked":"ThirdEye","floor":2.0},{"not_picked":["Evaluate","JustLucky"],"picked":"CutThroughFate","floor":4.0},{"not_picked":["WheelKick","SashWhip"],"picked":"Conclude","floor":7.0},{"not_picked":["Alpha","FlyingSleeves"],"picked":"EmptyBody","floor":8},{"not_picked":["CutThroughFate","EmptyBody"],"picked":"ThirdEye","floor":10},{"not_picked":["CutThroughFate","Perseverance"],"picked":"SandsOfTime","floor":11},{"not_picked":["EmptyBody","Weave"],"picked":"Establishment","floor":12},{"not_picked":["FlurryOfBlows","LikeWater"],"picked":"Adaptation","floor":13},{"not_picked":["SashWhip","Ragnarok"],"picked":"MentalFortress","floor":14},{"not_picked":["DeusExMachina","Ragnarok"],"picked":"Scrawl","floor":16},{"not_picked":["WindmillStrike","CrushJoints"],"picked":"Evaluate","floor":18},{"not_picked":["BowlingBash","FlyingSleeves+1","SashWhip"],"picked":"SKIP","floor":19},{"not_picked":["SashWhip","EmptyBody","CrushJoints"],"picked":"SKIP","floor":21},{"not_picked":["FlyingSleeves","BowlingBash"],"picked":"FlurryOfBlows","floor":24},{"not_picked":["EmptyBody","SashWhip"],"picked":"Crescendo","floor":25},{"not_picked":["Alpha+1","Consecrate"],"picked":"Tantrum","floor":30},{"not_picked":["Devotion","Wish+1"],"picked":"Omniscience+1","floor":33}],"player_experience":1312213,"relics_obtained":[{"floor":9,"key":"PreservedInsect"},{"floor":10,"key":"Whetstone"},{"floor":12,"key":"Omamori"},{"floor":14,"key":"Toy Ornithopter"},{"floor":24,"key":"Bag of Preparation"},{"floor":24,"key":"Tiny Chest"},{"floor":26,"key":"Pear"},{"floor":30,"key":"Centennial Puzzle"},{"floor":30,"key":"Toxic Egg 2"}],"event_choices":[{"damage_healed":0.0,"max_hp_gain":0.0,"max_hp_loss":0.0,"gold_gain":100.0,"event_name":"Golden Shrine","player_choice":"Pray","floor":5.0,"gold_loss":0.0,"damage_taken":0.0},{"damage_healed":0,"gold_gain":0,"player_choice":"Opened","damage_taken":0,"relics_obtained":["Eternal Feather"],"max_hp_gain":0,"max_hp_loss":0,"event_name":"The Mausoleum","floor":22,"gold_loss":0,"cards_obtained":["Writhe"]},{"damage_healed":0,"gold_gain":99,"player_choice":"Stole From Cult","damage_taken":0,"max_hp_gain":0,"max_hp_loss":0,"event_name":"Nest","floor":28,"gold_loss":0}],"is_beta":false,"boss_relics":[{"not_picked":["Velvet Choker","SacredBark"],"picked":"Black Star"},{"not_picked":["Runic Dome","VioletLotus"],"picked":"Philosopher\u0027s Stone"}],"items_purged_floors":[20],"is_endless":false,"potions_floor_spawned":[7,8,11,14,16,18,21,24,33],"killed_by":"3 Darklings","ascension_level":7}}