{"host":"126yiuos2nq86se7","time":1612750713,"event":{"mods":["AchievementEnabler","Act Like it!","BaseMod","Colored Map","Colored Powertips","Friendly Minions","Highlight Path","Hubris","Minty Spire (QoL Compilation)","Reimu??????","StSLib","SuperFastMode","The Animator"],"gold_per_floor":[115,130,130,130,5,32,32,49,72,72,72,86,86,86,86,191,191,191,191,191,46,46,46,46,46,46,46,11,11,11,11,11,11,11],"floor_reached":33,"language":"ENG","playtime":827,"items_purged":["Strike_G"],"score":280,"play_id":"a225acbf-df93-4636-a1a0-d2ac458fb498","local_time":"20210208131833","is_ascension_mode":true,"campfire_choices":[{"data":"Calculated Gamble","floor":7,"key":"SMITH"},{"data":"Venomology","floor":10,"key":"SMITH"},{"floor":13,"key":"REST"},{"data":"Terror","floor":15,"key":"SMITH"},{"data":"Noxious Fumes","floor":23,"key":"SMITH"},{"floor":29,"key":"REST"},{"floor":32,"key":"REST"}],"circlet_count":0,"master_deck":["Strike_G","Strike_G","Strike_G","Strike_G","Defend_G","Defend_G","Defend_G","Defend_G","Defend_G","Survivor","Neutralize","Master of Strategy","Calculated Gamble+1","Infinite Blades","Venomology+1","Poisoned Stab","Terror+1","Bane","Corpse Explosion","Infinite Blades","Corpse Explosion","Noxious Fumes+1","Backflip","Noxious Fumes","Leg Sweep","Deadly Poison+1"],"relics":["Ring of the Snake","hubris:Towel","Smiling Mask","Bronze Scales","hubris:Icosahedron","Spirit Poop","Ectoplasm","Nilry\u0027s Codex","Anchor","Lantern"],"acts_visited":["Exordium","TheCity"],"potions_floor_usage":[6,16,16,16,16,24,33,33,33],"damage_taken":[{"damage":0,"enemies":"Jaw Worm","floor":1,"turns":6},{"damage":0,"enemies":"Small Slimes","floor":2,"turns":3},{"damage":30,"enemies":"Gremlin Nob","floor":6,"turns":5},{"damage":2,"enemies":"2 Louse","floor":8,"turns":5},{"damage":9,"enemies":"Exordium Thugs","floor":12,"turns":6},{"damage":11,"enemies":"Slime Boss","floor":16,"turns":7},{"damage":0,"enemies":"3 Byrds","floor":18,"turns":2},{"damage":0,"enemies":"Chosen","floor":20,"turns":3},{"damage":37,"enemies":"Sentry and Sphere","floor":24,"turns":6},{"damage":14,"enemies":"Snake Plant","floor":25,"turns":4},{"damage":9,"enemies":"Centurion and Healer","floor":31,"turns":3},{"damage":55,"enemies":"Collector","floor":33,"turns":5}],"seed_played":"8959570497775087340","potions_obtained":[{"floor":6,"key":"SteroidPotion"},{"floor":8,"key":"Dexterity Potion"},{"floor":20,"key":"Strength Potion"}],"is_trial":false,"path_per_floor":["M","M","?","?","$","E","R","M","T","R","?","M","R","?","R","B",null,"M","?","M","$","?","R","M","M","T","?","$","R","?","M","R","B"],"character_chosen":"THE_SILENT","items_purchased":["Venomology","Poisoned Stab","Backflip","Noxious Fumes","Leg Sweep"],"campfire_rested":3,"item_purchase_floors":[5,5,21,21,28],"current_hp_per_floor":[70,70,70,75,75,45,45,43,43,43,43,34,56,56,56,45,75,75,75,75,75,59,59,22,8,8,8,8,30,30,21,43,0,0],"gold":11,"neow_bonus":"RANDOM_COLORLESS_2","is_daily":false,"chose_seed":false,"campfire_upgraded":4,"win_rate":0.0,"timestamp":1612750713,"path_taken":["M","M","?","?","$","E","R","M","T","R","?","M","R","?","R","BOSS","M","?","?","$","?","R","M","M","T","?","?","R","?","?","R","BOSS"],"items_purchased_type":["Card","Card","Card","Card","Card"],"build_version":"2020-12-22","purchased_purges":1,"victory":false,"max_hp_per_floor":[70,70,70,75,75,75,75,75,75,75,75,75,75,75,75,75,75,75,75,75,75,75,75,75,75,75,75,75,75,75,75,75,75,75],"card_choices":[{"not_picked":["Magnetism","Violence"],"picked":"Master of Strategy","floor":0},{"not_picked":["Bane","Terror"],"picked":"Calculated Gamble","floor":1},{"not_picked":["Outmaneuver","hubris:Counter"],"picked":"Infinite Blades","floor":2},{"not_picked":["Backflip","Dash"],"picked":"Terror","floor":6},{"not_picked":["Dagger Throw","Reflex","Endless Agony"],"picked":"SKIP","floor":8},{"not_picked":["All Out Attack","Dagger Spray"],"picked":"Bane","floor":12},{"not_picked":["Venomology","Unload"],"picked":"Corpse Explosion","floor":16},{"not_picked":["Dagger Spray","Flying Knee"],"picked":"Infinite Blades","floor":18},{"not_picked":["hubris:SlightOfHand","Catalyst"],"picked":"Noxious Fumes","floor":20},{"not_picked":["Dash+1","Blade Dance","Underhanded Strike"],"picked":"SKIP","floor":24},{"not_picked":["Blade Dance","Heel Hook","Flying Knee"],"picked":"SKIP","floor":25},{"not_picked":["Backflip","Poisoned Stab"],"picked":"Deadly Poison+1","floor":31}],"player_experience":1597502,"relics_obtained":[{"floor":6,"key":"Smiling Mask"},{"floor":9,"key":"Bronze Scales"},{"floor":22,"key":"Nilry\u0027s Codex"},{"floor":26,"key":"Anchor"}],"event_choices":[{"damage_healed":0,"gold_gain":0,"player_choice":"Donut","damage_taken":0,"max_hp_gain":5,"max_hp_loss":0,"event_name":"Big Fish","floor":4,"gold_loss":0},{"cards_removed":["animator:Curse_Greed"],"damage_healed":0,"gold_gain":0,"player_choice":"Offered Curse","damage_taken":0,"relics_obtained":["Spirit Poop"],"max_hp_gain":0,"max_hp_loss":0,"event_name":"Bonfire Elementals","floor":14,"gold_loss":0},{"damage_healed":0,"gold_gain":0,"player_choice":"Read","damage_taken":0,"max_hp_gain":0,"max_hp_loss":0,"event_name":"The Library","floor":19,"gold_loss":0,"cards_obtained":["Corpse Explosion"]},{"damage_healed":0,"gold_gain":0,"player_choice":"Obtained Book","damage_taken":16,"max_hp_gain":0,"max_hp_loss":0,"event_name":"Cursed Tome","floor":22,"gold_loss":0},{"damage_healed":0,"gold_gain":0,"player_choice":"Ignored","damage_taken":0,"max_hp_gain":0,"max_hp_loss":0,"event_name":"Vampires","floor":27,"gold_loss":0},{"damage_healed":0,"gold_gain":0,"player_choice":"Gave Potion","damage_taken":0,"relics_obtained":["Lantern"],"max_hp_gain":0,"max_hp_loss":0,"event_name":"WeMeetAgain","floor":30,"gold_loss":0}],"is_beta":false,"boss_relics":[{"not_picked":["Astrolabe","Philosopher\u0027s Stone"],"picked":"Ectoplasm"}],"items_purged_floors":[21],"is_endless":false,"potions_floor_spawned":[6,8,20],"killed_by":"Collector","ascension_level":1}}