{"host":"njruw0b0uprlitpx","time":1612752067,"event":{"mods":["2.2 Compatiblity","Act Like it!","Aspiration","Bartender","BaseMod","Better Altar","Better Match","Better Note","Better Sensory Stone","Better Skull","Better Third Choice","BetterRewards","Block Reminder","Colored Map","Colored Powertips","Curses Come First","Energized Spire","Hallownest","Jedi Mod","Keyboard Shortcuts","Magitek Elite","Minty Spire (QoL Compilation)","Quick Restart","Rare Cards Sparkle","Relic Stats","Replay The Spire","SacredBarkPlus","Spicy Shops","StSLib","SuperFastMode","The Blackbeard"],"gold_per_floor":[117,117,127,144,144,144,171,10,36,55,83,98,124,140,140,216,216,236,236,236,236,251,251,285,20,20,20,20,20,20,20,20,20,20,20,20,20,60,60,60,95,95,95,95,109,124,124,158,158,158],"floor_reached":51,"language":"ENG","playtime":1542,"items_purged":["Sickly","ReplayTheSpireMod:Splinters"],"score":2067,"play_id":"d1eda648-3fab-4edd-b991-84e988e1ad89","local_time":"20210207204107","is_ascension_mode":true,"campfire_choices":[{"floor":6,"key":"REST"},{"floor":15,"key":"REST"},{"floor":23,"key":"REST"},{"floor":30,"key":"REST"},{"data":"Butterfly_Float","floor":32,"key":"SMITH"},{"data":"OpoOpo_Form","floor":42,"key":"SMITH"},{"data":"Dolphin_Blow","floor":44,"key":"SMITH"},{"data":"Rope_A_Dope","floor":49,"key":"SMITH"}],"circlet_count":0,"master_deck":["AscendersBane","Strike_Bartender","Strike_Bartender","Strike_Bartender","Strike_Bartender","Defend_Bartender","Defend_Bartender+1","Defend_Bartender","Somersault","Axe_Heel_Kick+1","Cross","Faith+1","Fading_Blow","Scowl","Momentum+1","Wall_of_Ice","Wall_of_Ice","Feint","Combo_Master+1","Bitters","Meteodrive","Butterfly_Float+1","Greased_Lightning","Moonsault_Kick","Vortex","Dancing_Jab","Rope_A_Dope+1","Moonsault_Kick","Snap_Punch+1","Stick_and_Move","Dolphin_Blow+1","Ball_Of_Ice","OpoOpo_Form+1","Waterkick","Spreading Infection","Perfect_Balance+1","Sickly","Waterkick"],"relics":["Sneakers","aspiration:Lifesprig","Replay:Multitool","OrangePellets","aspiration:StickyExplosives","Orrery","Blue Doll","Chameleon Ring","Oddly Smooth Stone","Cursed Key","GremlinMask","White_Cape","ReplayTheSpireMod:TigerMarble","jedi:ominousloannote","Piano_Music","Replay:Bottled Snecko","jedi:arcanewood","Blood Vial","Tiny House","jedi:kaleidoscope","ReplayTheSpireMod:CursedCoin","HornCleat","Mirror","Calipers","Replay:Ringing Soul","Bag of Marbles"],"acts_visited":["Exordium","TheCity","TheBeyond"],"potions_floor_usage":[7,7,24,29,47,50],"damage_taken":[{"damage":12,"enemies":"Small Slimes","floor":1,"turns":2},{"damage":1,"enemies":"Cultist","floor":3,"turns":3},{"damage":0,"enemies":"2 Louse","floor":4,"turns":1},{"damage":0,"enemies":"Lagavulin","floor":7,"turns":4},{"damage":7,"enemies":"Large Slime","floor":10,"turns":4},{"damage":11,"enemies":"Replay:BlueRogue","floor":11,"turns":5},{"damage":8,"enemies":"3 Louse","floor":12,"turns":3},{"damage":27,"enemies":"Gremlin Nob","floor":13,"turns":4},{"damage":0,"enemies":"Looter","floor":14,"turns":3},{"damage":25,"enemies":"Slime Boss","floor":16,"turns":7},{"damage":7,"enemies":"3 Byrds","floor":18,"turns":4},{"damage":5,"enemies":"Shell Parasite","floor":22,"turns":4},{"damage":31,"enemies":"Slavers","floor":24,"turns":4},{"damage":7,"enemies":"Gremlin Leader","floor":29,"turns":3},{"damage":10,"enemies":"Automaton","floor":33,"turns":5},{"damage":23,"enemies":"3 Darklings","floor":35,"turns":4},{"damage":6,"enemies":"Mind Bloom Boss Battle","floor":37,"turns":4},{"damage":65,"enemies":"Reptomancer","floor":41,"turns":3},{"damage":4,"enemies":"Orb Walker","floor":45,"turns":2},{"damage":5,"enemies":"Spire Growth","floor":46,"turns":4},{"damage":0,"enemies":"Maw","floor":47,"turns":1},{"damage":9,"enemies":"Nemesis","floor":48,"turns":3},{"damage":0,"enemies":"Time Eater","floor":50,"turns":6}],"seed_played":"-71762336368918163","potions_obtained":[{"floor":1,"key":"jedi:StrikingPotion"},{"floor":11,"key":"jedi:mysterypotion"},{"floor":16,"key":"LiquidMemories"},{"floor":22,"key":"Dexterity Potion"},{"floor":28,"key":"LiquidMemories"},{"floor":29,"key":"SmokeBomb"}],"is_trial":false,"path_per_floor":["M","?","M","M","?","R","E","$","T","M","E","M","E","M","R","B",null,"M","?","?","?","M","R","E","$","T","$","?","E","R","?","R","B",null,"M","?","?","$","T","R","E","R","T","R","M","M","M","E","R","B",null],"character_chosen":"BARTENDER","items_purchased":["aspiration:Lifesprig","Axe_Heel_Kick+1","OrangePellets","FearPotion","Orrery","jedi:ominousloannote","Rope_A_Dope","Piano_Music","Moonsault_Kick","DuplicationPotion","ReplayTheSpireMod:CursedCoin","HornCleat","Waterkick"],"campfire_rested":4,"item_purchase_floors":[0,0,0,0,8,25,25,25,25,25,38,38,38],"current_hp_per_floor":[47,47,46,46,46,65,65,65,65,58,47,39,12,12,31,6,50,43,43,43,43,38,57,26,26,26,26,26,19,38,51,51,43,65,44,44,40,40,40,61,70,70,70,70,66,63,65,61,61,63],"gold":158,"neow_bonus":"","is_daily":false,"chose_seed":false,"campfire_upgraded":4,"win_rate":0.0,"timestamp":1612752067,"path_taken":["M","?","?","M","?","R","E","$","T","M","E","M","E","M","R","BOSS","M","?","?","?","?","R","E","$","T","$","?","E","R","?","R","BOSS","M","?","?","?","?","R","E","R","T","R","M","M","M","E","R","BOSS"],"items_purchased_type":["Relic","Card","Relic","Potion","Relic","Relic","Card","Relic","Card","Potion","Relic","Relic","Card"],"build_version":"2020-12-22","purchased_purges":2,"victory":true,"max_hp_per_floor":[65,65,65,65,65,65,65,65,65,65,65,65,65,65,65,65,65,65,65,65,65,65,65,65,65,65,65,65,65,65,65,65,65,70,70,70,70,70,70,70,70,70,70,70,70,70,70,73,73,73],"relic_stats":{"Blood Vial":16,"OrangePellets":[19],"counters":[44,140],"Cursed Key":4,"obtain_stats":[{"aspiration:Lifesprig":0,"Tiny House":34,"Calipers":41,"Piano_Music":25,"Mango":29,"Blue Doll":9,"GremlinMask":19,"Sizzling Blood":11,"Replay:Multitool":0,"Cursed Key":17,"White_Cape":20,"Blood Vial":29,"Replay:Ringing Soul":26,"Chameleon Ring":11,"HornCleat":38,"jedi:firstaidkit":5,"Replay:Bottled Snecko":26,"Potion Belt":12,"aspiration:StickyExplosives":7,"Sneakers":0,"aspiration:Nostalgia":11,"ReplayTheSpireMod:CursedCoin":12,"Oddly Smooth Stone":13,"Orichalcum":8,"Frozen Egg 2":9,"OrangePellets":0,"jedi:kaleidoscope":37,"jedi:ominousloannote":5,"Orrery":8,"ReplayTheSpireMod:TigerMarble":24,"Bag of Marbles":48,"aspiration:HatOfInfinitePower":0,"ReplayTheSpireMod:DimensionalGlitch":34,"jedi:arcanewood":28,"Mirror":39,"ReplayTheSpireMod:ShopPack":5},{"aspiration:Lifesprig":21,"Tiny House":36,"Calipers":39,"Piano_Music":34,"Mango":15,"Blue Doll":25,"GremlinMask":32,"Sizzling Blood":6,"Replay:Multitool":21,"Cursed Key":9,"White_Cape":32,"Blood Vial":35,"Replay:Ringing Soul":13,"Chameleon Ring":27,"HornCleat":38,"jedi:firstaidkit":3,"Replay:Bottled Snecko":34,"Potion Belt":6,"aspiration:StickyExplosives":25,"Sneakers":0,"aspiration:Nostalgia":6,"ReplayTheSpireMod:CursedCoin":6,"Oddly Smooth Stone":29,"Orichalcum":5,"Frozen Egg 2":5,"OrangePellets":21,"jedi:kaleidoscope":38,"jedi:ominousloannote":3,"Orrery":25,"ReplayTheSpireMod:TigerMarble":34,"Bag of Marbles":43,"aspiration:HatOfInfinitePower":0,"ReplayTheSpireMod:DimensionalGlitch":17,"jedi:arcanewood":34,"Mirror":38,"ReplayTheSpireMod:ShopPack":3},{"aspiration:Lifesprig":57,"Tiny House":113,"Calipers":124,"Piano_Music":105,"Mango":40,"Blue Doll":67,"GremlinMask":97,"Sizzling Blood":14,"Replay:Multitool":57,"Cursed Key":21,"White_Cape":97,"Blood Vial":108,"Replay:Ringing Soul":34,"Chameleon Ring":76,"HornCleat":121,"jedi:firstaidkit":6,"Replay:Bottled Snecko":105,"Potion Belt":14,"aspiration:StickyExplosives":67,"Sneakers":0,"aspiration:Nostalgia":14,"ReplayTheSpireMod:CursedCoin":14,"Oddly Smooth Stone":83,"Orichalcum":11,"Frozen Egg 2":11,"OrangePellets":57,"jedi:kaleidoscope":121,"jedi:ominousloannote":6,"Orrery":67,"ReplayTheSpireMod:TigerMarble":105,"Bag of Marbles":134,"aspiration:HatOfInfinitePower":0,"ReplayTheSpireMod:DimensionalGlitch":46,"jedi:arcanewood":105,"Mirror":121,"ReplayTheSpireMod:ShopPack":6}]},"card_choices":[{"not_picked":["Center_Self","Foot_Thrust"],"picked":"Cross","floor":1},{"not_picked":["Pony_Shot","Center_Self"],"picked":"Fading_Blow","floor":3},{"not_picked":["With_A_Twist","Press_Forward","Storage"],"picked":"SKIP","floor":4},{"not_picked":["Free_Pour","Pony_Shot"],"picked":"Scowl","floor":7},{"not_picked":["With_A_Twist","Stick_and_Move"],"picked":"Momentum","floor":8},{"not_picked":["Stick_and_Move","Scowl"],"picked":"Wall_of_Ice","floor":8},{"not_picked":["Tornado_Kick","Foot_Thrust"],"picked":"Wall_of_Ice","floor":8},{"not_picked":["Scowl","Dragonkick"],"picked":"Feint","floor":8},{"not_picked":["Momentum","Free_Pour"],"picked":"Combo_Master","floor":10},{"not_picked":["Foot_Thrust","Dancing_Jab"],"picked":"Bitters","floor":11},{"not_picked":["Greased_Lightning","On_The_Rocks"],"picked":"Meteodrive","floor":12},{"not_picked":["ThreeSidedStar","Bloodbath_Bartender"],"picked":"Butterfly_Float","floor":13},{"not_picked":["On_The_House","Torment"],"picked":"Greased_Lightning","floor":14},{"not_picked":["Breathe_Deep","High_Tide"],"picked":"Moonsault_Kick","floor":16},{"not_picked":["Feint","Momentum+1"],"picked":"Vortex","floor":18},{"not_picked":["Meditate","With_A_Twist"],"picked":"Dancing_Jab","floor":22},{"not_picked":["Dancing_Jab","With_A_Twist","Bouncer"],"picked":"SKIP","floor":24},{"not_picked":["Step_Of_The_Wind","Pony_Shot"],"picked":"Snap_Punch+1","floor":28},{"not_picked":["Phantom_Blow","Free_Pour"],"picked":"Stick_and_Move","floor":28},{"not_picked":["Free_Pour","Fight_Dirty","Scoop+1"],"picked":"SKIP","floor":29},{"not_picked":["Cold_Blooded","Butterfly_Float"],"picked":"Dolphin_Blow","floor":33},{"not_picked":["Cross+1","Blizzard_Spikes"],"picked":"Ball_Of_Ice","floor":35},{"not_picked":["Fading_Blow+1","Cross"],"picked":"OpoOpo_Form","floor":37},{"not_picked":["Center_Self","Glare"],"picked":"Perfect_Balance+1","floor":41},{"not_picked":["Torment","Well_Drinks+1","Step_Of_The_Wind+1"],"picked":"SKIP","floor":45},{"not_picked":["Well_Drinks","Free_Pour","Training_Dummy"],"picked":"SKIP","floor":46},{"not_picked":["Center_Self+1","Feint"],"picked":"Waterkick","floor":48}],"player_experience":1253060,"relics_obtained":[{"floor":7,"key":"aspiration:StickyExplosives"},{"floor":9,"key":"Blue Doll"},{"floor":11,"key":"Chameleon Ring"},{"floor":13,"key":"Oddly Smooth Stone"},{"floor":24,"key":"ReplayTheSpireMod:TigerMarble"},{"floor":26,"key":"Replay:Bottled Snecko"},{"floor":28,"key":"jedi:arcanewood"},{"floor":29,"key":"Blood Vial"},{"floor":37,"key":"jedi:kaleidoscope"},{"floor":39,"key":"Mirror"},{"floor":41,"key":"Calipers"},{"floor":43,"key":"Replay:Ringing Soul"},{"floor":48,"key":"Bag of Marbles"}],"event_choices":[{"damage_healed":0,"gold_gain":1,"player_choice":"4","damage_taken":0,"max_hp_gain":0,"max_hp_loss":0,"event_name":"betterStone:BetterStone","floor":2,"gold_loss":0,"cards_obtained":["Faith"]},{"damage_healed":0,"gold_gain":0,"player_choice":"Trade","damage_taken":0,"relics_obtained":["GremlinMask"],"max_hp_gain":0,"max_hp_loss":0,"event_name":"FaceTrader","floor":19,"gold_loss":0},{"damage_healed":0,"gold_gain":0,"player_choice":"Gave Potion","damage_taken":0,"relics_obtained":["White_Cape"],"max_hp_gain":0,"max_hp_loss":0,"event_name":"WeMeetAgain","floor":20,"gold_loss":0},{"damage_healed":0,"gold_gain":0,"player_choice":"Forge","damage_taken":0,"max_hp_gain":0,"max_hp_loss":0,"event_name":"Accursed Blacksmith","floor":21,"gold_loss":0,"cards_upgraded":["Momentum"]},{"damage_healed":13,"gold_gain":0,"player_choice":"Heal","damage_taken":0,"max_hp_gain":0,"max_hp_loss":0,"event_name":"The Library","floor":31,"gold_loss":0},{"damage_healed":0,"gold_gain":0,"player_choice":"Ignored","damage_taken":0,"max_hp_gain":0,"max_hp_loss":0,"event_name":"Mysterious Sphere","floor":36,"gold_loss":0},{"damage_healed":0,"gold_gain":0,"player_choice":"Fight","damage_taken":0,"max_hp_gain":0,"max_hp_loss":0,"event_name":"MindBloom","floor":37,"gold_loss":0}],"is_beta":false,"boss_relics":[{"not_picked":["aspiration:RitualDagger","Empty Cage"],"picked":"Cursed Key"},{"not_picked":["energizedSpire:NeverEndingSparkler","Kintsugi"],"picked":"Tiny House"}],"items_purged_floors":[38,38],"is_endless":false,"potions_floor_spawned":[1,11,16,18,22,29,35,41,47],"ascension_level":18}}