{"host":"zjnmjbs15rdpqnz9","time":1612817747,"event":{"mods":["BaseMod","Downfall","Minty Spire (QoL Compilation)","StSLib"],"gold_per_floor":[99,114,129,129,159,189,189,19,19,19,34,34,49,64,79,179,179,179,194,49,64,4,4,54,54,84,84,84,234,249,264,279,379,379,179,194,209,154,169,184,184,199,199,199,229,229,229,259,274,274],"floor_reached":51,"language":"ENG","playtime":2897,"items_purged":["Guardian:Strike_Guardian","Guardian:Strike_Guardian"],"score":854,"play_id":"760cb21f-a7ee-4cd3-b922-5cfde3377f3d","local_time":"20210208135547","daily_mods":["Heirloom","downfall:Jewelcrafting","Elite Swarm"],"is_ascension_mode":false,"campfire_choices":[{"data":"Guardian:Suspension","floor":18,"key":"SMITH"},{"data":"Guardian:ExploitGems","floor":23,"key":"SMITH"},{"data":"Guardian:ExploitGems","floor":25,"key":"SMITH"},{"floor":27,"key":"RECALL"},{"data":"Guardian:BaubleBeam","floor":35,"key":"SMITH"},{"data":"Guardian:ExploitGems","floor":43,"key":"SMITH"},{"data":"Guardian:CompilePackage","floor":46,"key":"SMITH"}],"circlet_count":0,"master_deck":["Guardian:Strike_Guardian","Guardian:Strike_Guardian","Guardian:Defend_Guardian","Guardian:Defend_Guardian","Guardian:Defend_Guardian","Guardian:Defend_Guardian","Guardian:CurlUp","Guardian:TwinSlam","Guardian:ExploitGems+1","Guardian:ExploitGems+1","Guardian:GemFinder","Guardian:CrystalBeam","Guardian:Suspension+1","Guardian:Preprogram","Guardian:CrystalBeam+1","Guardian:ShieldCharger","Guardian:Recover+1","Guardian:RefractedBeam","Guardian:Incinerate","Guardian:ExploitGems","Guardian:Reroute","Guardian:Planning","Guardian:PrismaticBeam","Guardian:BaubleBeam+1","Guardian:Gem_Lightblue","Guardian:FuturePlans+1","Guardian:SphericShield","Guardian:ExploitGems+1","CurseOfTheBell","CurseOfTheBell","Guardian:CompilePackage+1","Guardian:StasisEngine","Guardian:Gem_Cyan"],"relics":["Guardian:ModeShifter","Guardian:PickAxe","Mango","Pear","Letter Opener","SacredBark","CaptainsWheel","downfall:RedIOU","expansioncontent:StudyCardRelic","downfall:HeartBlessingGreen","downfall:HeartBlessingRed","ClockworkSouvenir","Lantern","PreservedInsect","downfall:ExtraCursedBell","Bronze Scales","StrikeDummy","Bird Faced Urn","Oddly Smooth Stone","Dream Catcher"],"acts_visited":["Exordium","TheCity","TheBeyond"],"potions_floor_usage":[6,26],"damage_taken":[{"damage":3,"enemies":"Small Slimes","floor":2,"turns":4},{"damage":6,"enemies":"2 Louse","floor":3,"turns":2},{"damage":21,"enemies":"3 Sentries","floor":6,"turns":12},{"damage":5,"enemies":"downfall:FleeingMerchant","floor":8,"turns":4},{"damage":0,"enemies":"Jaw Worm","floor":11,"turns":1},{"damage":1,"enemies":"Gremlin Gang","floor":13,"turns":3},{"damage":8,"enemies":"Large Slime","floor":14,"turns":4},{"damage":0,"enemies":"Blue Slaver","floor":15,"turns":3},{"damage":20,"enemies":"WA_ARCHETYPE_RETAIN","floor":16,"turns":8},{"damage":2,"enemies":"Chosen","floor":19,"turns":3},{"damage":6,"enemies":"downfall:FleeingMerchant","floor":20,"turns":4},{"damage":2,"enemies":"3 Byrds","floor":21,"turns":4},{"damage":2,"enemies":"downfall:FleeingMerchant","floor":22,"turns":4},{"damage":20,"enemies":"Slavers","floor":26,"turns":5},{"damage":13,"enemies":"Centurion and Healer","floor":30,"turns":4},{"damage":0,"enemies":"Snake Plant","floor":31,"turns":1},{"damage":0,"enemies":"Snecko","floor":32,"turns":3},{"damage":10,"enemies":"IC_MUSHROOM_ARCHETYPE","floor":33,"turns":7},{"damage":18,"enemies":"3 Darklings","floor":36,"turns":4},{"damage":7,"enemies":"3 Shapes","floor":37,"turns":2},{"damage":7,"enemies":"downfall:FleeingMerchant","floor":38,"turns":3},{"damage":14,"enemies":"Spire Growth","floor":39,"turns":3},{"damage":0,"enemies":"4 Shapes","floor":40,"turns":3},{"damage":0,"enemies":"Jaw Worm Horde","floor":42,"turns":3},{"damage":6,"enemies":"Nemesis","floor":45,"turns":5},{"damage":13,"enemies":"Giant Head","floor":48,"turns":4},{"damage":0,"enemies":"Sphere and 2 Shapes","floor":49,"turns":3},{"damage":15,"enemies":"SI_POISON_ARCHETYPE","floor":50,"turns":5}],"seed_played":"-2425098010432476902","potions_obtained":[{"floor":2,"key":"Explosive Potion"},{"floor":11,"key":"Guardian:BlockOnCardUsePotion"},{"floor":13,"key":"Fire Potion"},{"floor":15,"key":"SteroidPotion"},{"floor":26,"key":"Ancient Potion"},{"floor":30,"key":"champ:CounterPotion"},{"floor":39,"key":"Regen Potion"},{"floor":40,"key":"DistilledChaos"}],"is_trial":false,"path_per_floor":["R","M","M","?","?","E","T","$","R","?","M","R","M","M","M","B",null,"R","M","$","M","$","R","T","R","E","R","?","?","M","M","M","B",null,"R","M","M","$","M","M","T","M","R","?","E","R","?","E","M","B",null],"character_chosen":"GUARDIAN","items_purchased":["Guardian:Gem_Purple","Guardian:Gem_Purple","Guardian:ShieldCharger","Guardian:Incinerate","ClockworkSouvenir","Lantern"],"campfire_rested":0,"item_purchase_floors":[8,20,20,22,38,38],"current_hp_per_floor":[94,91,85,83,83,62,62,57,57,91,91,91,90,82,82,62,104,104,102,96,94,92,92,92,92,72,72,72,72,59,59,59,49,104,104,86,79,72,58,58,58,58,58,58,60,60,60,53,61,58],"gold":274,"neow_bonus":"","is_daily":true,"chose_seed":false,"campfire_upgraded":6,"win_rate":0.0,"timestamp":1612817747,"path_taken":["R","M","M","?","?","E","T","$","R","?","M","R","M","M","M","BOSS","R","M","$","M","$","R","T","R","E","R","?","?","M","M","M","BOSS","R","M","M","$","M","?","T","M","R","?","E","R","?","E","M","BOSS"],"items_purchased_type":["Card","Card","Card","Card","Relic","Relic"],"build_version":"2020-12-22","purchased_purges":2,"victory":true,"max_hp_per_floor":[94,94,94,104,104,104,104,104,104,104,104,104,104,104,104,104,104,104,104,104,104,104,104,104,104,104,104,104,104,104,104,104,104,104,104,104,104,104,104,104,104,104,104,104,104,104,104,104,104,104],"card_choices":[{"not_picked":["Guardian:VentSteam","Guardian:ShieldCharger"],"picked":"Guardian:Gem_Yellow","floor":2},{"not_picked":["Guardian:CrystalBeam","Guardian:PiercingHide"],"picked":"Guardian:Gem_Blue","floor":3},{"not_picked":["Guardian:Gem_Synthetic","Guardian:Gem_Orange"],"picked":"Guardian:GemFinder","floor":6},{"not_picked":["Guardian:Gem_Cyan","Guardian:Gem_Lightblue"],"picked":"Guardian:Gem_Green","floor":8},{"not_picked":["Guardian:EvasiveProtocol","Guardian:Gem_Lightblue"],"picked":"Guardian:CrystalBeam","floor":8},{"not_picked":["Guardian:Suspension","Guardian:Gem_Blue"],"picked":"Guardian:Gem_Crimson","floor":11},{"not_picked":["Guardian:Gem_Red","Guardian:Gem_Green"],"picked":"Guardian:Gem_Cyan","floor":13},{"not_picked":["Guardian:Recover","Guardian:Gem_Cyan"],"picked":"Guardian:WalkerClaw","floor":13},{"not_picked":["Guardian:Gem_Green","Guardian:Gem_Cyan"],"picked":"Guardian:Gem_Red","floor":14},{"not_picked":["Guardian:MultiBeam","Guardian:Gem_Lightblue","Guardian:WalkerClaw"],"picked":"SKIP","floor":14},{"not_picked":["Guardian:Repulse","Guardian:BronzeArmor"],"picked":"Guardian:Suspension","floor":15},{"not_picked":["Guardian:Gem_Cyan","Guardian:Gem_Lightblue"],"picked":"Guardian:Gem_Green","floor":15},{"not_picked":["Guardian:GemFire","Guardian:HyperBeam_Guardian"],"picked":"Guardian:Gem_Synthetic","floor":16},{"not_picked":["Guardian:Gem_Lightblue","Guardian:Gem_Cyan"],"picked":"Guardian:Gem_Red","floor":16},{"not_picked":["Guardian:PrimingBeam","Guardian:TemporalStrike"],"picked":"Guardian:Preprogram","floor":19},{"not_picked":["Guardian:PrimingBeam","Guardian:BronzeOrb"],"picked":"Guardian:CrystalBeam+1","floor":20},{"not_picked":["Guardian:CrystalBeam","Guardian:ChargeUp"],"picked":"Guardian:Recover+1","floor":21},{"not_picked":["Guardian:SpikerProtocol","Guardian:SentryBeam"],"picked":"Guardian:RefractedBeam","floor":22},{"not_picked":["Guardian:SphericShield","Guardian:AncientConstruct"],"picked":"Guardian:ExploitGems","floor":26},{"not_picked":["Guardian:Gem_Green","Guardian:Gem_Lightblue"],"picked":"Guardian:Gem_Red","floor":30},{"not_picked":["Guardian:Gem_Green","Guardian:BronzeOrb"],"picked":"Guardian:Reroute","floor":30},{"not_picked":["Guardian:Recover","Guardian:Incinerate"],"picked":"Guardian:Planning","floor":31},{"not_picked":["Guardian:TemporalStrike+1","Guardian:Gem_Cyan"],"picked":"Guardian:PrismaticBeam","floor":32},{"not_picked":["Guardian:GemFinder","Guardian:StasisField"],"picked":"Guardian:BaubleBeam","floor":33},{"not_picked":["Guardian:Gem_Green","Guardian:Gem_Red"],"picked":"Guardian:Gem_Cyan","floor":33},{"not_picked":["Guardian:PolyBeam+1","Guardian:Orbwalk+1"],"picked":"Guardian:Gem_Yellow","floor":36},{"not_picked":["Guardian:Gem_Cyan","Guardian:Gem_Red"],"picked":"Guardian:Gem_Lightblue","floor":36},{"not_picked":["Guardian:PiercingHide","Guardian:Recover+1"],"picked":"Guardian:FuturePlans+1","floor":37},{"not_picked":["Guardian:Gem_Red","Guardian:Gem_Lightblue"],"picked":"Guardian:Gem_Green","floor":37},{"not_picked":["Guardian:ChargeCore+1","Guardian:RefractedBeam"],"picked":"Guardian:SphericShield","floor":38},{"not_picked":["Guardian:ChargeCore","Guardian:Gem_Red"],"picked":"Guardian:Gem_Yellow","floor":39},{"not_picked":["Guardian:Gem_Green","Guardian:Gem_Cyan"],"picked":"Guardian:Gem_Red","floor":40},{"not_picked":["Guardian:MultiBeam+1","Guardian:ArmoredProtocol","Guardian:DonusPower"],"picked":"SKIP","floor":40},{"not_picked":["Guardian:Gem_Red","Guardian:TimeCapacitor+1"],"picked":"Guardian:ExploitGems","floor":42},{"not_picked":["Guardian:GatlingBeam","Guardian:GemFinder"],"picked":"Guardian:CompilePackage","floor":45},{"not_picked":["Guardian:Gem_Lightblue","Guardian:Gem_Green"],"picked":"Guardian:Gem_Red","floor":45},{"not_picked":["Guardian:FierceBash","Guardian:BaubleBeam"],"picked":"Guardian:StasisEngine","floor":48},{"not_picked":["Guardian:PrismaticBarrier+1","Guardian:CrystalBeam+1"],"picked":"Guardian:Gem_Cyan","floor":49}],"player_experience":895610,"relics_obtained":[{"floor":6,"key":"Letter Opener"},{"floor":7,"key":"Centennial Puzzle"},{"floor":24,"key":"Art of War"},{"floor":26,"key":"CaptainsWheel"},{"floor":41,"key":"PreservedInsect"},{"floor":44,"key":"Bronze Scales"},{"floor":44,"key":"StrikeDummy"},{"floor":44,"key":"Bird Faced Urn"},{"floor":45,"key":"Oddly Smooth Stone"},{"floor":48,"key":"Dream Catcher"}],"event_choices":[{"damage_healed":0,"gold_gain":0,"player_choice":"Success","damage_taken":12,"relics_obtained":["Pear"],"max_hp_gain":0,"max_hp_loss":0,"event_name":"Scrap Ooze","floor":4,"gold_loss":0},{"damage_healed":34,"gold_gain":0,"player_choice":"Banana","damage_taken":0,"max_hp_gain":0,"max_hp_loss":0,"event_name":"Big Fish","floor":10,"gold_loss":0},{"cards_removed":["Guardian:WalkerClaw"],"damage_healed":0,"gold_gain":0,"player_choice":"Removed Attack","damage_taken":0,"max_hp_gain":0,"max_hp_loss":0,"event_name":"Falling","floor":47,"gold_loss":0}],"is_beta":false,"boss_relics":[{"not_picked":["Philosopher\u0027s Stone","Guardian:StasisSlotReductionRelic"],"picked":"SacredBark"},{"not_picked":["Busted Crown","Empty Cage"],"picked":"expansioncontent:StudyCardRelic"}],"items_purged_floors":[8,38],"is_endless":false,"potions_floor_spawned":[2,11,13,15,16,26,30,31,39,40,42,48,49],"ascension_level":0}}