{"host":"928gv66myv2vlnsd","time":1612749041,"event":{"mods":["BaseMod","Highlight Path","Minty Spire (QoL Compilation)","StSLib"],"gold_per_floor":[109,125,173,173,143,178,178,190,190,190,1,36,53,88,88,192,192,208,233,72,86,100,100,100],"floor_reached":23,"language":"ENG","playtime":1144,"items_purged":["Strike_B"],"score":363,"play_id":"28cdc9ef-5e41-47f3-98c7-1aa217532f40","local_time":"20210207205041","is_ascension_mode":true,"campfire_choices":[{"data":"Consume","floor":7,"key":"SMITH"},{"data":"Cold Snap","floor":10,"key":"SMITH"},{"floor":15,"key":"REST"}],"circlet_count":0,"master_deck":["AscendersBane","Strike_B","Strike_B","Strike_B","Defend_B","Defend_B","Defend_B","Defend_B","Zap","Dualcast","Consume+1","Cold Snap+1","Compile Driver","Beam Cell","Self Repair","Biased Cognition","Turbo","Hologram","Reboot","FTL","Coolheaded","Doom and Gloom","Redo","Chill"],"relics":["Cracked Core","NeowsBlessing","Smiling Mask","Gremlin Horn","Pen Nib","Tiny Chest","Membership Card","Anchor","White Beast Statue","SacredBark","Red Mask","Omamori"],"acts_visited":["Exordium","TheCity"],"potions_floor_usage":[5,12,12,12,16,18,21,21,23,23],"damage_taken":[{"damage":0,"enemies":"Cultist","floor":1,"turns":1},{"damage":0,"enemies":"2 Louse","floor":2,"turns":1},{"damage":0,"enemies":"Gremlin Nob","floor":6,"turns":1},{"damage":2,"enemies":"Jaw Worm","floor":8,"turns":3},{"damage":20,"enemies":"3 Sentries","floor":12,"turns":7},{"damage":3,"enemies":"Gremlin Gang","floor":13,"turns":5},{"damage":25,"enemies":"Lagavulin","floor":14,"turns":6},{"damage":32,"enemies":"The Guardian","floor":16,"turns":14},{"damage":14,"enemies":"3 Byrds","floor":18,"turns":4},{"damage":57,"enemies":"Masked Bandits","floor":19,"turns":5},{"damage":1,"enemies":"2 Thieves","floor":21,"turns":4},{"damage":8,"enemies":"Snake Plant","floor":22,"turns":5},{"damage":29,"enemies":"Book of Stabbing","floor":23,"turns":7}],"seed_played":"-4316428356381703808","potions_obtained":[{"floor":1,"key":"EntropicBrew"},{"floor":5,"key":"EntropicBrew"},{"floor":13,"key":"SpeedPotion"},{"floor":16,"key":"FocusPotion"},{"floor":18,"key":"Regen Potion"},{"floor":19,"key":"PowerPotion"},{"floor":21,"key":"EssenceOfSteel"},{"floor":22,"key":"GamblersBrew"}],"is_trial":false,"path_per_floor":["M","M","T","?","?","E","R","M","T","R","$","E","M","E","R","B",null,"M","?","$","M","M","E"],"character_chosen":"DEFECT","items_purchased":["Membership Card","Self Repair","Omamori","Doom and Gloom"],"campfire_rested":1,"item_purchase_floors":[11,11,20,20],"current_hp_per_floor":[68,68,68,65,65,65,65,63,63,63,63,50,54,36,58,33,65,58,8,8,34,26,0,0],"gold":100,"neow_bonus":"THREE_ENEMY_KILL","is_daily":false,"chose_seed":false,"campfire_upgraded":2,"win_rate":0.0,"timestamp":1612749041,"path_taken":["M","M","?","?","?","E","R","?","T","R","$","E","M","E","R","BOSS","M","?","$","M","M","E"],"items_purchased_type":["Relic","Card","Relic","Card"],"build_version":"2020-12-22","purchased_purges":1,"victory":false,"max_hp_per_floor":[75,75,75,75,75,75,75,75,75,75,75,75,75,75,75,75,75,75,75,75,75,75,75,75],"card_choices":[{"not_picked":["Cold Snap","Rebound"],"picked":"Consume","floor":1},{"not_picked":["Go for the Eyes","FTL"],"picked":"Cold Snap","floor":2},{"not_picked":["Gash","Steam"],"picked":"Compile Driver","floor":6},{"not_picked":["BootSequence","Streamline"],"picked":"Beam Cell","floor":8},{"not_picked":["White Noise","Machine Learning"],"picked":"Biased Cognition","floor":12},{"not_picked":["Barrage","Stack"],"picked":"Turbo","floor":13},{"not_picked":["Redo","Go for the Eyes"],"picked":"Hologram","floor":14},{"not_picked":["Rainbow","Amplify"],"picked":"Reboot","floor":16},{"not_picked":["Sunder","Sweeping Beam+1"],"picked":"FTL","floor":18},{"not_picked":["Rebound","Barrage"],"picked":"Coolheaded","floor":19},{"not_picked":["Storm","Streamline"],"picked":"Redo","floor":21},{"not_picked":["Conserve Battery","Go for the Eyes+1"],"picked":"Chill","floor":22}],"player_experience":1466546,"relics_obtained":[{"floor":3,"key":"Smiling Mask"},{"floor":6,"key":"Pen Nib"},{"floor":9,"key":"Tiny Chest"},{"floor":12,"key":"Anchor"},{"floor":14,"key":"White Beast Statue"},{"floor":19,"key":"Red Mask"}],"event_choices":[{"damage_healed":0,"gold_gain":0,"player_choice":"Success","damage_taken":3,"relics_obtained":["Gremlin Horn"],"max_hp_gain":0,"max_hp_loss":0,"event_name":"Scrap Ooze","floor":4,"gold_loss":0},{"damage_healed":0,"gold_gain":0,"player_choice":"Bought 2 Potions","damage_taken":0,"max_hp_gain":0,"max_hp_loss":0,"event_name":"The Woman in Blue","floor":5,"gold_loss":0},{"damage_healed":0,"gold_gain":0,"player_choice":"Fought Bandits","damage_taken":0,"max_hp_gain":0,"max_hp_loss":0,"event_name":"Masked Bandits","floor":19,"gold_loss":0}],"is_beta":false,"boss_relics":[{"not_picked":["FrozenCore","Ectoplasm"],"picked":"SacredBark"}],"items_purged_floors":[20],"is_endless":false,"potions_floor_spawned":[1,8,13,14,16,18,19,21,22],"killed_by":"Book of Stabbing","ascension_level":11}}