{"host":"0ssbae92yp6998o9","time":1612754815,"event":{"mods":["ATMod(°¢èªMod)","BaseMod","Marisa£¨ìFÓê¡¡Ä§ÀíÉ³£©","Minty Spire (QoL Compilation)","READ ME - Guardian Mod","Shop Mod","Spicy Shops","StSLib","Waifu the Spire"],"gold_per_floor":[109,209,66,76,90,124,124,134,160,160,177,210,228,228,228,330,330,341,341,351,370,405,405,405],"floor_reached":23,"language":"ZHT","playtime":958,"items_purged":[],"score":256,"play_id":"c6508142-4836-426c-8c95-363db3d32d15","local_time":"20210208112655","is_ascension_mode":true,"campfire_choices":[{"data":"SprinkleStarSeal","floor":7.0,"key":"SMITH"},{"data":"AlicesGift","floor":10.0,"key":"SMITH"},{"data":"Acceleration","floor":15.0,"key":"SMITH"}],"circlet_count":0,"master_deck":["Strike_MRS","Strike_MRS","Defend_MRS","Defend_MRS","Defend_MRS","MasterSpark","UpSweep","SprinkleStarSeal+1","LuminesStrike","MilkyWay","AlicesGift+1","EventHorizon","Acceleration+1","CollectingQuirk","SuperNova+1","ChargeUpSpray+1","EnergyFlow+1","Acceleration+1","Robbery","GasGiant"],"relics":["MiniHakkero","AT_ATBox","NeowsBlessing","AT_BladeRuinedKing","Boot","Anchor","AT_EbonyIvory","Astrolabe"],"acts_visited":["Exordium","TheCity"],"potions_floor_usage":[20,21,23],"damage_taken":[{"damage":0.0,"enemies":"2 Louse","floor":1.0,"turns":1.0},{"damage":0.0,"enemies":"Cultist","floor":4.0,"turns":1.0},{"damage":0.0,"enemies":"Jaw Worm","floor":5.0,"turns":1.0},{"damage":15.0,"enemies":"3 Sentries","floor":6.0,"turns":6.0},{"damage":5.0,"enemies":"Gremlin Gang","floor":8.0,"turns":4.0},{"damage":0.0,"enemies":"Exordium Wildlife","floor":11.0,"turns":3.0},{"damage":7.0,"enemies":"Gremlin Nob","floor":12.0,"turns":3.0},{"damage":0.0,"enemies":"3 Louse","floor":13.0,"turns":2.0},{"damage":20.0,"enemies":"The Guardian","floor":16.0,"turns":8.0},{"damage":11.0,"enemies":"Spheric Guardian","floor":18.0,"turns":3.0},{"damage":2,"enemies":"3 Byrds","floor":20,"turns":3},{"damage":6,"enemies":"Snake Plant","floor":21,"turns":3},{"damage":0,"enemies":"Centurion and Healer","floor":22,"turns":4},{"damage":30,"enemies":"Gremlin Leader","floor":23,"turns":3}],"seed_played":"7315759303044023251","potions_obtained":[{"floor":1.0,"key":"Block Potion"},{"floor":6.0,"key":"ShroomBrew"},{"floor":8.0,"key":"BottledSpark"},{"floor":13.0,"key":"SkillPotion"},{"floor":18.0,"key":"SteroidPotion"}],"is_trial":false,"path_per_floor":["M","?","$","M","M","E","R","M","T","R","M","E","M","?","R","B",null,"M","?","M","M","M","E"],"character_chosen":"MARISA","items_purchased":["AT_BladeRuinedKing"],"campfire_rested":0,"item_purchase_floors":[3],"current_hp_per_floor":[75,75,75,75,75,60,60,55,55,55,55,48,48,53,53,33,68,57,54,52,46,46,16,16],"gold":405,"neow_bonus":"THREE_ENEMY_KILL","is_daily":false,"chose_seed":false,"campfire_upgraded":3,"win_rate":0.0,"timestamp":1612754815,"path_taken":["M","?","$","M","?","E","R","M","T","R","M","E","M","?","R","BOSS","M","?","M","?","M","E"],"items_purchased_type":["Relic"],"build_version":"2020-12-22","purchased_purges":0,"victory":false,"max_hp_per_floor":[75,75,75,75,75,75,75,75,75,75,75,75,75,80,80,80,80,80,80,80,80,80,80,80],"card_choices":[{"not_picked":["DoubleSpark","MeteoricShower"],"picked":"SprinkleStarSeal","floor":1.0},{"not_picked":["EnergyRecoil","NonDirectionalLaser","UnstableBomb"],"picked":"SKIP","floor":4.0},{"not_picked":["AsteroidBelt","UnstableBomb"],"picked":"LuminesStrike","floor":5.0},{"not_picked":["AsteroidBelt","WitchLeyline"],"picked":"MilkyWay","floor":6.0},{"not_picked":["6A","ShootingEcho"],"picked":"AlicesGift","floor":8.0},{"not_picked":["MaximisePower","MysteriousBeam","NonDirectionalLaser"],"picked":"SKIP","floor":11.0},{"not_picked":["IllusionStar","MachineGunSpark"],"picked":"EventHorizon","floor":12.0},{"not_picked":["MysteriousBeam","MilkyWay"],"picked":"Acceleration","floor":13.0},{"not_picked":["FinalSpark","SuperNova"],"picked":"CollectingQuirk","floor":16.0},{"not_picked":["PowerUp","SporeBomb","DarkMatter+1"],"picked":"SKIP","floor":18.0},{"not_picked":["LuminesStrike","6A"],"picked":"Acceleration+1","floor":20},{"not_picked":["SuperPerseids","MysteriousBeam"],"picked":"Robbery","floor":21},{"not_picked":["DeepEcoloBomb","PowerUp"],"picked":"GasGiant","floor":22}],"player_experience":257265,"relics_obtained":[{"floor":6.0,"key":"Boot"},{"floor":9.0,"key":"Anchor"},{"floor":12.0,"key":"AT_EbonyIvory"}],"event_choices":[{"damage_healed":0.0,"max_hp_gain":0.0,"max_hp_loss":0.0,"gold_gain":100.0,"event_name":"Wheel of Change","player_choice":"Gold","floor":2.0,"gold_loss":0.0,"damage_taken":0.0},{"damage_healed":0.0,"max_hp_gain":5.0,"max_hp_loss":0.0,"gold_gain":0.0,"event_name":"Big Fish","player_choice":"Donut","floor":14.0,"gold_loss":0.0,"damage_taken":0.0},{"damage_healed":0,"gold_gain":0,"player_choice":"Punched","damage_taken":3,"max_hp_gain":0,"max_hp_loss":0,"event_name":"Designer","floor":19,"gold_loss":0}],"is_beta":false,"boss_relics":[{"not_picked":["Fusion Hammer","Snecko Eye"],"picked":"Astrolabe"}],"items_purged_floors":[],"is_endless":false,"potions_floor_spawned":[1,6,8,12,13,18],"killed_by":"Gremlin Leader","ascension_level":5}}