{"host":"njruw0b0uprlitpx","time":1612747749,"event":{"mods":["2.2 Compatiblity","Act Like it!","Aspiration","Bartender","BaseMod","Better Altar","Better Match","Better Note","Better Sensory Stone","Better Skull","Better Third Choice","BetterRewards","Block Reminder","Colored Map","Colored Powertips","Curses Come First","Energized Spire","Hallownest","Jedi Mod","Keyboard Shortcuts","Magitek Elite","Minty Spire (QoL Compilation)","Quick Restart","Rare Cards Sparkle","Relic Stats","Replay The Spire","SacredBarkPlus","Spicy Shops","StSLib","SuperFastMode","The Blackbeard"],"gold_per_floor":[114,129,129,129,129,159,9,39,39,39,4,4,4,19,19,119,119,134,149,149,149,20,20,50,50,100,100,100,130,130,130,130,230,230,245,1244,369,369,50,80,80,80,80,80,80,105,25,55,55,55],"floor_reached":51,"language":"ENG","playtime":1677,"items_purged":["Normality","Normality"],"score":937,"play_id":"376c93bd-4161-43d7-bfcd-6fb808dcfaee","local_time":"20210207192909","daily_mods":["Shiny","Flight","Terminal"],"is_ascension_mode":false,"campfire_choices":[{"data":"Barricade","floor":10,"key":"SMITH"},{"data":"Corruption","floor":12,"key":"SMITH"},{"data":"Berserk","floor":15,"key":"SMITH"},{"data":"Armaments","floor":23,"key":"SMITH"},{"floor":25,"key":"REST"},{"data":"Eclipse","floor":27,"key":"SMITH"},{"data":"Brutality","floor":28,"key":"SMITH"},{"data":"jedi:harder","floor":30,"key":"SMITH"},{"data":"Juggernaut","floor":32,"key":"SMITH"},{"data":"jedi:forcepull","floor":41,"key":"SMITH"},{"data":"Flame Barrier","floor":42,"key":"SMITH"},{"data":"Entrench","floor":44,"key":"SMITH"},{"data":"Limit Break","floor":45,"key":"SMITH"},{"data":"Exhume","floor":49,"key":"SMITH"}],"circlet_count":0,"master_deck":["Double Tap+1","Fiend Fire+1","Eclipse+1","jedi:strikingstrike+1","Demonic Infusion+1","Exhume+1","jedi:unlimitedpower","Bludgeon+1","Limit Break+1","Hemogenesis+1","jedi:harder+1","Demon Form","jedi:bloodyhammer","Berserk+1","Impervious","Juggernaut+1","Brutality+1","Offering+1","Feed+1","Replay:Many Hands","Corruption+1","Barricade+1","Reaper+1","Immolate","Flame Barrier+1","Battle Trance+1","Wild Strike+1","jedi:thedog","Thunderclap+1","Cleave+1","Juggernaut+1","Armaments+1","Sword Boomerang+1","Entrench+1","jedi:forcepull+1","Pommel Strike+1","Body Slam+1","Sever Soul+1","Demon Form+1","AbeCurse","Headbutt+1","Battle Trance+1","Carnage+1","Rupture+1"],"relics":["Burning Blood","Molten Egg 2","Juzu Bracelet","ReplayTheSpireMod:CursedCoin","Choco_Feather","MealTicket","Bag of Marbles","jedi:paperlyon","Anchor","aspiration:StickyExplosives","Whetstone","ReplayTheSpireMod:Spearhead","Abe\u0027s Treasure","OrangePellets","Singing Bowl","Red Skull","DollysMirror","Chemical X","Omamori","ReplayTheSpireMod:Ninjato","Centennial Puzzle","Dead Branch","Bird Faced Urn"],"acts_visited":["Exordium","TheCity","TheBeyond"],"potions_floor_usage":[6,19,33,33,39,50],"damage_taken":[{"damage":0,"enemies":"Small Slimes","floor":1,"turns":1},{"damage":2,"enemies":"2 Louse","floor":2,"turns":3},{"damage":24,"enemies":"Lagavulin","floor":6,"turns":4},{"damage":26,"enemies":"3 Sentries","floor":8,"turns":4},{"damage":0,"enemies":"Jaw Worm","floor":14,"turns":1},{"damage":28,"enemies":"Slime Boss","floor":16,"turns":7},{"damage":9,"enemies":"2 Thieves","floor":18,"turns":3},{"damage":30,"enemies":"Spheric Guardian","floor":19,"turns":5},{"damage":46,"enemies":"Replay:Snechameleon","floor":24,"turns":3},{"damage":23,"enemies":"Slavers","floor":29,"turns":3},{"damage":39,"enemies":"Champ","floor":33,"turns":5},{"damage":5,"enemies":"3 Darklings","floor":35,"turns":2},{"damage":16,"enemies":"Nemesis","floor":40,"turns":3},{"damage":17,"enemies":"Giant Head","floor":48,"turns":4},{"damage":16,"enemies":"Time Eater","floor":50,"turns":3}],"seed_played":"-2425098010432476902","potions_obtained":[{"floor":1,"key":"ColorlessPotion"},{"floor":6,"key":"Regen Potion"},{"floor":18,"key":"Reflective Coating"},{"floor":24,"key":"FearPotion"},{"floor":48,"key":"SteroidPotion"}],"is_trial":false,"path_per_floor":["M","M","?","?","?","E","$","E","T","R","?","R","?","M","R","B",null,"M","M","?","?","$","R","E","R","T","R","R","E","R","T","R","B",null,"M","?","$","?","$","E","R","R","T","R","R","T","$","E","R","B",null],"character_chosen":"IRONCLAD","items_purchased":["ReplayTheSpireMod:CursedCoin","Choco_Feather","jedi:forcepull","Pommel Strike+1","OrangePellets","Singing Bowl","Red Skull","DollysMirror","DistilledChaos","Chemical X","Fruit Juice","Carnage+1","Dead Branch"],"campfire_rested":1,"item_purchase_floors":[7,7,22,22,37,37,37,37,37,39,39,39,47],"current_hp_per_floor":[78,82,81,85,84,73,73,62,62,62,78,77,76,75,74,80,79,80,72,72,64,78,77,46,68,68,68,68,72,72,72,72,52,70,69,68,67,66,70,71,70,69,68,67,66,65,64,61,61,54],"gold":55,"neow_bonus":"","is_daily":true,"chose_seed":false,"campfire_upgraded":13,"win_rate":0.0,"timestamp":1612747749,"path_taken":["M","M","?","?","?","E","$","E","T","R","?","R","?","M","R","BOSS","M","M","?","?","$","R","E","R","T","R","R","E","R","?","R","BOSS","M","?","$","?","$","E","R","R","T","R","R","?","$","E","R","BOSS"],"items_purchased_type":["Relic","Relic","Card","Card","Relic","Relic","Relic","Relic","Potion","Relic","Potion","Card","Relic"],"build_version":"2020-12-22","purchased_purges":2,"victory":true,"max_hp_per_floor":[78,82,81,85,84,83,82,81,80,79,78,77,76,75,74,80,79,82,81,80,79,78,77,76,75,74,73,72,75,74,73,72,71,70,69,68,67,66,70,71,70,69,68,67,66,65,64,63,62,61],"relic_stats":{"OrangePellets":[4],"Centennial Puzzle":[5],"Singing Bowl":2,"counters":[15,51],"Dead Branch":[53],"Bird Faced Urn":[3],"MealTicket":15,"Juzu Bracelet":2,"Whetstone":["Fiend Fire","Bludgeon"],"Chemical X":[1],"obtain_stats":[{"aspiration:StickyExplosives":24,"ReplayTheSpireMod:Ninjato":43,"Singing Bowl":37,"ReplayTheSpireMod:CursedCoin":7,"Choco_Feather":7,"Dead Branch":47,"Juzu Bracelet":6,"Omamori":40,"Whetstone":29,"Burning Blood":0,"OrangePellets":37,"Anchor":21,"ReplayTheSpireMod:Spearhead":31,"Centennial Puzzle":46,"jedi:paperlyon":17,"DollysMirror":37,"Bird Faced Urn":48,"Molten Egg 2":3,"MealTicket":8,"Bag of Marbles":9,"Chemical X":39,"Abe\u0027s Treasure":34,"Red Skull":37},{"aspiration:StickyExplosives":9,"ReplayTheSpireMod:Ninjato":13,"Singing Bowl":12,"ReplayTheSpireMod:CursedCoin":3,"Choco_Feather":3,"Dead Branch":13,"Juzu Bracelet":3,"Omamori":13,"Whetstone":10,"Burning Blood":0,"OrangePellets":12,"Anchor":8,"ReplayTheSpireMod:Spearhead":10,"Centennial Puzzle":13,"jedi:paperlyon":6,"DollysMirror":12,"Bird Faced Urn":14,"Molten Egg 2":2,"MealTicket":4,"Bag of Marbles":4,"Chemical X":12,"Abe\u0027s Treasure":11,"Red Skull":12},{"aspiration:StickyExplosives":31,"ReplayTheSpireMod:Ninjato":44,"Singing Bowl":41,"ReplayTheSpireMod:CursedCoin":8,"Choco_Feather":8,"Dead Branch":44,"Juzu Bracelet":8,"Omamori":44,"Whetstone":34,"Burning Blood":0,"OrangePellets":41,"Anchor":28,"ReplayTheSpireMod:Spearhead":34,"Centennial Puzzle":44,"jedi:paperlyon":20,"DollysMirror":41,"Bird Faced Urn":48,"Molten Egg 2":4,"MealTicket":12,"Bag of Marbles":12,"Chemical X":41,"Abe\u0027s Treasure":39,"Red Skull":41}],"Burning Blood":67},"card_choices":[{"not_picked":["Iron Wave","Disarm"],"picked":"Flame Barrier","floor":1},{"not_picked":["Wild Strike","Carnage"],"picked":"Battle Trance","floor":2},{"not_picked":["True Grit","jedi:fear"],"picked":"Wild Strike+1","floor":6},{"not_picked":["Replay:Undeath\u0027s Touch+1","jedi:controlledanger"],"picked":"Thunderclap+1","floor":8},{"not_picked":["Perfected Strike+1","Metallicize"],"picked":"Cleave+1","floor":14},{"not_picked":["Corruption","Immolate+1"],"picked":"Juggernaut","floor":16},{"not_picked":["Infernal Blade","jedi:hate+1"],"picked":"Armaments","floor":18},{"not_picked":["Evolve+1","Replay:Undeath\u0027s Touch+1"],"picked":"Sword Boomerang+1","floor":19},{"not_picked":["Second Wind","Shrug It Off"],"picked":"Body Slam+1","floor":24},{"not_picked":["Evolve","Cleave+1"],"picked":"Sever Soul+1","floor":29},{"not_picked":["Replay:Many Hands","Double Tap"],"picked":"Demon Form","floor":33},{"not_picked":["ReplayTheSpireMod:Strike From Hell+1","Pommel Strike+1"],"picked":"Headbutt+1","floor":35},{"not_picked":["Body Slam+1","Eclipse","Clash+1"],"picked":"Singing Bowl","floor":40},{"not_picked":["Clothesline+1","Wild Strike+1"],"picked":"Rupture+1","floor":48}],"player_experience":1249675,"relics_obtained":[{"floor":6,"key":"Juzu Bracelet"},{"floor":8,"key":"MealTicket"},{"floor":9,"key":"Bag of Marbles"},{"floor":24,"key":"aspiration:StickyExplosives"},{"floor":29,"key":"Whetstone"},{"floor":31,"key":"ReplayTheSpireMod:Spearhead"},{"floor":40,"key":"Omamori"},{"floor":43,"key":"ReplayTheSpireMod:Ninjato"},{"floor":46,"key":"Centennial Puzzle"},{"floor":48,"key":"Bird Faced Urn"}],"event_choices":[{"damage_healed":0,"gold_gain":0,"player_choice":"Donut","damage_taken":0,"max_hp_gain":5,"max_hp_loss":0,"event_name":"Big Fish","floor":4,"gold_loss":0},{"damage_healed":19,"gold_gain":0,"player_choice":"Healed","damage_taken":0,"max_hp_gain":0,"max_hp_loss":0,"event_name":"The Cleric","floor":11,"gold_loss":35},{"cards_removed":["Injury"],"damage_healed":0,"gold_gain":0,"player_choice":"Purged","damage_taken":0,"max_hp_gain":0,"max_hp_loss":0,"event_name":"Purifier","floor":13,"gold_loss":0},{"damage_healed":0,"gold_gain":0,"player_choice":"Read","damage_taken":0,"max_hp_gain":0,"max_hp_loss":0,"event_name":"The Library","floor":20,"gold_loss":0,"cards_obtained":["Entrench"]},{"damage_healed":0,"gold_gain":0,"player_choice":"Anchor","damage_taken":0,"relics_obtained":["Anchor"],"max_hp_gain":0,"max_hp_loss":0,"event_name":"blackbeard:ShipwreckEvent","floor":21,"gold_loss":0},{"damage_healed":0,"gold_gain":999,"player_choice":"Gold","damage_taken":0,"max_hp_gain":0,"max_hp_loss":0,"event_name":"MindBloom","floor":36,"gold_loss":0,"cards_obtained":["Normality","Normality"]}],"is_beta":false,"boss_relics":[{"not_picked":["energizedSpire:HugeHouse","Ectoplasm"],"picked":"jedi:paperlyon"},{"not_picked":["aspiration:RitualDagger","aspiration:RunicSpoon"],"picked":"Abe\u0027s Treasure"}],"items_purged_floors":[37,37],"is_endless":false,"potions_floor_spawned":[1,6,18,24,48],"ascension_level":0}}