{"host":"a3oe3gstxz77c7qu","time":1612824834,"event":{"mods":["2.2 Compatiblity","Act Like it!","Astrologer","BaseMod","Bestiary","Better Altar","Better Match","Better Note","Better Skull","Better Third Choice","Block Reminder","Curses Come First","Custom Start","Dark Map","Downfall","Friendly Minions","GifTheSpireLib","Hallownest","Hermit","Jorbs\u0027s Wanderer Trilogy","Lobotomy","LobotomyExtend","Marisa????????","Minty Spire (QoL Compilation)","Permanent Neow","Quick Restart","Relic Filter Mod","Relic Stats","Reliquary","Replay The Spire","Smile Girya","Spire Arcade","StSLib","The Bug Knight","The Cursed","The Disciple","The Jungle","Uncapped","Unknown Chances","Wandering Minibosses"],"gold_per_floor":[114,114,114,43,60,60,89,89,141,187,199,211,235,262,274,386,398,427,439,451,17,30,65,65,65,90,90,90,119,134,34,34,138,138,149,205,222,222,238,238,355,355,429,456,506,525,550,624,624,151,151],"floor_reached":50,"language":"ENG","playtime":3460,"items_purged":["downfall:Bewildered","Strike_Br"],"score":933,"play_id":"688036df-11c6-489a-9018-2f0c2ec330e0","local_time":"20210208225354","is_ascension_mode":true,"campfire_choices":[{"data":"WatchCommand","floor":6.0,"key":"SMITH"},{"data":"PatternShift","floor":8.0,"key":"SMITH"},{"data":"SecondHand","floor":12.0,"key":"SMITH"},{"data":"ResonantCall","floor":15,"key":"SMITH"},{"data":"LockedThread","floor":25,"key":"SMITH"},{"data":"OldTimer","floor":28,"key":"SMITH"},{"data":"Backlash","floor":32,"key":"SMITH"},{"data":"WindUp","floor":40,"key":"SMITH"},{"data":"EscortCommand","floor":42,"key":"SMITH"},{"floor":49,"key":"REST"}],"circlet_count":0,"master_deck":["Strike_Br","Strike_Br","Defend_Br","Defend_Br","Defend_Br","Defend_Br","SecondHand+1","PatternShift+1","HandsUpC","Backlash+1","WatchCommand+1","HandsUpC","HandsUpC","Break","ResonantCall+1","Funeral","Break","OldTimer+1","BlackSwan","EscortCommand+1","Echoward","LockedThread+1","BlackArmy","MeatLantern","WindUp+1","RedShoes","HandsUpB+1","Echoward+1","Backlash+1","TickedOff+1","HandsUpB+1","EscortCommand","Freischutz","WatchCommand+1","WhitesApple"],"relics":["Chronometer","CogitoBucket","RabbitCall","LetterFromLob","IceCream?","hexamod:Sixitude","Prayer Wheel","MawBank","Guardian:PocketSentry","Sozu","ChangeAnything","sneckomod:BabySnecko","BargainBundle","MysticCrockPot","SpringShield","Replay:Rubber Ducky","reliquary:Sideboard","LuminousBracelet","Bottled Lightning","Mercury Hourglass","Replay:Arrowhead","Guardian:GemstoneGun","AtMidnight","AdjustmentMirror","Blood Vial","wanderingMiniBosses:CarrionFlame"],"acts_visited":["Exordium","TheCity","TheBeyond"],"potions_floor_usage":[29,50],"damage_taken":[{"damage":0.0,"enemies":"2 Louse","floor":1.0,"turns":4.0},{"damage":5.0,"enemies":"Lagavulin","floor":7.0,"turns":8.0},{"damage":6.0,"enemies":"HollowMod:MossKnight","floor":10.0,"turns":7.0},{"damage":0,"enemies":"Small Slimes","floor":13,"turns":3},{"damage":6,"enemies":"Jaw Worm","floor":14,"turns":2},{"damage":0,"enemies":"Fading Forest","floor":16,"turns":11},{"damage":2,"enemies":"2 Thieves","floor":18,"turns":4},{"damage":19,"enemies":"3 Cultists","floor":22,"turns":5},{"damage":0,"enemies":"HollowMod:Nosk","floor":23,"turns":6},{"damage":12,"enemies":"Slavers","floor":29,"turns":4},{"damage":0,"enemies":"Snecko","floor":30,"turns":4},{"damage":10,"enemies":"Automaton","floor":33,"turns":8},{"damage":0,"enemies":"3 Shapes","floor":35,"turns":6},{"damage":4,"enemies":"3 Darklings","floor":36,"turns":5},{"damage":0,"enemies":"Spire Growth","floor":37,"turns":5},{"damage":2,"enemies":"Maw","floor":39,"turns":8},{"damage":48,"enemies":"Reptomancer","floor":41,"turns":9},{"damage":3,"enemies":"R_Hoarder","floor":44,"turns":6},{"damage":2,"enemies":"Mind Bloom Boss Battle","floor":45,"turns":6},{"damage":48,"enemies":"Transient","floor":46,"turns":7},{"damage":2,"enemies":"Reptomancer","floor":47,"turns":8},{"damage":10,"enemies":"Writhing Mass","floor":48,"turns":7},{"damage":66,"enemies":"Time Eater","floor":50,"turns":3}],"seed_played":"529255470541384300","potions_obtained":[{"floor":7.0,"key":"sneckomod:MuddlingPotion"},{"floor":10.0,"key":"Death Potion"},{"floor":16,"key":"hexamod:SoulburnPotion"}],"is_trial":false,"path_per_floor":["M","?","?","$","?","R","E","R","T","E","?","R","M","M","R","B",null,"M","?","?","$","M","E","$","R","T","E","R","E","M","$","R","B",null,"M","M","M","?","M","R","E","R","T","E","?","M","E","M","R","B"],"character_chosen":"CHRONO_CLASS","items_purchased":["WatchCommand","BargainBundle","MysticCrockPot"],"campfire_rested":1,"item_purchase_floors":[4,21,21],"current_hp_per_floor":[65,65,65,65,39,39,34,34,34,28,28,28,28,23,23,34,65,64,64,64,64,46,51,51,51,51,51,51,41,43,43,43,42,65,80,80,80,80,70,70,70,70,70,70,70,18,27,38,56,0,0],"gold":151,"neow_bonus":"","is_daily":false,"chose_seed":false,"campfire_upgraded":9,"win_rate":0.0,"timestamp":1612824834,"path_taken":["M","?","?","$","?","R","E","R","T","E","?","R","M","M","R","BOSS","M","?","?","$","M","E","?","R","T","E","R","E","M","?","R","BOSS","M","?","?","?","M","R","E","R","T","E","?","M","E","?","R","BOSS"],"items_purchased_type":["Card","Relic","Relic"],"build_version":"2020-12-22","purchased_purges":2,"victory":false,"max_hp_per_floor":[65,65,65,65,65,65,65,65,65,65,65,65,65,65,65,65,65,65,65,65,65,65,65,65,65,65,65,65,65,65,65,65,65,65,80,80,80,80,70,70,70,70,70,70,70,60,60,60,60,60,60],"relic_stats":{"Sozu":7,"Blood Vial":6,"counters":[27,139],"Prayer Wheel":11,"MawBank":144,"obtain_stats":[{"RabbitCall":0,"LuminousBracelet":35,"AdjustmentMirror":46,"Replay:Rubber Ducky":26,"Sozu":17,"Blood Vial":47,"CogitoBucket":0,"Prayer Wheel":7,"BargainBundle":21,"reliquary:Sideboard":29,"Guardian:GemstoneGun":45,"hexamod:Sixitude":5,"Guardian:PocketSentry":10,"SpringShield":23,"MawBank":9,"Replay:Arrowhead":44,"Mercury Hourglass":43,"sneckomod:BabySnecko":19,"wanderingMiniBosses:CarrionFlame":48,"Chronometer":0,"AtMidnight":46,"MysticCrockPot":21,"LetterFromLob":1,"Bottled Lightning":41,"ChangeAnything":18,"IceCream?":2},{"RabbitCall":0,"LuminousBracelet":15,"AdjustmentMirror":23,"Replay:Rubber Ducky":10,"Sozu":6,"Blood Vial":24,"CogitoBucket":0,"Prayer Wheel":2,"BargainBundle":8,"reliquary:Sideboard":11,"Guardian:GemstoneGun":21,"hexamod:Sixitude":1,"Guardian:PocketSentry":3,"SpringShield":10,"MawBank":2,"Replay:Arrowhead":20,"Mercury Hourglass":19,"sneckomod:BabySnecko":8,"wanderingMiniBosses:CarrionFlame":25,"Chronometer":0,"AtMidnight":23,"MysticCrockPot":8,"LetterFromLob":1,"Bottled Lightning":19,"ChangeAnything":8,"IceCream?":1},{"RabbitCall":0,"LuminousBracelet":74,"AdjustmentMirror":121,"Replay:Rubber Ducky":51,"Sozu":35,"Blood Vial":129,"CogitoBucket":0,"Prayer Wheel":12,"BargainBundle":40,"reliquary:Sideboard":55,"Guardian:GemstoneGun":113,"hexamod:Sixitude":4,"Guardian:PocketSentry":19,"SpringShield":51,"MawBank":12,"Replay:Arrowhead":107,"Mercury Hourglass":101,"sneckomod:BabySnecko":40,"wanderingMiniBosses:CarrionFlame":135,"Chronometer":0,"AtMidnight":121,"MysticCrockPot":40,"LetterFromLob":4,"Bottled Lightning":101,"ChangeAnything":40,"IceCream?":4}],"Mercury Hourglass":[177]},"card_choices":[{"not_picked":["Tempo","WakeUpCall"],"picked":"HandsUpC","floor":1.0},{"not_picked":["BeautyBeast","FairyFestival","Bloodbath"],"picked":"Singing Bowl","floor":1.0},{"not_picked":["Tempo","BiteCommand"],"picked":"HandsUpC","floor":5.0},{"not_picked":["BlueShift","LockedLightning"],"picked":"HandsUpC","floor":7.0},{"not_picked":["Variant","Funeral","GalaxyChild"],"picked":"Singing Bowl","floor":7.0},{"not_picked":["LockedMedicine","RageCommand"],"picked":"Break","floor":10.0},{"not_picked":["PunishingBird","LittleHelper","ShyLook"],"picked":"Singing Bowl","floor":10.0},{"not_picked":["LockedScales","BeatsPerMinute"],"picked":"ResonantCall","floor":13},{"not_picked":["CherryBlossoms","FairyFestival"],"picked":"Funeral","floor":13},{"not_picked":["ReapSow","HandsUpB","OracleForm"],"picked":"SKIP","floor":13},{"not_picked":["LockedAnchor","PrimeTime"],"picked":"Break","floor":14},{"not_picked":["OSAHOGD","VoidDream","BeautyBeast"],"picked":"Singing Bowl","floor":14},{"not_picked":["BiteCommand","Parity","WakeUpCall"],"picked":"SKIP","floor":14},{"not_picked":["Fragmentalize","MasterKey"],"picked":"OldTimer","floor":16},{"not_picked":["FairyFestival","GalaxyChild","Murderer"],"picked":"Singing Bowl","floor":16},{"not_picked":["HeroicMonk","Freischutz"],"picked":"BlackSwan","floor":16},{"not_picked":["WakeUpCall","Stagnate"],"picked":"EscortCommand","floor":18},{"not_picked":["MHz","Bloodbath","FairyFestival"],"picked":"Singing Bowl","floor":18},{"not_picked":["Goo","LockedAnchor","LockedUrn+1"],"picked":"SKIP","floor":18},{"not_picked":["BlueShift","BiteCommand"],"picked":"LockedThread","floor":22},{"not_picked":["Wellcheers","NothingThere"],"picked":"BlackArmy","floor":22},{"not_picked":["LockedMedicine+1","LockedScales","Tempo"],"picked":"SKIP","floor":22},{"not_picked":["Scorched","UniverseFragment","BeautyBeast"],"picked":"Singing Bowl","floor":23},{"not_picked":["Porccubus","OSAHOGD"],"picked":"MeatLantern","floor":23},{"not_picked":["ExoVibe","LockedWhetstone+1","FormalWear"],"picked":"SKIP","floor":23},{"not_picked":["ExoVibe","FormalWear"],"picked":"ResonantCall+1","floor":29},{"not_picked":["SingingMachine","NakedNest","LongBird"],"picked":"Singing Bowl","floor":29},{"not_picked":["Tempo","PrimeTime"],"picked":"WindUp","floor":30},{"not_picked":["DespairKnight","MHz","WallGazer"],"picked":"Singing Bowl","floor":30},{"not_picked":["LockedUrn","LockedScales+1","TickedOff"],"picked":"SKIP","floor":30},{"not_picked":["BackFourSeconds","Chronoelasticity"],"picked":"Flay","floor":33},{"not_picked":["FairyFestival","LaLuna","Mercenary"],"picked":"Singing Bowl","floor":33},{"not_picked":["BigBird","BigBadWolf","SingingMachine"],"picked":"Singing Bowl","floor":35},{"not_picked":["TiringSlam+1","LockedUrn+1","WakeUpCall"],"picked":"SKIP","floor":35},{"not_picked":["LockedScales","LockedTurtyl","ReapSow"],"picked":"SKIP","floor":35},{"not_picked":["Backlash","Tempo"],"picked":"HandsUpB+1","floor":36},{"not_picked":["LockedScales+1","Tempo+1"],"picked":"WakeUpCall+1","floor":36},{"not_picked":["Murderer","Variant"],"picked":"DespairKnight","floor":36},{"not_picked":["Murderer","Alriune"],"picked":"RedShoes","floor":37},{"not_picked":["Tempo","Cuckoo+1"],"picked":"LockedAnchor+1","floor":37},{"not_picked":["Analog","Engulf"],"picked":"Echonomics","floor":37},{"not_picked":["WakeUpCall+1","LockedTurtyl+1"],"picked":"Backlash+1","floor":39},{"not_picked":["ExoVibe","ShortSighted+1"],"picked":"HandsUpB+1","floor":39},{"not_picked":["Alriune","Porccubus","HappyTeddy"],"picked":"Singing Bowl","floor":39},{"not_picked":["LockedFlame","SlimeSpray"],"picked":"LockedWarPaint","floor":41},{"not_picked":["DreamingCurrent","Scorched","GalaxyChild"],"picked":"Singing Bowl","floor":41},{"not_picked":["FieryBird","WallGazer"],"picked":"WhitesApple","floor":41},{"not_picked":["DreamingCurrent","Murderer","MeltingLove"],"picked":"Singing Bowl","floor":44},{"not_picked":["BigBird","Woodsman"],"picked":"Freischutz","floor":44},{"not_picked":["PrimeTime","Goo"],"picked":"TickedOff+1","floor":44},{"not_picked":["HandsUpC+1","Accruing+1"],"picked":"EscortCommand","floor":45},{"not_picked":["GreedKing","OSAHOGD","NothingThere"],"picked":"Singing Bowl","floor":45},{"not_picked":["Alriune","SnowQueen"],"picked":"Yin","floor":45},{"not_picked":["GreedKing","FieryBird","Freischutz"],"picked":"Singing Bowl","floor":46},{"not_picked":["SnowQueen","FieryBird"],"picked":"ShyLook","floor":46},{"not_picked":["Analog+1","LockedMercury+1"],"picked":"Echoward+1","floor":46},{"not_picked":["Recurrance","LockedMedicine+1","LockedAnchor+1"],"picked":"SKIP","floor":46},{"not_picked":["Recurrance","LockedMedicine+1","LockedAnchor+1"],"picked":"SKIP","floor":46},{"not_picked":["SnowQueen","DespairKnight","LaLuna"],"picked":"Singing Bowl","floor":47},{"not_picked":["Rudolta","BlueStar"],"picked":"Freischutz","floor":47},{"not_picked":["LockedAnchor","CrunchTime"],"picked":"LockedMawBank","floor":47},{"not_picked":["Murderer","SnowQueen","GreedKing"],"picked":"Singing Bowl","floor":48},{"not_picked":["Yin","Porccubus"],"picked":"BeautyBeast","floor":48},{"not_picked":["LockedMedicine","WakeUpCall+1"],"picked":"WatchCommand+1","floor":48},{"not_picked":["ShortSighted+1","Engulf"],"picked":"LockedMercury+1","floor":48}],"player_experience":1150374,"relics_obtained":[{"floor":1.0,"key":"LetterFromLob"},{"floor":5.0,"key":"hexamod:Sixitude"},{"floor":7.0,"key":"Prayer Wheel"},{"floor":9.0,"key":"MawBank"},{"floor":10.0,"key":"Guardian:PocketSentry"},{"floor":23,"key":"SpringShield"},{"floor":26,"key":"Replay:Rubber Ducky"},{"floor":29,"key":"reliquary:Sideboard"},{"floor":41,"key":"Bottled Lightning"},{"floor":43,"key":"Mercury Hourglass"},{"floor":44,"key":"Replay:Arrowhead"},{"floor":45,"key":"Guardian:GemstoneGun"},{"floor":46,"key":"AtMidnight"},{"floor":47,"key":"Blood Vial"},{"floor":48,"key":"wanderingMiniBosses:CarrionFlame"}],"event_choices":[{"damage_healed":0.0,"max_hp_gain":0.0,"max_hp_loss":0.0,"gold_gain":0.0,"cards_transformed":["Strike_Br"],"event_name":"Living Wall","player_choice":"Change","floor":3.0,"gold_loss":0.0,"damage_taken":0.0,"cards_obtained":["Backlash"]},{"damage_healed":0.0,"max_hp_gain":0.0,"max_hp_loss":0.0,"gold_gain":0.0,"event_name":"Liars Game","player_choice":"Ignored","floor":11.0,"gold_loss":0.0,"damage_taken":0.0},{"damage_healed":0,"gold_gain":0,"player_choice":"Read","damage_taken":0,"max_hp_gain":0,"max_hp_loss":0,"event_name":"The Library","floor":20,"gold_loss":0,"cards_obtained":["Echoward"]},{"damage_healed":0,"gold_gain":0,"player_choice":"Fight","damage_taken":0,"max_hp_gain":0,"max_hp_loss":0,"event_name":"MindBloom","floor":45,"gold_loss":0}],"is_beta":false,"boss_relics":[{"not_picked":["Replay:Ancient Bell","Replay:Bronze Core"],"picked":"Sozu"},{"not_picked":["Replay:Grab Bag","Snecko Heart","Replay:Wanted Poster"]}],"items_purged_floors":[21,31],"is_endless":false,"potions_floor_spawned":[7,10,16,18,23,29,36,39,41,47,48],"killed_by":"Time Eater","ascension_level":3}}