{"host":"oiw60b5ins9fyx34","time":1612763874,"event":{"mods":["BaseMod","Colored Map","Colored Powertips","Minty Spire (QoL Compilation)","Permanent Neow","Quick Restart","Rare Cards Sparkle","Relic Stats","StSLib","The Cursed"],"gold_per_floor":[114,41,41,41,6,33,33,62,86,106,132,146,157,183,183,183,183],"floor_reached":16,"language":"JPN","playtime":443,"items_purged":[],"score":148,"play_id":"88576003-32de-4daf-b2f1-3118bc968511","local_time":"20210208145754","is_ascension_mode":true,"campfire_choices":[{"data":"Bludgeon","floor":7,"key":"SMITH"},{"floor":15,"key":"REST"}],"circlet_count":0,"master_deck":["Strike_R","Strike_R","Strike_R","Strike_R","Strike_R","Defend_R","Defend_R","Defend_R","Defend_R","Bash","Bludgeon+1","Entrench","Second Wind","Feel No Pain","Wild Strike","Dual Wield","Shrug It Off","Dark Embrace","Wild Strike","Shrug It Off"],"relics":["Burning Blood","Oddly Smooth Stone","Gambling Chip","MealTicket","Question Card","Odd Mushroom"],"acts_visited":["Exordium"],"potions_floor_usage":[8,16,16],"damage_taken":[{"damage":1,"enemies":"Cultist","floor":1,"turns":3},{"damage":32,"enemies":"Gremlin Nob","floor":6,"turns":4},{"damage":16,"enemies":"Lagavulin","floor":8,"turns":4},{"damage":6,"enemies":"2 Louse","floor":10,"turns":3},{"damage":20,"enemies":"3 Sentries","floor":11,"turns":5},{"damage":6,"enemies":"Jaw Worm","floor":12,"turns":3},{"damage":0,"enemies":"Blue Slaver","floor":13,"turns":2},{"damage":27,"enemies":"The Mushroom Lair","floor":14,"turns":5},{"damage":23,"enemies":"Slime Boss","floor":16,"turns":7}],"seed_played":"-2544568967147100325","potions_obtained":[{"floor":6,"key":"Fire Potion"},{"floor":12,"key":"SteroidPotion"},{"floor":14,"key":"LiquidBronze"}],"is_trial":false,"path_per_floor":["M","$","?","$","?","E","R","E","T","M","E","M","M","?","R","B"],"character_chosen":"IRONCLAD","items_purchased":["Second Wind"],"campfire_rested":1,"item_purchase_floors":[2],"current_hp_per_floor":[72,72,77,77,77,51,51,41,41,41,27,27,33,12,35,12,12],"gold":183,"neow_bonus":"THREE_RARE_CARDS","is_daily":false,"chose_seed":false,"campfire_upgraded":1,"win_rate":0.0,"timestamp":1612763874,"path_taken":["M","?","?","$","?","E","R","E","T","?","E","M","M","?","R","BOSS"],"items_purchased_type":["Card"],"build_version":"2020-12-22","purchased_purges":0,"victory":false,"max_hp_per_floor":[72,72,77,77,77,77,77,77,77,77,77,77,77,77,77,77,77],"relic_stats":{"counters":[9,36],"Gambling Chip":[6],"MealTicket":0,"Question Card":3,"obtain_stats":[{"Gambling Chip":8,"Oddly Smooth Stone":6,"MealTicket":9,"Odd Mushroom":14,"Question Card":11,"Burning Blood":0},{"Gambling Chip":3,"Oddly Smooth Stone":2,"MealTicket":3,"Odd Mushroom":8,"Question Card":5,"Burning Blood":0},{"Gambling Chip":11,"Oddly Smooth Stone":7,"MealTicket":11,"Odd Mushroom":29,"Question Card":19,"Burning Blood":0}],"Burning Blood":43},"card_choices":[{"not_picked":["Exhume","Demon Form"],"picked":"Bludgeon","floor":0},{"not_picked":["Perfected Strike","Twin Strike"],"picked":"Entrench","floor":1},{"not_picked":["Iron Wave","Feed"],"picked":"Feel No Pain","floor":6},{"not_picked":["Armaments","Twin Strike"],"picked":"Wild Strike","floor":8},{"not_picked":["Armaments","True Grit"],"picked":"Dual Wield","floor":10},{"not_picked":["Thunderclap","Sword Boomerang"],"picked":"Shrug It Off","floor":11},{"not_picked":["Feed","Flex","Sword Boomerang"],"picked":"Dark Embrace","floor":12},{"not_picked":["Clash","Cleave","Havoc"],"picked":"Wild Strike","floor":13},{"not_picked":["Reckless Charge","Searing Blow","Warcry"],"picked":"Shrug It Off","floor":14}],"player_experience":709503,"relics_obtained":[{"floor":6,"key":"Oddly Smooth Stone"},{"floor":8,"key":"Gambling Chip"},{"floor":9,"key":"MealTicket"},{"floor":11,"key":"Question Card"},{"floor":14,"key":"Odd Mushroom"}],"event_choices":[{"damage_healed":0,"gold_gain":0,"player_choice":"Donut","damage_taken":0,"max_hp_gain":5,"max_hp_loss":0,"event_name":"Big Fish","floor":3,"gold_loss":0},{"damage_healed":19,"gold_gain":0,"player_choice":"Healed","damage_taken":0,"max_hp_gain":0,"max_hp_loss":0,"event_name":"The Cleric","floor":5,"gold_loss":35},{"damage_healed":0,"gold_gain":0,"player_choice":"Fought Mushrooms","damage_taken":0,"max_hp_gain":0,"max_hp_loss":0,"event_name":"Mushrooms","floor":14,"gold_loss":0}],"is_beta":false,"boss_relics":[],"items_purged_floors":[],"is_endless":false,"potions_floor_spawned":[6,12,14],"killed_by":"Slime Boss","ascension_level":5}}