{"host":"0kwl2uefibxd2nsv","time":1612796122,"event":{"mods":["Act Like it!","Aspiration","BaseMod","Better Note","BetterRewards","DeckTracker","Googly Eyes","Minty Spire (QoL Compilation)","Reliquary","StS++","StSLib"],"gold_per_floor":[111,125,125,125,125,155,105,134,134,134,159,234,12,37,37,37,37],"floor_reached":16,"language":"ENG","playtime":421,"items_purged":["Strike_G"],"score":209,"play_id":"21aea93f-79b0-43c0-8888-ebf00507c8d5","local_time":"20210208155522","is_ascension_mode":true,"campfire_choices":[{"data":"Neutralize","floor":10,"key":"SMITH"},{"data":"Blade Dance","floor":15,"key":"SMITH"}],"circlet_count":0,"master_deck":["AscendersBane","Strike_G","Strike_G","Strike_G","Defend_G","Defend_G","Defend_G","Defend_G","Defend_G","Survivor","Neutralize+1","Deflect","Blade Dance+1","Blade Dance+1","Dodge and Roll","Adrenaline","Blur"],"relics":["Ring of the Snake","NeowsBlessing","reliquary:Boomerang","StSpp:PetrifiedCaterpillar","reliquary:Boomerang","PreservedInsect","Odd Mushroom","Orichalcum"],"acts_visited":["Exordium"],"potions_floor_usage":[],"damage_taken":[{"damage":0.0,"enemies":"Small Slimes","floor":1.0,"turns":1.0},{"damage":0.0,"enemies":"Jaw Worm","floor":2.0,"turns":1.0},{"damage":0.0,"enemies":"Gremlin Nob","floor":6.0,"turns":1.0},{"damage":20.0,"enemies":"3 Sentries","floor":8.0,"turns":8.0},{"damage":5,"enemies":"The Mushroom Lair","floor":11,"turns":6},{"damage":11,"enemies":"Gremlin Nob","floor":14,"turns":4},{"damage":19,"enemies":"Hexaghost","floor":16,"turns":16}],"seed_played":"-4532692968887519200","potions_obtained":[{"floor":1.0,"key":"Explosive Potion"},{"floor":11,"key":"SpeedPotion"}],"is_trial":false,"path_per_floor":["M","M","?","?","T","E","?","E","T","R","?","?","$","E","R","B"],"character_chosen":"THE_SILENT","items_purchased":["Adrenaline"],"campfire_rested":0,"item_purchase_floors":[13],"current_hp_per_floor":[63,63,63,68,68,68,68,48,48,48,43,32,32,21,21,2,2],"gold":37,"neow_bonus":"THREE_ENEMY_KILL","is_daily":false,"chose_seed":false,"campfire_upgraded":2,"win_rate":0.0,"timestamp":1612796122,"path_taken":["M","M","?","?","?","E","?","E","T","R","?","?","$","E","R","BOSS"],"items_purchased_type":["Card"],"build_version":"2020-12-22","purchased_purges":1,"victory":false,"max_hp_per_floor":[70,70,70,75,75,75,75,75,75,75,75,75,75,75,75,75,75],"card_choices":[{"not_picked":["Choke","Dagger Throw"],"picked":"Deflect","floor":1.0},{"not_picked":["Quick Slash","Endless Agony"],"picked":"Blade Dance","floor":2.0},{"not_picked":["StSpp:Dive","Acrobatics"],"picked":"Blade Dance","floor":6.0},{"not_picked":["Slice","Dagger Spray","Deadly Poison"],"picked":"SKIP","floor":8},{"not_picked":["Dagger Throw","Heel Hook"],"picked":"Dodge and Roll","floor":11},{"not_picked":["Adrenaline","StSpp:PoisonousPunch"],"picked":"Blur","floor":14}],"player_experience":2014774,"relics_obtained":[{"floor":5.0,"key":"reliquary:Boomerang"},{"floor":6.0,"key":"StSpp:PetrifiedCaterpillar"},{"floor":8,"key":"reliquary:SculptingSteel"},{"floor":9,"key":"PreservedInsect"},{"floor":11,"key":"Odd Mushroom"},{"floor":14,"key":"Orichalcum"}],"event_choices":[{"damage_healed":0.0,"max_hp_gain":0.0,"max_hp_loss":0.0,"gold_gain":0.0,"event_name":"Living Wall","player_choice":"Grow","floor":3.0,"gold_loss":0.0,"damage_taken":0.0,"cards_upgraded":["Blade Dance"]},{"damage_healed":0.0,"max_hp_gain":5.0,"max_hp_loss":0.0,"gold_gain":0.0,"event_name":"Big Fish","player_choice":"Donut","floor":4.0,"gold_loss":0.0,"damage_taken":0.0},{"cards_removed":["Strike_G"],"damage_healed":0.0,"max_hp_gain":0.0,"max_hp_loss":0.0,"gold_gain":0.0,"event_name":"The Cleric","player_choice":"Card Removal","floor":7.0,"gold_loss":50.0,"damage_taken":0.0},{"damage_healed":0,"gold_gain":0,"player_choice":"Fought Mushrooms","damage_taken":0,"max_hp_gain":0,"max_hp_loss":0,"event_name":"Mushrooms","floor":11,"gold_loss":0},{"damage_healed":0,"gold_gain":75,"player_choice":"Gather Gold","damage_taken":11,"max_hp_gain":0,"max_hp_loss":0,"event_name":"World of Goop","floor":12,"gold_loss":0}],"is_beta":false,"boss_relics":[],"items_purged_floors":[13],"is_endless":false,"potions_floor_spawned":[1,11],"killed_by":"Hexaghost","ascension_level":10}}