{"host":"rdkn868dy8jmb7gs","time":1612761853,"event":{"mods":["Act Like it!","Arknights","BaseMod","BetterRewards","Colored Map","Colored Powertips","Gensokyo","Marisa£®ÏF”Í°°ƒß¿Ì…≥£©","Minty Spire (QoL Compilation)","Reimu£®≤©¿ˆ¡È√Œ£©","Remilia£®¿Ÿ√◊¿Ú—«£©","Replay The Spire","Spicy Shops","StSLib","The Servant 0.9.4","Youmu£®ªÍ∆«—˝√Œ£©","ÛÙª÷∏ƒœ"],"gold_per_floor":[111,73,33,33,49,49,62,95,95,95,45,65,79,96,96,201,201,212,212,222,238,256,287,287,316,395,424,424,437,437,454,454,554,554,572,77,87,87,87,100,193,226,226,258,258,291,301,301,21,36,36,36,36,36,36,66,66],"floor_reached":58,"language":"ZHS","playtime":4066,"items_purged":["Strike_YM","Strike_YM"],"score":2295,"play_id":"bb1b31fb-8ce4-4937-a16c-b60e06441a1a","local_time":"20210208132413","is_ascension_mode":true,"campfire_choices":[{"data":"SuddenDivineSeveringOfKarmicWind","floor":6.0,"key":"SMITH"},{"data":"TenKingsRetributionOnThePreta","floor":10.0,"key":"SMITH"},{"data":"SwordExtraction","floor":15.0,"key":"SMITH"},{"data":"SanzenSekai","floor":24.0,"key":"SMITH"},{"data":"FastingOfTheYoungPreta","floor":30.0,"key":"SMITH"},{"data":"TwoHundredYojanaInOneSlash","floor":32.0,"key":"SMITH"},{"data":"BloodOfAsura","floor":43,"key":"SMITH"},{"floor":51,"key":"RECALL"},{"data":"CherryBlossomSword","floor":54,"key":"SMITH"}],"circlet_count":2,"master_deck":["Strike_YM","Defend_YM","Defend_YM","Defend_YM","Defend_YM","SlashOfPresentWorld","WheelOfPainOfLivingAndDead","SuddenDivineSeveringOfKarmicWind+1","HellFireSword+1","TenKingsRetributionOnThePreta+1","SlashOfMeditation","SwordExtraction+1","WickedSoul","SanzenSekai+1","FastingOfTheYoungPreta+1","HellRealmSword+1","TwoHundredYojanaInOneSlash+1","SlashOfSaigyouSpringWind","HumanRealmSword","ThreeKonsSevenHakus","ASingleThoughtAndInfiniteKalpas","CherryBlossomSword+1","BloodOfAsura+1","PretaSword+1","Gensokyo:RPG","Gensokyo:MissMary","SlashOfDepartureFromHesitation+1"],"relics":["HalfPhantom","Circlet","Strawberry","Garlic","Toolbox","Dead Branch","Unceasing Top","HandDrill","PaintedHorse:ReiMu","Ring of Searing","ReplayTheSpireMod:Ring of Addiction","Toy Ornithopter","SacredBark","Pear","Runic Dome","Dream Catcher","Tea:ReiMu","Letter Opener","Snack Pack","Replay:Bottled Eggs","Painkiller Herb","Potion Belt","Orrery","Roukanken","Bottled Tornado","White Beast Statue","Mango"],"acts_visited":["Exordium","TheCity","TheCity","TheEnding"],"potions_floor_usage":[33,42,44,44,52,52,57,57],"damage_taken":[{"damage":0.0,"enemies":"2 Louse","floor":1.0,"turns":2.0},{"damage":3.0,"enemies":"Jaw Worm","floor":5.0,"turns":2.0},{"damage":0.0,"enemies":"Small Slimes","floor":7.0,"turns":2.0},{"damage":0.0,"enemies":"Lagavulin","floor":8.0,"turns":3.0},{"damage":1.0,"enemies":"Exordium Thugs","floor":12.0,"turns":3.0},{"damage":11.0,"enemies":"3 Louse","floor":13.0,"turns":4.0},{"damage":0.0,"enemies":"Red Slaver","floor":14.0,"turns":3.0},{"damage":33.0,"enemies":"The Guardian","floor":16.0,"turns":9.0},{"damage":10.0,"enemies":"2 Thieves","floor":18.0,"turns":3.0},{"damage":5.0,"enemies":"3 Byrds","floor":20.0,"turns":2.0},{"damage":14.0,"enemies":"Centurion and Healer","floor":21.0,"turns":4.0},{"damage":0.0,"enemies":"Shelled Parasite and Fungi","floor":22.0,"turns":3.0},{"damage":3.0,"enemies":"Gremlin Leader","floor":23.0,"turns":3.0},{"damage":0.0,"enemies":"Book of Stabbing","floor":25.0,"turns":1.0},{"damage":0.0,"enemies":"Slavers","floor":27.0,"turns":1.0},{"damage":0.0,"enemies":"Snake Plant","floor":29.0,"turns":1.0},{"damage":16.0,"enemies":"Snecko","floor":31.0,"turns":3.0},{"damage":10,"enemies":"Pondfish","floor":33,"turns":4},{"damage":10,"enemies":"Gensokyo:AncientGuardian","floor":35,"turns":3},{"damage":13,"enemies":"Gensokyo:3_Boulders","floor":37,"turns":3},{"damage":10,"enemies":"Gensokyo:AtlasGolem","floor":40,"turns":3},{"damage":15,"enemies":"Gensokyo:Marisa","floor":42,"turns":2},{"damage":13,"enemies":"Gensokyo:Kasen","floor":44,"turns":3},{"damage":3,"enemies":"Gensokyo:Marisa","floor":46,"turns":1},{"damage":5,"enemies":"Gensokyo:SeedOfUnknown","floor":47,"turns":3},{"damage":9,"enemies":"Gensokyo:Dusk_and_Dawn","floor":50,"turns":2},{"damage":38,"enemies":"Gensokyo:Shinki","floor":52,"turns":5},{"damage":9,"enemies":"Shield and Spear","floor":56,"turns":2},{"damage":46,"enemies":"The Heart","floor":57,"turns":4}],"seed_played":"-7134624907408914396","potions_obtained":[{"floor":4.0,"key":"SteroidPotion"},{"floor":4.0,"key":"Elixir"},{"floor":5.0,"key":"Weak Potion"},{"floor":12.0,"key":"Weak Potion"},{"floor":16.0,"key":"Explosive Potion"},{"floor":23.0,"key":"Swift Potion"},{"floor":27.0,"key":"SkillPotion"},{"floor":31.0,"key":"Toxic Potion"},{"floor":33,"key":"SkillPotion"},{"floor":35,"key":"CausticAgent"},{"floor":42,"key":"Dexterity Potion"},{"floor":44,"key":"Doom Potion"},{"floor":47,"key":"AttackPotion"},{"floor":50,"key":"Flashbang"},{"floor":56,"key":"SkillPotion"}],"is_trial":false,"path_per_floor":["M","?","?","?","M","R","M","E","T","R","?","M","M","M","R","B",null,"M","?","M","M","M","E","R","E","T","E","?","M","R","M","R","B",null,"?","T","?","PTL","PTL","?","?","E","T","E","T","E","?","?","COS","?","T","B",null,"T","T","E","B",null],"character_chosen":"YOUMU","items_purchased":["Strawberry","Garlic","Toolbox","Dead Branch","SteamSale","Unceasing Top","Adrenaline Potion","SuddenDivineSeveringOfKarmicWind","HellFireSword+1","HandDrill","Potion Belt","Circlet","Orrery"],"campfire_rested":0,"item_purchase_floors":[0,0,0,0,0,0,0,0,0,0,36,36,36],"current_hp_per_floor":[34,34,34,34,36,36,41,61,61,61,61,60,64,64,64,31,88,78,78,78,64,64,61,61,61,61,70,70,79,79,65,65,66,84,80,80,71,71,71,65,65,61,61,62,62,65,64,64,64,59,76,53,76,76,76,83,53],"gold":66,"neow_bonus":"","is_daily":false,"chose_seed":false,"campfire_upgraded":8,"win_rate":0.0,"timestamp":1612761853,"path_taken":["M","?","?","?","M","R","M","E","T","R","?","?","M","M","R","BOSS","M","?","M","M","M","E","R","E","T","E","?","M","R","M","R","BOSS","?","T","?","PTL","PTL","?","?","E","T","E","T","E","?","?","COS","?","T","BOSS","T","T","E","BOSS"],"items_purchased_type":["Relic","Relic","Relic","Relic","Undefined","Relic","Potion","Card","Card","Relic","Relic","Undefined","Relic"],"build_version":"2020-12-22","purchased_purges":2,"victory":true,"max_hp_per_floor":[82,82,82,82,82,82,82,92,92,92,92,90,90,90,90,90,88,88,88,88,88,88,88,86,86,86,84,84,84,84,84,84,84,84,84,84,82,82,82,80,80,80,80,80,80,80,80,78,78,78,76,76,76,76,76,88,88],"card_choices":[{"not_picked":["SlashOfSaigyouSpringWind","SanzenSekai"],"picked":"DispleasureOfTheSevenHakus","floor":1.0},{"not_picked":["EchoesOfTheInclemencyOfAllBeings","SwordOfBindingDesires","PhosphoricSlash"],"picked":"SKIP","floor":5.0},{"not_picked":["ConstancyOfTheConventionalTruth","AsTheSilentNirvana"],"picked":"TenKingsRetributionOnThePreta","floor":7.0},{"not_picked":["ThreeKonsSevenHakus","ObsessionSword"],"picked":"SlashOfMeditation","floor":8.0},{"not_picked":["HumanKnowledgeSword","CrescentMoonSlash","ThreeKonsSevenHakus"],"picked":"SKIP","floor":12.0},{"not_picked":["BloodOfAsura","SwordOfBindingDesires","LowerRealmReflectionSlash"],"picked":"SKIP","floor":13.0},{"not_picked":["BloodOfAsura","HumanKnowledgeSword"],"picked":"SwordExtraction","floor":14.0},{"not_picked":["DeadlyForm","SuddenDivineSeveringOfKarmicWind"],"picked":"WickedSoul","floor":16.0},{"not_picked":["SpiderLilyBurial","SwordOfBindingDesires","DispleasureOfTheSevenHakus"],"picked":"SKIP","floor":18.0},{"not_picked":["DispleasureOfTheSevenHakus","CherryBlossomFlashing"],"picked":"SanzenSekai","floor":20.0},{"not_picked":["FlashingScatteredFlowers+1","LowerRealmReflectionSlash+1"],"picked":"FastingOfTheYoungPreta","floor":21.0},{"not_picked":["SpiritMediumsBind","SanzenSekai+1","DispleasureOfTheSevenHakus"],"picked":"SKIP","floor":22.0},{"not_picked":["ThoughtCuttingSword","FiveSignsOfTheDyingDeva+1","HiganSword"],"picked":"SKIP","floor":23.0},{"not_picked":["FiveSignsOfTheDyingDeva+1","TwoHundredYojanaInOneSlash+1"],"picked":"HellRealmSword","floor":25.0},{"not_picked":["LowerRealmReflectionSlash","SwordExtraction"],"picked":"TwoHundredYojanaInOneSlash","floor":27.0},{"not_picked":["ThreeKonsSevenHakus+1","EchoesOfTheInclemencyOfAllBeings","SanzenSekai"],"picked":"SKIP","floor":29.0},{"not_picked":["SwordOfBindingDesires","ThreeKonsSevenHakus","LifeCuttingSword+1"],"picked":"SKIP","floor":31.0},{"not_picked":["IrresoluteSoul","StrangeHalfBody"],"picked":"SlashOfSaigyouSpringWind","floor":33},{"not_picked":["LifeCuttingSword","HeavenlyHaloSlash"],"picked":"HumanRealmSword","floor":35},{"not_picked":["DispleasureOfTheSevenHakus+1","LotusPostureSlash"],"picked":"ThreeKonsSevenHakus","floor":36},{"not_picked":["ThoughtCuttingSword","TwoHundredYojanaInOneSlash+1"],"picked":"ASingleThoughtAndInfiniteKalpas","floor":36},{"not_picked":["PhosphoricSlash","SlashOfAscensionToBuddhahood+1"],"picked":"CherryBlossomSword","floor":36},{"not_picked":["PhosphoricSlash","LowerRealmReflectionSlash+1","DispleasureOfTheSevenHakus+1"],"picked":"SKIP","floor":37},{"not_picked":["FlashingScatteredFlowers+1","ConstancyOfTheConventionalTruth","CrescentMoonSlash"],"picked":"SKIP","floor":40},{"not_picked":["SlashClearingTheSixSenses","HesitationCuttingSword+1"],"picked":"BloodOfAsura","floor":41},{"not_picked":["ThreeKonsSevenHakus+1","SlashOfMeditation","SlashOfDepartureFromHesitation+1"],"picked":"SKIP","floor":42},{"not_picked":["FlashingScatteredFlowers+1","ASingleThoughtAndInfiniteKalpas"],"picked":"PretaSword+1","floor":44},{"not_picked":["FantasyOfEnteringEnlightenment","TurningAngelCut+1","HiganSword"],"picked":"SKIP","floor":46},{"not_picked":["HumanKnowledgeSword","SwordOfBindingDesires","SuddenPhantomFormationSlashOfKarmicWind+1"],"picked":"SKIP","floor":47},{"not_picked":["LifeCuttingSword","DispleasureOfTheSevenHakus+1","CherryBlossomFlashing"],"picked":"SKIP","floor":50},{"not_picked":["CelestialStarSword","ConstancyOfTheConventionalTruth"],"picked":"SlashOfDepartureFromHesitation+1","floor":56}],"player_experience":439693,"relics_obtained":[{"floor":4.0,"key":"Ring of Searing"},{"floor":4.0,"key":"ReplayTheSpireMod:Ring of Addiction"},{"floor":4.0,"key":"Toy Ornithopter"},{"floor":4.0,"key":"SacredBark"},{"floor":8.0,"key":"Pear"},{"floor":9.0,"key":"BloodDonationMachine"},{"floor":23.0,"key":"Tea:ReiMu"},{"floor":25.0,"key":"Letter Opener"},{"floor":26.0,"key":"Snack Pack"},{"floor":27.0,"key":"Replay:Bottled Eggs"},{"floor":42,"key":"Roukanken"},{"floor":44,"key":"Bottled Tornado"},{"floor":46,"key":"White Beast Statue"},{"floor":56,"key":"Mango"}],"event_choices":[{"damage_healed":0.0,"max_hp_gain":0.0,"max_hp_loss":0.0,"gold_gain":0.0,"event_name":"World of Goop","player_choice":"Left Gold","floor":2.0,"gold_loss":38.0,"damage_taken":0.0},{"damage_healed":0.0,"max_hp_gain":0.0,"max_hp_loss":0.0,"gold_gain":0.0,"event_name":"yidonshenshe","player_choice":"»˚«Æ","floor":3.0,"gold_loss":40.0,"damage_taken":0.0,"relics_obtained":["PaintedHorse:ReiMu"]},{"cards_removed":["Strike_YM"],"damage_healed":0.0,"max_hp_gain":0.0,"max_hp_loss":0.0,"gold_gain":0.0,"event_name":"The Cleric","player_choice":"Card Removal","floor":11.0,"gold_loss":50.0,"damage_taken":0.0},{"cards_removed":["DispleasureOfTheSevenHakus"],"damage_healed":0.0,"max_hp_gain":0.0,"max_hp_loss":0.0,"gold_gain":0.0,"event_name":"WeMeetAgain","player_choice":"Gave Card","floor":19.0,"gold_loss":0.0,"damage_taken":0.0,"relics_obtained":["Dream Catcher"]},{"damage_healed":0.0,"max_hp_gain":0.0,"max_hp_loss":0.0,"gold_gain":0.0,"event_name":"Ghosts","player_choice":"Ignored","floor":28.0,"gold_loss":0.0,"damage_taken":0.0}],"is_beta":false,"boss_relics":[{"not_picked":["RedLine:ReiMu","Replay:Ancient Bell"],"picked":"Runic Dome"},{"not_picked":[]},{"not_picked":["Replay:Drink Me","Circlet"],"picked":"Painkiller Herb"}],"items_purged_floors":[0,0],"is_endless":false,"potions_floor_spawned":[5,12,16,23,25,27,31,33,35,42,44,47,50,56],"ascension_level":1}}