{"host":"bf5upntvbdompq33","time":1612805358,"event":{"mods":["BaseMod","Colored Map","Colored Powertips","Curses Come First","Minty Spire (QoL Compilation)","StSLib","The Dragon Tamer","The Hierophant","The Marked","The Mystic","The Servant 0.9.4"],"gold_per_floor":[369,544,81,156,106,106,139,152,152,152,152],"floor_reached":10,"language":"ENG","playtime":384,"items_purged":["Doubt"],"score":99,"play_id":"b9ff043c-bdef-4944-b164-c4e8caeba2a7","local_time":"20210208102918","is_ascension_mode":true,"campfire_choices":[{"floor":6,"key":"REST"}],"circlet_count":0,"master_deck":["AscendersBane","Strike_B","Strike_B","Strike_B","Defend_B","Defend_B","Defend_B","Defend_B","Zap","Dualcast","BootSequence","Creative AI","Compile Driver","Coolheaded","Turbo","Doom and Gloom","Skim"],"relics":["Cracked Core","Frozen Eye","Eternal Feather","Tiny Chest"],"acts_visited":["Exordium"],"potions_floor_usage":[],"damage_taken":[{"damage":9,"enemies":"Jaw Worm","floor":1,"turns":3},{"damage":27,"enemies":"Lagavulin","floor":7,"turns":9},{"damage":10,"enemies":"2 Louse","floor":8,"turns":4},{"damage":24,"enemies":"Gremlin Nob","floor":10,"turns":3}],"seed_played":"7681003319856577171","potions_obtained":[{"floor":8,"key":"Energy Potion"}],"is_trial":false,"path_per_floor":["M","?","$","?","?","R","E","M","T","E"],"character_chosen":"DEFECT","items_purchased":["Frozen Eye","Creative AI","Compile Driver","Coolheaded","Turbo"],"campfire_rested":1,"item_purchase_floors":[3,3,3,3,3],"current_hp_per_floor":[41,41,41,30,30,52,25,15,15,0,0],"gold":152,"neow_bonus":"TWO_FIFTY_GOLD","is_daily":false,"chose_seed":false,"campfire_upgraded":0,"win_rate":0.0,"timestamp":1612805358,"path_taken":["M","?","$","?","?","R","E","?","T","E"],"items_purchased_type":["Relic","Card","Card","Card","Card"],"build_version":"2020-12-22","purchased_purges":1,"victory":false,"max_hp_per_floor":[75,75,75,75,75,75,75,75,75,75,75],"card_choices":[{"not_picked":["Barrage","Leap"],"picked":"BootSequence","floor":1},{"not_picked":["Redo","Leap"],"picked":"Doom and Gloom","floor":7},{"not_picked":["Sunder","Stack"],"picked":"Skim","floor":8}],"player_experience":1526061,"relics_obtained":[{"floor":7,"key":"Eternal Feather"},{"floor":9,"key":"Tiny Chest"}],"event_choices":[{"damage_healed":0,"gold_gain":175,"player_choice":"AGREE","damage_taken":0,"max_hp_gain":0,"max_hp_loss":0,"event_name":"Liars Game","floor":2,"gold_loss":0,"cards_obtained":["Doubt"]},{"damage_healed":0,"gold_gain":75,"player_choice":"Gather Gold","damage_taken":11,"max_hp_gain":0,"max_hp_loss":0,"event_name":"World of Goop","floor":4,"gold_loss":0},{"cards_removed":["Strike_B"],"damage_healed":0,"gold_gain":0,"player_choice":"Card Removal","damage_taken":0,"max_hp_gain":0,"max_hp_loss":0,"event_name":"The Cleric","floor":5,"gold_loss":50}],"is_beta":false,"boss_relics":[],"items_purged_floors":[3],"is_endless":false,"potions_floor_spawned":[8],"killed_by":"Gremlin Nob","ascension_level":11}}