{"host":"93x13jgem5w43hjr","time":1612742448,"event":{"mods":["AchievementEnabler","BaseMod","Better Note","Colored Map","Colored Powertips","Downfall","Highlight Path","Minty Spire (QoL Compilation)","Rare Cards Sparkle","StSLib"],"gold_per_floor":[99,110,128,128,38,53,53,72,72,72,82,82,99,115,130,233,233,133,144,157,157,175,175,202,202,234,53,80,80,80,80],"floor_reached":29,"language":"ENG","playtime":1526,"items_purged":["downfall:Icky"],"score":296,"play_id":"0fcfef2f-2693-4e03-b179-1d16ef52e46f","local_time":"20210207170048","is_ascension_mode":true,"campfire_choices":[{"data":"Slimebound:Split","floor":1,"key":"SMITH"},{"floor":9,"key":"RECALL"},{"data":"Slimebound:Replication","floor":18,"key":"SMITH"},{"data":"Slimebound:SplitBruiser","floor":23,"key":"SMITH"},{"floor":25,"key":"REST"}],"circlet_count":0,"master_deck":["Slimebound:Strike_Slimebound","Slimebound:Strike_Slimebound","Slimebound:Strike_Slimebound","Slimebound:Tackle","Slimebound:Defend_Slimebound","Slimebound:Defend_Slimebound","Slimebound:Defend_Slimebound","Slimebound:Defend_Slimebound","Slimebound:Split+1","Slimebound:CorrosiveSpit+1","Violence","Slimebound:SplitBruiser+1","Slimebound:Prepare","Slimebound:Schlurp","Slimebound:ForwardTackle","Slimebound:SlimeTap","Slimebound:Replication+1","Slimebound:OozeBath","Slimebound:SplitMire","Slimebound:SplitBruiser+1","Slimebound:GoopSpray","Slimebound:PressTheAttack+1","expansioncontent:QuickStudy","Slimebound:PressTheAttack+1"],"relics":["Slimebound:AbsorbEndCombat","Kunai","Omamori","Cursed Key","downfall:HeartBlessingRed","Oddly Smooth Stone","Torii","Bronze Scales"],"acts_visited":["Exordium","TheCity"],"potions_floor_usage":[16,20,26,28,29,29],"damage_taken":[{"damage":0,"enemies":"Small Slimes","floor":2,"turns":3},{"damage":1,"enemies":"Cultist","floor":3,"turns":3},{"damage":8,"enemies":"downfall:FleeingMerchant","floor":5,"turns":4},{"damage":2,"enemies":"Jaw Worm","floor":6,"turns":3},{"damage":8,"enemies":"3 Louse","floor":8,"turns":3},{"damage":24,"enemies":"Exordium Thugs","floor":11,"turns":5},{"damage":11,"enemies":"Lots of Slimes","floor":13,"turns":4},{"damage":6,"enemies":"3 Louse","floor":14,"turns":3},{"damage":2,"enemies":"Exordium Thugs","floor":15,"turns":3},{"damage":23,"enemies":"DF_ARCHETYPE_STREAMLINE","floor":16,"turns":8},{"damage":20,"enemies":"Shell Parasite","floor":19,"turns":3},{"damage":14,"enemies":"Spheric Guardian","floor":20,"turns":3},{"damage":16,"enemies":"Snecko","floor":22,"turns":4},{"damage":23,"enemies":"Book of Stabbing","floor":26,"turns":4},{"damage":3,"enemies":"downfall:FleeingMerchant","floor":27,"turns":4},{"damage":18,"enemies":"Gremlin Leader","floor":28,"turns":6},{"damage":26,"enemies":"Cultist and Chosen","floor":29,"turns":5}],"seed_played":"-587094449292241802","potions_obtained":[{"floor":2,"key":"Slimebound:SlimyTonguePotion"},{"floor":11,"key":"Slimebound:SpawnSlimePotion"},{"floor":13,"key":"ColorlessPotion"},{"floor":14,"key":"Guardian:BlockOnCardUsePotion"},{"floor":16,"key":"SpeedPotion"},{"floor":20,"key":"champ:CounterPotion"},{"floor":21,"key":"DuplicationPotion"},{"floor":26,"key":"PowerPotion"},{"floor":28,"key":"Slimebound:SlimedPotion"}],"is_trial":false,"path_per_floor":["R","M","M","?","$","M","T","M","R","?","M","?","M","M","M","B",null,"R","M","M","?","M","R","T","R","E","$","E","M"],"character_chosen":"SLIMEBOUND","items_purchased":["expansioncontent:QuickStudy"],"campfire_rested":1,"item_purchase_floors":[27],"current_hp_per_floor":[47,49,50,50,46,46,46,40,40,33,13,34,25,21,23,8,65,65,47,37,37,23,23,23,42,27,28,18,0,0,0],"gold":80,"neow_bonus":"RANDOM_COLORLESS_2","is_daily":false,"chose_seed":false,"campfire_upgraded":3,"win_rate":0.0,"timestamp":1612742448,"path_taken":["R","M","M","?","$","?","T","?","R","?","M","?","?","?","M","BOSS","R","M","M","?","M","R","T","R","E","?","E","M"],"items_purchased_type":["Card"],"build_version":"2020-12-22","purchased_purges":1,"victory":false,"max_hp_per_floor":[65,65,65,65,65,65,65,65,65,65,65,65,65,65,65,65,65,65,65,65,65,65,65,65,65,65,65,65,65,65,65],"card_choices":[{"not_picked":["Panache","Transmutation"],"picked":"Violence","floor":0},{"not_picked":["Slimebound:SamplingLick","Slimebound:ItLooksTasty"],"picked":"Slimebound:SplitBruiser","floor":2},{"not_picked":["Slimebound:Nibble","Slimebound:Chomp","Slimebound:RejuvenatingLick"],"picked":"SKIP","floor":3},{"not_picked":["Slimebound:ComboTackle","Slimebound:Schlurp"],"picked":"Slimebound:Prepare","floor":5},{"not_picked":["Slimebound:Chomp","Slimebound:FormOfPuddle","Slimebound:SpikyOuterGoop"],"picked":"SKIP","floor":6},{"not_picked":["Slimebound:HungryTackle","Slimebound:GrowthPunch"],"picked":"Slimebound:Schlurp","floor":8},{"not_picked":["Slimebound:HauntingLick","Slimebound:Gluttony","Slimebound:GoopTackle"],"picked":"SKIP","floor":11},{"not_picked":["Slimebound:SamplingLick","Slimebound:LeechingTouch"],"picked":"Slimebound:ForwardTackle","floor":13},{"not_picked":["Slimebound:SplitMire","Slimebound:HauntingLick"],"picked":"Slimebound:SlimeTap","floor":14},{"not_picked":["Slimebound:HauntingLick","Slimebound:SlimeBrawl"],"picked":"Slimebound:Replication","floor":15},{"not_picked":["Slimebound:Overexert","Slimebound:WasteNot"],"picked":"Slimebound:OozeBath","floor":16},{"not_picked":["Slimebound:SplitAcid","Slimebound:HauntingLick"],"picked":"Slimebound:SplitMire","floor":19},{"not_picked":["Slimebound:SpikyOuterGoop","Slimebound:RollThrough+1"],"picked":"Slimebound:SplitBruiser","floor":20},{"not_picked":["Slimebound:FinishingTackle","Slimebound:SplitMire"],"picked":"Slimebound:GoopSpray","floor":22},{"not_picked":["Slimebound:TagTeam","Slimebound:SamplingLick"],"picked":"Slimebound:PressTheAttack+1","floor":26},{"not_picked":["Slimebound:LivingWall","Slimebound:SplitBruiser","Slimebound:ItLooksTasty+1"],"picked":"SKIP","floor":27},{"not_picked":["Slimebound:SplitBruiser","Slimebound:Recollect+1"],"picked":"Slimebound:PressTheAttack+1","floor":28}],"player_experience":195314,"relics_obtained":[{"floor":7,"key":"Kunai"},{"floor":24,"key":"Oddly Smooth Stone"},{"floor":26,"key":"Torii"},{"floor":28,"key":"Bronze Scales"}],"event_choices":[{"damage_healed":0,"gold_gain":0,"player_choice":"Success","damage_taken":7,"relics_obtained":["Omamori"],"max_hp_gain":0,"max_hp_loss":0,"event_name":"Scrap Ooze","floor":10,"gold_loss":0},{"damage_healed":21,"gold_gain":0,"player_choice":"Banana","damage_taken":0,"max_hp_gain":0,"max_hp_loss":0,"event_name":"Big Fish","floor":12,"gold_loss":0},{"damage_healed":0,"gold_gain":0,"player_choice":"Got Potions","damage_taken":0,"max_hp_gain":0,"max_hp_loss":0,"event_name":"Lab","floor":21,"gold_loss":0}],"is_beta":false,"boss_relics":[{"not_picked":["expansioncontent:StudyCardRelic","Calling Bell"],"picked":"Cursed Key"}],"items_purged_floors":[5],"is_endless":false,"potions_floor_spawned":[2,11,13,14,16,20,26,28],"killed_by":"Cultist and Chosen","ascension_level":3}}