{"host":"v4tuy5ykrbdcm9o9","time":1612802672,"event":{"mods":["BaseMod","Duelist Mod","Minty Spire (QoL Compilation)","Replay The Spire","StSLib"],"gold_per_floor":[13,28,28,86,106,139,139,139,163,163,196,210,235,266,266,266,266],"floor_reached":16,"language":"ENG","playtime":1341,"items_purged":[],"score":162,"play_id":"19db5573-ec0e-422d-ac48-1199926bead3","local_time":"20210208114432","is_ascension_mode":true,"campfire_choices":[{"floor":7,"key":"REST"},{"floor":15,"key":"REST"}],"circlet_count":0,"master_deck":["Strike_B","Strike_B","Strike_B","Strike_B+1","Defend_B","Defend_B+1","Defend_B","Defend_B","Zap","Dualcast","theDuelist:OrbMetronome+1","Compile Driver","Beam Cell","ReplayTheSpireMod:Splinters","Sweeping Beam","Barrage","Panic Button","Injury","Redo","Panic Button","Lockon","Panic Button"],"relics":["Cracked Core","Vajra","Toy Ornithopter","Golden Idol","MealTicket","Darkstone Periapt"],"acts_visited":["Exordium"],"potions_floor_usage":[5,11,11,11,13,14,16,16],"damage_taken":[{"damage":4,"enemies":"Jaw Worm","floor":1,"turns":5},{"damage":10,"enemies":"Small Slimes","floor":2,"turns":3},{"damage":1,"enemies":"2 Louse","floor":5,"turns":2},{"damage":37,"enemies":"Lagavulin","floor":6,"turns":6},{"damage":9,"enemies":"3 Sentries","floor":11,"turns":4},{"damage":0,"enemies":"2 Fungi Beasts","floor":12,"turns":2},{"damage":15,"enemies":"Exordium Thugs","floor":13,"turns":3},{"damage":2,"enemies":"Gremlin Nob","floor":14,"turns":3},{"damage":54,"enemies":"Hexaghost","floor":16,"turns":9}],"seed_played":"-8002240725730262595","potions_obtained":[{"floor":2,"key":"EntropicBrew"},{"floor":4,"key":"BlessingOfTheForge"},{"floor":4,"key":"DuplicationPotion"},{"floor":11,"key":"Cursed Concoction"},{"floor":13,"key":"Elixir"},{"floor":14,"key":"Toxic Potion"}],"is_trial":false,"path_per_floor":["M","M","?","?","M","E","R","?","T","?","E","M","M","E","R","B"],"character_chosen":"DEFECT","items_purchased":[],"campfire_rested":2,"item_purchase_floors":[],"current_hp_per_floor":[64,54,39,39,38,1,23,23,23,23,29,29,19,22,44,0,0],"gold":266,"neow_bonus":"RANDOM_COLORLESS_2","is_daily":false,"chose_seed":false,"campfire_upgraded":0,"win_rate":0.0,"timestamp":1612802672,"path_taken":["M","M","?","?","M","E","R","?","T","?","E","M","M","E","R","BOSS"],"items_purchased_type":[],"build_version":"2020-12-22","purchased_purges":0,"victory":false,"max_hp_per_floor":[75,75,75,75,75,75,75,75,75,75,75,75,75,75,75,75,75],"card_choices":[{"not_picked":["Sadistic Nature","Master of Strategy"],"picked":"theDuelist:OrbMetronome","floor":0},{"not_picked":["Barrage","Skim"],"picked":"Compile Driver","floor":1},{"not_picked":["Compile Driver","Stack"],"picked":"Beam Cell","floor":2},{"not_picked":["Streamline","Rip and Tear"],"picked":"Sweeping Beam","floor":4},{"not_picked":["BasicCrystalCard","ReplayRNGCard"],"picked":"Barrage","floor":5},{"not_picked":["Go for the Eyes","Echo Form"],"picked":"Panic Button","floor":6},{"not_picked":["Aggregate","ReplayTheSpireMod:System Scan"],"picked":"Redo","floor":11},{"not_picked":["Go for the Eyes","Leap"],"picked":"Panic Button","floor":12},{"not_picked":["Redo","Time Bomb"],"picked":"Lockon","floor":13},{"not_picked":["Gash","Compile Driver"],"picked":"Panic Button","floor":14}],"player_experience":806763,"relics_obtained":[{"floor":4,"key":"Vajra"},{"floor":6,"key":"Toy Ornithopter"},{"floor":11,"key":"MealTicket"},{"floor":14,"key":"Darkstone Periapt"}],"event_choices":[{"damage_healed":0,"gold_gain":0,"player_choice":"Entered Light","damage_taken":15,"max_hp_gain":0,"max_hp_loss":0,"event_name":"Shining Light","floor":3,"gold_loss":0,"cards_upgraded":["Defend_B","Strike_B"]},{"damage_healed":0,"gold_gain":0,"player_choice":"Grow","damage_taken":0,"max_hp_gain":0,"max_hp_loss":0,"event_name":"Living Wall","floor":8,"gold_loss":0,"cards_upgraded":["theDuelist:OrbMetronome"]},{"damage_healed":0,"gold_gain":0,"player_choice":"Take Wound","damage_taken":0,"relics_obtained":["Golden Idol"],"max_hp_gain":0,"max_hp_loss":0,"event_name":"Golden Idol","floor":10,"gold_loss":0,"cards_obtained":["Injury"]}],"is_beta":false,"boss_relics":[],"items_purged_floors":[],"is_endless":false,"potions_floor_spawned":[2,11,13,14],"killed_by":"Hexaghost","ascension_level":7}}