{"host":"0u8wq8q0l49hd262","time":1612803278,"event":{"mods":["2.2 Compatiblity","AchievementEnabler","Act Like it!","BaseMod","Better Note","Better Third Choice","Block Reminder","Colored Map","Colored Powertips","GifTheSpireLib","Highlight Path","Minty Spire (QoL Compilation)","Pale of the Ancients","Permanent Neow","Quick Restart","Rare Cards Sparkle","Relic Sorter","Relic Stats","StSLib","Transform Curses","egg","everything is the same but u backflip on backflip"],"gold_per_floor":[116,41,41,57,81,116,116,191,217,236,38,3,18,62,62,183,183,208,307,332,76,89,132,150,194,194,230,230,230,255,293,293,423,423,442,323,323,337,44,44,64,82,82,116,137,173,189,212,212,212,226,249,349,349,349,349,349,148,148,148,148],"floor_reached":60,"language":"ENG","playtime":3729,"items_purged":["Strike_P","Defend_P","Defend_P","Strike_P+1","Strike_P+1","Defend_P"],"score":1139,"play_id":"9df7a0ee-1c8f-4d7d-89f5-927f69bdc1a4","local_time":"20210208175438","is_ascension_mode":true,"campfire_choices":[{"data":"Eruption","floor":7,"key":"SMITH"},{"data":"TalkToTheHand","floor":15,"key":"SMITH"},{"floor":29,"key":"REST"},{"floor":32,"key":"REST"},{"data":"Fasting2","floor":40,"key":"SMITH"},{"data":"Vault","floor":49,"key":"SMITH"},{"floor":55,"key":"REST"},{"data":"1","floor":57,"key":"LIFT"}],"circlet_count":0,"master_deck":["Eruption+1","Tantrum+1","Consecrate+1","CutThroughFate+1","MentalFortress+1","TalkToTheHand+1","Adaptation+1","FearNoEvil+1","FearNoEvil+1","EmptyBody","LessonLearned+1","EmptyMind+1","SashWhip+1","LikeWater","Indignation+1","TalkToTheHand+1","Vault+1","Fasting2+1","Wallop+1"],"relics":["HolyWater","Golden Idol","Smiling Mask","Vajra","HornCleat","Strange Spoon","Girya","Turnip","Pen Nib","Question Card","Red Mask","Busted Crown","Pantograph","Regal Pillow","Ginger","Omamori","paleoftheancients:Timepiece","paleoftheancients:KeyRelic","Anchor","Gremlin Horn","paleoftheancients:SoulOfTheShapes","Whetstone","Boot"],"acts_visited":["Exordium","TheCity","TheBeyond","TheBeyond"],"potions_floor_usage":[18,25,33,44,45,52,52],"damage_taken":[{"damage":0,"enemies":"Cultist","floor":1,"turns":2},{"damage":9,"enemies":"Small Slimes","floor":4,"turns":4},{"damage":0,"enemies":"2 Louse","floor":5,"turns":1},{"damage":10,"enemies":"Gremlin Nob","floor":6,"turns":3},{"damage":0,"enemies":"2 Fungi Beasts","floor":10,"turns":2},{"damage":0,"enemies":"Lots of Slimes","floor":13,"turns":1},{"damage":2,"enemies":"3 Sentries","floor":14,"turns":3},{"damage":0,"enemies":"Slime Boss","floor":16,"turns":4},{"damage":0,"enemies":"Shell Parasite","floor":18,"turns":1},{"damage":0,"enemies":"Spheric Guardian","floor":20,"turns":3},{"damage":18,"enemies":"3 Cultists","floor":22,"turns":5},{"damage":18,"enemies":"Gremlin Leader","floor":23,"turns":3},{"damage":0,"enemies":"Centurion and Healer","floor":24,"turns":3},{"damage":2,"enemies":"Book of Stabbing","floor":25,"turns":4},{"damage":26,"enemies":"Slavers","floor":27,"turns":5},{"damage":5,"enemies":"Shelled Parasite and Fungi","floor":30,"turns":4},{"damage":0,"enemies":"Masked Bandits","floor":31,"turns":2},{"damage":8,"enemies":"Champ","floor":33,"turns":8},{"damage":0,"enemies":"Orb Walker","floor":35,"turns":4},{"damage":0,"enemies":"3 Shapes","floor":38,"turns":3},{"damage":8,"enemies":"Jaw Worm Horde","floor":41,"turns":4},{"damage":0,"enemies":"Sphere and 2 Shapes","floor":42,"turns":3},{"damage":8,"enemies":"Nemesis","floor":44,"turns":8},{"damage":1,"enemies":"Transient","floor":45,"turns":6},{"damage":1,"enemies":"Reptomancer","floor":46,"turns":3},{"damage":0,"enemies":"Writhing Mass","floor":47,"turns":6},{"damage":0,"enemies":"Maw","floor":48,"turns":3},{"damage":1,"enemies":"Donu and Deca","floor":50,"turns":7},{"damage":0,"enemies":"Donu and Deca","floor":51,"turns":6},{"damage":66,"enemies":"Donu and Deca","floor":52,"turns":9},{"damage":476,"enemies":"Donu and Deca","floor":56,"turns":3},{"damage":64,"enemies":"paleoftheancients:N","floor":60,"turns":9}],"seed_played":"-6990694041491647111","potions_obtained":[{"floor":10,"key":"Swift Potion"},{"floor":13,"key":"LiquidBronze"},{"floor":16,"key":"AttackPotion"},{"floor":20,"key":"Energy Potion"},{"floor":22,"key":"GamblersBrew"},{"floor":25,"key":"Explosive Potion"},{"floor":33,"key":"EssenceOfSteel"},{"floor":35,"key":"StancePotion"},{"floor":45,"key":"SteroidPotion"},{"floor":48,"key":"ColorlessPotion"}],"is_trial":false,"path_per_floor":["M","$","?","M","M","E","R","?","T","M","$","?","M","E","R","B",null,"M","?","M","$","M","E","M","E","T","E","?","R","M","?","R","B",null,"M","$","?","M","$","R","M","M","T","E","M","E","M","M","R","B","M","M","?","T","R","M","R","$","?","B"],"character_chosen":"WATCHER","items_purchased":["Adaptation","FearNoEvil","SashWhip","Strange Spoon","Fasting2","Pantograph","Boot"],"campfire_rested":3,"item_purchase_floors":[11,11,21,21,36,39,58],"current_hp_per_floor":[51,51,51,42,42,32,32,21,21,21,21,37,37,35,35,35,67,67,67,67,67,49,31,31,29,29,3,3,23,18,18,38,30,67,67,67,67,67,67,67,59,59,59,51,50,49,49,49,49,67,67,34,34,34,67,67,67,67,67,3,3],"gold":148,"neow_bonus":"REMOVE_TWO","is_daily":false,"chose_seed":false,"campfire_upgraded":4,"win_rate":0.0,"timestamp":1612803278,"path_taken":["M","$","?","M","M","E","R","?","T","M","$","?","M","E","R","BOSS","M","?","M","$","M","E","M","E","T","E","?","R","?","?","R","BOSS","M","$","?","M","?","R","M","M","T","E","M","E","M","M","R","BOSS","M","M","?","T","R","M","R","$","?","BOSS"],"items_purchased_type":["Card","Card","Card","Relic","Card","Relic","Relic"],"build_version":"2020-12-22","purchased_purges":6,"victory":false,"max_hp_per_floor":[72,72,67,67,67,67,67,67,67,67,67,67,67,67,67,67,67,67,67,67,67,67,67,67,67,67,67,67,67,67,67,67,67,67,67,67,67,67,67,67,67,67,67,67,67,67,67,67,67,67,67,67,67,67,67,67,67,67,67,67,67],"relic_stats":{"Regal Pillow":13,"Gremlin Horn":[4,4],"counters":[32,132],"Golden Idol":209,"Pen Nib":[25],"Ginger":[7],"Whetstone":["LessonLearned"],"Smiling Mask":500,"Question Card":14,"Boot":[0],"Strange Spoon":[69],"Busted Crown":22,"Pantograph":18,"Turnip":[8],"obtain_stats":[{"Girya":23,"Regal Pillow":43,"paleoftheancients:KeyRelic":50,"Gremlin Horn":50,"Golden Idol":3,"Vajra":9,"Pen Nib":26,"Omamori":46,"Ginger":44,"Whetstone":54,"Smiling Mask":6,"Question Card":27,"Boot":58,"paleoftheancients:SoulOfTheShapes":51,"paleoftheancients:Timepiece":50,"Strange Spoon":21,"Anchor":50,"HornCleat":14,"Busted Crown":34,"Pantograph":39,"HolyWater":17,"Turnip":25,"Red Mask":31,"PureWater":0},{"Girya":12,"Regal Pillow":22,"paleoftheancients:KeyRelic":28,"Gremlin Horn":28,"Golden Idol":1,"Vajra":4,"Pen Nib":14,"Omamori":25,"Ginger":23,"Whetstone":30,"Smiling Mask":4,"Question Card":15,"Boot":31,"paleoftheancients:SoulOfTheShapes":29,"paleoftheancients:Timepiece":28,"Strange Spoon":10,"Anchor":28,"HornCleat":7,"Busted Crown":18,"Pantograph":20,"HolyWater":8,"Turnip":14,"Red Mask":17,"PureWater":0},{"Girya":32,"Regal Pillow":72,"paleoftheancients:KeyRelic":105,"Gremlin Horn":105,"Golden Idol":2,"Vajra":10,"Pen Nib":39,"Omamori":89,"Ginger":80,"Whetstone":120,"Smiling Mask":10,"Question Card":44,"Boot":123,"paleoftheancients:SoulOfTheShapes":111,"paleoftheancients:Timepiece":105,"Strange Spoon":24,"Anchor":105,"HornCleat":16,"Busted Crown":58,"Pantograph":65,"HolyWater":20,"Turnip":39,"Red Mask":50,"PureWater":0}]},"card_choices":[{"not_picked":["Protect","ForeignInfluence"],"picked":"Tantrum","floor":1},{"not_picked":["ClearTheMind","FlurryOfBlows"],"picked":"Consecrate","floor":4},{"not_picked":["BowlingBash","Weave"],"picked":"CutThroughFate","floor":5},{"not_picked":["Indignation","FlurryOfBlows"],"picked":"MentalFortress","floor":6},{"not_picked":["Wish","Evaluate"],"picked":"TalkToTheHand","floor":10},{"not_picked":["CrushJoints","ThirdEye"],"picked":"FearNoEvil","floor":13},{"not_picked":["ClearTheMind","Ragnarok"],"picked":"EmptyBody","floor":14},{"not_picked":["MasterReality","Devotion"],"picked":"LessonLearned","floor":16},{"not_picked":["DeceiveReality","Prostrate"],"picked":"EmptyMind","floor":18},{"not_picked":["EmptyFist","WreathOfFlame+1","Weave"],"picked":"SKIP","floor":20},{"not_picked":["InnerPeace","Conclude","Protect+1"],"picked":"SKIP","floor":22},{"not_picked":["SandsOfTime","Crescendo"],"picked":"LikeWater","floor":23},{"not_picked":["Protect","Worship"],"picked":"Indignation+1","floor":24},{"not_picked":["SashWhip+1","Establishment","BowlingBash+1"],"picked":"SKIP","floor":25},{"not_picked":["CrushJoints","CarveReality+1","PathToVictory"],"picked":"SKIP","floor":27},{"not_picked":["Vengeance","FollowUp","WreathOfFlame"],"picked":"TalkToTheHand+1","floor":30},{"not_picked":["Establishment","Devotion","Alpha"],"picked":"Vault","floor":33},{"not_picked":["SashWhip","CrushJoints"],"picked":"SKIP","floor":35},{"not_picked":["ThirdEye","CarveReality+1"],"picked":"SKIP","floor":38},{"not_picked":["Evaluate+1","EmptyBody"],"picked":"SKIP","floor":41},{"not_picked":["Pray+1","CrushJoints+1"],"picked":"SKIP","floor":42},{"not_picked":["Evaluate+1","FollowUp+1"],"picked":"SKIP","floor":44},{"not_picked":["WindmillStrike","SpiritShield"],"picked":"SKIP","floor":45},{"not_picked":["CutThroughFate+1","Evaluate+1"],"picked":"SKIP","floor":46},{"not_picked":["FollowUp+1"],"picked":"Wallop","floor":47},{"not_picked":["Adaptation","Halt+1"],"picked":"SKIP","floor":48},{"not_picked":["FollowUp+1","FlurryOfBlows+1"],"picked":"SKIP","floor":51},{"not_picked":["ThirdEye","Protect"],"picked":"SKIP","floor":52}],"player_experience":400439,"relics_obtained":[{"floor":6,"key":"Smiling Mask"},{"floor":9,"key":"Vajra"},{"floor":14,"key":"HornCleat"},{"floor":23,"key":"Girya"},{"floor":25,"key":"Turnip"},{"floor":26,"key":"Pen Nib"},{"floor":27,"key":"Question Card"},{"floor":31,"key":"Red Mask"},{"floor":43,"key":"Regal Pillow"},{"floor":44,"key":"Ginger"},{"floor":46,"key":"Omamori"},{"floor":51,"key":"paleoftheancients:SoulOfTheShapes"},{"floor":54,"key":"Whetstone"}],"event_choices":[{"damage_healed":0,"gold_gain":0,"player_choice":"Lose Max HP","damage_taken":0,"relics_obtained":["Golden Idol"],"max_hp_gain":0,"max_hp_loss":5,"event_name":"Golden Idol","floor":3,"gold_loss":0},{"damage_healed":0,"gold_gain":75,"player_choice":"Gold","damage_taken":11,"max_hp_gain":0,"max_hp_loss":0,"event_name":"betterThird:BetterGoop","floor":8,"gold_loss":0},{"damage_healed":16,"gold_gain":0,"player_choice":"Healed","damage_taken":0,"max_hp_gain":0,"max_hp_loss":0,"event_name":"The Cleric","floor":12,"gold_loss":35},{"damage_healed":0,"gold_gain":99,"player_choice":"Steal","damage_taken":0,"max_hp_gain":0,"max_hp_loss":0,"event_name":"betterThird:BetterNest","floor":19,"gold_loss":0},{"damage_healed":0,"gold_gain":0,"player_choice":"0 cards matched","damage_taken":0,"max_hp_gain":0,"max_hp_loss":0,"event_name":"Match and Keep!","floor":28,"gold_loss":0,"cards_obtained":[]},{"damage_healed":0,"gold_gain":0,"player_choice":"Fought Bandits","damage_taken":0,"max_hp_gain":0,"max_hp_loss":0,"event_name":"Masked Bandits","floor":31,"gold_loss":0},{"cards_removed":["Vigilance"],"damage_healed":0,"gold_gain":0,"player_choice":"Removed Skill","damage_taken":0,"max_hp_gain":0,"max_hp_loss":0,"event_name":"Falling","floor":37,"gold_loss":0},{"damage_healed":0,"gold_gain":100,"player_choice":"Pray","damage_taken":0,"max_hp_gain":0,"max_hp_loss":0,"event_name":"Golden Shrine","floor":53,"gold_loss":0}],"is_beta":false,"boss_relics":[{"not_picked":["Empty Cage","Coffee Dripper"],"picked":"HolyWater"},{"not_picked":["Snecko Eye","Black Star"],"picked":"Busted Crown"}],"items_purged_floors":[2,11,21,36,39,58],"is_endless":false,"potions_floor_spawned":[10,13,16,20,22,25,33,35,42,45,48],"killed_by":"paleoftheancients:N","ascension_level":4}}