{"host":"36t3qd3wjvajtu1z","time":1612820095,"event":{"mods":["2.2 Compatiblity","AchievementEnabler","BaseMod","Block Reminder","Colored Powertips","Minty Spire (QoL Compilation)","Permanent Neow","Quick Restart","Random Character Button","Rare Cards Sparkle","Relic Stats","Slay-I","StSLib"],"gold_per_floor":[17,35,35,45,61,95,95,20,20,20,38,38,52,84,84,161,161,178,178,197,212,223,223,236,236,288,288,288,308,341,357,357,357,357],"floor_reached":33,"language":"ENG","playtime":2686,"items_purged":["Strike_G"],"score":581,"play_id":"5adc4bbf-12ad-4005-8e40-7d40b8c772fe","local_time":"20210208133455","is_ascension_mode":true,"campfire_choices":[{"data":"Cloak And Dagger","floor":7.0,"key":"SMITH"},{"data":"Eviscerate","floor":10.0,"key":"SMITH"},{"data":"Envenom","floor":15.0,"key":"SMITH"},{"data":"Envenom","floor":23.0,"key":"SMITH"},{"floor":25.0,"key":"REST"},{"floor":32.0,"key":"REST"}],"circlet_count":0,"master_deck":["AscendersBane","Strike_G","Strike_G","Strike_G","Strike_G","Defend_G","Defend_G","Defend_G","Defend_G","Defend_G","Survivor","Neutralize","Unload","Eviscerate+1","Choke","Unload","Predator","Cloak And Dagger+1","Outmaneuver","Poisoned Stab","Blade Dance","Envenom+1","Envenom+1","Leg Sweep","PiercingWail","Blade Dance","Reflex","PiercingWail","Necronomicurse","Backflip","Bullet Time"],"relics":["Ring of the Snake","Vajra","Ninja Scroll","Thread and Needle","Runic Pyramid","Mummified Hand","Tiny Chest","Necronomicon","Boot"],"acts_visited":["Exordium","TheCity"],"potions_floor_usage":[33,33],"damage_taken":[{"damage":11.0,"enemies":"Jaw Worm","floor":1.0,"turns":7.0},{"damage":0.0,"enemies":"Cultist","floor":2.0,"turns":2.0},{"damage":0.0,"enemies":"Small Slimes","floor":4.0,"turns":3.0},{"damage":2.0,"enemies":"3 Louse","floor":5.0,"turns":2.0},{"damage":16.0,"enemies":"3 Sentries","floor":6.0,"turns":6.0},{"damage":0.0,"enemies":"Exordium Thugs","floor":11.0,"turns":1.0},{"damage":0.0,"enemies":"Exordium Wildlife","floor":13.0,"turns":2.0},{"damage":0.0,"enemies":"Lagavulin","floor":14.0,"turns":2.0},{"damage":29.0,"enemies":"The Guardian","floor":16.0,"turns":9.0},{"damage":0.0,"enemies":"3 Byrds","floor":18.0,"turns":4.0},{"damage":0.0,"enemies":"Chosen","floor":20.0,"turns":2.0},{"damage":0.0,"enemies":"3 Cultists","floor":21.0,"turns":3.0},{"damage":23.0,"enemies":"Snecko","floor":22.0,"turns":6.0},{"damage":0.0,"enemies":"Centurion and Healer","floor":24.0,"turns":5.0},{"damage":7.0,"enemies":"3 Cultists","floor":29.0,"turns":4.0},{"damage":5.0,"enemies":"Book of Stabbing","floor":30.0,"turns":5.0},{"damage":0.0,"enemies":"Chosen and Byrds","floor":31.0,"turns":4.0},{"damage":39,"enemies":"Collector","floor":33,"turns":6}],"seed_played":"2502542460916958360","potions_obtained":[{"floor":1.0,"key":"FearPotion"},{"floor":4.0,"key":"BlessingOfTheForge"},{"floor":6.0,"key":"DistilledChaos"},{"floor":11.0,"key":"SteroidPotion"},{"floor":12.0,"key":"Energy Potion"},{"floor":24.0,"key":"CunningPotion"},{"floor":29.0,"key":"Energy Potion"},{"floor":30.0,"key":"BlessingOfTheForge"},{"floor":31.0,"key":"Swift Potion"}],"is_trial":false,"path_per_floor":["M","M","?","M","M","E","R","$","T","R","M","?","M","E","R","B",null,"M","T","M","M","M","R","M","R","T","?","?","M","E","M","R","B"],"character_chosen":"THE_SILENT","items_purchased":[],"campfire_rested":2,"item_purchase_floors":[],"current_hp_per_floor":[48,48,48,48,46,30,30,30,30,30,30,30,30,30,30,1,50,50,50,50,50,27,27,27,46,46,46,25,18,13,13,32,0,0],"gold":357,"neow_bonus":"THREE_RARE_CARDS","is_daily":false,"chose_seed":false,"campfire_upgraded":4,"win_rate":0.0,"timestamp":1612820095,"path_taken":["M","M","?","?","M","E","R","$","T","R","M","?","M","E","R","BOSS","M","?","?","M","M","R","M","R","T","?","?","?","E","M","R","BOSS"],"items_purchased_type":[],"build_version":"2020-12-22","purchased_purges":1,"victory":false,"max_hp_per_floor":[66,66,66,66,66,66,66,66,66,66,66,66,66,66,66,66,66,66,66,66,66,66,66,66,66,66,66,66,66,66,66,66,66,66],"relic_stats":{"counters":[18,73],"Mummified Hand":[13],"Tiny Chest":0,"Necronomicon":[5],"Boot":[21],"obtain_stats":[{"Ninja Scroll":9,"Mummified Hand":19,"Vajra":6,"Thread and Needle":14,"Tiny Chest":26,"Necronomicon":28,"Boot":30,"Ring of the Snake":0,"Runic Pyramid":17},{"Ninja Scroll":5,"Mummified Hand":10,"Vajra":5,"Thread and Needle":8,"Tiny Chest":14,"Necronomicon":14,"Boot":16,"Ring of the Snake":0,"Runic Pyramid":9},{"Ninja Scroll":20,"Mummified Hand":38,"Vajra":20,"Thread and Needle":25,"Tiny Chest":54,"Necronomicon":54,"Boot":63,"Ring of the Snake":0,"Runic Pyramid":34}],"Ring of the Snake":[36]},"card_choices":[{"not_picked":["Night Terror","Burst"],"picked":"Unload","floor":0.0},{"not_picked":["Distraction","Caltrops"],"picked":"Eviscerate","floor":1.0},{"not_picked":["Deflect","Catalyst"],"picked":"Choke","floor":2.0},{"not_picked":["Backflip","Prepared"],"picked":"Predator","floor":4.0},{"not_picked":["Dash","Dagger Throw"],"picked":"Cloak And Dagger","floor":5.0},{"not_picked":["Quick Slash","Deflect"],"picked":"Outmaneuver","floor":6.0},{"not_picked":["Endless Agony","Dagger Throw"],"picked":"Poisoned Stab","floor":11.0},{"not_picked":["Bouncing Flask","Deflect"],"picked":"Blade Dance","floor":13.0},{"not_picked":["Acrobatics","Backflip"],"picked":"Envenom","floor":14.0},{"not_picked":["Burst","Venomology"],"picked":"Envenom","floor":16.0},{"not_picked":["Flying Knee","Outmaneuver"],"picked":"Leg Sweep","floor":18.0},{"not_picked":["Quick Slash","Deadly Poison"],"picked":"PiercingWail","floor":20.0},{"not_picked":["Underhanded Strike","Deadly Poison"],"picked":"Blade Dance","floor":21.0},{"not_picked":["Deadly Poison","Underhanded Strike"],"picked":"Reflex","floor":22.0},{"not_picked":["Distraction","Dodge and Roll"],"picked":"PiercingWail","floor":24.0},{"not_picked":["Blade Dance","Quick Slash"],"picked":"Backflip","floor":29.0},{"not_picked":["Backflip","Footwork"],"picked":"Bullet Time","floor":30.0},{"not_picked":["Underhanded Strike","Dodge and Roll","Prepared"],"picked":"SKIP","floor":31.0}],"player_experience":438219,"relics_obtained":[{"floor":6.0,"key":"Vajra"},{"floor":9.0,"key":"Ninja Scroll"},{"floor":14.0,"key":"Thread and Needle"},{"floor":19.0,"key":"Mummified Hand"},{"floor":26.0,"key":"Tiny Chest"},{"floor":28.0,"key":"Necronomicon"},{"floor":30.0,"key":"Boot"}],"event_choices":[{"damage_healed":0.0,"max_hp_gain":0.0,"max_hp_loss":0.0,"gold_gain":0.0,"event_name":"Match and Keep!","player_choice":"1 cards matched","floor":3.0,"gold_loss":0.0,"damage_taken":0.0,"cards_obtained":["Unload"]},{"damage_healed":0.0,"max_hp_gain":0.0,"max_hp_loss":0.0,"gold_gain":0.0,"event_name":"Lab","player_choice":"Got Potions","floor":12.0,"gold_loss":0.0,"damage_taken":0.0},{"damage_healed":0.0,"max_hp_gain":0.0,"max_hp_loss":0.0,"gold_gain":0.0,"event_name":"Vampires","player_choice":"Ignored","floor":27.0,"gold_loss":0.0,"damage_taken":0.0},{"damage_healed":0.0,"max_hp_gain":0.0,"max_hp_loss":0.0,"gold_gain":0.0,"event_name":"Cursed Tome","player_choice":"Obtained Book","floor":28.0,"gold_loss":0.0,"damage_taken":21.0}],"is_beta":false,"boss_relics":[{"not_picked":["SlaversCollar","Runic Dome"],"picked":"Runic Pyramid"}],"items_purged_floors":[8],"is_endless":false,"potions_floor_spawned":[1,4,6,11,13,24,29,30,31],"killed_by":"Collector","ascension_level":18}}