{"host":"o6nndy8fvkon49s1","time":1612820489,"event":{"mods":["BaseMod","CapriCore","Hermit","HololiveMod","Marisa????????","Minty Spire (QoL Compilation)","Prisma Mod","Reimu??????","StSLib","Td1madao Mod","The Animator","The Immortal","The Marked","The Senshi","The Servant 0.9.4"],"gold_per_floor":[109,73,84,84,102,102,117,133,133,159,173,202,222,6,6,105,105,120,140,151,151,162,162,175,189,214,214,214,233,246,171,171,273,273,292,292,310,67,81,81,81,81,81,81,94,94,111,11,11,11],"floor_reached":51,"language":"ENG","playtime":1773,"items_purged":["Strike_G","Strike_G","Normality"],"score":765,"play_id":"688e93bb-b0b2-405f-929e-654055dec3ce","local_time":"20210208154129","is_ascension_mode":false,"campfire_choices":[{"data":"Noxious Fumes","floor":6,"key":"SMITH"},{"data":"Accuracy","floor":15,"key":"SMITH"},{"data":"Madness","floor":23,"key":"SMITH"},{"data":"Accuracy","floor":27,"key":"SMITH"},{"floor":32,"key":"REST"},{"data":"Cloak And Dagger","floor":40,"key":"SMITH"},{"data":"Infinite Blades","floor":44,"key":"SMITH"},{"data":"Burst","floor":46,"key":"SMITH"},{"data":"Cloak And Dagger","floor":49,"key":"SMITH"}],"circlet_count":0,"master_deck":["Defend_G","Defend_G","Defend_G","Defend_G","Defend_G","Survivor","Neutralize","Madness+1","Infinite Blades+1","Noxious Fumes+1","Neutralize","Blade Dance","Blade Dance","Cloak And Dagger+1","Accuracy+1","After Image","CurseOfTheBell","Cloak And Dagger+1","Accuracy+1","Burst+1","Finisher","Finesse"],"relics":["Ring of the Snake","HornCleat","Pear","Bag of Preparation","ClockworkSouvenir","Calling Bell","Darkstone Periapt","Ice Cream","Centennial Puzzle","MutagenicStrength","Cursed Key","HandDrill","The Courier"],"acts_visited":["Exordium","TheCity","TheBeyond"],"potions_floor_usage":[10,10,12,12,13,19,20,33,45,50,50,50],"damage_taken":[{"damage":0,"enemies":"2 Louse","floor":1,"turns":3},{"damage":1,"enemies":"Cultist","floor":3,"turns":4},{"damage":2,"enemies":"Jaw Worm","floor":5,"turns":4},{"damage":3,"enemies":"Large Slime","floor":7,"turns":4},{"damage":2,"enemies":"Looter","floor":8,"turns":3},{"damage":13,"enemies":"Lagavulin","floor":10,"turns":6},{"damage":4,"enemies":"Gremlin Gang","floor":11,"turns":4},{"damage":0,"enemies":"Gremlin Nob","floor":12,"turns":3},{"damage":7,"enemies":"Large Slime","floor":13,"turns":5},{"damage":0,"enemies":"Slime Boss","floor":16,"turns":6},{"damage":0,"enemies":"Spheric Guardian","floor":18,"turns":3},{"damage":0,"enemies":"Chosen","floor":19,"turns":4},{"damage":10,"enemies":"Centurion and Healer","floor":20,"turns":5},{"damage":14,"enemies":"Cultist and Chosen","floor":22,"turns":7},{"damage":4,"enemies":"Chosen and Byrds","floor":24,"turns":6},{"damage":4,"enemies":"Snecko","floor":25,"turns":5},{"damage":0,"enemies":"3 Cultists","floor":29,"turns":4},{"damage":9,"enemies":"Snake Plant","floor":30,"turns":3},{"damage":19,"enemies":"Champ","floor":33,"turns":8},{"damage":4,"enemies":"3 Shapes","floor":35,"turns":2},{"damage":0,"enemies":"3 Darklings","floor":37,"turns":4},{"damage":0,"enemies":"Spire Growth","floor":39,"turns":3},{"damage":12,"enemies":"4 Shapes","floor":45,"turns":5},{"damage":0,"enemies":"Sphere and 2 Shapes","floor":47,"turns":3},{"damage":24,"enemies":"Awakened One","floor":50,"turns":7}],"seed_played":"-6508474826712743619","potions_obtained":[{"floor":3,"key":"GamblersBrew"},{"floor":5,"key":"SkillPotion"},{"floor":8,"key":"SteroidPotion"},{"floor":11,"key":"Fire Potion"},{"floor":12,"key":"ZuzhouPotion:ReiMu"},{"floor":16,"key":"Block Potion"},{"floor":18,"key":"Fire Potion"},{"floor":25,"key":"CultistPotion"},{"floor":30,"key":"AttackPotion"},{"floor":33,"key":"CultistPotion"},{"floor":39,"key":"Explosive Potion"},{"floor":47,"key":"Fire Potion"}],"is_trial":false,"path_per_floor":["M","$","M","?","M","R","M","M","T","E","M","E","M","$","R","B",null,"M","M","M","?","M","R","M","M","T","R","?","M","M","$","R","B",null,"M","?","M","$","M","R","?","?","T","R","M","R","M","$","R","B",null],"character_chosen":"THE_SILENT","items_purchased":["Noxious Fumes","Accuracy","ClockworkSouvenir","HandDrill"],"campfire_rested":1,"item_purchase_floors":[2,14,14,38],"current_hp_per_floor":[70,70,69,69,67,67,64,62,62,59,55,55,48,48,48,48,80,80,80,70,70,56,56,52,48,48,48,48,48,39,39,63,44,80,76,76,76,76,76,76,76,76,82,82,70,70,70,70,70,46],"gold":11,"neow_bonus":"RANDOM_COLORLESS","is_daily":false,"chose_seed":false,"campfire_upgraded":8,"win_rate":0.0,"timestamp":1612820489,"path_taken":["M","$","M","?","M","R","M","M","T","E","M","E","?","?","R","BOSS","M","M","M","?","M","R","M","M","T","R","?","M","M","$","R","BOSS","M","?","M","$","M","R","?","?","T","R","M","R","?","$","R","BOSS"],"items_purchased_type":["Card","Card","Relic","Relic"],"build_version":"2020-12-22","purchased_purges":3,"victory":true,"max_hp_per_floor":[70,70,70,70,70,70,70,70,70,80,80,80,80,80,80,80,80,80,80,80,80,80,80,80,80,80,80,80,80,80,80,80,80,80,80,80,80,80,80,80,80,80,86,86,86,86,86,86,86,86],"card_choices":[{"not_picked":["Trip","Mind Blast"],"picked":"Madness","floor":0},{"not_picked":["Finisher","Sucker Punch"],"picked":"Infinite Blades","floor":1},{"not_picked":["Bane","Dodge and Roll","All Out Attack"],"picked":"SKIP","floor":3},{"not_picked":["Quick Slash","Prepared"],"picked":"Blade Dance","floor":5},{"not_picked":["Escape Plan","PiercingWail"],"picked":"Blade Dance","floor":7},{"not_picked":["Catalyst","Slice","Poisoned Stab"],"picked":"SKIP","floor":8},{"not_picked":["Well Laid Plans","Slice"],"picked":"Cloak And Dagger","floor":10},{"not_picked":["Eviscerate","Catalyst","Acrobatics"],"picked":"SKIP","floor":11},{"not_picked":["Deflect","Poisoned Stab","Catalyst"],"picked":"SKIP","floor":12},{"not_picked":["Caltrops","Backflip","Dagger Throw"],"picked":"SKIP","floor":13},{"not_picked":["Phantasmal Killer","Wraith Form v2"],"picked":"After Image","floor":16},{"not_picked":["Blade Dance","All Out Attack+1","Dagger Throw"],"picked":"SKIP","floor":18},{"not_picked":["Crippling Poison","Flying Knee","Acrobatics+1"],"picked":"SKIP","floor":19},{"not_picked":["Bane+1","Slice"],"picked":"Cloak And Dagger","floor":20},{"not_picked":["Deadly Poison","Dagger Throw","Flying Knee"],"picked":"SKIP","floor":22},{"not_picked":["Flying Knee","Setup+1","Reflex+1"],"picked":"SKIP","floor":24},{"not_picked":["Bouncing Flask","Acrobatics+1"],"picked":"Accuracy","floor":25},{"not_picked":["Cloak And Dagger","Deadly Poison","Escape Plan"],"picked":"SKIP","floor":29},{"not_picked":["Skewer","Slice","Setup"],"picked":"SKIP","floor":30},{"not_picked":["Adrenaline","Bullet Time"],"picked":"Burst","floor":33},{"not_picked":["Accuracy+1","Deadly Poison","Quick Slash"],"picked":"SKIP","floor":35},{"not_picked":["Underhanded Strike","Backflip","Accuracy"],"picked":"SKIP","floor":37},{"not_picked":["Calculated Gamble+1","Blur"],"picked":"Finisher","floor":39},{"not_picked":["Forethought","Violence"],"picked":"Finesse","floor":41},{"not_picked":["Dagger Throw+1","All Out Attack","Outmaneuver"],"picked":"SKIP","floor":45},{"not_picked":["Well Laid Plans+1","Distraction+1","Prepared"],"picked":"SKIP","floor":47}],"player_experience":261894,"relics_obtained":[{"floor":9,"key":"HornCleat"},{"floor":10,"key":"Pear"},{"floor":12,"key":"Bag of Preparation"},{"floor":17,"key":"Darkstone Periapt"},{"floor":17,"key":"Ice Cream"},{"floor":26,"key":"Centennial Puzzle"},{"floor":43,"key":"The Courier"}],"event_choices":[{"damage_healed":0,"gold_gain":0,"player_choice":"1 cards matched","damage_taken":0,"max_hp_gain":0,"max_hp_loss":0,"event_name":"Match and Keep!","floor":4,"gold_loss":0,"cards_obtained":["Neutralize"]},{"cards_removed":["Strike_G"],"damage_healed":0,"gold_gain":0,"player_choice":"Elegance","damage_taken":0,"max_hp_gain":0,"max_hp_loss":0,"event_name":"Back to Basics","floor":21,"gold_loss":0},{"damage_healed":0,"gold_gain":0,"player_choice":"Inject Mutagens","damage_taken":0,"relics_obtained":["MutagenicStrength"],"max_hp_gain":0,"max_hp_loss":0,"event_name":"Drug Dealer","floor":28,"gold_loss":0},{"cards_removed":["Strike_G"],"damage_healed":0,"gold_gain":0,"player_choice":"Removed Attack","damage_taken":0,"max_hp_gain":0,"max_hp_loss":0,"event_name":"Falling","floor":36,"gold_loss":0},{"damage_healed":0,"gold_gain":0,"player_choice":"Memory 1","damage_taken":0,"max_hp_gain":0,"max_hp_loss":0,"event_name":"SensoryStone","floor":41,"gold_loss":0},{"cards_removed":["Strike_G"],"damage_healed":0,"gold_gain":0,"player_choice":"Purged","damage_taken":0,"max_hp_gain":0,"max_hp_loss":0,"event_name":"Purifier","floor":42,"gold_loss":0}],"is_beta":false,"boss_relics":[{"not_picked":["Velvet Choker","Hololive_ChaosS"],"picked":"Calling Bell"},{"not_picked":["Astrolabe","Hololive_Finger"],"picked":"Cursed Key"}],"items_purged_floors":[31,38,48],"is_endless":false,"potions_floor_spawned":[3,5,8,11,12,16,18,25,30,33,39,47],"ascension_level":0}}