{"host":"ggy1mjjy92c62u6a","time":1612758413,"event":{"mods":["10 clothes from DAL","ATMod(∞¢Ë™Mod)","Act Like it!","BaseMod","Colored Powertips","GifTheSpireLib","Library of Ruina","Library of Ruina Extra","Lobotomy","LobotomyExtend","Minty Spire (QoL Compilation)","Quick Restart","Relic Filter Mod","Relic Stats","Shop Mod","Spicy Shops","StSLib","TestMod","°æπ¶ƒ‹Mod°øªÏ„Á÷Æª∑–ﬁ∏¥≤π∂°","°æ“≈ŒÔMod°øÀ¿¡È∑® ¶NEW","°æ“≈ŒÔø®≈∆°øREMEMod"],"gold_per_floor":[117,117,133,147,322,354,409,409,409,538,558,570,699,715,715,917,917,929,929,929,1028,943,943,1071,1087,1087,1087,1099,1113,1113,1239,1239,1541,1541,1541,1541,859,769,789,789,914,931,931,931,950,950,967,1101,1101,1222,1279],"floor_reached":52,"language":"ZHS","playtime":1649,"items_purged":["DegradedFairy"],"score":1453,"play_id":"69880589-48fa-4a3b-85c8-d703ea578c15","local_time":"20210208122653","is_ascension_mode":true,"campfire_choices":[{"data":"HandlingWork","floor":8.0,"key":"SMITH"},{"data":"CombatPreparation","floor":15.0,"key":"SMITH"},{"data":"GuidanceOfTheGears","floor":23.0,"key":"SMITH"},{"data":"WillProduceFineSilk","floor":30.0,"key":"SMITH"},{"floor":32.0,"key":"REST"},{"data":"testmod-Wormhole","floor":40,"key":"SMITH"},{"data":"Calculated Gamble","floor":44,"key":"SMITH"},{"floor":46,"key":"REST"},{"floor":49,"key":"REST"}],"circlet_count":0,"master_deck":["DegradedFairy","DegradedChain","DegradedChain","DegradedLock","DegradedPillar","DegradedPillar","DegradedShockwave","AT_ShadowStep+1","Faith","DegradedFairy","Quickness","Unlock1","HandlingWork+1","WillProduceFineSilk+1","Unlock1","GreedKing","GuidanceOfTheGears","CombatPreparation+1","SpiderBud","GuidanceOfTheGears+1","BindingArms+1","Fence+1","FrontalAssault+1","CombatPreparation","BlazingStrike","testmod-Wormhole+1","ForTheFamily","Calculated Gamble+1","Guardian_lor+1","Parasite","FrontalAssault"],"relics":["PageOfLibrarian","REME_ComplimentaryCards","AT_ATBox","testmod-TestBox","CogitoBucket","testmod-HeartOfDaVinci","LetterFromLob","AT_TheCollector","AT_TimeSand","Bronze Scales","BackwardClock","AT_ArcaneBoots","AT_TrinityForce","MutagenicStrength","PageOfLittleHelper","Matryoshka","PreservedInsect","PageOfScorchedGirl","PageOfBloodbath","testmod-TimeTraveler","Pen Nib","testmod-AssaultLearning","REME_PoisonedDagger","MealTicket","Strawberry","testmod-TheFather"],"acts_visited":["Exordium","TheCity","TheBeyond"],"potions_floor_usage":[35,50],"damage_taken":[{"damage":3.0,"enemies":"Jaw Worm","floor":1.0,"turns":2.0},{"damage":0.0,"enemies":"Cultist","floor":3.0,"turns":1.0},{"damage":0.0,"enemies":"2 Louse","floor":4.0,"turns":1.0},{"damage":8.0,"enemies":"3 Sentries","floor":6.0,"turns":3.0},{"damage":0.0,"enemies":"Gremlin Nob","floor":10.0,"turns":2.0},{"damage":2.0,"enemies":"Blue Slaver","floor":11.0,"turns":5.0},{"damage":0.0,"enemies":"Exordium Wildlife","floor":12.0,"turns":1.0},{"damage":7.0,"enemies":"Lagavulin","floor":13.0,"turns":3.0},{"damage":0.0,"enemies":"Large Slime","floor":14.0,"turns":2.0},{"damage":0.0,"enemies":"Hexaghost","floor":16.0,"turns":4.0},{"damage":0.0,"enemies":"Shell Parasite","floor":18.0,"turns":4.0},{"damage":28.0,"enemies":"Gremlin Leader","floor":24.0,"turns":6.0},{"damage":0.0,"enemies":"Spheric Guardian","floor":25.0,"turns":1.0},{"damage":0.0,"enemies":"Centurion and Healer","floor":28.0,"turns":2.0},{"damage":0.0,"enemies":"Shelled Parasite and Fungi","floor":29.0,"turns":5.0},{"damage":21.0,"enemies":"Slavers","floor":31.0,"turns":5.0},{"damage":8.0,"enemies":"RedHoodMercenary","floor":33.0,"turns":5.0},{"damage":33,"enemies":"3 Darklings","floor":35,"turns":3},{"damage":0,"enemies":"Orb Walker","floor":39,"turns":2},{"damage":0,"enemies":"Reptomancer","floor":41,"turns":2},{"damage":24,"enemies":"4 Shapes","floor":42,"turns":2},{"damage":0,"enemies":"Sphere and 2 Shapes","floor":45,"turns":2},{"damage":0,"enemies":"Writhing Mass","floor":47,"turns":3},{"damage":0,"enemies":"Nemesis","floor":48,"turns":3},{"damage":28,"enemies":"FixerMidnight","floor":50,"turns":3}],"seed_played":"6819414414268316716","potions_obtained":[{"floor":1.0,"key":"Dexterity Potion"},{"floor":4.0,"key":"testmod-TestPotion"},{"floor":10.0,"key":"SmokeBomb"}],"is_trial":false,"path_per_floor":["M","?","M","M","?","E","?","R","T","E","M","M","E","M","R","B",null,"M","?","T","?","?","R","E","M","T","?","M","M","R","E","R","B",null,"M","?","$","?","M","R","E","M","T","R","M","R","M","E","R","B",null,null],"character_chosen":"Librarian","items_purchased":["Pen Nib","testmod-AssaultLearning","testmod-Wormhole","ForTheFamily"],"campfire_rested":3,"item_purchase_floors":[37,37,37,37],"current_hp_per_floor":[51,51,51,51,51,43,43,43,43,43,41,41,34,34,34,34,76,76,76,76,76,76,76,48,48,48,30,30,30,30,9,37,29,79,46,46,46,46,46,46,46,22,29,29,29,59,59,59,89,61,61],"gold":1279,"neow_bonus":"","is_daily":false,"chose_seed":false,"campfire_upgraded":6,"win_rate":0.0,"timestamp":1612758413,"path_taken":["M","?","?","M","?","E","?","R","T","E","M","M","E","M","R","BOSS","M","?","?","?","?","R","E","M","T","?","M","M","R","E","R","BOSS","M","?","$","?","M","R","E","M","T","R","M","R","M","E","R","BOSS"],"items_purchased_type":["Relic","Relic","Card","Card"],"build_version":"2020-12-22","purchased_purges":1,"victory":true,"max_hp_per_floor":[90,90,90,90,90,90,90,90,90,90,90,90,90,90,90,90,90,90,90,90,90,90,90,90,90,90,95,95,95,95,95,95,95,95,95,95,95,95,95,95,95,95,102,102,102,102,102,102,102,102,102],"relic_stats":{"counters":[29,81],"Bronze Scales":[270],"MealTicket":0,"PreservedInsect":152,"Pen Nib":[6],"obtain_stats":[{"AT_ATBox":0,"AT_ArcaneBoots":35,"AT_TimeSand":9,"CogitoBucket":0,"Matryoshka":22,"Strawberry":43,"AT_TrinityForce":17,"MealTicket":43,"testmod-TheFather":48,"BackwardClock":11,"testmod-TestBox":0,"testmod-TimeTraveler":34,"PageOfLittleHelper":20,"PageOfBloodbath":31,"PreservedInsect":24,"Pen Nib":37,"REME_PoisonedDagger":41,"PageOfLibrarian":0,"AT_SpeedBoots":13,"AT_TheCollector":6,"Bronze Scales":10,"MutagenicStrength":19,"testmod-AssaultLearning":37,"PageOfScorchedGirl":26,"LetterFromLob":1,"REME_ComplimentaryCards":0,"testmod-HeartOfDaVinci":0},{"AT_ATBox":0,"AT_ArcaneBoots":21,"AT_TimeSand":4,"CogitoBucket":0,"Matryoshka":13,"Strawberry":24,"AT_TrinityForce":11,"MealTicket":24,"testmod-TheFather":27,"BackwardClock":7,"testmod-TestBox":0,"testmod-TimeTraveler":19,"PageOfLittleHelper":13,"PageOfBloodbath":18,"PreservedInsect":14,"Pen Nib":21,"REME_PoisonedDagger":23,"PageOfLibrarian":0,"AT_SpeedBoots":9,"AT_TheCollector":4,"Bronze Scales":5,"MutagenicStrength":13,"testmod-AssaultLearning":21,"PageOfScorchedGirl":15,"LetterFromLob":1,"REME_ComplimentaryCards":0,"testmod-HeartOfDaVinci":0},{"AT_ATBox":0,"AT_ArcaneBoots":57,"AT_TimeSand":7,"CogitoBucket":0,"Matryoshka":30,"Strawberry":64,"AT_TrinityForce":25,"MealTicket":64,"testmod-TheFather":72,"BackwardClock":15,"testmod-TestBox":0,"testmod-TimeTraveler":54,"PageOfLittleHelper":30,"PageOfBloodbath":49,"PreservedInsect":36,"Pen Nib":58,"REME_PoisonedDagger":62,"PageOfLibrarian":0,"AT_SpeedBoots":19,"AT_TheCollector":7,"Bronze Scales":9,"MutagenicStrength":30,"testmod-AssaultLearning":58,"PageOfScorchedGirl":37,"LetterFromLob":2,"REME_ComplimentaryCards":0,"testmod-HeartOfDaVinci":0}]},"card_choices":[{"not_picked":["CutIn","SinglePointStab","BlowItUp","Parry","FleetFootsteps","DefenseOrder","StrongStrike","UndertakePrescript"],"picked":"Faith","floor":1.0},{"not_picked":["SharpSwipe","Diversion","Overcharge","QuickSuppression","ToWhereThePrescriptPoints","NightInTheBackstreets","Marionette","DarkCloud"],"picked":"Quickness","floor":3.0},{"not_picked":["Multislash","BoundaryOfDeath","DesperateStruggle","CutIn","FaintMemories","EnergyCycle","DimensionalRift","BladeWhirl"],"picked":"Unlock1","floor":4.0},{"not_picked":["Juggling","EmotionalTurbulence","FierceCharge","MultiBlock","DesperateStruggle","HighKick","QuickSuppression","Castigation"],"picked":"HandlingWork","floor":6.0},{"not_picked":["Endure","Decapitation","Parry","SpearedSweep","StructuralAnalysis","SilentNight","SinglePointStab","Rewind","HardRehearsal"],"picked":"SKIP","floor":10.0},{"not_picked":["ToOvercomeCrisis","EndlessBattle","Unlock1","ClassAndRespect","MultiBlock","EnergyShield","AutonomousRush","Diversion"],"picked":"WillProduceFineSilk","floor":11.0},{"not_picked":["SmokingPipe","Cruelty","StructuralAnalysis","NightInTheBackstreets","EnergyConversion","ToOvercomeCrisis","CutIn","GrazeTheGrass"],"picked":"Unlock1","floor":12.0},{"not_picked":["Wellcheers","MeatLantern"],"picked":"GreedKing","floor":13.0},{"not_picked":["NightInTheBackstreets","Creak","Thrust","EnergyCycle","Parry","DimensionalRift","YourShield","TieShanKao"],"picked":"GuidanceOfTheGears","floor":13.0},{"not_picked":["UnavoidableGaze","DeepDrag","QuickSuppression","EnergyCycle","EnergyConversion","Execute_lor","Reload","NightInTheBackstreets"],"picked":"CombatPreparation","floor":14.0},{"not_picked":["NakedNest","Murderer"],"picked":"SpiderBud","floor":18.0},{"not_picked":["Pound","LossOfSenses","ConcentratedFire+1","Cruelty","PinpointShot","ClassAndRespect","ViolentFlame","EndlessBattle"],"picked":"GuidanceOfTheGears","floor":18.0},{"not_picked":["Wallop_lor","Rewind","ViolentFlame","UncannyStrike","DarkCloud","Bvapour","Pound+1","Outburst","Commandeering"],"picked":"SKIP","floor":24.0},{"not_picked":["HandleRequest+1","EnergyCycle","ClassAndRespect+1","YoureTooSlow","HighKick","AsThePrescriptOrders","GrazeTheGrass","Pound+1"],"picked":"BindingArms+1","floor":25.0},{"not_picked":["Preparation","BackAttack","UndertakePrescript","EndlessBattle","Rewind","FrontalAssault","WildCard","Unlock1+1"],"picked":"Fence+1","floor":28.0},{"not_picked":["TimeForALittleTest","UndertakePrescript","QuickAttack","ClassAndRespect+1","GutHarvesting","SpearedSweep","Diversion+1","EnergyStrike"],"picked":"FrontalAssault+1","floor":29.0},{"not_picked":["BackAttack","ExtractFuel+1","FormingStorm","Juggling","Reload","SilentNight","NightInTheBackstreets","PinpointShot"],"picked":"CombatPreparation","floor":31.0},{"not_picked":["Punishment","Castigation"],"picked":"BlazingStrike","floor":33.0},{"not_picked":["QuickSuppression","Leap_lor","GrazeTheGrass+1","Pound+1","AsThePrescriptOrders+1","MultiBlock+1","Observe","Quickness","PreemptiveStrike+1"],"picked":"SKIP","floor":39},{"not_picked":["CookingPrep","MultiHit","AsThePrescriptOrders+1","SavageMode","HandleRequest+1","Pound","Eradication","Unlock1","Leap_lor"],"picked":"SKIP","floor":41},{"not_picked":["FleetFootsteps","Parry","FlamingDragonFist","StrongStrike","ProselytesBlade+1","SkitterAway+1","Reload+1","NightInTheBackstreets"],"picked":"Guardian_lor+1","floor":42},{"not_picked":["Quickness","AsThePrescriptOrders","UnavoidableGaze","MultiHit+1","EndlessBattle+1","ButterflySlash","FlyingSword","DefenseOrder","OpportunitySpotted"],"picked":"SKIP","floor":45},{"not_picked":["TendonChords+1","EnergyStrike+1","AssaultOrder","Quickness","FierceCharge+1","SharpSwipe","Diversion+1","WaitUp+1","YoureTooSlow+1"],"picked":"SKIP","floor":47},{"not_picked":["SmokingPipe","ConcentratedFire+1","Tailoring+1","OpportunitySpotted+1","Overcharge","QuickSuppression","Quickness","SinglePointStab+1"],"picked":"FrontalAssault","floor":48}],"player_experience":109554,"relics_obtained":[{"floor":1.0,"key":"LetterFromLob"},{"floor":6.0,"key":"AT_TheCollector"},{"floor":9.0,"key":"AT_TimeSand"},{"floor":10.0,"key":"Bronze Scales"},{"floor":13.0,"key":"AT_SpeedBoots"},{"floor":20.0,"key":"PageOfLittleHelper"},{"floor":24.0,"key":"PreservedInsect"},{"floor":26.0,"key":"PageOfScorchedGirl"},{"floor":31.0,"key":"PageOfBloodbath"},{"floor":41,"key":"REME_PoisonedDagger"},{"floor":43,"key":"MealTicket"},{"floor":43,"key":"Strawberry"},{"floor":48,"key":"testmod-TheFather"}],"event_choices":[{"cards_removed":["DegradedFairy"],"damage_healed":0.0,"max_hp_gain":0.0,"max_hp_loss":0.0,"gold_gain":0.0,"event_name":"Bonfire Elementals","player_choice":"Offered Basic","floor":2.0,"gold_loss":0.0,"damage_taken":0.0},{"damage_healed":0.0,"max_hp_gain":0.0,"max_hp_loss":0.0,"gold_gain":175.0,"event_name":"Liars Game","player_choice":"AGREE","floor":5.0,"gold_loss":0.0,"damage_taken":0.0,"cards_obtained":["Doubt"]},{"damage_healed":0.0,"max_hp_gain":0.0,"max_hp_loss":0.0,"gold_gain":55.0,"event_name":"Golden Wing","player_choice":"Gained Gold","floor":7.0,"gold_loss":0.0,"damage_taken":0.0},{"damage_healed":0.0,"max_hp_gain":0.0,"max_hp_loss":0.0,"gold_gain":0.0,"event_name":"Drug Dealer","player_choice":"Inject Mutagens","floor":19.0,"gold_loss":0.0,"damage_taken":0.0,"relics_obtained":["MutagenicStrength"]},{"damage_healed":0.0,"max_hp_gain":0.0,"max_hp_loss":0.0,"gold_gain":99.0,"event_name":"Nest","player_choice":"Stole From Cult","floor":21.0,"gold_loss":0.0,"damage_taken":0.0},{"damage_healed":0.0,"max_hp_gain":0.0,"max_hp_loss":0.0,"gold_gain":0.0,"event_name":"Addict","player_choice":"Obtained Relic","floor":22.0,"gold_loss":85.0,"damage_taken":0.0,"relics_obtained":["Matryoshka"]},{"damage_healed":0.0,"max_hp_gain":5.0,"max_hp_loss":0.0,"gold_gain":0.0,"event_name":"Forgotten Altar","player_choice":"Shed Blood","floor":27.0,"gold_loss":0.0,"damage_taken":23.0},{"damage_healed":0,"gold_gain":0,"player_choice":"Ignored","damage_taken":0,"max_hp_gain":0,"max_hp_loss":0,"event_name":"The Moai Head","floor":36,"gold_loss":0},{"cards_removed":["Doubt"],"damage_healed":0,"gold_gain":0,"player_choice":"Upgrade and Remove","damage_taken":0,"max_hp_gain":0,"max_hp_loss":0,"event_name":"Designer","floor":38,"gold_loss":90,"cards_upgraded":["AT_ShadowStep"]}],"is_beta":false,"boss_relics":[{"not_picked":["Philosopher\u0027s Stone","Inserter"],"picked":"AT_TrinityForce"},{"not_picked":["testmod-StringDisintegrator","Black Star"],"picked":"testmod-TimeTraveler"}],"items_purged_floors":[37],"is_endless":false,"potions_floor_spawned":[1,4,10,13,16,25,31,41,45,48],"ascension_level":8}}