{"host":"zeqqfkj762i3pba1","time":1612781907,"event":{"mods":["BaseMod","Colored Map","Infinite Spire","Minty Spire (QoL Compilation)","Replay The Spire","StSLib"],"gold_per_floor":[111,111,131,131,142,177,177,239,266,266,296,48,48,66,66,161,161,176,176,22,34,34,34,65,65,92,92,92,142,173,173,173,274,274,288,305,355,355,355],"floor_reached":38,"language":"ENG","playtime":3618,"items_purged":[],"score":516,"play_id":"0429294e-2964-4269-a982-cbb85a3e5551","local_time":"20210208055827","is_ascension_mode":true,"campfire_choices":[{"data":"Machine Learning","floor":10,"key":"SMITH"},{"data":"Mayhem","floor":15,"key":"SMITH"},{"data":"Crystallizer","floor":23,"key":"SMITH"},{"data":"Seek","floor":27,"key":"SMITH"},{"floor":32,"key":"DIG"}],"circlet_count":0,"master_deck":["Strike_B+1","Strike_B+2","Defend_B+1","Defend_B+1","Defend_B+1","Defend_B+2","Zap","Dualcast","Conserve Battery","Leap","Sweeping Beam","Machine Learning+1","Rebound","Loop","Bandage Up","Mayhem+1","Glacier","Seek+1","Crystallizer+1","Core Surge","Capacitor","Loop","Ball Lightning","ReplayTheSpireMod:GoodbyeWorld","Reboot","Coolheaded+1","Sweeping Beam","Hello World+1","Skim+1"],"relics":["Coffee Dripper","Simple Rune","Juzu Bracelet","Replay:Baseball","Replay:Antivirus Software","MawBank","SlaversCollar","Vajra","Art of War","Pen Nib","Calipers","infinitespire:CheckeredPen","Lantern","Boot","Prayer Wheel","infinitespire:Joker Card"],"acts_visited":["Exordium","TheCity","TheBeyond"],"potions_floor_usage":[11,16,24,30],"damage_taken":[{"damage":1,"enemies":"Jaw Worm","floor":1,"turns":3},{"damage":6,"enemies":"2 Louse","floor":3,"turns":4},{"damage":0,"enemies":"Small Slimes","floor":5,"turns":4},{"damage":13,"enemies":"Lagavulin","floor":6,"turns":9},{"damage":4,"enemies":"3 Sentries","floor":8,"turns":10},{"damage":17,"enemies":"Gremlin Nob","floor":11,"turns":5},{"damage":1,"enemies":"Looter","floor":14,"turns":4},{"damage":4,"enemies":"The Guardian","floor":16,"turns":13},{"damage":10,"enemies":"Chosen","floor":18,"turns":7},{"damage":10,"enemies":"3 Byrds","floor":21,"turns":6},{"damage":29,"enemies":"Gremlin Leader","floor":24,"turns":11},{"damage":0,"enemies":"Replay:Snechameleon","floor":30,"turns":8},{"damage":0,"enemies":"Champ","floor":33,"turns":13},{"damage":12,"enemies":"3 Shapes","floor":35,"turns":4},{"damage":10,"enemies":"3 Darklings","floor":36,"turns":7},{"damage":3,"enemies":"Mind Bloom Boss Battle","floor":37,"turns":8},{"damage":0,"enemies":"Jaw Worm Horde","floor":38,"turns":1}],"seed_played":"-4563280443071929277","potions_obtained":[{"floor":3,"key":"Flashbang"},{"floor":5,"key":"Block Potion"},{"floor":8,"key":"BlessingOfTheForge"},{"floor":14,"key":"LifebloodPotion"},{"floor":18,"key":"SteroidPotion"},{"floor":30,"key":"GamblersBrew"},{"floor":36,"key":"Explosive Potion"}],"is_trial":false,"path_per_floor":["M","?","M","?","M","E","?","?","T","R","E","$","?","M","R","B",null,"M","?","$","M","?","R","E","$","T","R","AVR","?","E","?","R_BF","B",null,"M","M","?","M"],"character_chosen":"DEFECT","items_purchased":["Bandage Up","Mayhem","Vajra"],"campfire_rested":0,"item_purchase_floors":[12,12,20],"current_hp_per_floor":[74,74,68,73,73,60,60,56,56,56,39,39,39,42,42,42,80,70,70,70,64,64,64,39,39,39,39,39,7,11,11,11,15,80,72,66,67,67,67],"gold":355,"neow_bonus":"BOSS_RELIC","is_daily":false,"chose_seed":false,"campfire_upgraded":4,"win_rate":0.0,"timestamp":1612781907,"path_taken":["M","?","M","?","M","E","?","?","T","R","E","?","?","M","R","BOSS","M","?","?","M","?","R","E","?","T","R","AVR","?","E","?","R_BF","BOSS","M","M","?","M"],"items_purchased_type":["Card","Card","Relic"],"build_version":"2020-12-22","purchased_purges":0,"victory":false,"max_hp_per_floor":[75,75,75,80,80,80,80,80,80,80,80,80,80,80,80,80,80,80,80,80,80,80,80,80,80,80,80,80,80,80,80,80,80,80,80,80,80,80,80],"card_choices":[{"not_picked":["ReplayGash","ReplaySolidLightProjector"],"picked":"Conserve Battery","floor":1},{"not_picked":["Redo","ReplayGash"],"picked":"Leap","floor":3},{"not_picked":["Go for the Eyes","Turbo"],"picked":"Sweeping Beam","floor":5},{"not_picked":["ReplayTheSpireMod:Omega Cannon","Compile Driver"],"picked":"Machine Learning","floor":6},{"not_picked":["Sweeping Beam","Sunder"],"picked":"Rebound","floor":8},{"not_picked":["Force Field","Rip and Tear"],"picked":"Loop","floor":11},{"not_picked":["Chaos","Turbo"],"picked":"Glacier","floor":14},{"not_picked":["Reboot","Rainbow"],"picked":"Seek","floor":16},{"not_picked":["Steam","ReplayGash"],"picked":"Crystallizer","floor":18},{"not_picked":["Coolheaded","Recycle"],"picked":"Capacitor","floor":21},{"not_picked":["BasicCrystalCard","Reprogram"],"picked":"Loop","floor":24},{"not_picked":["ReplayTheSpireMod:System Scan","ReplayTheSpireMod:Omega Cannon"],"picked":"Ball Lightning","floor":29},{"not_picked":["Ball Lightning","White Noise"],"picked":"ReplayTheSpireMod:GoodbyeWorld","floor":29},{"not_picked":["All For One","Cold Snap+1"],"picked":"Reboot","floor":30},{"not_picked":["Mirror Shield","Amplify"],"picked":"ReplayTheSpireMod:Fabricate Wheel","floor":33},{"not_picked":["Steam+1","Rebound+1"],"picked":"Coolheaded+1","floor":35},{"not_picked":["Redo+1","Leap","Conserve Battery"],"picked":"SKIP","floor":35},{"not_picked":["Streamline","Coolheaded"],"picked":"Sweeping Beam","floor":36},{"not_picked":["Rebound","Beam Cell+1"],"picked":"Hello World+1","floor":36},{"not_picked":["Static Discharge","Conserve Battery"],"picked":"Skim+1","floor":37}],"player_experience":205849,"relics_obtained":[{"floor":6,"key":"Simple Rune"},{"floor":7,"key":"Juzu Bracelet"},{"floor":8,"key":"Replay:Baseball"},{"floor":9,"key":"Replay:Antivirus Software"},{"floor":11,"key":"MawBank"},{"floor":24,"key":"Art of War"},{"floor":26,"key":"Pen Nib"},{"floor":29,"key":"infinitespire:CheckeredPen"},{"floor":30,"key":"Lantern"},{"floor":32,"key":"Boot"},{"floor":37,"key":"infinitespire:Joker Card"}],"event_choices":[{"cards_removed":["Strike_B"],"damage_healed":0,"gold_gain":0,"player_choice":"Forget","damage_taken":0,"max_hp_gain":0,"max_hp_loss":0,"event_name":"Living Wall","floor":2,"gold_loss":0},{"damage_healed":0,"gold_gain":0,"player_choice":"Donut","damage_taken":0,"max_hp_gain":5,"max_hp_loss":0,"event_name":"Big Fish","floor":4,"gold_loss":0},{"damage_healed":0,"gold_gain":30,"player_choice":"Searched \u00273\u0027 times","damage_taken":0,"max_hp_gain":0,"max_hp_loss":0,"event_name":"Dead Adventurer","floor":8,"gold_loss":0},{"damage_healed":0,"gold_gain":0,"player_choice":"Ignored","damage_taken":0,"max_hp_gain":0,"max_hp_loss":0,"event_name":"Liars Game","floor":13,"gold_loss":0},{"damage_healed":0,"gold_gain":0,"player_choice":"1 cards matched","damage_taken":0,"max_hp_gain":0,"max_hp_loss":0,"event_name":"Match and Keep!","floor":19,"gold_loss":0,"cards_obtained":["Core Surge"]},{"cards_removed":["Strike_B"],"damage_healed":0,"gold_gain":0,"player_choice":"Purged","damage_taken":0,"max_hp_gain":0,"max_hp_loss":0,"event_name":"Purifier","floor":22,"gold_loss":0},{"damage_healed":0,"gold_gain":0,"player_choice":"Simplicity","damage_taken":0,"max_hp_gain":0,"max_hp_loss":0,"event_name":"Back to Basics","floor":31,"gold_loss":0,"cards_upgraded":["Strike_B","Strike_B","Defend_B","Defend_B","Defend_B","Defend_B"]},{"damage_healed":0,"gold_gain":0,"player_choice":"Fight","damage_taken":0,"max_hp_gain":0,"max_hp_loss":0,"event_name":"MindBloom","floor":37,"gold_loss":0}],"is_beta":false,"boss_relics":[{"not_picked":["Philosopher\u0027s Stone","Nuclear Battery"],"picked":"SlaversCollar"},{"not_picked":["Snecko Eye","Honey Jar","Kintsugi"]}],"items_purged_floors":[],"is_endless":true,"potions_floor_spawned":[3,5,8,14,18,21,30,36],"killed_by":"Jaw Worm Horde","ascension_level":1}}