{"host":"w01zow3jg16g8jdh","time":1612789108,"event":{"mods":["2.2 Compatiblity","AchievementEnabler","BaseMod","DeckTracker","Hermit","Keyboard Shortcuts","Marisa£¨Ùöéë¡¡Øª×âÞÞ£©","Minty Spire (QoL Compilation)","Permanent Neow","StSLib","SuperFastMode"],"gold_per_floor":[110,142,170,204,204,204,245,245,272,288,288,47,47,66,66,165,165,176,176,32,56,84,98,98],"floor_reached":23,"language":"KOR","playtime":598,"items_purged":[],"score":243,"play_id":"852bf2e1-d7b3-4764-8a92-cecaa266b190","local_time":"20210208215828","is_ascension_mode":false,"campfire_choices":[{"data":"DC","floor":8,"key":"SMITH"},{"data":"GravityBeat","floor":11,"key":"SMITH"},{"data":"MasterSpark","floor":13,"key":"SMITH"},{"data":"UpSweep","floor":15,"key":"SMITH"}],"circlet_count":0,"master_deck":["Strike_MRS","Defend_MRS","Defend_MRS","Defend_MRS","Defend_MRS","MasterSpark+1","UpSweep+1","Robbery","GravityBeat+1","DC+1","FinalSpark","UltimateShortwave","SporeBomb","Occultation","DarkMatter","GalacticHalo"],"relics":["MiniHakkero","Akabeko","Potion Belt","Boot","Anchor","Gremlin Horn","Philosopher\u0027s Stone","Lantern","Sundial"],"acts_visited":["Exordium","TheCity"],"potions_floor_usage":[7,21,23,23,23],"damage_taken":[{"damage":0.0,"enemies":"Small Slimes","floor":1.0,"turns":3.0},{"damage":6.0,"enemies":"Cultist","floor":2.0,"turns":3.0},{"damage":1.0,"enemies":"Jaw Worm","floor":3.0,"turns":3.0},{"damage":6.0,"enemies":"Lots of Slimes","floor":4.0,"turns":3.0},{"damage":26,"enemies":"Lagavulin","floor":7,"turns":5},{"damage":0,"enemies":"3 Louse","floor":10,"turns":2},{"damage":0,"enemies":"2 Fungi Beasts","floor":14,"turns":1},{"damage":0,"enemies":"Slime Boss","floor":16,"turns":5},{"damage":0,"enemies":"3 Byrds","floor":18,"turns":3},{"damage":5,"enemies":"Spheric Guardian","floor":21,"turns":3},{"damage":14,"enemies":"Snake Plant","floor":22,"turns":3},{"damage":47,"enemies":"Gremlin Leader","floor":23,"turns":6}],"seed_played":"7469192996471758564","potions_obtained":[{"floor":1.0,"key":"Fire Potion"},{"floor":3.0,"key":"PowerPotion"},{"floor":4.0,"key":"SneckoOil"},{"floor":7,"key":"Dexterity Potion"},{"floor":22,"key":"SkillPotion"}],"is_trial":false,"path_per_floor":["M","M","M","M","?","?","E","R","T","M","R","$","R","M","R","B",null,"M","?","$","M","M","E"],"character_chosen":"MARISA","items_purchased":["Gremlin Horn","Lantern"],"campfire_rested":0,"item_purchase_floors":[12,20],"current_hp_per_floor":[75,69,68,62,59,59,33,33,33,33,33,33,33,33,33,33,75,75,75,75,70,56,9,9],"gold":98,"neow_bonus":"RANDOM_COMMON_RELIC","is_daily":false,"chose_seed":false,"campfire_upgraded":4,"win_rate":0.0,"timestamp":1612789108,"path_taken":["M","M","M","M","?","?","E","R","T","M","R","$","R","M","R","BOSS","M","?","$","M","M","E"],"items_purchased_type":["Relic","Relic"],"build_version":"2020-12-22","purchased_purges":0,"victory":false,"max_hp_per_floor":[75,75,75,75,75,75,75,75,75,75,75,75,75,75,75,75,75,75,75,75,75,75,75,75],"card_choices":[{"not_picked":["EnergyFlow","AlicesGift"],"picked":"Robbery","floor":1.0},{"not_picked":["OpenUniverse","SuperPerseids"],"picked":"GravityBeat","floor":2.0},{"not_picked":["GravityBeat","WitchLeyline"],"picked":"DC","floor":3.0},{"not_picked":["MeteoricShower","MysteriousBeam","DC"],"picked":"SKIP","floor":4.0},{"not_picked":["GalacticHalo","Robbery"],"picked":"FinalSpark","floor":7},{"not_picked":["LuminesStrike","MilkyWay","WitchLeyline"],"picked":"SKIP","floor":10},{"not_picked":["EnergyFlow","WitchLeyline","DarkMatter"],"picked":"SKIP","floor":14},{"not_picked":["SuperNova","AbsoluteMagnitude"],"picked":"UltimateShortwave","floor":16},{"not_picked":["AlicesGift","NonDirectionalLaser"],"picked":"SporeBomb","floor":18},{"not_picked":["PowerUp+1","ManaConvection+1","MachineGunSpark"],"picked":"SKIP","floor":21},{"not_picked":["BlazingStar","SporeBomb"],"picked":"GalacticHalo","floor":22}],"player_experience":369227,"relics_obtained":[{"floor":7,"key":"Boot"},{"floor":9,"key":"Anchor"}],"event_choices":[{"damage_healed":0.0,"max_hp_gain":0.0,"max_hp_loss":0.0,"gold_gain":0.0,"event_name":"Scrap Ooze","player_choice":"Success","floor":5.0,"gold_loss":0.0,"damage_taken":3.0,"relics_obtained":["Potion Belt"]},{"cards_removed":["Strike_MRS"],"damage_healed":0.0,"max_hp_gain":0.0,"max_hp_loss":0.0,"gold_gain":0.0,"event_name":"Bonfire Elementals","player_choice":"Offered Basic","floor":6.0,"gold_loss":0.0,"damage_taken":0.0},{"damage_healed":0,"gold_gain":0,"cards_transformed":["Strike_MRS","Strike_MRS"],"player_choice":"Became Test Subject","damage_taken":0,"max_hp_gain":0,"max_hp_loss":0,"event_name":"Drug Dealer","floor":19,"gold_loss":0,"cards_obtained":["Occultation","DarkMatter"]}],"is_beta":false,"boss_relics":[{"not_picked":["Fusion Hammer","RampagingMagicTools"],"picked":"Philosopher\u0027s Stone"}],"items_purged_floors":[],"is_endless":false,"potions_floor_spawned":[1,3,4,7,22],"killed_by":"Gremlin Leader","ascension_level":0}}