{"host":"ucgrft0m53zzt06v","time":1612760698,"event":{"mods":["BaseMod","Colored Map","Colored Powertips","Conspire","HololiveMod","KinomotoSakuraMod(木之本樱)","Lobotomy","Minty Spire (QoL Compilation)","Quick Restart","Replay The Spire","Shop Mod","Spicy Shops","StSLib","Td1madao Mod","The Senshi","Waifu the Spire","WarShipGirlsR/战舰少女R mod","【遗物卡牌】REMEMod"],"gold_per_floor":[78,98,98,98,114,114,114,114],"floor_reached":7,"language":"ZHS","playtime":429,"items_purged":[],"score":87,"play_id":"9b6d6635-8690-467b-867a-78e2e1febcc9","local_time":"20210208130458","is_ascension_mode":true,"campfire_choices":[{"data":"Hololive_CallAZKi","floor":6,"key":"SMITH"}],"circlet_count":0,"master_deck":["AscendersBane","conspire:GhostlyStrike","conspire:GhostlyStrike","conspire:GhostlyStrike","conspire:GhostlyDefend","conspire:GhostlyDefend","conspire:GhostlyDefend","conspire:GhostlyDefend","Hololive_Sequa","Hololive_Rebound","Hololive_CallInugamiKorone","Hololive_CallHoshimachiSuisei","Hololive_CallAZKi+1","Hololive_FlyingPonyTail"],"relics":["Hololive_TheStar","Hololive_OneManArmy","REME_ComplimentaryCards"],"acts_visited":["Exordium"],"potions_floor_usage":[],"damage_taken":[{"damage":0,"enemies":"Cultist","floor":1,"turns":3},{"damage":0,"enemies":"2 Louse","floor":2,"turns":3},{"damage":0,"enemies":"Jaw Worm","floor":5,"turns":4},{"damage":5,"enemies":"Lagavulin","floor":7,"turns":3}],"seed_played":"-2965634865186053892","potions_obtained":[{"floor":2,"key":"Elixir"}],"is_trial":false,"path_per_floor":["M","M","?","?","M","R","E"],"character_chosen":"Hololive_HololiveCharacter","items_purchased":[],"campfire_rested":0,"item_purchase_floors":[],"current_hp_per_floor":[32,32,37,37,37,37,32,32],"gold":114,"neow_bonus":"REMOVE_CARD","is_daily":false,"chose_seed":false,"campfire_upgraded":1,"win_rate":0.0,"timestamp":1612760698,"path_taken":["M","?","?","?","M","R","E"],"items_purchased_type":[],"build_version":"2020-12-22","purchased_purges":0,"victory":false,"max_hp_per_floor":[35,35,40,40,40,40,40,40],"card_choices":[{"not_picked":["Hololive_Breathe","Hololive_Drill","Hololive_CallManoAloe"],"picked":"Hololive_CallHoshimachiSuisei","floor":1},{"not_picked":["Hololive_DevilCharm","Hololive_ManjiGathering","Hololive_Drill"],"picked":"Hololive_CallAZKi","floor":2},{"not_picked":["Hololive_Psychosis","Hololive_Yoholoon","Hololive_CallShishiroBotan"],"picked":"Hololive_FlyingPonyTail","floor":5}],"player_experience":224255,"relics_obtained":[],"event_choices":[{"damage_healed":0,"gold_gain":0,"player_choice":"Donut","damage_taken":0,"max_hp_gain":5,"max_hp_loss":0,"event_name":"Big Fish","floor":3,"gold_loss":0},{"damage_healed":0,"gold_gain":0,"player_choice":"Agree","damage_taken":0,"max_hp_gain":0,"max_hp_loss":0,"event_name":"conspire:LoneGhost","floor":4,"gold_loss":0}],"is_beta":false,"boss_relics":[],"items_purged_floors":[],"is_endless":false,"potions_floor_spawned":[2],"killed_by":"Lagavulin","ascension_level":10}}