{"host":"06gxn1c1bsk424jw","time":1612794367,"event":{"mods":["BaseMod","DeckTracker","Minty Spire (QoL Compilation)","SuperFastMode"],"gold_per_floor":[118,118,43,43,61,61,94,113,113,113,140,13,13,43,55,141,153,185,214,246,269,281,328,352,390,429,459,503,515,527,558,570,656,668,699,711,723,735,763,805,837,903,915,960,138,138,165,180,180,180],"floor_reached":51,"language":"KOR","playtime":3322,"items_purged":[],"score":1715,"play_id":"51dbf655-08f3-4f5b-b530-b3d1e3999b86","local_time":"20210208232607","is_ascension_mode":true,"campfire_choices":[{"data":"Bash","floor":6,"key":"SMITH"},{"data":"Bludgeon","floor":10,"key":"SMITH"},{"data":"Feed","floor":13,"key":"SMITH"},{"data":"Flame Barrier","floor":15,"key":"SMITH"},{"data":"Immolate","floor":32,"key":"SMITH"},{"data":"Bludgeon","floor":46,"key":"SMITH"},{"data":"Shockwave","floor":49,"key":"SMITH"}],"circlet_count":0,"master_deck":["AscendersBane","Strike_R","Defend_R","Defend_R","Defend_R","Defend_R","Bash+1","Flame Barrier+1","Sever Soul","Bludgeon+1","Feed+1","Power Through","Fiend Fire+1","Carnage+1","Immolate+1","Corruption","Bludgeon+1","Flex+1","Rampage+1","Rampage+1","Writhe","Shockwave+1","Sentinel+1","Impervious","Dark Embrace","Sentinel"],"relics":["Burning Blood","NeowsBlessing","Sundial","Du-Vu Doll","Happy Flower","Centennial Puzzle","Blood Vial","MawBank","Snecko Eye","Ginger","Meat on the Bone","Bronze Scales","Nunchaku","Bottled Tornado","Astrolabe","HornCleat","Unceasing Top","Paper Frog","Mummified Hand","Pear","Question Card","OrangePellets","Potion Belt"],"acts_visited":["Exordium","TheCity","TheBeyond"],"potions_floor_usage":[16,16,23,33,42,42,50,50],"damage_taken":[{"damage":0,"enemies":"Cultist","floor":1,"turns":1},{"damage":0,"enemies":"2 Louse","floor":5,"turns":1},{"damage":0,"enemies":"Lagavulin","floor":7,"turns":1},{"damage":2,"enemies":"Small Slimes","floor":8,"turns":3},{"damage":20,"enemies":"3 Sentries","floor":11,"turns":6},{"damage":10,"enemies":"Lagavulin","floor":14,"turns":5},{"damage":30,"enemies":"Hexaghost","floor":16,"turns":10},{"damage":6,"enemies":"3 Byrds","floor":18,"turns":2},{"damage":0,"enemies":"Chosen","floor":19,"turns":2},{"damage":0,"enemies":"Sentry and Sphere","floor":20,"turns":2},{"damage":9,"enemies":"Chosen and Byrds","floor":21,"turns":3},{"damage":0,"enemies":"Gremlin Leader","floor":23,"turns":3},{"damage":6,"enemies":"Centurion and Healer","floor":24,"turns":2},{"damage":1,"enemies":"Book of Stabbing","floor":25,"turns":2},{"damage":0,"enemies":"Snake Plant","floor":27,"turns":1},{"damage":2,"enemies":"Gremlin Leader","floor":28,"turns":4},{"damage":0,"enemies":"Snecko","floor":31,"turns":2},{"damage":12,"enemies":"Champ","floor":33,"turns":5},{"damage":0,"enemies":"3 Darklings","floor":35,"turns":2},{"damage":18,"enemies":"3 Shapes","floor":39,"turns":2},{"damage":9,"enemies":"Reptomancer","floor":40,"turns":2},{"damage":11,"enemies":"Spire Growth","floor":41,"turns":3},{"damage":6,"enemies":"2 Orb Walkers","floor":42,"turns":2},{"damage":0,"enemies":"Giant Head","floor":44,"turns":4},{"damage":0,"enemies":"Reptomancer","floor":47,"turns":2},{"damage":0,"enemies":"Transient","floor":48,"turns":6},{"damage":77,"enemies":"Awakened One","floor":50,"turns":7}],"seed_played":"-6483230418843845957","potions_obtained":[{"floor":1,"key":"Regen Potion"},{"floor":7,"key":"SkillPotion"},{"floor":8,"key":"BlessingOfTheForge"},{"floor":18,"key":"BlessingOfTheForge"},{"floor":19,"key":"SpeedPotion"},{"floor":25,"key":"Energy Potion"},{"floor":27,"key":"Block Potion"},{"floor":33,"key":"BloodPotion"},{"floor":35,"key":"AttackPotion"},{"floor":44,"key":"SneckoOil"}],"is_trial":false,"path_per_floor":["M","?","?","?","M","R","E","M","T","R","E","$","R","E","R","B",null,"M","M","M","M","?","E","M","E","T","M","E","$","T","M","R","B",null,"M","?","$","?","M","E","M","?","T","E","$","R","E","M","R","B",null],"character_chosen":"IRONCLAD","items_purchased":["Power Through","Metallicize","Dark Embrace","Pear","ColorlessPotion","Question Card","OrangePellets"],"campfire_rested":0,"item_purchase_floors":[12,12,45,45,45,45,45],"current_hp_per_floor":[74,63,63,63,69,69,75,75,75,75,61,61,61,59,59,37,66,72,79,79,80,80,83,83,83,83,83,83,83,83,83,83,77,82,83,83,83,83,75,74,71,73,73,81,91,91,97,97,97,42],"gold":180,"neow_bonus":"THREE_ENEMY_KILL","is_daily":false,"chose_seed":false,"campfire_upgraded":7,"win_rate":0.0,"timestamp":1612794367,"path_taken":["M","?","?","?","M","R","E","?","T","R","E","?","R","E","R","BOSS","M","M","M","M","?","E","M","E","T","M","E","$","?","M","R","BOSS","M","?","$","?","M","E","M","?","T","E","$","R","E","M","R","BOSS"],"items_purchased_type":["Card","Card","Card","Relic","Potion","Relic","Relic"],"build_version":"2020-12-22","purchased_purges":0,"victory":true,"max_hp_per_floor":[75,75,75,75,75,75,75,75,75,75,75,75,75,75,75,75,75,79,79,79,83,83,83,83,83,83,83,83,83,83,83,83,83,83,83,83,83,83,87,87,87,87,87,87,97,97,97,97,97,101],"card_choices":[{"not_picked":["Carnage","Infernal Blade"],"picked":"Flame Barrier","floor":1},{"not_picked":["Sword Boomerang","True Grit","Clash"],"picked":"SKIP","floor":5},{"not_picked":["Clothesline","Entrench"],"picked":"Sever Soul","floor":7},{"not_picked":["Anger","Warcry"],"picked":"Bludgeon","floor":8},{"not_picked":["Anger","Sword Boomerang"],"picked":"Feed","floor":11},{"not_picked":["Anger","Shrug It Off","Sword Boomerang"],"picked":"SKIP","floor":14},{"not_picked":["Berserk","Bludgeon"],"picked":"Fiend Fire","floor":16},{"not_picked":["Carnage+1","Sword Boomerang","Twin Strike"],"picked":"SKIP","floor":18},{"not_picked":["Sword Boomerang","Twin Strike"],"picked":"Carnage+1","floor":18},{"not_picked":["Clothesline","Cleave"],"picked":"Immolate","floor":19},{"not_picked":["Pummel","Fire Breathing","Anger"],"picked":"SKIP","floor":20},{"not_picked":["Perfected Strike","Battle Trance+1","True Grit"],"picked":"SKIP","floor":21},{"not_picked":["Perfected Strike","Battle Trance+1","True Grit"],"picked":"SKIP","floor":21},{"not_picked":["Wild Strike","Anger","Havoc"],"picked":"SKIP","floor":23},{"not_picked":["Wild Strike+1","Battle Trance","Infernal Blade"],"picked":"SKIP","floor":24},{"not_picked":["Ghostly Armor","Iron Wave","Headbutt"],"picked":"SKIP","floor":25},{"not_picked":["Shrug It Off+1","Power Through","Warcry"],"picked":"SKIP","floor":27},{"not_picked":["Juggernaut","Blood for Blood"],"picked":"Corruption","floor":28},{"not_picked":["True Grit","Warcry+1","Dropkick+1"],"picked":"SKIP","floor":31},{"not_picked":["Offering","Berserk"],"picked":"Bludgeon","floor":33},{"not_picked":["Headbutt","Cleave+1","Flex+1"],"picked":"SKIP","floor":35},{"not_picked":["Intimidate","Pommel Strike"],"picked":"Shockwave","floor":39},{"not_picked":["Headbutt","Sword Boomerang+1","Entrench+1"],"picked":"SKIP","floor":40},{"not_picked":["Pommel Strike","Twin Strike"],"picked":"Sentinel+1","floor":41},{"not_picked":["Rampage","Flex"],"picked":"Impervious","floor":42},{"not_picked":["True Grit","Twin Strike","Entrench"],"picked":"SKIP","floor":44},{"not_picked":["Rampage","Pummel","Iron Wave","Pommel Strike+1"],"picked":"SKIP","floor":47},{"not_picked":["Body Slam+1","Clash","Armaments"],"picked":"Sentinel","floor":48}],"player_experience":805677,"relics_obtained":[{"floor":7,"key":"Happy Flower"},{"floor":9,"key":"Centennial Puzzle"},{"floor":11,"key":"Blood Vial"},{"floor":14,"key":"MawBank"},{"floor":23,"key":"Ginger"},{"floor":25,"key":"Meat on the Bone"},{"floor":26,"key":"Bronze Scales"},{"floor":28,"key":"Nunchaku"},{"floor":30,"key":"Bottled Tornado"},{"floor":40,"key":"HornCleat"},{"floor":42,"key":"Unceasing Top"},{"floor":43,"key":"Paper Frog"},{"floor":44,"key":"Mummified Hand"},{"floor":47,"key":"Potion Belt"}],"event_choices":[{"damage_healed":0,"gold_gain":0,"player_choice":"Success","damage_taken":11,"relics_obtained":["Sundial"],"max_hp_gain":0,"max_hp_loss":0,"event_name":"Scrap Ooze","floor":2,"gold_loss":0},{"cards_removed":["Strike_R"],"damage_healed":0,"gold_gain":0,"player_choice":"Card Removal","damage_taken":0,"max_hp_gain":0,"max_hp_loss":0,"event_name":"The Cleric","floor":3,"gold_loss":75},{"damage_healed":0,"gold_gain":0,"player_choice":"Gave Potion","damage_taken":0,"relics_obtained":["Du-Vu Doll"],"max_hp_gain":0,"max_hp_loss":0,"event_name":"WeMeetAgain","floor":4,"gold_loss":0},{"damage_healed":0,"gold_gain":0,"player_choice":"Upgraded","damage_taken":0,"max_hp_gain":0,"max_hp_loss":0,"event_name":"Upgrade Shrine","floor":22,"gold_loss":0,"cards_upgraded":["Fiend Fire"]},{"cards_removed":["Metallicize"],"damage_healed":0,"gold_gain":0,"player_choice":"Removed Power","damage_taken":0,"max_hp_gain":0,"max_hp_loss":0,"event_name":"Falling","floor":36,"gold_loss":0},{"damage_healed":17,"gold_gain":0,"player_choice":"Writhe","damage_taken":0,"max_hp_gain":0,"max_hp_loss":0,"event_name":"Winding Halls","floor":38,"gold_loss":0,"cards_obtained":["Writhe"]},{"damage_healed":0,"gold_gain":0,"player_choice":"Fight","damage_taken":0,"max_hp_gain":0,"max_hp_loss":0,"event_name":"Mysterious Sphere","floor":42,"gold_loss":0}],"is_beta":false,"boss_relics":[{"not_picked":["Busted Crown","Runic Dome"],"picked":"Snecko Eye"},{"not_picked":["Velvet Choker","Philosopher\u0027s Stone"],"picked":"Astrolabe"}],"items_purged_floors":[],"is_endless":false,"potions_floor_spawned":[1,7,8,18,19,25,27,31,33,35,44],"ascension_level":18}}