{"host":"fpfqy36ymrhhouft","time":1612810101,"event":{"mods":["100% Spire Juice","Act Like it!","Arknights","BaseMod","Colored Powertips","Downfall","Gensokyo","Hermit","Marisa????????","Minty Spire (QoL Compilation)","Reliquary","Replay The Spire","Spire Arcade","StSLib"],"gold_per_floor":[99,114,307,317,329,364,364,364,376,396,296,309,327,337,348,348,348,348],"floor_reached":16,"language":"ENG","playtime":2953,"items_purged":[],"score":108,"play_id":"1946a917-01dd-4c4a-9af7-f64b1ffceeff","local_time":"20210208114821","is_ascension_mode":false,"campfire_choices":[{"floor":11.0,"key":"RECALL"}],"circlet_count":0,"master_deck":["sneckomod:Strike","sneckomod:Strike","sneckomod:Strike","sneckomod:Defend","sneckomod:Defend","sneckomod:Defend","sneckomod:TailWhip","sneckomod:SnekBite","sneckomod:Unknown","hermit:EyeOfTheStorm","sneckomod:WideSting","sneckomod:WideSting","sneckomod:SlitherStrike","sneckomod:UnendingSupply","sneckomod:UnknownX","Looming Evil","sneckomod:UnknownUncommonPower","sneckomod:UnknownExhaust","sneckomod:Unknown1Cost","sneckomod:UnknownUncommonSkill","sneckomod:Unknown2Cost","sneckomod:IronFang"],"relics":["sneckomod:SneckoSoul","NeowsBlessing","Ring of Peace","Ring of Misfortune","downfall:HeartBlessingBlue"],"acts_visited":["Gensokyo:Gensokyo"],"potions_floor_usage":[16,16,16],"damage_taken":[{"damage":0.0,"enemies":"Gensokyo:3_Fairies","floor":2.0,"turns":1.0},{"damage":0.0,"enemies":"Gensokyo:Python","floor":4.0,"turns":1.0},{"damage":0.0,"enemies":"Gensokyo:2_Kodama","floor":5.0,"turns":1.0},{"damage":39.0,"enemies":"Gensokyo:Aya","floor":6.0,"turns":8.0},{"damage":16.0,"enemies":"Gensokyo:5_Fairies","floor":9.0,"turns":4.0},{"damage":0.0,"enemies":"Gensokyo:LivingMonolith","floor":10.0,"turns":3.0},{"damage":7.0,"enemies":"Gensokyo:2_Rabbits","floor":12.0,"turns":5.0},{"damage":0.0,"enemies":"Gensokyo:Python_and_Kodama","floor":13.0,"turns":4.0},{"damage":8.0,"enemies":"Gensokyo:Gryphon_and_Rabbit","floor":14.0,"turns":5.0},{"damage":7.0,"enemies":"Gensokyo:CorruptedTreant","floor":15.0,"turns":4.0},{"damage":11,"enemies":"WA_ARCHETYPE_RETAIN","floor":16,"turns":11}],"seed_played":"-5271109049314029375","potions_obtained":[{"floor":2.0,"key":"SpeedPotion"},{"floor":4.0,"key":"Dexterity Potion"},{"floor":5.0,"key":"LifebloodPotion"},{"floor":15.0,"key":"Explosive Potion"}],"is_trial":false,"path_per_floor":["R","M","?","M","M","E","T","?","M","M","R","M","M","M","M","B"],"character_chosen":"THE_SNECKO","items_purchased":[],"campfire_rested":0,"item_purchase_floors":[],"current_hp_per_floor":[90,90,68,68,68,29,29,29,13,13,23,16,16,8,1,0,0,0],"gold":348,"neow_bonus":"THREE_ENEMY_KILL","is_daily":false,"chose_seed":false,"campfire_upgraded":0,"win_rate":0.0,"timestamp":1612810101,"path_taken":["R","M","?","M","M","E","T","?","M","M","R","M","M","M","M","BOSS"],"items_purchased_type":[],"build_version":"2020-12-22","purchased_purges":0,"victory":false,"max_hp_per_floor":[90,90,90,90,90,90,90,90,90,90,100,100,100,100,100,100,100,100],"card_choices":[{"not_picked":["sneckomod:UnknownVulnerable","sneckomod:SoulRoll"],"picked":"sneckomod:WideSting","floor":2.0},{"not_picked":["sneckomod:SoulRoll","sneckomod:SerpentMind"],"picked":"sneckomod:WideSting","floor":3.0},{"not_picked":["sneckomod:QuickBite","sneckomod:Unknown1Cost"],"picked":"sneckomod:SlitherStrike","floor":4.0},{"not_picked":["sneckomod:QuickBite","sneckomod:SoulRoll"],"picked":"sneckomod:UnendingSupply","floor":5.0},{"not_picked":["sneckomod:Mudshield","sneckomod:UnknownCommonSkill"],"picked":"sneckomod:UnknownX","floor":6.0},{"not_picked":["sneckomod:UnknownX","sneckomod:SoulRoll"],"picked":"sneckomod:UnknownUncommonPower","floor":9.0},{"not_picked":["sneckomod:Unknown1Cost","sneckomod:UnknownCommonSkill"],"picked":"sneckomod:UnknownExhaust","floor":10.0},{"not_picked":["sneckomod:UnknownCommonSkill","sneckomod:SoulDraw"],"picked":"sneckomod:Unknown1Cost","floor":12.0},{"not_picked":["sneckomod:SoulRoll","sneckomod:QuickMove"],"picked":"sneckomod:UnknownUncommonSkill","floor":13.0},{"not_picked":["sneckomod:DiceCrush","sneckomod:RainOfDice"],"picked":"sneckomod:Unknown2Cost","floor":14.0},{"not_picked":["sneckomod:SoulRoll","sneckomod:Nope"],"picked":"sneckomod:IronFang","floor":15.0}],"player_experience":769552,"relics_obtained":[{"floor":8.0,"key":"Ring of Peace"},{"floor":8.0,"key":"Ring of Misfortune"}],"event_choices":[],"is_beta":false,"boss_relics":[],"items_purged_floors":[],"is_endless":false,"potions_floor_spawned":[2,4,5,15],"killed_by":"WA_ARCHETYPE_RETAIN","ascension_level":0}}