{"host":"m1rjttoroz33xrz1","time":1612761255,"event":{"mods":["BaseMod","Colored Map","Downfall","Hermit","Mad Scientist","Marisa????????","Minty Spire (QoL Compilation)","StSLib","The Construct","The Cursed","The Druid","The Jungle","The Servant 0.9.4"],"gold_per_floor":[99,116,116,129,141,174,252,286,286,299,333,358,358,397,416,523,523,523,545,564,564,379,399,448,448,295,339,348,376,376,411,430,539,539,539,558,558,584,613,613,613,513,522,585,619,638,538,0,25,25],"floor_reached":51,"language":"ENG","playtime":11329,"items_purged":["Wraith"],"score":1309,"play_id":"4dcfc38e-51d4-4e06-b1fe-43de84564483","local_time":"20210208001415","is_ascension_mode":true,"campfire_choices":[{"data":"Slimebound:CorrosiveSpit","floor":1.0,"key":"SMITH"},{"data":"Slimebound:Nibble","floor":9.0,"key":"SMITH"},{"data":"Slimebound:OozeBath","floor":13.0,"key":"SMITH"},{"data":"Slimebound:LevelUp","floor":18.0,"key":"SMITH"},{"data":"Slimebound:Teamwork","floor":25,"key":"SMITH"},{"data":"Slimebound:LeadByExample","floor":30,"key":"SMITH"},{"data":"Slimebound:MassRepurpose","floor":35,"key":"SMITH"},{"data":"Slimebound:LivingWall","floor":40,"key":"SMITH"},{"data":"Slimebound:SlimeSpikes","floor":42,"key":"SMITH"},{"floor":47,"key":"REST"}],"circlet_count":0,"master_deck":["Slimebound:Strike_Slimebound","Slimebound:Strike_Slimebound","Slimebound:Strike_Slimebound+1","Slimebound:Tackle+1","Slimebound:Defend_Slimebound","Slimebound:Defend_Slimebound+1","Slimebound:Defend_Slimebound","Slimebound:Defend_Slimebound","Slimebound:Split","Slimebound:CorrosiveSpit+1","Slimebound:SplitSpecialist","Slimebound:Nibble+1","Slimebound:RainOfGoop","Slimebound:SlimeSpikes+1","Slimebound:LivingWall+1","Slimebound:Nibble","Slimebound:OozeBath+1","Slimebound:Gluttony+1","Slimebound:MassRepurpose+1","Slimebound:LevelUp+1","Slimebound:Teamwork+1","Slimebound:LeadByExample+1","Slimebound:SplitAcid+1","Slimebound:SpikyOuterGoop+1","Slimebound:LeechLife+1","Slimebound:SplitSpecialist+1","Shame","Slimebound:LeechEnergy","Slimebound:OozeBath+1","Slimebound:SlimeBarrage+1","Slimebound:SelfFormingGoo+1","Slimebound:RejuvenatingLick+1","Slimebound:Gluttony+1","Slimebound:Schlurp+1","Slimebound:GrowthPunch+1","Slimebound:MinionMaster+1","Slimebound:GoopSpray+1","Slimebound:HauntingLick+1"],"relics":["Slimebound:AbsorbEndCombat","Whetstone","Lantern","Pear","Thread and Needle","CeramicFish","Bronze Scales","construct:WeddingRing","theJungle:BirthdayCakeSlice","theJungle:Creamberry","Nunchaku","Guardian:PocketSentry","Blood Vial","theJungle:SneckoAutograph","Regal Pillow","SacredBark","downfall:HeartBlessingBlue","construct:RocketBooster","Torii","downfall:HeartBlessingGreen","TungstenRod"],"acts_visited":["Exordium","Exordium","TheBeyond"],"potions_floor_usage":[31,31,37,37,38,38,39,44,44,45,49,50,50,50],"damage_taken":[{"damage":0.0,"enemies":"Cultist","floor":2.0,"turns":3.0},{"damage":2.0,"enemies":"Jaw Worm","floor":4.0,"turns":3.0},{"damage":0.0,"enemies":"2 Louse","floor":5.0,"turns":2.0},{"damage":18.0,"enemies":"3 Sentries","floor":6.0,"turns":7.0},{"damage":17.0,"enemies":"Gremlin Nob","floor":8.0,"turns":3.0},{"damage":4.0,"enemies":"Blue Slaver","floor":10.0,"turns":2.0},{"damage":0.0,"enemies":"Lagavulin","floor":11.0,"turns":6.0},{"damage":0.0,"enemies":"Exordium Wildlife","floor":12.0,"turns":4.0},{"damage":5.0,"enemies":"3 Sentries","floor":14.0,"turns":4.0},{"damage":3.0,"enemies":"Exordium Thugs","floor":15.0,"turns":4.0},{"damage":60.0,"enemies":"WA_ARCHETYPE_RETAIN","floor":16.0,"turns":8.0},{"damage":2.0,"enemies":"theJungle:GiantWrat","floor":19.0,"turns":4.0},{"damage":17.0,"enemies":"theJungle:Flameango_and_Byrd","floor":20.0,"turns":4.0},{"damage":0.0,"enemies":"theJungle:Snecko_Cultist_And_Trap","floor":23.0,"turns":6.0},{"damage":0,"enemies":"downfall:FleeingMerchant","floor":26,"turns":4},{"damage":31,"enemies":"theJungle:MamaSnecko","floor":27,"turns":7},{"damage":1,"enemies":"theJungle:2_Snecko_Cultists","floor":29,"turns":4},{"damage":3,"enemies":"theJungle:2_Phrogs","floor":31,"turns":5},{"damage":4,"enemies":"theJungle:SlimyTreeVines","floor":32,"turns":4},{"damage":22,"enemies":"SI_MIRROR_ARCHETYPE","floor":33,"turns":7},{"damage":8,"enemies":"3 Shapes","floor":36,"turns":3},{"damage":0,"enemies":"3 Darklings","floor":37,"turns":3},{"damage":26,"enemies":"Transient","floor":38,"turns":5},{"damage":21,"enemies":"Jaw Worm Horde","floor":39,"turns":4},{"damage":42,"enemies":"2 Orb Walkers","floor":44,"turns":4},{"damage":37,"enemies":"Nemesis","floor":45,"turns":7},{"damage":17,"enemies":"Maw","floor":46,"turns":7},{"damage":0,"enemies":"downfall:FleeingMerchant","floor":48,"turns":4},{"damage":19,"enemies":"Transient","floor":49,"turns":5},{"damage":65,"enemies":"IC_BLOCK_ARCHETYPE","floor":50,"turns":9}],"seed_played":"-429719488240673109","potions_obtained":[{"floor":2.0,"key":"PowerPotion"},{"floor":3.0,"key":"Regen Potion"},{"floor":3.0,"key":"Weak Potion"},{"floor":5.0,"key":"Slimebound:SlimedPotion"},{"floor":10.0,"key":"SteroidPotion"},{"floor":11.0,"key":"EssenceOfSteel"},{"floor":16.0,"key":"champ:CounterPotion"},{"floor":20.0,"key":"Slimebound:SlimyTonguePotion"},{"floor":27,"key":"SmokeBomb"},{"floor":32,"key":"EntropicBrew"},{"floor":33,"key":"Block Potion"},{"floor":39,"key":"SneckoOil"},{"floor":44,"key":"Block Potion"},{"floor":46,"key":"CultistPotion"},{"floor":49,"key":"Explosive Potion"}],"is_trial":false,"path_per_floor":["R","M","?","M","M","E","T","E","R","M","E","M","R","E","M","B",null,"R","M","M","?","?","M","T","R","$","E","?","M","R","E","M","B",null,"R","M","M","M","M","R","T","R","?","?","E","M","R","$","M","B",null],"character_chosen":"SLIMEBOUND","items_purchased":["Guardian:PocketSentry","TungstenRod","Slimebound:ThreeZeroPotion","sneckomod:MuddlingPotion"],"campfire_rested":1,"item_purchase_floors":[26,48,48,48],"current_hp_per_floor":[59,61,61,61,63,53,63,52,52,52,60,68,68,69,72,25,63,63,67,58,63,63,67,67,67,75,55,55,62,62,69,78,80,80,80,76,80,58,74,74,74,84,84,52,25,18,60,90,79,24],"gold":25,"neow_bonus":"RANDOM_COMMON_RELIC","is_daily":false,"chose_seed":false,"campfire_upgraded":9,"win_rate":0.0,"timestamp":1612761255,"path_taken":["R","M","?","?","M","E","T","E","R","M","E","M","R","E","M","BOSS","R","M","M","?","?","M","T","R","$","E","?","M","R","E","M","BOSS","R","M","M","M","M","R","T","R","?","?","E","M","R","$","M","BOSS"],"items_purchased_type":["Relic","Relic","Potion","Potion"],"build_version":"2020-12-22","purchased_purges":1,"victory":true,"max_hp_per_floor":[65,65,65,65,65,65,75,75,75,75,75,75,75,75,75,75,75,75,75,75,80,80,80,80,80,80,80,80,80,80,80,80,80,80,80,80,80,80,80,80,80,90,90,90,90,90,90,90,90,90],"card_choices":[{"not_picked":["Slimebound:SpikyOuterGoop","Slimebound:SplitLeeching"],"picked":"Slimebound:SplitSpecialist","floor":2.0},{"not_picked":["Slimebound:SplitMire","Slimebound:SplitLeeching"],"picked":"Slimebound:Nibble","floor":4.0},{"not_picked":["Slimebound:GoopTackle","Slimebound:ComboTackle"],"picked":"Slimebound:RainOfGoop","floor":5.0},{"not_picked":["Slimebound:ServeAndProtect","Slimebound:Dissolve"],"picked":"Slimebound:SlimeSpikes","floor":6.0},{"not_picked":["Slimebound:SplitLeeching","Slimebound:SamplingLick"],"picked":"Slimebound:LivingWall","floor":8.0},{"not_picked":["Slimebound:Prepare","Slimebound:DivideAndConquer"],"picked":"Slimebound:Nibble","floor":10.0},{"not_picked":["Slimebound:LeechEnergy","Slimebound:Equalize"],"picked":"Slimebound:OozeBath","floor":11.0},{"not_picked":["Slimebound:HauntingLick","Slimebound:LeechEnergy"],"picked":"Slimebound:Gluttony","floor":12.0},{"not_picked":["Slimebound:SamplingLick","Slimebound:Schlurp"],"picked":"Slimebound:MassRepurpose","floor":14.0},{"not_picked":["Slimebound:SplitMire","Slimebound:BestDefense"],"picked":"Slimebound:LevelUp","floor":15.0},{"not_picked":["Slimebound:TagTeam","Slimebound:Darklings"],"picked":"Slimebound:Teamwork","floor":16.0},{"not_picked":["Slimebound:Chomp+1","Slimebound:LeechEnergy"],"picked":"Slimebound:LeadByExample","floor":19.0},{"not_picked":["Slimebound:RollThrough+1","Slimebound:FinishingTackle+1"],"picked":"Slimebound:SplitAcid+1","floor":20.0},{"not_picked":["Slimebound:Schlurp","Slimebound:Prepare+1"],"picked":"Slimebound:SpikyOuterGoop+1","floor":23.0},{"not_picked":["Slimebound:Prepare+1","Slimebound:Schlurp"],"picked":"Slimebound:LeechLife+1","floor":26},{"not_picked":["Slimebound:Replication+1","Slimebound:ComboTackle"],"picked":"Slimebound:SplitSpecialist+1","floor":27},{"not_picked":["Slimebound:Schlurp","Slimebound:RollThrough"],"picked":"Slimebound:LeechEnergy","floor":29},{"not_picked":["Slimebound:FinishingTackle+1","Slimebound:GoopSpray"],"picked":"Slimebound:OozeBath+1","floor":31},{"not_picked":["Slimebound:Replication+1","Slimebound:GoopSpray"],"picked":"Slimebound:SlimeBarrage+1","floor":32},{"not_picked":["Slimebound:CheckThePlaybook+1","Slimebound:MassFeed+1"],"picked":"Slimebound:SelfFormingGoo+1","floor":33},{"not_picked":["Slimebound:SplitAcid+1","Slimebound:SplitBruiser+1"],"picked":"Slimebound:RejuvenatingLick+1","floor":36},{"not_picked":["Slimebound:GoopTackle","Slimebound:Prepare"],"picked":"Slimebound:Gluttony+1","floor":38},{"not_picked":["Slimebound:ItLooksTasty","Slimebound:Replication+1"],"picked":"Slimebound:Schlurp+1","floor":39},{"not_picked":["Slimebound:BestDefense+1","Slimebound:Prepare+1"],"picked":"Slimebound:GrowthPunch+1","floor":44},{"not_picked":["Slimebound:LeechingTouch","Slimebound:DisruptingSlam+1"],"picked":"Slimebound:MinionMaster+1","floor":45},{"not_picked":["Slimebound:FinishingTackle+1","Slimebound:ItLooksTasty","Slimebound:RainOfGoop+1"],"picked":"SKIP","floor":46},{"not_picked":["Slimebound:PressTheAttack+1","Slimebound:SplitBruiser"],"picked":"Slimebound:GoopSpray+1","floor":48},{"not_picked":["Slimebound:BestDefense+1","Slimebound:FinishingTackle"],"picked":"Slimebound:HauntingLick+1","floor":49}],"player_experience":1650177,"relics_obtained":[{"floor":6.0,"key":"Lantern"},{"floor":7.0,"key":"Pear"},{"floor":8.0,"key":"Thread and Needle"},{"floor":11.0,"key":"CeramicFish"},{"floor":14.0,"key":"Bronze Scales"},{"floor":24,"key":"Nunchaku"},{"floor":27,"key":"Blood Vial"},{"floor":31,"key":"Regal Pillow"},{"floor":44,"key":"construct:RocketBooster"},{"floor":45,"key":"Torii"}],"event_choices":[{"damage_healed":0.0,"max_hp_gain":0.0,"max_hp_loss":0.0,"gold_gain":0.0,"event_name":"Lab","player_choice":"Got Potions","floor":3.0,"gold_loss":0.0,"damage_taken":0.0},{"damage_healed":0,"gold_gain":0,"player_choice":"Ignored","damage_taken":0,"max_hp_gain":0,"max_hp_loss":0,"event_name":"OrinTheCat","floor":43,"gold_loss":0},{"damage_healed":0,"gold_gain":0,"player_choice":"Fight","damage_taken":0,"max_hp_gain":0,"max_hp_loss":0,"event_name":"Mysterious Sphere","floor":44,"gold_loss":0}],"is_beta":false,"boss_relics":[{"not_picked":["Coffee Dripper","Fusion Hammer"],"picked":"construct:WeddingRing"},{"not_picked":["SlaversCollar","Snecko Eye"],"picked":"SacredBark"}],"items_purged_floors":[48],"is_endless":false,"potions_floor_spawned":[2,5,10,11,16,20,27,32,33,37,39,44,46,49],"ascension_level":6}}