{"host":"2zu58scgr3ekv4lr","time":1612822195,"event":{"mods":["AchievementEnabler","BaseMod","Minty Spire (QoL Compilation)","Quick Restart","StSLib","The Cursed"],"gold_per_floor":[119,132,132,152,170,195,195,295,295,328,347,362,362,382,382,382,382],"floor_reached":16,"language":"ENG","playtime":951,"items_purged":[],"score":124,"play_id":"d18d76cc-bed4-490c-b026-c7f494fdc9b0","local_time":"20210208230955","is_ascension_mode":false,"campfire_choices":[{"floor":7,"key":"REST"},{"floor":15,"key":"REST"}],"circlet_count":0,"master_deck":["Strike_G","Strike_G","Strike_G","Strike_G","Strike_G","Defend_G","Defend_G","Defend_G","Defend_G","Defend_G","Survivor","Neutralize","Acrobatics","Dodge and Roll","Flying Knee","Slice","Deflect","Infinite Blades","Prepared","Backflip"],"relics":["Ring of the Snake","NeowsBlessing","Strawberry","Ninja Scroll","Peace Pipe"],"acts_visited":["Exordium"],"potions_floor_usage":[6,10,13],"damage_taken":[{"damage":0,"enemies":"Small Slimes","floor":1,"turns":1},{"damage":0,"enemies":"2 Louse","floor":2,"turns":1},{"damage":0,"enemies":"Cultist","floor":4,"turns":1},{"damage":37,"enemies":"Exordium Thugs","floor":5,"turns":10},{"damage":27,"enemies":"Gremlin Nob","floor":6,"turns":4},{"damage":24,"enemies":"3 Sentries","floor":10,"turns":13},{"damage":1,"enemies":"Looter","floor":11,"turns":3},{"damage":10,"enemies":"Exordium Wildlife","floor":12,"turns":5},{"damage":0,"enemies":"Lagavulin","floor":13,"turns":5},{"damage":0,"enemies":"Gremlin Gang","floor":14,"turns":5},{"damage":21,"enemies":"Slime Boss","floor":16,"turns":8}],"seed_played":"910217176620364312","potions_obtained":[{"floor":2,"key":"FearPotion"},{"floor":6,"key":"Ancient Potion"},{"floor":12,"key":"SmokeBomb"},{"floor":14,"key":"SteroidPotion"}],"is_trial":false,"path_per_floor":["M","M","?","M","M","E","R","?","T","E","M","M","E","M","R","B"],"character_chosen":"THE_SILENT","items_purchased":[],"campfire_rested":2,"item_purchase_floors":[],"current_hp_per_floor":[70,70,70,70,33,13,36,36,36,12,11,1,1,1,24,3,3],"gold":382,"neow_bonus":"THREE_ENEMY_KILL","is_daily":false,"chose_seed":false,"campfire_upgraded":0,"win_rate":0.0,"timestamp":1612822195,"path_taken":["M","M","?","M","M","E","R","?","T","E","M","M","E","?","R","BOSS"],"items_purchased_type":[],"build_version":"2020-12-22","purchased_purges":0,"victory":false,"max_hp_per_floor":[70,70,70,70,70,77,77,77,77,77,77,77,77,77,77,77,77],"card_choices":[{"not_picked":["Concentrate","Blur"],"picked":"Acrobatics","floor":1},{"not_picked":["Accuracy","Skewer"],"picked":"Dodge and Roll","floor":2},{"not_picked":["Backflip","Outmaneuver"],"picked":"Flying Knee","floor":4},{"not_picked":["Expertise","Outmaneuver"],"picked":"Slice","floor":5},{"not_picked":["Malaise","Blade Dance"],"picked":"Deflect","floor":6},{"not_picked":["Well Laid Plans","Flechettes"],"picked":"Infinite Blades","floor":10},{"not_picked":["Predator","Deadly Poison"],"picked":"Prepared","floor":11},{"not_picked":["Dodge and Roll","Deflect"],"picked":"Backflip","floor":12},{"not_picked":["Heel Hook","Acrobatics","Malaise"],"picked":"SKIP","floor":14}],"player_experience":71851,"relics_obtained":[{"floor":6,"key":"Strawberry"},{"floor":9,"key":"Ninja Scroll"},{"floor":10,"key":"Peace Pipe"}],"event_choices":[{"damage_healed":0,"gold_gain":0,"player_choice":"Ignored","damage_taken":0,"max_hp_gain":0,"max_hp_loss":0,"event_name":"Golden Idol","floor":3,"gold_loss":0},{"damage_healed":0,"gold_gain":100,"player_choice":"Pray","damage_taken":0,"max_hp_gain":0,"max_hp_loss":0,"event_name":"Golden Shrine","floor":8,"gold_loss":0}],"is_beta":false,"boss_relics":[],"items_purged_floors":[],"is_endless":false,"potions_floor_spawned":[2,6,12,14],"killed_by":"Slime Boss","ascension_level":0}}