{"host":"yhhyog5h1q67ienp","time":1612758591,"event":{"mods":["AchievementEnabler","BaseMod","Block Reminder","Colored Map","Colored Powertips","Minty Spire (QoL Compilation)","Quick Restart","Relic Stats","StSLib","ojb\u0027s Better Paths Mod","ojb\u0027s Info Mod"],"gold_per_floor":[359,372,422,23,38,66,66,99,99,99,115,115,128,154,166,252,264,288,316,328,38,38,38,38,38,63,63,63,78,78,108,108,179,179,192,202,252,264,276,309,309,309],"floor_reached":41,"language":"ENG","playtime":3787,"items_purged":["Writhe","Strike_P"],"score":1033,"play_id":"d7c3cb6e-fdcf-4c7a-ada0-7dc6ea7b30db","local_time":"20210208012951","is_ascension_mode":true,"campfire_choices":[{"data":"Eruption","floor":7.0,"key":"SMITH"},{"data":"MentalFortress","floor":10.0,"key":"SMITH"},{"floor":12.0,"key":"REST"},{"data":"BattleHymn","floor":15.0,"key":"SMITH"},{"data":"LessonLearned","floor":23,"key":"SMITH"},{"floor":25,"key":"REST"},{"data":"Ragnarok","floor":27,"key":"SMITH"},{"floor":30,"key":"REST"},{"floor":32,"key":"REST"}],"circlet_count":0,"master_deck":["AscendersBane","Defend_P","Defend_P","Defend_P","Defend_P","Eruption+1","Vigilance","CutThroughFate","JustLucky","BattleHymn+1","Consecrate","EmptyBody","MentalFortress+1","JustLucky","FearNoEvil","EmptyMind","Ragnarok+1","FollowUp+1","Protect+1","Conclude","LessonLearned+1","Weave+1","Bite","Bite","Bite","Bite","Bite","CutThroughFate","Vault","Tantrum","FlurryOfBlows","FlurryOfBlows","Parasite","CutThroughFate","CutThroughFate"],"relics":["HolyWater","Shuriken","Question Card","Smiling Mask","Kunai","MawBank","Blood Vial","Sundial","Vajra","Black Star","Matryoshka","CloakClasp"],"acts_visited":["Exordium","TheCity","TheBeyond"],"potions_floor_usage":[24,33,33,38,39],"damage_taken":[{"damage":20.0,"enemies":"Small Slimes","floor":1.0,"turns":5.0},{"damage":0.0,"enemies":"Cultist","floor":2.0,"turns":2.0},{"damage":0.0,"enemies":"Jaw Worm","floor":5.0,"turns":3.0},{"damage":8.0,"enemies":"Gremlin Nob","floor":6.0,"turns":3.0},{"damage":9.0,"enemies":"Lagavulin","floor":8.0,"turns":5.0},{"damage":3.0,"enemies":"Blue Slaver","floor":11.0,"turns":4.0},{"damage":2.0,"enemies":"Lots of Slimes","floor":13.0,"turns":4.0},{"damage":10.0,"enemies":"Gremlin Nob","floor":14.0,"turns":3.0},{"damage":10.0,"enemies":"The Guardian","floor":16.0,"turns":9.0},{"damage":13,"enemies":"2 Thieves","floor":18,"turns":3},{"damage":7,"enemies":"3 Byrds","floor":19,"turns":4},{"damage":36,"enemies":"Slavers","floor":24,"turns":3},{"damage":11,"enemies":"Centurion and Healer","floor":29,"turns":3},{"damage":25,"enemies":"Book of Stabbing","floor":31,"turns":4},{"damage":8,"enemies":"Collector","floor":33,"turns":5},{"damage":21,"enemies":"3 Darklings","floor":35,"turns":6},{"damage":6,"enemies":"Orb Walker","floor":36,"turns":2},{"damage":17,"enemies":"Jaw Worm Horde","floor":38,"turns":3},{"damage":1,"enemies":"Writhing Mass","floor":39,"turns":5},{"damage":31,"enemies":"Nemesis","floor":40,"turns":4},{"damage":7,"enemies":"3 Darklings","floor":41,"turns":1}],"seed_played":"2695065806372895586","potions_obtained":[{"floor":2.0,"key":"Regen Potion"},{"floor":8.0,"key":"DuplicationPotion"},{"floor":11.0,"key":"SmokeBomb"},{"floor":16.0,"key":"CultistPotion"},{"floor":29,"key":"DistilledChaos"},{"floor":33,"key":"AttackPotion"},{"floor":35,"key":"LiquidMemories"},{"floor":39,"key":"LiquidBronze"}],"is_trial":false,"path_per_floor":["M","M","?","$","M","E","R","E","T","R","M","R","M","E","R","B",null,"M","M","?","$","?","R","E","R","T","R","T","M","R","E","R","B",null,"M","M","?","M","M","E","M"],"character_chosen":"WATCHER","items_purchased":["Shuriken","BattleHymn","LessonLearned","Weave"],"campfire_rested":4,"item_purchase_floors":[4,4,21,21],"current_hp_per_floor":[41,41,41,41,50,42,42,33,33,33,30,50,48,38,38,28,58,45,38,38,38,38,38,4,18,18,18,18,17,31,14,28,32,43,36,34,34,23,30,5,0,0],"gold":309,"neow_bonus":"TWO_FIFTY_GOLD","is_daily":false,"chose_seed":false,"campfire_upgraded":5,"win_rate":0.0,"timestamp":1612758591,"path_taken":["M","M","?","$","M","E","R","E","T","R","M","R","M","E","R","BOSS","M","M","?","$","?","R","E","R","T","R","?","M","R","E","R","BOSS","M","M","?","M","?","E","?"],"items_purchased_type":["Relic","Card","Card","Card"],"build_version":"2020-12-22","purchased_purges":2,"victory":false,"max_hp_per_floor":[68,68,68,68,68,68,68,68,68,68,68,68,68,68,68,68,68,68,68,68,68,47,47,47,47,47,47,47,47,47,47,47,47,47,47,47,47,47,47,47,47,47],"relic_stats":{"Blood Vial":18,"counters":[21,81],"Shuriken":[54],"Sundial":[0],"Black Star":1,"CloakClasp":[5],"Kunai":[48],"Question Card":15,"Smiling Mask":50,"MawBank":84,"obtain_stats":[{"Vajra":31,"CloakClasp":40,"Question Card":6,"Smiling Mask":8,"MawBank":14,"Blood Vial":26,"Matryoshka":40,"Shuriken":4,"Sundial":28,"HolyWater":17,"Black Star":34,"Kunai":9,"PureWater":0},{"Vajra":14,"CloakClasp":20,"Question Card":4,"Smiling Mask":5,"MawBank":8,"Blood Vial":12,"Matryoshka":20,"Shuriken":2,"Sundial":12,"HolyWater":9,"Black Star":15,"Kunai":5,"PureWater":0},{"Vajra":55,"CloakClasp":80,"Question Card":13,"Smiling Mask":18,"MawBank":29,"Blood Vial":48,"Matryoshka":80,"Shuriken":7,"Sundial":48,"HolyWater":38,"Black Star":60,"Kunai":18,"PureWater":0}]},"card_choices":[{"not_picked":["EmptyMind","Consecrate"],"picked":"CutThroughFate","floor":1.0},{"not_picked":["BowlingBash","EmptyBody"],"picked":"JustLucky","floor":2.0},{"not_picked":["PathToVictory","ReachHeaven"],"picked":"Consecrate","floor":5.0},{"not_picked":["SashWhip","Crescendo"],"picked":"EmptyBody","floor":6.0},{"not_picked":["EmptyBody","CrushJoints","Conclude"],"picked":"MentalFortress","floor":8.0},{"not_picked":["BattleHymn","Prostrate","PathToVictory"],"picked":"JustLucky","floor":11.0},{"not_picked":["ForeignInfluence","Pray","ClearTheMind"],"picked":"FearNoEvil","floor":13.0},{"not_picked":["WindmillStrike","InnerPeace","PathToVictory"],"picked":"EmptyMind","floor":14.0},{"not_picked":["Scrawl","Vault","MasterReality"],"picked":"Ragnarok","floor":16.0},{"not_picked":["Worship","FlyingSleeves","Perseverance"],"picked":"FollowUp+1","floor":18},{"not_picked":["Prostrate","Worship","WreathOfFlame"],"picked":"Protect+1","floor":19},{"not_picked":["DeceiveReality+1","Prostrate","ForeignInfluence"],"picked":"CutThroughFate","floor":29},{"not_picked":["FollowUp","Study","BattleHymn","CrushJoints"],"picked":"SKIP","floor":31},{"not_picked":["DevaForm","SpiritShield","ConjureBlade"],"picked":"Vault","floor":33},{"not_picked":["Halt","JustLucky","Protect+1"],"picked":"Tantrum","floor":35},{"not_picked":["SashWhip","Prostrate","FlyingSleeves+1"],"picked":"FlurryOfBlows","floor":36},{"not_picked":["Evaluate","EmptyFist","InnerPeace"],"picked":"FlurryOfBlows","floor":38},{"not_picked":["SashWhip","JustLucky","FlurryOfBlows+1"],"picked":"CutThroughFate","floor":39},{"not_picked":["JustLucky","LessonLearned","SandsOfTime"],"picked":"CutThroughFate","floor":40}],"player_experience":1429163,"relics_obtained":[{"floor":6.0,"key":"Question Card"},{"floor":8.0,"key":"Smiling Mask"},{"floor":9.0,"key":"Kunai"},{"floor":14.0,"key":"MawBank"},{"floor":26,"key":"Blood Vial"},{"floor":28,"key":"Sundial"},{"floor":31,"key":"Vajra"},{"floor":40,"key":"Matryoshka"},{"floor":40,"key":"CloakClasp"}],"event_choices":[{"damage_healed":0.0,"max_hp_gain":0.0,"max_hp_loss":0.0,"gold_gain":50.0,"event_name":"Golden Shrine","player_choice":"Pray","floor":3.0,"gold_loss":0.0,"damage_taken":0.0},{"damage_healed":0,"gold_gain":0,"player_choice":"Read","damage_taken":0,"max_hp_gain":0,"max_hp_loss":0,"event_name":"The Library","floor":20,"gold_loss":0,"cards_obtained":["Conclude"]},{"damage_healed":0,"gold_gain":0,"player_choice":"Became a vampire","damage_taken":0,"max_hp_gain":0,"max_hp_loss":21,"event_name":"Vampires","floor":22,"gold_loss":0,"cards_obtained":["Bite","Bite","Bite","Bite","Bite"]},{"damage_healed":0,"gold_gain":50,"player_choice":"Pray","damage_taken":0,"max_hp_gain":0,"max_hp_loss":0,"event_name":"Golden Shrine","floor":37,"gold_loss":0}],"is_beta":false,"boss_relics":[{"not_picked":["Calling Bell","Ectoplasm"],"picked":"HolyWater"},{"not_picked":["Sozu","Snecko Eye"],"picked":"Black Star"}],"items_purged_floors":[4,21],"is_endless":false,"potions_floor_spawned":[2,8,11,16,24,29,33,35,39],"killed_by":"3 Darklings","ascension_level":20}}