{"host":"jqkewjmybebgw3gd","time":1612790810,"event":{"mods":["AchievementEnabler","BaseMod","Colored Map","DeckTracker","Minty Spire (QoL Compilation)","StSLib","SuperFastMode"],"gold_per_floor":[113,131,142,158,108,108,139,157,180,180,141,172,172,187,187,187,187],"floor_reached":16,"language":"KOR","playtime":723,"items_purged":[],"score":118,"play_id":"ea823b3a-ec99-422a-b268-80b4ab6a18b1","local_time":"20210208222650","is_ascension_mode":true,"campfire_choices":[{"data":"Eruption","floor":6.0,"key":"SMITH"},{"floor":13,"key":"REST"},{"floor":15,"key":"REST"}],"circlet_count":0,"master_deck":["Strike_P","Strike_P","Defend_P","Defend_P","Defend_P","Defend_P","Eruption+1","Vigilance","Indignation","InnerPeace","WheelKick","Indignation"],"relics":["PureWater","Regal Pillow","Smiling Mask","Ancient Tea Set","Art of War"],"acts_visited":["Exordium"],"potions_floor_usage":[7,7,8,16],"damage_taken":[{"damage":3.0,"enemies":"2 Louse","floor":1.0,"turns":3.0},{"damage":2.0,"enemies":"Jaw Worm","floor":2.0,"turns":3.0},{"damage":2.0,"enemies":"Cultist","floor":3.0,"turns":3.0},{"damage":2.0,"enemies":"3 Louse","floor":4.0,"turns":3.0},{"damage":23,"enemies":"3 Sentries","floor":7,"turns":7},{"damage":10,"enemies":"Red Slaver","floor":8,"turns":6},{"damage":18,"enemies":"Lagavulin","floor":12,"turns":5},{"damage":0,"enemies":"2 Fungi Beasts","floor":14,"turns":2},{"damage":75,"enemies":"Hexaghost","floor":16,"turns":11}],"seed_played":"4223978117733904708","potions_obtained":[{"floor":3.0,"key":"Strength Potion"},{"floor":4.0,"key":"Explosive Potion"},{"floor":7,"key":"Energy Potion"},{"floor":12,"key":"SpeedPotion"}],"is_trial":false,"path_per_floor":["M","M","M","M","?","R","E","M","T","?","?","E","R","M","R","B"],"character_chosen":"WATCHER","items_purchased":[],"campfire_rested":2,"item_purchase_floors":[],"current_hp_per_floor":[69,67,65,63,63,63,40,30,30,30,30,12,48,48,72,0,0],"gold":187,"neow_bonus":"RANDOM_COMMON_RELIC","is_daily":false,"chose_seed":false,"campfire_upgraded":1,"win_rate":0.0,"timestamp":1612790810,"path_taken":["M","M","M","M","?","R","E","M","T","?","?","E","R","?","R","BOSS"],"items_purchased_type":[],"build_version":"2020-12-22","purchased_purges":0,"victory":false,"max_hp_per_floor":[72,72,72,72,72,72,72,72,72,72,72,72,72,72,72,72,72],"card_choices":[{"not_picked":["Crescendo","WindmillStrike"],"picked":"Indignation","floor":1.0},{"not_picked":["Collect","CutThroughFate"],"picked":"InnerPeace","floor":2.0},{"not_picked":["ClearTheMind","BattleHymn","EmptyMind"],"picked":"SKIP","floor":3.0},{"not_picked":["Consecrate","WreathOfFlame","Weave"],"picked":"SKIP","floor":4.0},{"not_picked":["CutThroughFate","CrushJoints","EmptyBody"],"picked":"SKIP","floor":7},{"not_picked":["PathToVictory","ThirdEye"],"picked":"WheelKick","floor":8},{"not_picked":["PathToVictory","Devotion"],"picked":"Indignation","floor":12},{"not_picked":["SignatureMove","Prostrate","WheelKick"],"picked":"SKIP","floor":14}],"player_experience":503979,"relics_obtained":[{"floor":7,"key":"Smiling Mask"},{"floor":9,"key":"Ancient Tea Set"},{"floor":12,"key":"Art of War"}],"event_choices":[{"cards_removed":["Strike_P"],"damage_healed":0.0,"max_hp_gain":0.0,"max_hp_loss":0.0,"gold_gain":0.0,"event_name":"The Cleric","player_choice":"Card Removal","floor":5.0,"gold_loss":50.0,"damage_taken":0.0},{"cards_removed":["Strike_P"],"damage_healed":0,"gold_gain":0,"player_choice":"Forget","damage_taken":0,"max_hp_gain":0,"max_hp_loss":0,"event_name":"Living Wall","floor":10,"gold_loss":0},{"damage_healed":0,"gold_gain":0,"player_choice":"Left Gold","damage_taken":0,"max_hp_gain":0,"max_hp_loss":0,"event_name":"World of Goop","floor":11,"gold_loss":39}],"is_beta":false,"boss_relics":[],"items_purged_floors":[],"is_endless":false,"potions_floor_spawned":[3,4,7,12],"killed_by":"Hexaghost","ascension_level":1}}