{"host":"640uue19m79c7wbt","time":1612755308,"event":{"mods":["BaseMod","Colored Map","Googly Eyes","Highlight Path","Minty Spire (QoL Compilation)","Quick Restart","StSLib"],"gold_per_floor":[110,341,352,69,344,344,371,388,388,415,415,430,446,5,5,84,84,97,97,97,97,113,113,139,139,139,139,156,166,166,34,34,112,112,125,25,42,58,83,83,110,110,159,159,172,204,220,252,252,252],"floor_reached":51,"language":"ENG","playtime":2310,"items_purged":["Strike_G","Regret","Strike_G"],"score":1637,"play_id":"e957c864-2794-4752-aa6e-de6f3614186f","local_time":"20210207223508","is_ascension_mode":true,"campfire_choices":[{"data":"Apotheosis","floor":6.0,"key":"SMITH"},{"data":"Adrenaline","floor":11.0,"key":"SMITH"},{"data":"Backstab","floor":15.0,"key":"SMITH"},{"data":"Night Terror","floor":23.0,"key":"SMITH"},{"floor":25.0,"key":"REST"},{"floor":27.0,"key":"REST"},{"data":"Venomology","floor":32.0,"key":"SMITH"},{"floor":40.0,"key":"REST"},{"data":"1","floor":42.0,"key":"LIFT"},{"data":"2","floor":44.0,"key":"LIFT"},{"floor":49.0,"key":"REST"}],"circlet_count":0,"master_deck":["AscendersBane","Strike_G","Strike_G","Strike_G","Defend_G","Defend_G","Defend_G","Defend_G","Defend_G","Survivor","Neutralize","Cloak And Dagger","Blade Dance","Apotheosis+1","Adrenaline+1","Backstab+1","Predator","Crippling Poison","Accuracy","Adrenaline+1","Night Terror+1","CurseOfTheBell","A Thousand Cuts+1","Infinite Blades","Venomology+1","Night Terror","Terror+1","Corpse Explosion+1","Footwork+1","Envenom"],"relics":["Ring of the Snake","NeowsBlessing","Old Coin","Singing Bowl","Mummified Hand","The Courier","Shuriken","DollysMirror","Calling Bell","Strawberry","Question Card","CaptainsWheel","Lizard Tail","Darkstone Periapt","SacredBark","Girya","Toxic Egg 2","Snake Skull","Pen Nib","Eternal Feather"],"acts_visited":["Exordium","TheCity","TheBeyond"],"potions_floor_usage":[50,50],"damage_taken":[{"damage":0.0,"enemies":"Small Slimes","floor":1.0,"turns":1.0},{"damage":0.0,"enemies":"Cultist","floor":3.0,"turns":1.0},{"damage":0.0,"enemies":"3 Sentries","floor":7.0,"turns":2.0},{"damage":16.0,"enemies":"2 Louse","floor":8.0,"turns":2.0},{"damage":6.0,"enemies":"Lagavulin","floor":10.0,"turns":4.0},{"damage":0.0,"enemies":"Lots of Slimes","floor":12.0,"turns":3.0},{"damage":2.0,"enemies":"Large Slime","floor":13.0,"turns":3.0},{"damage":8.0,"enemies":"Hexaghost","floor":16.0,"turns":8.0},{"damage":0.0,"enemies":"Chosen","floor":18.0,"turns":3.0},{"damage":14.0,"enemies":"2 Thieves","floor":22.0,"turns":4.0},{"damage":24.0,"enemies":"Book of Stabbing","floor":24.0,"turns":5.0},{"damage":0.0,"enemies":"3 Cultists","floor":28.0,"turns":2.0},{"damage":0.0,"enemies":"Snake Plant","floor":29.0,"turns":2.0},{"damage":7.0,"enemies":"Collector","floor":33.0,"turns":4.0},{"damage":7.0,"enemies":"Orb Walker","floor":35.0,"turns":3.0},{"damage":18.0,"enemies":"3 Shapes","floor":37.0,"turns":7.0},{"damage":19.0,"enemies":"Jaw Worm Horde","floor":38.0,"turns":4.0},{"damage":0.0,"enemies":"Mind Bloom Boss Battle","floor":39.0,"turns":4.0},{"damage":0.0,"enemies":"Reptomancer","floor":41.0,"turns":1.0},{"damage":0.0,"enemies":"Spire Growth","floor":45.0,"turns":2.0},{"damage":13.0,"enemies":"Giant Head","floor":46.0,"turns":4.0},{"damage":0.0,"enemies":"Transient","floor":47.0,"turns":6.0},{"damage":23.0,"enemies":"Nemesis","floor":48.0,"turns":5.0},{"damage":47,"enemies":"Donu and Deca","floor":50,"turns":8}],"seed_played":"-1219094446239336093","potions_obtained":[{"floor":7.0,"key":"Regen Potion"},{"floor":8.0,"key":"Poison Potion"},{"floor":10.0,"key":"DistilledChaos"},{"floor":16.0,"key":"SpeedPotion"},{"floor":18.0,"key":"CultistPotion"},{"floor":29.0,"key":"Strength Potion"},{"floor":41.0,"key":"DuplicationPotion"},{"floor":45.0,"key":"FearPotion"},{"floor":47.0,"key":"SteroidPotion"},{"floor":48.0,"key":"PowerPotion"}],"is_trial":false,"path_per_floor":["M","?","M","$","?","R","E","M","T","E","R","M","M","$","R","B",null,"M","?","?","?","M","R","E","R","T","R","M","M","?","$","R","B",null,"M","$","M","M","?","R","E","R","T","R","M","E","M","E","R","B",null],"character_chosen":"THE_SILENT","items_purchased":["Apotheosis","Shuriken","DollysMirror","Infinite Blades","Venomology"],"campfire_rested":4,"item_purchase_floors":[4,14,14,31,31],"current_hp_per_floor":[59,59,59,59,59,59,59,43,43,51,51,51,49,49,49,41,67,69,69,48,48,34,34,12,36,36,60,62,64,64,64,64,57,79,72,72,56,39,41,68,70,70,70,70,70,59,59,36,82,35],"gold":252,"neow_bonus":"THREE_ENEMY_KILL","is_daily":false,"chose_seed":false,"campfire_upgraded":5,"win_rate":0.0,"timestamp":1612755308,"path_taken":["M","?","?","$","?","R","E","M","T","E","R","?","M","$","R","BOSS","M","?","?","?","M","R","E","R","T","R","M","M","?","$","R","BOSS","M","$","?","M","?","R","E","R","T","R","M","E","M","E","R","BOSS"],"items_purchased_type":["Card","Relic","Relic","Card","Card"],"build_version":"2020-12-22","purchased_purges":3,"victory":true,"max_hp_per_floor":[66,66,66,66,66,66,66,66,66,66,66,66,66,66,66,66,73,75,75,80,80,80,80,82,82,82,82,84,86,86,86,86,86,86,86,86,88,90,92,92,94,94,94,94,94,96,96,96,96,96],"card_choices":[{"not_picked":["Noxious Fumes","Flying Knee"],"picked":"Cloak And Dagger","floor":1.0},{"not_picked":["Acrobatics","Noxious Fumes"],"picked":"Blade Dance","floor":3.0},{"not_picked":["Slice","Flying Knee"],"picked":"Adrenaline","floor":7.0},{"not_picked":["Tactician","Prepared"],"picked":"Backstab","floor":8.0},{"not_picked":["All Out Attack","Poisoned Stab"],"picked":"Predator","floor":10.0},{"not_picked":["Flying Knee","Acrobatics"],"picked":"Crippling Poison","floor":12.0},{"not_picked":["Underhanded Strike","Quick Slash"],"picked":"Accuracy","floor":13.0},{"not_picked":["Unload","Venomology"],"picked":"Night Terror","floor":16.0},{"not_picked":["Eviscerate","Slice+1","Flying Knee","Quick Slash"],"picked":"Singing Bowl","floor":18.0},{"not_picked":["Accuracy","PiercingWail","Deadly Poison"],"picked":"A Thousand Cuts","floor":22.0},{"not_picked":["Caltrops","Slice","Backflip","Setup"],"picked":"Singing Bowl","floor":24.0},{"not_picked":["Dagger Throw","Expertise","Blade Dance","Tactician"],"picked":"Singing Bowl","floor":28.0},{"not_picked":["Outmaneuver","Crippling Poison+1","Flying Knee","Riddle With Holes"],"picked":"Singing Bowl","floor":29.0},{"not_picked":["Doppelganger","Glass Knife","Unload"],"picked":"Night Terror","floor":33.0},{"not_picked":["Eviscerate","Flying Knee+1","Bane+1"],"picked":"Terror+1","floor":35.0},{"not_picked":["Cloak And Dagger+1","Acrobatics","Terror","Predator"],"picked":"Singing Bowl","floor":37.0},{"not_picked":["Dagger Throw","Dash","Blur","Underhanded Strike"],"picked":"Singing Bowl","floor":38.0},{"not_picked":["Deflect+1","Calculated Gamble","Cloak And Dagger+1","Bane"],"picked":"Singing Bowl","floor":39.0},{"not_picked":["Quick Slash","Crippling Poison+1","Terror+1","Skewer+1"],"picked":"Singing Bowl","floor":41.0},{"not_picked":["Cloak And Dagger+1","Deflect+1","PiercingWail+1"],"picked":"Corpse Explosion+1","floor":45.0},{"not_picked":["Night Terror+1","Acrobatics+1","Reflex+1","Backstab"],"picked":"Singing Bowl","floor":46.0},{"not_picked":["Deadly Poison+1","Quick Slash+1","Cloak And Dagger+1"],"picked":"Footwork+1","floor":47.0},{"not_picked":["Bane","Infinite Blades","Flechettes"],"picked":"Envenom","floor":48.0}],"player_experience":674244,"relics_obtained":[{"floor":7.0,"key":"Singing Bowl"},{"floor":9.0,"key":"Mummified Hand"},{"floor":10.0,"key":"The Courier"},{"floor":17.0,"key":"Strawberry"},{"floor":17.0,"key":"Question Card"},{"floor":17.0,"key":"CaptainsWheel"},{"floor":24.0,"key":"Lizard Tail"},{"floor":26.0,"key":"Darkstone Periapt"},{"floor":39.0,"key":"Girya"},{"floor":41.0,"key":"Toxic Egg 2"},{"floor":43.0,"key":"Snake Skull"},{"floor":46.0,"key":"Pen Nib"},{"floor":48.0,"key":"Eternal Feather"}],"event_choices":[{"damage_healed":0.0,"max_hp_gain":0.0,"max_hp_loss":0.0,"gold_gain":0.0,"event_name":"WeMeetAgain","player_choice":"Paid Gold","floor":2.0,"gold_loss":69.0,"damage_taken":0.0,"relics_obtained":["Old Coin"]},{"damage_healed":0.0,"max_hp_gain":0.0,"max_hp_loss":0.0,"gold_gain":275.0,"event_name":"Golden Shrine","player_choice":"Desecrate","floor":5.0,"gold_loss":0.0,"damage_taken":0.0,"cards_obtained":["Regret"]},{"damage_healed":0.0,"max_hp_gain":0.0,"max_hp_loss":0.0,"gold_gain":0.0,"event_name":"Vampires","player_choice":"Ignored","floor":19.0,"gold_loss":0.0,"damage_taken":0.0},{"damage_healed":0.0,"max_hp_gain":5.0,"max_hp_loss":0.0,"gold_gain":0.0,"event_name":"Forgotten Altar","player_choice":"Shed Blood","floor":20.0,"gold_loss":0.0,"damage_taken":26.0},{"damage_healed":0.0,"max_hp_gain":0.0,"max_hp_loss":0.0,"gold_gain":0.0,"event_name":"Ghosts","player_choice":"Ignored","floor":21.0,"gold_loss":0.0,"damage_taken":0.0},{"damage_healed":0.0,"max_hp_gain":0.0,"max_hp_loss":0.0,"gold_gain":0.0,"event_name":"Upgrade Shrine","player_choice":"Upgraded","floor":30.0,"gold_loss":0.0,"damage_taken":0.0,"cards_upgraded":["A Thousand Cuts"]},{"damage_healed":0.0,"max_hp_gain":0.0,"max_hp_loss":0.0,"gold_gain":0.0,"event_name":"MindBloom","player_choice":"Fight","floor":39.0,"gold_loss":0.0,"damage_taken":0.0}],"is_beta":false,"boss_relics":[{"not_picked":["Coffee Dripper","Runic Pyramid"],"picked":"Calling Bell"},{"not_picked":["Runic Dome","Fusion Hammer"],"picked":"SacredBark"}],"items_purged_floors":[4,14,36],"is_endless":false,"potions_floor_spawned":[7,8,10,16,18,29,41,45,47,48],"ascension_level":19}}