{"host":"aelxjre69umlx7r4","time":1612818467,"event":{"mods":["AchievementEnabler","BaseMod","Colored Map","DeckTracker","Highlight Path","Keyboard Shortcuts","Minty Spire (QoL Compilation)","Permanent Neow","SuperFastMode"],"gold_per_floor":[114,128,128,151,170,170,185,185,236,236,267,267,267,267,267,267,267],"floor_reached":16,"language":"KOR","playtime":657,"items_purged":[],"score":105,"play_id":"ba8bad6a-a52a-4f46-819b-34ee4247c793","local_time":"20210209060747","is_ascension_mode":true,"campfire_choices":[{"floor":6,"key":"DIG"},{"floor":8,"key":"DIG"},{"floor":13,"key":"DIG"},{"floor":15,"key":"DIG"}],"circlet_count":0,"master_deck":["Strike_G","Strike_G","Strike_G","Strike_G","Defend_G","Defend_G","Defend_G","Defend_G","Defend_G","Survivor","Neutralize","Deadly Poison","Deadly Poison","Escape Plan","Caltrops"],"relics":["Ring of the Snake","Shovel","Golden Idol","Shuriken","Bag of Preparation","Juzu Bracelet","Mercury Hourglass","Question Card","Ornamental Fan"],"acts_visited":["Exordium"],"potions_floor_usage":[],"damage_taken":[{"damage":2,"enemies":"Small Slimes","floor":1,"turns":5},{"damage":0,"enemies":"2 Louse","floor":2,"turns":4},{"damage":1,"enemies":"Cultist","floor":4,"turns":4},{"damage":15,"enemies":"Lots of Slimes","floor":5,"turns":8},{"damage":3,"enemies":"Blue Slaver","floor":7,"turns":4},{"damage":12,"enemies":"3 Sentries","floor":11,"turns":9},{"damage":32,"enemies":"Slime Boss","floor":16,"turns":7}],"seed_played":"-2403279467610616707","potions_obtained":[{"floor":2,"key":"SteroidPotion"},{"floor":4,"key":"Weak Potion"}],"is_trial":false,"path_per_floor":["M","M","?","M","M","R","M","R","T","?","E","?","R","?","R","B"],"character_chosen":"THE_SILENT","items_purchased":[],"campfire_rested":0,"item_purchase_floors":[],"current_hp_per_floor":[47,47,47,46,31,31,28,28,28,21,9,32,32,32,32,0,0],"gold":267,"neow_bonus":"ONE_RARE_RELIC","is_daily":false,"chose_seed":false,"campfire_upgraded":0,"win_rate":0.0,"timestamp":1612818467,"path_taken":["M","M","?","M","M","R","M","R","T","?","E","?","R","?","R","BOSS"],"items_purchased_type":[],"build_version":"2020-12-22","purchased_purges":0,"victory":false,"max_hp_per_floor":[70,70,70,70,70,70,70,70,70,70,70,70,70,70,70,70,70],"card_choices":[{"not_picked":["Sucker Punch","Tactician"],"picked":"Deadly Poison","floor":1},{"not_picked":["Flying Knee","Masterful Stab","Infinite Blades"],"picked":"SKIP","floor":2},{"not_picked":["Acrobatics","Dash"],"picked":"Deadly Poison","floor":4},{"not_picked":["Riddle With Holes","All Out Attack"],"picked":"Escape Plan","floor":5},{"not_picked":["Quick Slash","Prepared"],"picked":"Caltrops","floor":7},{"not_picked":["Underhanded Strike","Concentrate","Dagger Spray"],"picked":"SKIP","floor":11}],"player_experience":416277,"relics_obtained":[{"floor":6,"key":"Shuriken"},{"floor":8,"key":"Bag of Preparation"},{"floor":9,"key":"Juzu Bracelet"},{"floor":11,"key":"Mercury Hourglass"},{"floor":13,"key":"Question Card"},{"floor":15,"key":"Ornamental Fan"}],"event_choices":[{"damage_healed":0,"gold_gain":0,"player_choice":"Take Wound","damage_taken":0,"relics_obtained":["Golden Idol"],"max_hp_gain":0,"max_hp_loss":0,"event_name":"Golden Idol","floor":3,"gold_loss":0,"cards_obtained":["Injury"]},{"cards_removed":["Injury"],"damage_healed":0,"gold_gain":0,"player_choice":"Card Removal","damage_taken":7,"max_hp_gain":0,"max_hp_loss":0,"event_name":"Golden Wing","floor":10,"gold_loss":0},{"damage_healed":23,"gold_gain":0,"player_choice":"Banana","damage_taken":0,"max_hp_gain":0,"max_hp_loss":0,"event_name":"Big Fish","floor":12,"gold_loss":0},{"cards_removed":["Strike_G"],"damage_healed":0,"gold_gain":0,"player_choice":"Purged","damage_taken":0,"max_hp_gain":0,"max_hp_loss":0,"event_name":"Purifier","floor":14,"gold_loss":0}],"is_beta":false,"boss_relics":[],"items_purged_floors":[],"is_endless":false,"potions_floor_spawned":[2,4],"killed_by":"Slime Boss","ascension_level":1}}