{"host":"ptk1shuto3uimndw","time":1612786610,"event":{"mods":["AchievementEnabler","BaseMod","Bestiary","Colored Map","Colored Powertips","Curses Come First","Minty Spire (QoL Compilation)","Quick Restart","Rare Cards Sparkle","Relic Stats","StSLib","Uncapped"],"gold_per_floor":[117,87,106,125,125,157,4,33,33,33,66,86,86,86,86,184,184,197,208,6,6,22,22,55,55,55,83,103,103,103,103,103,206,206,220,236,236,236,236],"floor_reached":38,"language":"ENG","playtime":960,"items_purged":[],"score":538,"play_id":"320211c3-a870-4f35-9821-09c4abc0b6f9","local_time":"20210208131650","is_ascension_mode":true,"campfire_choices":[{"data":"Defend_P","floor":13,"key":"PURGE"},{"data":"Eruption","floor":15,"key":"SMITH"},{"data":"Blasphemy","floor":23,"key":"SMITH"},{"floor":25,"key":"REST"},{"data":"MentalFortress","floor":29,"key":"SMITH"},{"floor":32,"key":"REST"}],"circlet_count":0,"master_deck":["Strike_P","Strike_P","Strike_P","Defend_P","Defend_P","Defend_P","Eruption+1","Vigilance","WheelKick","CarveReality","CutThroughFate","Conclude","Adaptation","CrushJoints","Blasphemy+1","MentalFortress+1","Tantrum","ClearTheMind","Scrawl","ClearTheMind+1","EmptyBody+1"],"relics":["PureWater","PreservedInsect","Calipers","Pantograph","Orichalcum","Peace Pipe","StrikeDummy","Potion Belt","Sozu","Membership Card","Strawberry","Centennial Puzzle","Thread and Needle","MutagenicStrength","Black Star"],"acts_visited":["Exordium","TheCity","TheBeyond"],"potions_floor_usage":[16],"damage_taken":[{"damage":2,"enemies":"2 Louse","floor":1,"turns":3},{"damage":1,"enemies":"Cultist","floor":3,"turns":3},{"damage":2,"enemies":"Jaw Worm","floor":4,"turns":2},{"damage":7,"enemies":"3 Sentries","floor":6,"turns":4},{"damage":7,"enemies":"Gremlin Nob","floor":8,"turns":3},{"damage":2,"enemies":"3 Sentries","floor":11,"turns":3},{"damage":0,"enemies":"2 Fungi Beasts","floor":12,"turns":2},{"damage":46,"enemies":"The Guardian","floor":16,"turns":11},{"damage":2,"enemies":"Chosen","floor":18,"turns":3},{"damage":17,"enemies":"3 Byrds","floor":19,"turns":6},{"damage":0,"enemies":"Snake Plant","floor":22,"turns":1},{"damage":19,"enemies":"Book of Stabbing","floor":24,"turns":2},{"damage":10,"enemies":"Gremlin Leader","floor":27,"turns":3},{"damage":2,"enemies":"Chosen and Byrds","floor":28,"turns":2},{"damage":46,"enemies":"Champ","floor":33,"turns":7},{"damage":10,"enemies":"3 Darklings","floor":35,"turns":3},{"damage":12,"enemies":"3 Shapes","floor":36,"turns":1},{"damage":100020,"enemies":"Writhing Mass","floor":38,"turns":4}],"seed_played":"5117282533477897067","potions_obtained":[{"floor":1,"key":"BlessingOfTheForge"},{"floor":2,"key":"Dexterity Potion"},{"floor":2,"key":"Ambrosia"},{"floor":11,"key":"Ancient Potion"},{"floor":16,"key":"PowerPotion"}],"is_trial":false,"path_per_floor":["M","?","M","M","?","E","$","E","T","?","E","M","R","?","R","B",null,"M","M","$","?","M","R","E","R","T","E","M","R","?","?","R","B",null,"M","M","?","M"],"character_chosen":"WATCHER","items_purchased":["Orichalcum","Membership Card","Tantrum","ClearTheMind"],"campfire_rested":2,"item_purchase_floors":[7,20,20,20],"current_hp_per_floor":[70,70,69,67,49,42,42,35,35,35,33,33,33,33,33,12,57,55,38,38,38,38,38,26,49,49,39,37,37,22,22,47,26,70,60,48,48,0,0],"gold":236,"neow_bonus":"RANDOM_COMMON_RELIC","is_daily":false,"chose_seed":false,"campfire_upgraded":3,"win_rate":0.0,"timestamp":1612786610,"path_taken":["M","?","M","?","?","E","$","E","T","?","E","?","R","?","R","BOSS","M","M","$","?","?","R","E","R","T","E","M","R","?","?","R","BOSS","M","M","?","M"],"items_purchased_type":["Relic","Relic","Card","Card"],"build_version":"2020-12-22","purchased_purges":0,"victory":false,"max_hp_per_floor":[72,72,72,72,72,72,72,72,72,72,72,72,72,72,72,72,72,72,72,72,72,72,72,79,79,79,79,79,79,84,84,84,84,84,84,84,80,80,80],"relic_stats":{"Peace Pipe":1,"Sozu":4,"Centennial Puzzle":[17],"counters":[18,62],"Pantograph":50,"PreservedInsect":174,"Black Star":0,"Orichalcum":[72],"obtain_stats":[{"Potion Belt":11,"Calipers":5,"Thread and Needle":27,"PreservedInsect":0,"Orichalcum":7,"Peace Pipe":8,"Sozu":17,"Centennial Puzzle":26,"Pantograph":6,"Strawberry":24,"MutagenicStrength":31,"Black Star":34,"Membership Card":20,"PureWater":0,"StrikeDummy":9},{"Potion Belt":6,"Calipers":3,"Thread and Needle":13,"PreservedInsect":0,"Orichalcum":4,"Peace Pipe":5,"Sozu":8,"Centennial Puzzle":12,"Pantograph":4,"Strawberry":12,"MutagenicStrength":14,"Black Star":15,"Membership Card":10,"PureWater":0,"StrikeDummy":5},{"Potion Belt":18,"Calipers":8,"Thread and Needle":46,"PreservedInsect":0,"Orichalcum":12,"Peace Pipe":15,"Sozu":31,"Centennial Puzzle":43,"Pantograph":12,"Strawberry":43,"MutagenicStrength":48,"Black Star":55,"Membership Card":40,"PureWater":0,"StrikeDummy":15}]},"card_choices":[{"not_picked":["Indignation","Study"],"picked":"WheelKick","floor":1},{"not_picked":["DeceiveReality","CutThroughFate"],"picked":"CarveReality","floor":3},{"not_picked":["BowlingBash","Evaluate"],"picked":"CutThroughFate","floor":4},{"not_picked":["Prostrate","SashWhip"],"picked":"Conclude","floor":6},{"not_picked":["Swivel","Evaluate","Prostrate"],"picked":"SKIP","floor":8},{"not_picked":["Alpha","BowlingBash"],"picked":"CrushJoints","floor":11},{"not_picked":["Adaptation","InnerPeace","Vengeance"],"picked":"SKIP","floor":12},{"not_picked":["Judgement","Brilliance"],"picked":"Blasphemy","floor":16},{"not_picked":["FlyingSleeves+1","FearNoEvil+1"],"picked":"MentalFortress","floor":18},{"not_picked":["CarveReality","BattleHymn+1","CutThroughFate"],"picked":"SKIP","floor":19},{"not_picked":["FlyingSleeves","SandsOfTime","Collect"],"picked":"SKIP","floor":22},{"not_picked":["JustLucky+1","FollowUp","BowlingBash+1"],"picked":"SKIP","floor":24},{"not_picked":["Prostrate","ReachHeaven","Pray+1"],"picked":"SKIP","floor":27},{"not_picked":["JustLucky","BowlingBash+1","Conclude"],"picked":"SKIP","floor":28},{"not_picked":["Wish","ConjureBlade"],"picked":"Scrawl","floor":33},{"not_picked":["Nirvana","Weave"],"picked":"ClearTheMind+1","floor":35},{"not_picked":["Prostrate","DeceiveReality"],"picked":"EmptyBody+1","floor":36}],"player_experience":243070,"relics_obtained":[{"floor":6,"key":"Pantograph"},{"floor":8,"key":"Peace Pipe"},{"floor":9,"key":"StrikeDummy"},{"floor":11,"key":"Potion Belt"},{"floor":24,"key":"Strawberry"},{"floor":26,"key":"Centennial Puzzle"},{"floor":27,"key":"Thread and Needle"}],"event_choices":[{"damage_healed":0,"gold_gain":0,"player_choice":"Bought 2 Potions","damage_taken":0,"max_hp_gain":0,"max_hp_loss":0,"event_name":"The Woman in Blue","floor":2,"gold_loss":0},{"damage_healed":0,"gold_gain":0,"player_choice":"Success","damage_taken":18,"relics_obtained":["Calipers"],"max_hp_gain":0,"max_hp_loss":0,"event_name":"Scrap Ooze","floor":5,"gold_loss":0},{"damage_healed":0,"gold_gain":0,"cards_transformed":["Strike_P"],"player_choice":"Transformed","damage_taken":0,"max_hp_gain":0,"max_hp_loss":0,"event_name":"Transmorgrifier","floor":10,"gold_loss":0,"cards_obtained":["Adaptation"]},{"damage_healed":0,"gold_gain":0,"player_choice":"0 cards matched","damage_taken":0,"max_hp_gain":0,"max_hp_loss":0,"event_name":"Match and Keep!","floor":14,"gold_loss":0,"cards_obtained":[]},{"damage_healed":0,"gold_gain":0,"player_choice":"0 cards matched","damage_taken":0,"max_hp_gain":0,"max_hp_loss":0,"event_name":"Match and Keep!","floor":21,"gold_loss":0,"cards_obtained":[]},{"damage_healed":0,"gold_gain":0,"player_choice":"Shed Blood","damage_taken":20,"max_hp_gain":5,"max_hp_loss":0,"event_name":"Forgotten Altar","floor":30,"gold_loss":0},{"damage_healed":0,"gold_gain":0,"player_choice":"Inject Mutagens","damage_taken":0,"relics_obtained":["MutagenicStrength"],"max_hp_gain":0,"max_hp_loss":0,"event_name":"Drug Dealer","floor":31,"gold_loss":0},{"damage_healed":0,"gold_gain":0,"player_choice":"Max HP","damage_taken":0,"max_hp_gain":0,"max_hp_loss":4,"event_name":"Winding Halls","floor":37,"gold_loss":0}],"is_beta":false,"boss_relics":[{"not_picked":["SacredBark","HolyWater"],"picked":"Sozu"},{"not_picked":["Fusion Hammer","Velvet Choker"],"picked":"Black Star"}],"items_purged_floors":[],"is_endless":false,"potions_floor_spawned":[1,6,11,16,19,24,27,33],"killed_by":"Writhing Mass","ascension_level":5}}