{"host":"okvf2hy7r209l3k2","time":1612769899,"event":{"mods":["BaseMod","Block Reminder","Colored Map","Colored Powertips","Downfall","Hermit","Highlight Path","Minty Spire (QoL Compilation)","Permanent Neow","StSLib","The Cursed"],"gold_per_floor":[116,116,41,55,67,67,98,110,110,120,295,312,312,331,331,331,331],"floor_reached":16,"language":"ENG","playtime":1715,"items_purged":["hermit:Strike_Hermit"],"score":104,"play_id":"2af12c37-1ab6-41e4-9665-dd2f57c304ae","local_time":"20210207223819","is_ascension_mode":false,"campfire_choices":[{"data":"hermit:GoldenBullet","floor":6,"key":"SMITH"},{"data":"hermit:TakeAim","floor":15,"key":"SMITH"}],"circlet_count":0,"master_deck":["hermit:Strike_Hermit","hermit:Strike_Hermit","hermit:Strike_Hermit","hermit:Defend_Hermit","hermit:Defend_Hermit","hermit:Snapshot","hermit:Covet","hermit:Gestalt","hermit:Vantage","hermit:GoldenBullet+1","hermit:EyeOfTheStorm","hermit:GhostlyPresence","Doubt","hermit:Snipe","Parasite","hermit:TakeAim+1"],"relics":["hermit:Momento","Eternal Feather","Darkstone Periapt","hermit:Spyglass"],"acts_visited":["Exordium"],"potions_floor_usage":[7,7,16,16],"damage_taken":[{"damage":6,"enemies":"Jaw Worm","floor":1,"turns":2},{"damage":1,"enemies":"2 Louse","floor":4,"turns":2},{"damage":1,"enemies":"Cultist","floor":5,"turns":3},{"damage":19,"enemies":"3 Sentries","floor":7,"turns":6},{"damage":0,"enemies":"3 Louse","floor":8,"turns":3},{"damage":1,"enemies":"2 Fungi Beasts","floor":10,"turns":2},{"damage":14,"enemies":"Exordium Thugs","floor":12,"turns":5},{"damage":0,"enemies":"3 Louse","floor":14,"turns":4},{"damage":31,"enemies":"Hexaghost","floor":16,"turns":14}],"seed_played":"-4643083776644151435","potions_obtained":[{"floor":1,"key":"PowerPotion"},{"floor":4,"key":"Fire Potion"},{"floor":5,"key":"Slimebound:ThreeZeroPotion"},{"floor":14,"key":"Dexterity Potion"}],"is_trial":false,"path_per_floor":["M","?","$","M","M","R","E","M","T","M","?","M","?","M","R","B"],"character_chosen":"HERMIT","items_purchased":[],"campfire_rested":0,"item_purchase_floors":[],"current_hp_per_floor":[48,36,36,35,34,40,21,21,21,20,26,12,38,38,47,16,16],"gold":331,"neow_bonus":"REMOVE_TWO","is_daily":false,"chose_seed":false,"campfire_upgraded":2,"win_rate":0.0,"timestamp":1612769899,"path_taken":["M","?","$","M","M","R","E","M","T","M","?","M","?","M","R","BOSS"],"items_purchased_type":[],"build_version":"2020-12-22","purchased_purges":1,"victory":false,"max_hp_per_floor":[75,75,75,75,75,75,75,75,75,75,81,81,87,87,87,87,87],"card_choices":[{"not_picked":["hermit:Shortfuse","hermit:Headshot"],"picked":"hermit:Gestalt","floor":1},{"not_picked":["hermit:Brawl","hermit:Grudge"],"picked":"hermit:Vantage","floor":4},{"not_picked":["hermit:PistolWhip","hermit:Maintenance"],"picked":"hermit:GoldenBullet","floor":5},{"not_picked":["hermit:BigShot","hermit:LowProfile"],"picked":"hermit:EyeOfTheStorm","floor":7},{"not_picked":["hermit:Brawl","hermit:HoleUp","hermit:Virtue"],"picked":"SKIP","floor":8},{"not_picked":["hermit:ItchyTrigger","hermit:Shortfuse"],"picked":"hermit:GhostlyPresence","floor":10},{"not_picked":["hermit:HighCaliber","hermit:Horror"],"picked":"hermit:Snipe","floor":12},{"not_picked":["hermit:PistolWhip","hermit:Vantage"],"picked":"hermit:TakeAim","floor":14}],"player_experience":186920,"relics_obtained":[{"floor":7,"key":"Darkstone Periapt"},{"floor":9,"key":"hermit:Spyglass"}],"event_choices":[{"damage_healed":0,"gold_gain":0,"player_choice":"Success","damage_taken":12,"relics_obtained":["Eternal Feather"],"max_hp_gain":0,"max_hp_loss":0,"event_name":"Scrap Ooze","floor":2,"gold_loss":0},{"damage_healed":0,"gold_gain":175,"player_choice":"AGREE","damage_taken":0,"max_hp_gain":0,"max_hp_loss":0,"event_name":"Liars Game","floor":11,"gold_loss":0,"cards_obtained":["Doubt"]},{"damage_healed":20,"gold_gain":0,"player_choice":"Healed and dodged fight","damage_taken":0,"max_hp_gain":0,"max_hp_loss":0,"event_name":"Mushrooms","floor":13,"gold_loss":0,"cards_obtained":["Parasite"]}],"is_beta":false,"boss_relics":[],"items_purged_floors":[3],"is_endless":false,"potions_floor_spawned":[1,4,5,14],"killed_by":"Hexaghost","ascension_level":0}}