{"host":"oehe2dxjvdgux73m","time":1612798527,"event":{"mods":["AchievementEnabler","BaseMod","Colored Map","Colored Powertips","DeckTracker","Keyboard Shortcuts","Minty Spire (QoL Compilation)","Permanent Neow","Quick Restart","StSLib","SuperFastMode"],"gold_per_floor":[114,124,143,154,154,154,171,171,196,208,223,242,276,286,286,286,286],"floor_reached":16,"language":"KOR","playtime":400,"items_purged":[],"score":216,"play_id":"e8aa91d5-2754-44aa-8499-7657ace5ed91","local_time":"20210209003527","is_ascension_mode":true,"campfire_choices":[{"floor":6.0,"key":"REST"},{"data":"Skewer","floor":8.0,"key":"SMITH"},{"floor":15,"key":"REST"}],"circlet_count":0,"master_deck":["AscendersBane","Strike_G+1","Strike_G","Strike_G","Strike_G","Strike_G","Defend_G","Defend_G","Defend_G","Defend_G","Defend_G","Survivor+1","Neutralize","Skewer+1","Outmaneuver","Blade Dance","All Out Attack","Flying Knee","Dash","Backstab"],"relics":["Ring of the Snake","Oddly Smooth Stone","Blood Vial"],"acts_visited":["Exordium"],"potions_floor_usage":[13],"damage_taken":[{"damage":13.0,"enemies":"Small Slimes","floor":1.0,"turns":6.0},{"damage":1.0,"enemies":"2 Louse","floor":2.0,"turns":4.0},{"damage":4.0,"enemies":"Cultist","floor":3.0,"turns":4.0},{"damage":13.0,"enemies":"Large Slime","floor":4.0,"turns":8.0},{"damage":9.0,"enemies":"Blue Slaver","floor":7.0,"turns":4.0},{"damage":5.0,"enemies":"Gremlin Gang","floor":10.0,"turns":2.0},{"damage":11.0,"enemies":"Exordium Thugs","floor":11.0,"turns":6.0},{"damage":2.0,"enemies":"Looter","floor":12.0,"turns":3.0},{"damage":14,"enemies":"Lagavulin","floor":13,"turns":7},{"damage":0,"enemies":"Exordium Wildlife","floor":14,"turns":2},{"damage":36,"enemies":"Hexaghost","floor":16,"turns":9}],"seed_played":"-2189062568591038579","potions_obtained":[{"floor":1.0,"key":"SteroidPotion"},{"floor":7.0,"key":"ColorlessPotion"},{"floor":10.0,"key":"Regen Potion"}],"is_trial":false,"path_per_floor":["M","M","M","M","?","R","M","R","T","M","M","M","E","M","R","B"],"character_chosen":"THE_SILENT","items_purchased":[],"campfire_rested":2,"item_purchase_floors":[],"current_hp_per_floor":[52,51,47,34,12,33,24,24,24,19,23,21,7,9,30,0,0],"gold":286,"neow_bonus":"TEN_PERCENT_HP_BONUS","is_daily":false,"chose_seed":false,"campfire_upgraded":1,"win_rate":0.0,"timestamp":1612798527,"path_taken":["M","M","M","M","?","R","M","R","T","M","M","M","E","M","R","BOSS"],"items_purchased_type":[],"build_version":"2020-12-22","purchased_purges":0,"victory":false,"max_hp_per_floor":[72,72,72,72,72,72,72,72,72,72,72,72,72,72,72,72,72],"card_choices":[{"not_picked":["Slice","Infinite Blades"],"picked":"Skewer","floor":1.0},{"not_picked":["Skewer","Poisoned Stab"],"picked":"Outmaneuver","floor":2.0},{"not_picked":["Poisoned Stab","Slice"],"picked":"Blade Dance","floor":3.0},{"not_picked":["Outmaneuver","Poisoned Stab","Underhanded Strike"],"picked":"SKIP","floor":4.0},{"not_picked":["Night Terror","Dagger Throw"],"picked":"All Out Attack","floor":7.0},{"not_picked":["Quick Slash","Poisoned Stab"],"picked":"Flying Knee","floor":10.0},{"not_picked":["Dodge and Roll","Predator","Dagger Throw"],"picked":"SKIP","floor":11.0},{"not_picked":["Backflip","Acrobatics"],"picked":"Dash","floor":12.0},{"not_picked":["Skewer","Flying Knee"],"picked":"Backstab","floor":13},{"not_picked":["Storm of Steel","Poisoned Stab","Deflect"],"picked":"SKIP","floor":14}],"player_experience":423670,"relics_obtained":[{"floor":9.0,"key":"Oddly Smooth Stone"},{"floor":13,"key":"Blood Vial"}],"event_choices":[{"damage_healed":0.0,"max_hp_gain":0.0,"max_hp_loss":0.0,"gold_gain":0.0,"event_name":"Shining Light","player_choice":"Entered Light","floor":5.0,"gold_loss":0.0,"damage_taken":22.0,"cards_upgraded":["Strike_G","Survivor"]}],"is_beta":false,"boss_relics":[],"items_purged_floors":[],"is_endless":false,"potions_floor_spawned":[1,7,10],"killed_by":"Hexaghost","ascension_level":20}}