{"host":"coxx14wiryochsh8","time":1612748654,"event":{"mods":["2.2 Compatiblity","Act Like it!","Bartender","BaseMod","Better Third Choice","BetterRewards","Colored Map","DeckTracker","Downfall","Emptier Cage","Energized Spire","Gensokyo","Hermit","Hubris","Minty Spire (QoL Compilation)","Replay The Spire","StSLib","SuperFastMode","The Blackbeard","The Runesmith","The Servant 0.9.4"],"gold_per_floor":[111,111,123,41,57,57,77,7,33,14,44,44,44,79,79,79,79],"floor_reached":16,"language":"ENG","playtime":864,"items_purged":[],"score":158,"play_id":"50f1d95d-4b77-415c-b218-703285df9277","local_time":"20210207204414","is_ascension_mode":false,"campfire_choices":[{"data":"Fight_Dirty","floor":6,"key":"SMITH"},{"data":"Step_Of_The_Wind","floor":12,"key":"SMITH"},{"data":"Dolphin_Blow","floor":15,"key":"SMITH"}],"circlet_count":0,"master_deck":["Strike_Bartender","Strike_Bartender","Strike_Bartender","Strike_Bartender","Defend_Bartender","Defend_Bartender+1","Defend_Bartender+1","Defend_Bartender","Somersault","Training_Dummy","Fight_Dirty+1","Step_Of_The_Wind+1","Free_Pour","Gensokyo:RustyChest","Dolphin_Blow+1"],"relics":["Sneakers","NeowsBlessing","Gensokyo:Justice","Smiling Mask","Question Card","Gensokyo:CelestialsFlawlessClothing","Toy Ornithopter"],"acts_visited":["Exordium"],"potions_floor_usage":[11,14,14],"damage_taken":[{"damage":0,"enemies":"Gensokyo:3_Fairies","floor":1,"turns":1},{"damage":0,"enemies":"Gensokyo:2_Kodama","floor":3,"turns":1},{"damage":0,"enemies":"Gensokyo:Gryphon","floor":5,"turns":1},{"damage":7,"enemies":"Gensokyo:VengefulSpirit","floor":7,"turns":4},{"damage":6,"enemies":"Gensokyo:Mamizou","floor":11,"turns":7},{"damage":16,"enemies":"Gensokyo:Aya","floor":14,"turns":5},{"damage":136,"enemies":"Gensokyo:Yukari","floor":16,"turns":21}],"seed_played":"-7096385789295243407","potions_obtained":[{"floor":3,"key":"ColorlessPotion"},{"floor":5,"key":"Energy Potion"},{"floor":11,"key":"Fruit Juice"}],"is_trial":false,"path_per_floor":["M","?","M","$","M","R","M","?","T","COS","E","R","?","E","R","B"],"character_chosen":"BARTENDER","items_purchased":["Fight_Dirty"],"campfire_rested":0,"item_purchase_floors":[4],"current_hp_per_floor":[70,70,70,70,70,70,63,63,63,63,57,57,40,29,29,0,0],"gold":79,"neow_bonus":"THREE_ENEMY_KILL","is_daily":false,"chose_seed":false,"campfire_upgraded":3,"win_rate":0.0,"timestamp":1612748654,"path_taken":["M","?","?","?","M","R","M","?","T","COS","E","R","?","E","R","BOSS"],"items_purchased_type":["Card"],"build_version":"2020-12-22","purchased_purges":0,"victory":false,"max_hp_per_floor":[70,70,70,70,70,70,70,70,70,70,70,70,70,75,75,75,75],"card_choices":[{"not_picked":["Ripple","Raptor_Form","Torment"],"picked":"SKIP","floor":1},{"not_picked":["Raptor_Form","Torment"],"picked":"Ripple","floor":1},{"not_picked":["Center_Self","Foot_Thrust"],"picked":"Training_Dummy","floor":3},{"not_picked":["Stick_and_Move","Ball_Of_Ice"],"picked":"Step_Of_The_Wind","floor":5},{"not_picked":["Axe_Heel_Kick","Pony_Shot"],"picked":"Free_Pour","floor":7},{"not_picked":["Rising_Crane","Cross"],"picked":"Dolphin_Blow","floor":11},{"not_picked":["Greased_Lightning","With_A_Twist","Stick_and_Move","Foot_Thrust"],"picked":"SKIP","floor":14}],"player_experience":697371,"relics_obtained":[{"floor":9,"key":"Smiling Mask"},{"floor":11,"key":"Question Card"},{"floor":14,"key":"Toy Ornithopter"}],"event_choices":[],"is_beta":false,"boss_relics":[],"items_purged_floors":[],"is_endless":false,"potions_floor_spawned":[3,5,11],"killed_by":"Gensokyo:Yukari","ascension_level":0}}