{"host":"zjpztl3gv3azspk5","time":1612742899,"event":{"mods":["Act Like it!","BaseMod","Better Note","Better Skull","BetterRewards","Card Forge","Colored Powertips","Conspire","Downfall","Hermit","Highlight Path","Infinite Spire","Minty Spire (QoL Compilation)","Quick Restart","Rare Cards Sparkle","Replay The Spire","StSLib","The Alterego","The Animator","The Exalted","everything is the same but u backflip on backflip"],"gold_per_floor":[117,133,150,164,187,187,210,210,237,237,81,104,125,125,125,229,229,251,251,251,270,286,286,305,305,376,411,434,101,101,118,118,218,218,233,233,250,260,334,334,372,79,103,103,28,73,73,112,112,129,129],"floor_reached":50,"language":"ENG","playtime":9369,"items_purged":["downfall:Malfunctioning"],"score":512,"play_id":"25f1d7c9-6587-48c8-a0fa-a6e5f913b1be","local_time":"20210207160819","is_ascension_mode":false,"campfire_choices":[{"floor":6.0,"key":"REST"},{"floor":8.0,"key":"REST"},{"floor":10.0,"key":"REST"},{"data":"hermit:Vantage","floor":15.0,"key":"SMITH"},{"floor":23.0,"key":"REST"},{"floor":25.0,"key":"REST"},{"floor":44.0,"key":"REST"},{"floor":49,"key":"REST"}],"circlet_count":0,"master_deck":["hermit:Strike_Hermit","hermit:Strike_Hermit","hermit:Strike_Hermit","hermit:Strike_Hermit","hermit:Defend_Hermit","hermit:Defend_Hermit","hermit:Snapshot","hermit:Covet","hermit:Brawl","hermit:Grudge","hermit:TakeAim+1","hermit:Dive","hermit:Scavenge","hermit:TrackingShot","hermit:Vantage+1","hermit:GhostlyPresence","hermit:Cheat","hermit:EyeOfTheStorm","hermit:FatalDesire","hermit:Headshot","hermit:Vantage+1","hermit:HighNoon","hermit:Snipe","hermit:ShadowCloak","hermit:Coalescence","hermit:LowProfile","Dramatic Entrance","hermit:RoundhouseKick","hermit:BlackWind","hermit:DeadOrAlive","Looming Evil","hermit:BigShot+1","hermit:Desperado+1","hermit:Deadeye+1","hermit:Dive+1","hermit:TakeCover+1","infinitespire:Punishment","hermit:HeroicBravado","hermit:Maintenance+1","hermit:Shortfuse+1"],"relics":["hermit:Momento","Hammer of Thor","Seething Fire","Anvil of the Gods","Replay:Kaleidoscope","Simple Rune","Dream Catcher","Lantern","Cursed Key","ReplayTheSpireMod:Shallot","Pet Ghost","Garlic","Astrolabe","Bromod:ArcaneMomentum","Juzu Bracelet","conspire:GiftBox","Replay:Bandana","Pocketwatch","Spirit Poop"],"acts_visited":["Exordium","TheCity","TheBeyond"],"potions_floor_usage":[46,48,50],"damage_taken":[{"damage":6.0,"enemies":"Jaw Worm","floor":1.0,"turns":3.0},{"damage":6.0,"enemies":"2 Louse","floor":2.0,"turns":2.0},{"damage":5.0,"enemies":"Small Slimes","floor":3.0,"turns":3.0},{"damage":10.0,"enemies":"Gremlin Gang","floor":4.0,"turns":8.0},{"damage":18.0,"enemies":"Exordium Thugs","floor":5.0,"turns":6.0},{"damage":7.0,"enemies":"3 Louse","floor":7.0,"turns":4.0},{"damage":3.0,"enemies":"Blue Slaver","floor":12.0,"turns":4.0},{"damage":2.0,"enemies":"2 Fungi Beasts","floor":13.0,"turns":4.0},{"damage":19.0,"enemies":"The Guardian","floor":16.0,"turns":12.0},{"damage":3.0,"enemies":"Shell Parasite","floor":18.0,"turns":7.0},{"damage":32.0,"enemies":"conspire:FuzzyDice","floor":21.0,"turns":8.0},{"damage":12.0,"enemies":"Centurion and Healer","floor":22.0,"turns":7.0},{"damage":14.0,"enemies":"Snecko","floor":24.0,"turns":10.0},{"damage":6.0,"enemies":"Replay:Snechameleon","floor":27.0,"turns":7.0},{"damage":13.0,"enemies":"Snake Plant","floor":28.0,"turns":6.0},{"damage":9.0,"enemies":"Cultist and Chosen","floor":31.0,"turns":8.0},{"damage":7.0,"enemies":"Collector","floor":33.0,"turns":13.0},{"damage":23.0,"enemies":"Orb Walker","floor":35.0,"turns":6.0},{"damage":3.0,"enemies":"3 Shapes","floor":37.0,"turns":5.0},{"damage":4.0,"enemies":"3 Darklings","floor":38.0,"turns":9.0},{"damage":12.0,"enemies":"Maw","floor":41.0,"turns":8.0},{"damage":11,"enemies":"Nemesis","floor":46,"turns":11},{"damage":21,"enemies":"Transient","floor":48,"turns":5},{"damage":61,"enemies":"Time Eater","floor":50,"turns":9}],"seed_played":"5671349531990161165","potions_obtained":[{"floor":1.0,"key":"Swift Potion"},{"floor":4.0,"key":"Explosive Potion"},{"floor":5.0,"key":"EssenceOfSteel"},{"floor":7.0,"key":"LiquidMemories"},{"floor":16.0,"key":"Elixir"},{"floor":24.0,"key":"Block Potion"},{"floor":27.0,"key":"SneckoOil"},{"floor":31.0,"key":"Swift Potion"},{"floor":32.0,"key":"Flashbang"},{"floor":32.0,"key":"Slimebound:ThreeZeroPotion"},{"floor":33.0,"key":"CultistPotion"},{"floor":38.0,"key":"Energy Potion"},{"floor":39.0,"key":"Death Potion"},{"floor":46,"key":"champ:CounterPotion"}],"is_trial":false,"path_per_floor":["M","M","M","M","M","R","M","R","T","R","$","M","M","?","R","B",null,"M","?","?","M","M","R","M","R","T","E","M","$","?","M","R","B",null,"M","?","M","M","?","AVR","M","$","T","R","$","E","?","M","R","B"],"character_chosen":"HERMIT","items_purchased":["hermit:Brawl","Simple Rune","Lantern","Dramatic Entrance","Garlic","conspire:GiftBox"],"campfire_rested":7,"item_purchase_floors":[0,0,11,29,29,42],"current_hp_per_floor":[61,55,50,40,22,44,37,59,59,75,75,72,70,70,70,51,75,72,72,72,40,28,50,36,58,58,52,39,39,39,30,30,23,75,52,52,49,45,45,45,33,33,33,55,55,44,44,23,45,0,0],"gold":129,"neow_bonus":"","is_daily":false,"chose_seed":false,"campfire_upgraded":1,"win_rate":0.0,"timestamp":1612742899,"path_taken":["M","M","M","M","M","R","M","R","T","R","$","M","M","?","R","BOSS","M","?","?","M","?","R","M","R","T","E","M","$","?","M","R","BOSS","M","?","M","M","?","AVR","M","?","T","R","$","E","?","M","R","BOSS"],"items_purchased_type":["Card","Relic","Relic","Card","Relic","Relic"],"build_version":"2020-12-13","purchased_purges":1,"victory":false,"max_hp_per_floor":[75,75,75,75,75,75,75,75,75,75,75,75,75,75,75,75,75,75,75,75,75,75,75,75,75,75,75,75,75,75,75,75,75,75,75,75,75,75,75,75,75,75,75,75,75,75,75,75,75,75,75],"card_choices":[{"not_picked":["hermit:Headshot","hermit:Combo"],"picked":"hermit:Grudge","floor":1.0},{"not_picked":["hermit:TakeCover","hermit:Gestalt"],"picked":"hermit:TakeAim","floor":2.0},{"not_picked":["hermit:Feint","hermit:Vantage"],"picked":"hermit:Dive","floor":3.0},{"not_picked":["hermit:BigShot","hermit:Malice"],"picked":"hermit:Scavenge","floor":4.0},{"not_picked":["hermit:Misfire","hermit:Coalescence"],"picked":"hermit:TrackingShot","floor":5.0},{"not_picked":["hermit:BodyArmor","hermit:Ricochet"],"picked":"hermit:Vantage","floor":7.0},{"not_picked":["hermit:BodyArmor","hermit:HeroicBravado"],"picked":"hermit:GhostlyPresence","floor":10.0},{"not_picked":["hermit:TakeCover","hermit:NoHoldsBarred"],"picked":"hermit:Cheat","floor":12.0},{"not_picked":["hermit:Ricochet","hermit:SprayPray"],"picked":"hermit:EyeOfTheStorm","floor":13.0},{"not_picked":["hermit:Adapt","hermit:Reprieve"],"picked":"hermit:FatalDesire","floor":16.0},{"not_picked":["hermit:LuckOfTheDraw+1","hermit:Gestalt"],"picked":"hermit:Headshot","floor":18.0},{"not_picked":["hermit:Feint+1","hermit:PistolWhip"],"picked":"hermit:Vantage+1","floor":21.0},{"not_picked":["hermit:WideOpen","hermit:Misfire+1"],"picked":"hermit:HighNoon","floor":22.0},{"not_picked":["hermit:Headshot","hermit:Misfire"],"picked":"hermit:Snipe","floor":23.0},{"not_picked":["hermit:Misfire","hermit:Vantage","hermit:SprayPray+1"],"picked":"SKIP","floor":24.0},{"not_picked":["hermit:ItchyTrigger+1","hermit:Vantage"],"picked":"hermit:ShadowCloak","floor":25.0},{"not_picked":["hermit:TakeAim","hermit:Headshot"],"picked":"hermit:Coalescence","floor":27.0},{"not_picked":["hermit:CalledShot","hermit:TrackingShot+1"],"picked":"hermit:LowProfile","floor":28.0},{"not_picked":["hermit:BodyArmor","hermit:HighCaliber"],"picked":"hermit:BlackWind","floor":31.0},{"not_picked":["hermit:BlackWind","hermit:RoundhouseKick"],"picked":"hermit:DeadOrAlive","floor":33.0},{"not_picked":["hermit:Snipe+1","hermit:BigShot+1"],"picked":"hermit:Deadeye+1","floor":35.0},{"not_picked":["hermit:Glare","hermit:LowProfile"],"picked":"hermit:Dive+1","floor":37.0},{"not_picked":["hermit:WideOpen","hermit:TrackingShot","hermit:Scavenge+1"],"picked":"SKIP","floor":38.0},{"not_picked":["hermit:Vantage+1","hermit:Coalescence+1"],"picked":"hermit:TakeCover+1","floor":39.0},{"not_picked":["hermit:Gestalt","hermit:TakeAim","hermit:LowProfile"],"picked":"SKIP","floor":41.0},{"not_picked":["hermit:BlackWind","hermit:Magnum"],"picked":"hermit:HeroicBravado","floor":42.0},{"not_picked":["hermit:Roulette+1","hermit:Snipe+1"],"picked":"hermit:Maintenance+1","floor":44.0},{"not_picked":["hermit:LoneWolf+1","hermit:Snipe+1"],"picked":"hermit:Shortfuse+1","floor":46},{"not_picked":["hermit:TakeCover+1","hermit:NoHoldsBarred+1","hermit:Coalescence"],"picked":"SKIP","floor":48}],"player_experience":189376,"relics_obtained":[{"floor":9.0,"key":"Dream Catcher"},{"floor":26.0,"key":"ReplayTheSpireMod:Shallot"},{"floor":27.0,"key":"Pet Ghost"},{"floor":39.0,"key":"Bromod:ArcaneMomentum"},{"floor":43.0,"key":"Replay:Bandana"},{"floor":46,"key":"Pocketwatch"}],"event_choices":[{"damage_healed":0.0,"max_hp_gain":0.0,"max_hp_loss":0.0,"gold_gain":0.0,"event_name":"Living Wall","player_choice":"Grow","floor":14.0,"gold_loss":0.0,"damage_taken":0.0,"cards_upgraded":["hermit:TakeAim"]},{"damage_healed":0.0,"max_hp_gain":0.0,"max_hp_loss":0.0,"gold_gain":0.0,"event_name":"The Woman in Blue","player_choice":"Bought 0 Potions","floor":19.0,"gold_loss":0.0,"damage_taken":0.0},{"cards_removed":["hermit:Headshot"],"damage_healed":0.0,"max_hp_gain":0.0,"max_hp_loss":0.0,"gold_gain":0.0,"event_name":"betterNote:BetterNote","player_choice":"Give","floor":20.0,"gold_loss":0.0,"damage_taken":0.0,"cards_obtained":["Strike_G"]},{"damage_healed":0.0,"max_hp_gain":0.0,"max_hp_loss":0.0,"gold_gain":0.0,"event_name":"The Library","player_choice":"Read","floor":30.0,"gold_loss":0.0,"damage_taken":0.0,"cards_obtained":["hermit:RoundhouseKick"]},{"damage_healed":0.0,"max_hp_gain":0.0,"max_hp_loss":0.0,"gold_gain":0.0,"event_name":"conspire:Investor","player_choice":"Leave","floor":36.0,"gold_loss":0.0,"damage_taken":0.0},{"cards_removed":["Overencumbered"],"damage_healed":0,"gold_gain":0,"player_choice":"Offered Curse","damage_taken":0,"relics_obtained":["Spirit Poop"],"max_hp_gain":0,"max_hp_loss":0,"event_name":"Bonfire Elementals","floor":47,"gold_loss":0}],"is_beta":false,"boss_relics":[{"not_picked":["hermit:DentedPlate","conspire:SlowCooker"],"picked":"Cursed Key"},{"not_picked":["Coffee Dripper","Philosopher\u0027s Stone"],"picked":"Astrolabe"}],"items_purged_floors":[45],"is_endless":false,"potions_floor_spawned":[1,4,5,7,16,24,27,31,33,38,46],"killed_by":"Time Eater","ascension_level":0}}