{"host":"61y0z9o9vf3ujftj","time":1612787465,"event":{"mods":["BaseMod","Colored Map","Colored Powertips","GifTheSpireLib","HexUI Lib","Highlight Path","Minty Spire (QoL Compilation)","Permanent Neow","Relic Stats","StSLib","ojb\u0027s Info Mod"],"gold_per_floor":[109,122,135,146,160,160,31,57,57,57,57],"floor_reached":10,"language":"ENG","playtime":1735,"items_purged":["Strike_R"],"score":130,"play_id":"6ae8e90f-9284-4c72-80f0-b545d49cf928","local_time":"20210208063105","is_ascension_mode":true,"campfire_choices":[{"data":"Disarm","floor":6.0,"key":"SMITH"}],"circlet_count":0,"master_deck":["AscendersBane","Strike_R","Strike_R","Strike_R","Strike_R","Defend_R","Defend_R","Defend_R","Defend_R","Bash","Shrug It Off","Disarm+1","Clothesline","Dropkick","True Grit","Shrug It Off","Shockwave"],"relics":["SacredBark","Blue Candle","PreservedInsect"],"acts_visited":["Exordium"],"potions_floor_usage":[],"damage_taken":[{"damage":2.0,"enemies":"Cultist","floor":1.0,"turns":4.0},{"damage":8.0,"enemies":"Jaw Worm","floor":2.0,"turns":6.0},{"damage":5.0,"enemies":"2 Louse","floor":3.0,"turns":4.0},{"damage":5.0,"enemies":"Looter","floor":4.0,"turns":4.0},{"damage":1.0,"enemies":"Lots of Slimes","floor":5.0,"turns":5.0},{"damage":19.0,"enemies":"Lagavulin","floor":8.0,"turns":8.0},{"damage":32,"enemies":"3 Sentries","floor":10,"turns":7}],"seed_played":"-6097015819315877954","potions_obtained":[{"floor":2.0,"key":"AttackPotion"},{"floor":3.0,"key":"AttackPotion"}],"is_trial":false,"path_per_floor":["M","M","M","M","M","R","$","E","T","E"],"character_chosen":"IRONCLAD","items_purchased":["Shrug It Off"],"campfire_rested":0,"item_purchase_floors":[7],"current_hp_per_floor":[66,58,53,48,47,47,47,28,28,0,0],"gold":57,"neow_bonus":"BOSS_RELIC","is_daily":false,"chose_seed":false,"campfire_upgraded":1,"win_rate":0.0,"timestamp":1612787465,"path_taken":["M","M","M","M","M","R","$","E","T","E"],"items_purchased_type":["Card"],"build_version":"2020-12-22","purchased_purges":1,"victory":false,"max_hp_per_floor":[75,75,75,75,75,75,75,75,75,75,75],"relic_stats":{"counters":[7,38],"Blue Candle":[0],"PreservedInsect":33,"obtain_stats":[{"SacredBark":0,"Blue Candle":8,"PreservedInsect":9,"Burning Blood":0},{"SacredBark":0,"Blue Candle":6,"PreservedInsect":6,"Burning Blood":0},{"SacredBark":0,"Blue Candle":31,"PreservedInsect":31,"Burning Blood":0}]},"card_choices":[{"not_picked":["Body Slam","Burning Pact"],"picked":"Shrug It Off","floor":1.0},{"not_picked":["Sword Boomerang","Infernal Blade"],"picked":"Disarm","floor":2.0},{"not_picked":["Clash","Dual Wield"],"picked":"Clothesline","floor":3.0},{"not_picked":["Dark Embrace","Clothesline"],"picked":"Dropkick","floor":4.0},{"not_picked":["Havoc","Evolve"],"picked":"True Grit","floor":5.0},{"not_picked":["Whirlwind","Flex"],"picked":"Shockwave","floor":8.0}],"player_experience":552685,"relics_obtained":[{"floor":8.0,"key":"Blue Candle"},{"floor":9.0,"key":"PreservedInsect"}],"event_choices":[],"is_beta":false,"boss_relics":[],"items_purged_floors":[7],"is_endless":false,"potions_floor_spawned":[2,3],"killed_by":"3 Sentries","ascension_level":17}}