{"host":"w01zow3jg16g8jdh","time":1612790957,"event":{"mods":["2.2 Compatiblity","AchievementEnabler","BaseMod","DeckTracker","Hermit","Keyboard Shortcuts","Marisa£¨Ùöéë¡¡Øª×âÞÞ£©","Minty Spire (QoL Compilation)","Permanent Neow","StSLib","SuperFastMode"],"gold_per_floor":[115,128,128,141,159,193,203,203,203,217,142,142,153,165,165,268,268,284,302,202,221,234,234,250,285,285,285,295,295,327,346,346,448,448,465,465,192,192,202,230,255,255,255,271,283,283,318,368,368,368],"floor_reached":51,"language":"KOR","playtime":1835,"items_purged":["Strike_MRS","Defend_MRS","Strike_MRS"],"score":833,"play_id":"b2424d4f-b855-44eb-b550-cc5087bb836d","local_time":"20210208222917","is_ascension_mode":false,"campfire_choices":[{"data":"MilkyWay","floor":8,"key":"SMITH"},{"data":"UpSweep","floor":12,"key":"SMITH"},{"data":"EnergyRecoil","floor":15,"key":"SMITH"},{"data":"PowerUp","floor":23,"key":"SMITH"},{"floor":27,"key":"REST"},{"data":"EscapeVelocity","floor":29,"key":"SMITH"},{"data":"PowerUp","floor":32,"key":"SMITH"},{"data":"EarthLightRay","floor":42,"key":"SMITH"},{"data":"SporeBomb","floor":46,"key":"SMITH"},{"floor":49,"key":"REST"}],"circlet_count":0,"master_deck":["Strike_MRS","Strike_MRS","Defend_MRS","Defend_MRS","Defend_MRS","MasterSpark","UpSweep+1","EnergyRecoil+1","MilkyWay+1","SporeBomb+1","GrandCross","EscapeVelocity+1","MagicAbsorber+1","DoubleSpark","PowerUp+1","MysteriousBeam+1","Acceleration+1","MagicChant+1","PowerUp+1","JA+1","ManaConvection+1","JA+1","PowerUp+1","EarthLightRay+1","Regret","PowerUp+1","LuminesStrike+1"],"relics":["MiniHakkero","Torii","Mercury Hourglass","MagicBroom","ExperimentalFamiliar","Molten Egg 2","BreadOfAWashokuLover","WingedGreaves","Cursed Key","Bag of Preparation","Blood Vial","Nunchaku","HandmadeGrimoire","AmplifyWand","SproutingBranch"],"acts_visited":["Exordium","TheCity","TheBeyond"],"potions_floor_usage":[18,18,18,18,21,25,25,33,33,41,45,50,50,50],"damage_taken":[{"damage":1,"enemies":"2 Louse","floor":1,"turns":2},{"damage":1,"enemies":"Cultist","floor":2,"turns":3},{"damage":1,"enemies":"Jaw Worm","floor":4,"turns":3},{"damage":0,"enemies":"Large Slime","floor":5,"turns":4},{"damage":32,"enemies":"Gremlin Nob","floor":6,"turns":4},{"damage":0,"enemies":"Lots of Slimes","floor":7,"turns":2},{"damage":0,"enemies":"2 Fungi Beasts","floor":10,"turns":2},{"damage":0,"enemies":"Large Slime","floor":13,"turns":3},{"damage":1,"enemies":"Looter","floor":14,"turns":2},{"damage":9,"enemies":"Hexaghost","floor":16,"turns":8},{"damage":11,"enemies":"2 Thieves","floor":18,"turns":3},{"damage":1,"enemies":"Chosen","floor":19,"turns":3},{"damage":13,"enemies":"Snake Plant","floor":21,"turns":3},{"damage":25,"enemies":"Snecko","floor":22,"turns":5},{"damage":2,"enemies":"Shelled Parasite and Fungi","floor":24,"turns":3},{"damage":18,"enemies":"Gremlin Leader","floor":25,"turns":4},{"damage":0,"enemies":"Chosen and Byrds","floor":28,"turns":3},{"damage":1,"enemies":"Book of Stabbing","floor":30,"turns":2},{"damage":0,"enemies":"3 Cultists","floor":31,"turns":2},{"damage":14,"enemies":"Champ","floor":33,"turns":5},{"damage":22,"enemies":"3 Shapes","floor":35,"turns":2},{"damage":6,"enemies":"3 Darklings","floor":39,"turns":4},{"damage":1,"enemies":"Giant Head","floor":40,"turns":3},{"damage":2,"enemies":"Reptomancer","floor":41,"turns":2},{"damage":0,"enemies":"Spire Growth","floor":44,"turns":1},{"damage":21,"enemies":"4 Shapes","floor":45,"turns":3},{"damage":10,"enemies":"Giant Head","floor":47,"turns":4},{"damage":4,"enemies":"Mind Bloom Boss Battle","floor":48,"turns":3},{"damage":45,"enemies":"Donu and Deca","floor":50,"turns":5}],"seed_played":"-2139887047642552754","potions_obtained":[{"floor":2,"key":"Fire Potion"},{"floor":5,"key":"Energy Potion"},{"floor":7,"key":"DuplicationPotion"},{"floor":10,"key":"EntropicBrew"},{"floor":21,"key":"Explosive Potion"},{"floor":22,"key":"SteroidPotion"},{"floor":25,"key":"ColorlessPotion"},{"floor":30,"key":"Fire Potion"},{"floor":39,"key":"BottledSpark"},{"floor":40,"key":"DuplicationPotion"},{"floor":47,"key":"EssenceOfSteel"},{"floor":48,"key":"EssenceOfSteel"}],"is_trial":false,"path_per_floor":["M","M","?","M","M","E","M","R","T","M","$","R","M","M","R","B",null,"M","M","$","M","M","R","M","E","T","R","M","R","E","M","R","B",null,"M","?","$","?","M","E","E","R","T","M","M","R","E","?","R","B",null],"character_chosen":"MARISA","items_purchased":["Bag of Preparation"],"campfire_rested":2,"item_purchase_floors":[37],"current_hp_per_floor":[53,52,52,51,51,19,19,19,19,19,19,19,19,18,18,9,75,64,63,63,50,25,25,23,5,5,27,27,27,26,26,26,12,75,53,53,53,53,47,46,46,46,46,54,42,42,41,45,67,45],"gold":368,"neow_bonus":"ONE_RARE_RELIC","is_daily":false,"chose_seed":false,"campfire_upgraded":8,"win_rate":0.0,"timestamp":1612790957,"path_taken":["M","M","?","M","M","E","M","R","T","?","?","R","M","M","R","BOSS","M","M","$","M","M","R","M","E","T","R","M","R","E","M","R","BOSS","M","?","$","?","M","E","E","R","T","M","?","R","E","?","R","BOSS"],"items_purchased_type":["Relic"],"build_version":"2020-12-22","purchased_purges":3,"victory":true,"max_hp_per_floor":[75,75,75,75,75,75,75,75,75,75,75,75,75,75,75,75,75,75,75,75,75,75,75,75,75,75,75,75,75,75,75,75,75,75,75,75,75,75,75,75,75,75,75,75,75,75,75,75,75,75],"card_choices":[{"not_picked":["IllusionStar","ManaConvection"],"picked":"NonDirectionalLaser","floor":1},{"not_picked":["GrandCross","WitchOfGreed"],"picked":"EnergyRecoil","floor":2},{"not_picked":["PowerUp","GravityBeat","DeepEcoloBomb"],"picked":"SKIP","floor":4},{"not_picked":["GravityBeat","ShootTheMoon"],"picked":"MilkyWay","floor":5},{"not_picked":["6A","AsteroidBelt","DoubleSpark"],"picked":"SKIP","floor":6},{"not_picked":["LuminesStrike","MilkyWay","WitchOfGreed"],"picked":"SKIP","floor":7},{"not_picked":["Occultation","ManaConvection","LuminesStrike"],"picked":"SKIP","floor":10},{"not_picked":["AbsoluteMagnitude","MachineGunSpark"],"picked":"SporeBomb","floor":13},{"not_picked":["WitchLeyline","MysteriousBeam"],"picked":"GrandCross","floor":14},{"not_picked":["UltimateShortwave","MaximisePower"],"picked":"EscapeVelocity","floor":16},{"not_picked":["GalacticHalo+1","IllusionStar"],"picked":"MagicAbsorber+1","floor":18},{"not_picked":["DarkMatter","GrandCross"],"picked":"DoubleSpark","floor":19},{"not_picked":["ShootingEcho","OpenUniverse"],"picked":"PowerUp","floor":21},{"not_picked":["StarBarrage","ManaConvection+1"],"picked":"MysteriousBeam+1","floor":22},{"not_picked":["ShootingEcho+1","BlazingStar"],"picked":"Acceleration+1","floor":24},{"not_picked":["OneTimeOff+1","ShootingEcho+1","GravityBeat+1"],"picked":"SKIP","floor":25},{"not_picked":["Orbital","AsteroidBelt+1"],"picked":"MagicChant+1","floor":28},{"not_picked":["OortCloud","PulseMagic"],"picked":"PowerUp","floor":30},{"not_picked":["NonDirectionalLaser+1","MilkyWay","GalacticHalo"],"picked":"SKIP","floor":31},{"not_picked":["UltimateShortwave","TreasureHunter+1"],"picked":"JA+1","floor":33},{"not_picked":["Robbery+1","GravityBeat+1"],"picked":"ManaConvection+1","floor":35},{"not_picked":["ChargingUp","PowerUp","RefractionSpark+1"],"picked":"SKIP","floor":39},{"not_picked":["GravityBeat+1","Occultation+1"],"picked":"PowerUp+1","floor":40},{"not_picked":["NonDirectionalLaser+1","IllusionStar+1"],"picked":"EarthLightRay","floor":41},{"not_picked":["GalacticHalo","AlicesGift+1"],"picked":"PowerUp+1","floor":44},{"not_picked":["PowerUp","DoubleSpark+1","WitchOfGreed+1"],"picked":"SKIP","floor":45},{"not_picked":["OpenUniverse","ChargeUpSpray+1","PowerUp"],"picked":"SKIP","floor":47},{"not_picked":["6A+1","GrandCross+1"],"picked":"LuminesStrike+1","floor":48}],"player_experience":369825,"relics_obtained":[{"floor":6,"key":"Mercury Hourglass"},{"floor":9,"key":"MagicBroom"},{"floor":25,"key":"Molten Egg 2"},{"floor":26,"key":"BreadOfAWashokuLover"},{"floor":30,"key":"WingedGreaves"},{"floor":40,"key":"Blood Vial"},{"floor":41,"key":"Nunchaku"},{"floor":43,"key":"HandmadeGrimoire"},{"floor":47,"key":"AmplifyWand"},{"floor":48,"key":"SproutingBranch"}],"event_choices":[{"damage_healed":0,"gold_gain":0,"player_choice":"Forge","damage_taken":0,"max_hp_gain":0,"max_hp_loss":0,"event_name":"Accursed Blacksmith","floor":3,"gold_loss":0,"cards_upgraded":["NonDirectionalLaser"]},{"cards_removed":["NonDirectionalLaser"],"damage_healed":0,"gold_gain":0,"player_choice":"Removed Attack","damage_taken":0,"max_hp_gain":0,"max_hp_loss":0,"event_name":"Falling","floor":36,"gold_loss":0},{"damage_healed":0,"gold_gain":0,"player_choice":"Copied","damage_taken":0,"max_hp_gain":0,"max_hp_loss":0,"event_name":"Duplicator","floor":38,"gold_loss":0,"cards_obtained":["JA"]},{"damage_healed":0,"gold_gain":0,"player_choice":"Fight","damage_taken":0,"max_hp_gain":0,"max_hp_loss":0,"event_name":"MindBloom","floor":48,"gold_loss":0}],"is_beta":false,"boss_relics":[{"not_picked":["Runic Pyramid","Philosopher\u0027s Stone"],"picked":"ExperimentalFamiliar"},{"not_picked":["RampagingMagicTools","Velvet Choker"],"picked":"Cursed Key"}],"items_purged_floors":[11,20,37],"is_endless":false,"potions_floor_spawned":[2,5,7,10,13,21,22,25,30,39,40,47,48],"ascension_level":0}}