{"host":"ej105hmlhg4ikw5v","time":1612766695,"event":{"mods":["AchievementEnabler","BaseMod","Better Sensory Stone","Better Skull","Better Vampires","Block Reminder","CapriCore","Colored Map","Colored Powertips","DeckTracker","Dio Mod","GifTheSpireLib","Highlight Path","Lobotomy","LobotomyExtend","Marisa????????","Minty Spire (QoL Compilation)","Permanent Neow","Prisma Mod","Quick Restart","Relic Stats","Remilia??????","Replay The Spire","Shop Mod","Spicy Shops","StSLib","The Immortal","The Senshi","The Wild Card","Waifu the Spire"],"gold_per_floor":[113,113,130,12,12,12,38,38,38,38,38,38,38,50,50,50,50],"floor_reached":16,"language":"SPA","playtime":784,"items_purged":[],"score":106,"play_id":"0494ed89-6a63-4492-8474-b0189c777393","local_time":"20210208034455","is_ascension_mode":true,"campfire_choices":[{"data":"theWildCard:SacrificialStroke","floor":6,"key":"SMITH"},{"data":"theWildCard:Abstinence","floor":8,"key":"SMITH"},{"data":"theWildCard:IdentityTheft","floor":12,"key":"SMITH"},{"data":"theWildCard:FinalHour","floor":15,"key":"SMITH"}],"circlet_count":0,"master_deck":["theWildCard:BasicStrike","theWildCard:BasicStrike","theWildCard:BasicStrike","theWildCard:BasicStrike","theWildCard:BasicDefend","theWildCard:BasicDefend","theWildCard:BasicDefend","theWildCard:BasicDefend","theWildCard:CallToAdventure","theWildCard:Arsene","theWildCard:Deicide","Wellcheers","theWildCard:SacrificialStroke+1","theWildCard:MaskChange+1","theWildCard:IdentityTheft+1","theWildCard:Abstinence+1","theWildCard:FinalHour+1"],"relics":["theWildCard:VelvetContract","CogitoBucket","LetterFromLob","Replay:Bottled Steam","Vajra","Bottled Flame"],"acts_visited":["Exordium"],"potions_floor_usage":[7,16],"damage_taken":[{"damage":0,"enemies":"Small Slimes","floor":1,"turns":3},{"damage":0,"enemies":"2 Louse","floor":3,"turns":2},{"damage":20,"enemies":"Lagavulin","floor":7,"turns":8},{"damage":0,"enemies":"Jaw Worm","floor":14,"turns":1},{"damage":54,"enemies":"The Guardian","floor":16,"turns":15}],"seed_played":"1498821117504991642","potions_obtained":[{"floor":7,"key":"Fruit Juice"},{"floor":14,"key":"SpeedPotion"}],"is_trial":false,"path_per_floor":["M","?","M","$","?","R","E","R","T","?","$","R","?","M","R","B"],"character_chosen":"THE_WILD_CARD","items_purchased":["theWildCard:MaskChange+1","theWildCard:IdentityTheft"],"campfire_rested":0,"item_purchase_floors":[4,4],"current_hp_per_floor":[60,60,60,60,53,53,49,49,49,49,49,49,49,49,49,10,10],"gold":50,"neow_bonus":"","is_daily":false,"chose_seed":false,"campfire_upgraded":4,"win_rate":0.0,"timestamp":1612766695,"path_taken":["M","?","M","$","?","R","E","R","T","?","$","R","?","M","R","BOSS"],"items_purchased_type":["Card","Card"],"build_version":"2020-12-22","purchased_purges":0,"victory":false,"max_hp_per_floor":[60,60,60,60,60,60,65,65,65,65,65,65,65,65,65,65,65],"relic_stats":{"counters":[5,29],"obtain_stats":[{"theWildCard:VelvetContract":0,"CogitoBucket":0,"Bottled Flame":9,"Vajra":7,"LetterFromLob":1,"Replay:Bottled Steam":5},{"theWildCard:VelvetContract":0,"CogitoBucket":0,"Bottled Flame":3,"Vajra":3,"LetterFromLob":1,"Replay:Bottled Steam":2},{"theWildCard:VelvetContract":0,"CogitoBucket":0,"Bottled Flame":13,"Vajra":13,"LetterFromLob":3,"Replay:Bottled Steam":5}]},"card_choices":[{"not_picked":["theWildCard:UnderLockAndKey","theWildCard:StalwartBlade"],"picked":"theWildCard:Deicide","floor":1},{"not_picked":["CherryBlossoms","FairyFestival"],"picked":"Wellcheers","floor":3},{"not_picked":["theWildCard:StingingStrike","theWildCard:Michael"],"picked":"theWildCard:SacrificialStroke","floor":3},{"not_picked":["theWildCard:BladeOfGenerations","theWildCard:Sakuya"],"picked":"theWildCard:Abstinence","floor":7},{"not_picked":["theWildCard:ArcanaArtistry","theWildCard:MaskChange"],"picked":"theWildCard:FinalHour","floor":14}],"player_experience":339159,"relics_obtained":[{"floor":1,"key":"LetterFromLob"},{"floor":7,"key":"Vajra"},{"floor":9,"key":"Bottled Flame"}],"event_choices":[{"damage_healed":0,"gold_gain":0,"player_choice":"Success","damage_taken":7,"relics_obtained":["Replay:Bottled Steam"],"max_hp_gain":0,"max_hp_loss":0,"event_name":"Scrap Ooze","floor":5,"gold_loss":0},{"cards_removed":["Amnesia"],"damage_healed":0,"gold_gain":0,"player_choice":"Forget","damage_taken":0,"max_hp_gain":0,"max_hp_loss":0,"event_name":"Living Wall","floor":13,"gold_loss":0}],"is_beta":false,"boss_relics":[],"items_purged_floors":[],"is_endless":false,"potions_floor_spawned":[7,14],"killed_by":"The Guardian","ascension_level":2}}