{"host":"whyfdmrq1ty0e9zp","time":1612810706,"event":{"mods":["Act Like it!","BaseMod","Colored Map","Colored Powertips","Conspire","Energized Spire","Gensokyo","Marisa£®ÏF”Í°°ƒß¿Ì…≥£©","Minty Spire (QoL Compilation)","MostiFishMod","Prisma Mod","Quick Restart","Relic Stats","Remilia£®¿Ÿ√◊¿Ú—«£©","Replay The Spire","StSLib","TestMod","The Servant 0.9.4","°æ“≈ŒÔø®≈∆°øREMEMod"],"gold_per_floor":[15,15,15,15,31,93,111,129,129,157,174,174,174,204,204,282,282,296,211,237,237,260,260,277,277,302,302,302,320,320,114,114,193,193,211,161,175,189,238,270,270,282,282,307,354,365,146,158,158,158,158],"floor_reached":52,"language":"ZHS","playtime":2117,"items_purged":["Strike_R","Strike_R","Strike_R"],"score":1696,"play_id":"2ff4b4a5-0388-4970-910e-86a20163fecd","local_time":"20210209025826","is_ascension_mode":true,"campfire_choices":[{"data":"Armaments","floor":15.0,"key":"SMITH"},{"data":"Sever Soul","floor":23.0,"key":"SMITH"},{"data":"Ghostly Armor","floor":25.0,"key":"SMITH"},{"data":"ReplayTheSpireMod:Strike From Hell","floor":27.0,"key":"SMITH"},{"data":"Infernal Blade","floor":30.0,"key":"SMITH"},{"data":"MostiFishMod:RacingGame","floor":32.0,"key":"SMITH"},{"data":"Madness","floor":41.0,"key":"SMITH"},{"data":"MostiFishMod:OrdinaryWorld","floor":49.0,"key":"SMITH"}],"circlet_count":0,"master_deck":["AscendersBane","Defend_R","Defend_R","Defend_R","Defend_R","Bash","Expertise","Infernal Blade+1","Armaments+1","Sever Soul+1","True Grit+1","Sword Boomerang","ReplayTheSpireMod:Strike From Hell+1","Shrug It Off","Ghostly Armor+1","MostiFishMod:HellRitual+1","Heavy Blade","Wild Strike","Lust_TH","Madness+1","REME_SingleHolding+1","MostiFishMod:RacingGame+1","MostiFishMod:OrdinaryWorld+1","Dark Embrace+1","Blood for Blood+1","Immolate+1","REME_FearOfPain","Thunderclap"],"relics":["Burning Blood","testmod-TestBox","DaveBox","REME_ComplimentaryCards","GreenFoldingFan","testmod-RainbowHikingShoes","Bird Faced Urn","SynthV:TestCard","Smiling Mask","Meat on the Bone","testmod-FatalChain","Tiny Chest","Sozu","Red Skull","Red Mask","SynthV:C4","Akabeko","Ring of Searing","Ring of Fury","energizedSpire:TabascoSauce","testmod-CasingShield","Replay:WaspNest","Bottled Lightning","Charon\u0027s Ashes","ReplayFunnel","Whetstone"],"acts_visited":["Exordium","TheCity","TheBeyond"],"potions_floor_usage":[51],"damage_taken":[{"damage":8.0,"enemies":"2 Louse","floor":1.0,"turns":3.0},{"damage":16.0,"enemies":"conspire:RoseBush","floor":5.0,"turns":5.0},{"damage":34.0,"enemies":"Gremlin Nob","floor":6.0,"turns":4.0},{"damage":15.0,"enemies":"Jaw Worm","floor":7.0,"turns":3.0},{"damage":20.0,"enemies":"3 Louse","floor":8.0,"turns":4.0},{"damage":37.0,"enemies":"3 Sentries","floor":10.0,"turns":7.0},{"damage":7.0,"enemies":"2 Fungi Beasts","floor":11.0,"turns":3.0},{"damage":14.0,"enemies":"Replay:BlueRogue","floor":14.0,"turns":4.0},{"damage":55.0,"enemies":"Fading Forest","floor":16.0,"turns":13.0},{"damage":44.0,"enemies":"2 Thieves","floor":18.0,"turns":4.0},{"damage":9.0,"enemies":"Masked Bandits","floor":20.0,"turns":2.0},{"damage":6.0,"enemies":"Spheric Guardian","floor":24.0,"turns":3.0},{"damage":48.0,"enemies":"Shelled Parasite and Fungi","floor":29.0,"turns":4.0},{"damage":24.0,"enemies":"conspire:MysteriousRune","floor":33.0,"turns":4.0},{"damage":9.0,"enemies":"Orb Walker","floor":35.0,"turns":2.0},{"damage":9.0,"enemies":"3 Darklings","floor":37.0,"turns":2.0},{"damage":18.0,"enemies":"Maw","floor":38.0,"turns":4.0},{"damage":16.0,"enemies":"2 Orb Walkers","floor":39.0,"turns":2.0},{"damage":4.0,"enemies":"R_Hoarder","floor":40.0,"turns":2.0},{"damage":10.0,"enemies":"Transient","floor":42.0,"turns":5.0},{"damage":8.0,"enemies":"Mind Bloom Boss Battle","floor":44.0,"turns":4.0},{"damage":16.0,"enemies":"4 Shapes","floor":46.0,"turns":1.0},{"damage":2.0,"enemies":"Jaw Worm Horde","floor":48.0,"turns":1.0},{"damage":14,"enemies":"Replay:Hell Engine","floor":50,"turns":3},{"damage":6,"enemies":"Time Eater","floor":51,"turns":3}],"seed_played":"-1916507882806524006","potions_obtained":[{"floor":1.0,"key":"ColorlessPotion"},{"floor":5.0,"key":"REME_GoldPotion"},{"floor":8.0,"key":"DistilledChaos"},{"floor":16.0,"key":"Weak Potion"}],"is_trial":false,"path_per_floor":["M","?","?","$","M","E","M","M","T","E","M","?","?","E","R","B",null,"M","?","?","?","T","R","M","R","T","R","?","M","R","$","R","B",null,"M","$","M","M","?","E","R","M","T","?","T","M","$","M","R","B","B",null],"character_chosen":"IRONCLAD","items_purchased":["MostiFishMod:RacingGame","Whetstone"],"campfire_rested":0,"item_purchase_floors":[31,47],"current_hp_per_floor":[75,71,64,64,64,46,47,43,43,34,55,55,55,57,57,40,66,50,50,57,57,57,57,67,67,67,67,67,47,47,47,47,51,69,68,68,67,58,51,56,56,55,55,56,56,48,48,54,54,49,53],"gold":158,"neow_bonus":"ONE_RARE_RELIC","is_daily":false,"chose_seed":false,"campfire_upgraded":8,"win_rate":0.0,"timestamp":1612810706,"path_taken":["M","?","?","?","M","E","M","M","T","E","M","?","?","E","R","BOSS","M","?","?","?","?","R","M","R","T","R","?","M","R","$","R","BOSS","M","$","M","M","?","E","R","M","T","?","?","?","$","M","R","BOSS","BOSS"],"items_purchased_type":["Card","Relic"],"build_version":"2020-12-22","purchased_purges":3,"victory":true,"max_hp_per_floor":[75,75,75,75,75,75,75,75,75,75,75,75,75,75,75,75,75,75,75,75,75,75,75,75,75,75,75,75,75,75,75,75,75,75,75,75,75,75,75,75,75,75,75,75,75,75,75,75,75,75,75],"relic_stats":{"Sozu":5,"counters":[25,92],"Bird Faced Urn":[10],"Tiny Chest":2,"Charon\u0027s Ashes":[29],"Whetstone":["Blood for Blood","Immolate"],"Smiling Mask":150,"obtain_stats":[{"ReplayFunnel":45,"DaveBox":0,"Whetstone":47,"testmod-RainbowHikingShoes":0,"Smiling Mask":6,"Burning Blood":0,"SynthV:C4":22,"testmod-CasingShield":39,"Ring of Searing":28,"Sozu":17,"GreenFoldingFan":0,"energizedSpire:TabascoSauce":34,"Tiny Chest":14,"Red Mask":20,"Red Skull":19,"testmod-TestBox":0,"testmod-FatalChain":10,"Replay:WaspNest":40,"Charon\u0027s Ashes":44,"Akabeko":26,"SynthV:TestCard":1,"Bird Faced Urn":0,"Ring of Fury":28,"Bottled Lightning":43,"REME_ComplimentaryCards":0,"Meat on the Bone":9},{"ReplayFunnel":21,"DaveBox":0,"Whetstone":22,"testmod-RainbowHikingShoes":0,"Smiling Mask":3,"Burning Blood":0,"SynthV:C4":11,"testmod-CasingShield":18,"Ring of Searing":12,"Sozu":9,"GreenFoldingFan":0,"energizedSpire:TabascoSauce":14,"Tiny Chest":8,"Red Mask":11,"Red Skull":10,"testmod-TestBox":0,"testmod-FatalChain":6,"Replay:WaspNest":19,"Charon\u0027s Ashes":21,"Akabeko":12,"SynthV:TestCard":1,"Bird Faced Urn":0,"Ring of Fury":12,"Bottled Lightning":20,"REME_ComplimentaryCards":0,"Meat on the Bone":5},{"ReplayFunnel":84,"DaveBox":0,"Whetstone":85,"testmod-RainbowHikingShoes":0,"Smiling Mask":12,"Burning Blood":0,"SynthV:C4":52,"testmod-CasingShield":73,"Ring of Searing":55,"Sozu":46,"GreenFoldingFan":0,"energizedSpire:TabascoSauce":63,"Tiny Chest":33,"Red Mask":52,"Red Skull":50,"testmod-TestBox":0,"testmod-FatalChain":26,"Replay:WaspNest":75,"Charon\u0027s Ashes":84,"Akabeko":55,"SynthV:TestCard":3,"Bird Faced Urn":0,"Ring of Fury":55,"Bottled Lightning":80,"REME_ComplimentaryCards":0,"Meat on the Bone":19}],"Burning Blood":117,"Meat on the Bone":72},"card_choices":[{"not_picked":["Perfected Strike","Anger"],"picked":"Infernal Blade","floor":1.0},{"not_picked":["Warcry","Flex","Anger","Iron Wave"],"picked":"Armaments","floor":5.0},{"not_picked":["REME_FearOfPain","MostiFishMod:#F4004","Perfected Strike","Whirlwind"],"picked":"Sever Soul","floor":6.0},{"not_picked":["Warcry","Seeing Red","Shrug It Off","Cleave"],"picked":"True Grit","floor":7.0},{"not_picked":["Warcry","conspire:ExplosiveBarrier","True Grit","Havoc"],"picked":"Sword Boomerang","floor":8.0},{"not_picked":["REME_Cut","Headbutt","Run Through","Replay:Undeath\u0027s Touch"],"picked":"ReplayTheSpireMod:Strike From Hell","floor":10.0},{"not_picked":["Hemogenesis","Sword Boomerang","ReplayTheSpireMod:Strike From Hell","Clothesline"],"picked":"Shrug It Off","floor":11.0},{"not_picked":["Shrug It Off","REME_SingleHolding","Seeing Red","Havoc"],"picked":"Ghostly Armor","floor":14.0},{"not_picked":["REME_TheLastStrike","MostiFishMod:CullingBlade","Bludgeon","Replay:Many Hands"],"picked":"MostiFishMod:HellRitual","floor":16.0},{"not_picked":["Disarm","Flex","Sentinel","Shrug It Off"],"picked":"Heavy Blade","floor":18.0},{"not_picked":["Heavy Blade","Clash","Replay:Undeath\u0027s Touch","REME_ACTH"],"picked":"Wild Strike","floor":20.0},{"not_picked":["Rampage","Wild Strike","Armaments","ReplayTheSpireMod:Limb From Limb","Intimidate"],"picked":"SKIP","floor":24.0},{"not_picked":["Iron Wave+1","Spot Weakness","Armaments","Havoc"],"picked":"REME_SingleHolding+1","floor":29.0},{"not_picked":["MostiFishMod:ChineseTea","MostiFishMod:PerfectStrikeMKII","MostiFishMod:Mania","MostiFishMod:NewArrival"],"picked":"MostiFishMod:OrdinaryWorld","floor":33.0},{"not_picked":["Iron Wave","Heavy Blade+1","Clash","Perfected Strike","True Grit"],"picked":"SKIP","floor":35.0},{"not_picked":["Pummel","Ghostly Armor","conspire:ExplosiveBarrier+1","Anger"],"picked":"Dark Embrace+1","floor":37.0},{"not_picked":["Heavy Blade+1","Shrug It Off","Havoc","Clothesline"],"picked":"Blood for Blood","floor":38.0},{"not_picked":["Warcry","Seeing Red","Flame Barrier","Flex+1"],"picked":"Immolate","floor":40.0},{"not_picked":["Iron Wave","Cleave+1","Body Slam","ReplayTheSpireMod:Strike From Hell","Entrench"],"picked":"SKIP","floor":42.0},{"not_picked":["Rupture","Headbutt","REME_SingleHolding","Sentinel"],"picked":"REME_FearOfPain","floor":44.0},{"not_picked":["Replay:Undeath\u0027s Touch","True Grit","Sentinel","ReplayTheSpireMod:Muscle Training","Heavy Blade"],"picked":"SKIP","floor":46.0},{"not_picked":["True Grit","Spot Weakness","ReplayTheSpireMod:Stacked","Carnage+1"],"picked":"Thunderclap","floor":48.0}],"player_experience":495863,"relics_obtained":[{"floor":1.0,"key":"SynthV:TestCard"},{"floor":6.0,"key":"Smiling Mask"},{"floor":9.0,"key":"Meat on the Bone"},{"floor":10.0,"key":"testmod-FatalChain"},{"floor":14.0,"key":"Tiny Chest"},{"floor":20.0,"key":"Red Mask"},{"floor":22.0,"key":"SynthV:C4"},{"floor":26.0,"key":"Akabeko"},{"floor":28.0,"key":"Ring of Searing"},{"floor":28.0,"key":"Ring of Fury"},{"floor":39.0,"key":"testmod-CasingShield"},{"floor":40.0,"key":"Replay:WaspNest"},{"floor":43.0,"key":"Bottled Lightning"},{"floor":44.0,"key":"Charon\u0027s Ashes"},{"floor":45.0,"key":"ReplayFunnel"}],"event_choices":[{"damage_healed":0.0,"max_hp_gain":0.0,"max_hp_loss":0.0,"gold_gain":0.0,"event_name":"conspire:Investor","player_choice":"Leave","floor":2.0,"gold_loss":0.0,"damage_taken":0.0},{"cards_removed":["Strike_R"],"damage_healed":0.0,"max_hp_gain":0.0,"max_hp_loss":0.0,"gold_gain":0.0,"event_name":"Golden Wing","player_choice":"Card Removal","floor":3.0,"gold_loss":0.0,"damage_taken":7.0},{"cards_removed":["Strike_R"],"damage_healed":0.0,"max_hp_gain":0.0,"max_hp_loss":0.0,"gold_gain":0.0,"event_name":"Bonfire Elementals","player_choice":"Offered Basic","floor":13.0,"gold_loss":0.0,"damage_taken":0.0},{"damage_healed":0.0,"max_hp_gain":0.0,"max_hp_loss":0.0,"gold_gain":0.0,"event_name":"Addict","player_choice":"Obtained Relic","floor":19.0,"gold_loss":85.0,"damage_taken":0.0,"relics_obtained":["Red Skull"]},{"damage_healed":0.0,"max_hp_gain":0.0,"max_hp_loss":0.0,"gold_gain":0.0,"event_name":"Masked Bandits","player_choice":"Fought Bandits","floor":20.0,"gold_loss":0.0,"damage_taken":0.0},{"damage_healed":0.0,"max_hp_gain":0.0,"max_hp_loss":0.0,"gold_gain":0.0,"event_name":"Mysterious Sphere","player_choice":"Fight","floor":39.0,"gold_loss":0.0,"damage_taken":0.0},{"damage_healed":0.0,"max_hp_gain":0.0,"max_hp_loss":0.0,"gold_gain":0.0,"event_name":"MindBloom","player_choice":"Fight","floor":44.0,"gold_loss":0.0,"damage_taken":0.0}],"is_beta":false,"boss_relics":[{"not_picked":["EE1DDrone","ExusiaiGun"],"picked":"Sozu"},{"not_picked":["energizedSpire:StickyHand","Black Blood"],"picked":"energizedSpire:TabascoSauce"}],"items_purged_floors":[31,36,47],"is_endless":false,"potions_floor_spawned":[1,5,8,16,20,29,35,37,48],"ascension_level":20}}