{"host":"zsnmfqgcm92hlreo","time":1612756427,"event":{"mods":["AchievementEnabler","BaseMod","Bestiary","Block Reminder","Colored Map","Colored Powertips","Minty Spire (QoL Compilation)","Permanent Neow","Quick Restart","Relic Stats","StSLib","Weighted Paths"],"gold_per_floor":[116,133,208,221,221,254,254,264,311,336,336,352,387,400,400,479,479,499,499,529,310,310,323,353,365,365,365,365],"floor_reached":27,"language":"ENG","playtime":886,"items_purged":["Strike_R+1"],"score":506,"play_id":"f02aefeb-3cb1-415e-8bd3-ae82b537ca02","local_time":"20210207215347","is_ascension_mode":true,"campfire_choices":[{"floor":7.0,"key":"REST"},{"floor":11.0,"key":"REST"},{"data":"Whirlwind","floor":15.0,"key":"SMITH"}],"circlet_count":0,"master_deck":["AscendersBane","Strike_R+1","Strike_R+1","Strike_R+1","Strike_R+1","Defend_R+1","Defend_R+1","Defend_R+1","Defend_R+1","Bash","Immolate","Armaments","Whirlwind+1","Inflame","Shrug It Off","Shockwave","Rampage","Demon Form","Impervious","Battle Trance"],"relics":["Burning Blood","Sundial","Happy Flower","PreservedInsect","Art of War","Black Star","Red Mask","Tiny Chest","Bottled Tornado","Mercury Hourglass"],"acts_visited":["Exordium","TheCity"],"potions_floor_usage":[20,20,24,24],"damage_taken":[{"damage":4.0,"enemies":"Jaw Worm","floor":1.0,"turns":4.0},{"damage":5.0,"enemies":"2 Louse","floor":2.0,"turns":2.0},{"damage":0.0,"enemies":"Small Slimes","floor":4.0,"turns":2.0},{"damage":45.0,"enemies":"Lagavulin","floor":6.0,"turns":8.0},{"damage":24.0,"enemies":"Exordium Thugs","floor":8.0,"turns":4.0},{"damage":32.0,"enemies":"Gremlin Nob","floor":10.0,"turns":4.0},{"damage":0.0,"enemies":"2 Fungi Beasts","floor":12.0,"turns":2.0},{"damage":10.0,"enemies":"3 Sentries","floor":13.0,"turns":3.0},{"damage":6.0,"enemies":"Looter","floor":14.0,"turns":4.0},{"damage":34.0,"enemies":"Hexaghost","floor":16.0,"turns":8.0},{"damage":14.0,"enemies":"3 Byrds","floor":18.0,"turns":4.0},{"damage":3,"enemies":"Masked Bandits","floor":20,"turns":2},{"damage":3,"enemies":"Chosen","floor":23,"turns":5},{"damage":31,"enemies":"Book of Stabbing","floor":24,"turns":4},{"damage":13,"enemies":"Snecko","floor":25,"turns":5},{"damage":25,"enemies":"Centurion and Healer","floor":27,"turns":3}],"seed_played":"-7448749317381246481","potions_obtained":[{"floor":4.0,"key":"GamblersBrew"},{"floor":8.0,"key":"BloodPotion"},{"floor":12.0,"key":"Block Potion"},{"floor":14.0,"key":"Block Potion"},{"floor":16.0,"key":"Fire Potion"},{"floor":18.0,"key":"SneckoOil"},{"floor":20,"key":"Fruit Juice"}],"is_trial":false,"path_per_floor":["M","M","?","M","?","E","R","M","T","E","R","M","E","M","R","B",null,"M","?","?","$","?","M","E","M","T","M"],"character_chosen":"IRONCLAD","items_purchased":["DistilledChaos","Energy Potion"],"campfire_rested":2,"item_purchase_floors":[21,21],"current_hp_per_floor":[68,68,57,63,63,24,44,26,26,13,33,39,35,35,35,7,53,45,45,53,53,53,56,31,24,24,0,0],"gold":365,"neow_bonus":"THREE_RARE_CARDS","is_daily":false,"chose_seed":false,"campfire_upgraded":1,"win_rate":0.0,"timestamp":1612756427,"path_taken":["M","M","?","M","?","E","R","M","T","E","R","M","E","M","R","BOSS","M","?","?","$","?","?","E","M","T","M"],"items_purchased_type":["Potion","Potion"],"build_version":"2020-12-22","purchased_purges":1,"victory":false,"max_hp_per_floor":[68,68,68,68,68,68,68,68,68,68,68,68,68,68,68,68,68,68,68,73,73,73,73,73,73,73,73,73],"relic_stats":{"Happy Flower":[14],"counters":[16,64],"Sundial":[6],"Tiny Chest":0,"PreservedInsect":75,"Art of War":[6],"Black Star":1,"obtain_stats":[{"Happy Flower":9,"Sundial":6,"Tiny Chest":24,"PreservedInsect":10,"Art of War":13,"Black Star":17,"Red Mask":20,"Bottled Tornado":24,"Burning Blood":0,"Mercury Hourglass":26},{"Happy Flower":5,"Sundial":4,"Tiny Chest":14,"PreservedInsect":6,"Art of War":8,"Black Star":10,"Red Mask":12,"Bottled Tornado":14,"Burning Blood":0,"Mercury Hourglass":15},{"Happy Flower":20,"Sundial":16,"Tiny Chest":56,"PreservedInsect":24,"Art of War":29,"Black Star":41,"Red Mask":47,"Bottled Tornado":56,"Burning Blood":0,"Mercury Hourglass":61}],"Burning Blood":87,"Mercury Hourglass":[15]},"card_choices":[{"not_picked":["Offering","Feed"],"picked":"Immolate","floor":0.0},{"not_picked":["Ghostly Armor","Cleave"],"picked":"Armaments","floor":1.0},{"not_picked":["Wild Strike","Reckless Charge"],"picked":"Whirlwind","floor":2.0},{"not_picked":["Rage","True Grit"],"picked":"Inflame","floor":4.0},{"not_picked":["Clash","Anger"],"picked":"Shrug It Off","floor":6.0},{"not_picked":["Perfected Strike","Berserk","Flex"],"picked":"SKIP","floor":8.0},{"not_picked":["Heavy Blade","Clash"],"picked":"Shockwave","floor":10.0},{"not_picked":["Perfected Strike","Intimidate"],"picked":"Rampage","floor":12.0},{"not_picked":["Dark Embrace","Pummel"],"picked":"Demon Form","floor":13.0},{"not_picked":["Thunderclap","Havoc","Body Slam"],"picked":"SKIP","floor":14.0},{"not_picked":["Double Tap","Brutality"],"picked":"Impervious","floor":16.0},{"not_picked":["Headbutt","Havoc","Burning Pact"],"picked":"SKIP","floor":18.0},{"not_picked":["Perfected Strike","Evolve","Headbutt+1"],"picked":"SKIP","floor":23},{"not_picked":["Twin Strike","Havoc","Inflame"],"picked":"SKIP","floor":24},{"not_picked":["Dual Wield","Havoc"],"picked":"Battle Trance","floor":25}],"player_experience":1043346,"relics_obtained":[{"floor":6.0,"key":"Sundial"},{"floor":9.0,"key":"Happy Flower"},{"floor":10.0,"key":"PreservedInsect"},{"floor":13.0,"key":"Art of War"},{"floor":20,"key":"Red Mask"},{"floor":24,"key":"Tiny Chest"},{"floor":24,"key":"Bottled Tornado"},{"floor":26,"key":"Mercury Hourglass"}],"event_choices":[{"damage_healed":0.0,"max_hp_gain":0.0,"max_hp_loss":0.0,"gold_gain":75.0,"event_name":"World of Goop","player_choice":"Gather Gold","floor":3.0,"gold_loss":0.0,"damage_taken":11.0},{"damage_healed":0.0,"max_hp_gain":0.0,"max_hp_loss":0.0,"gold_gain":0.0,"event_name":"The Cleric","player_choice":"Leave","floor":5.0,"gold_loss":0.0,"damage_taken":0.0},{"damage_healed":0.0,"max_hp_gain":0.0,"max_hp_loss":0.0,"gold_gain":0.0,"event_name":"Back to Basics","player_choice":"Simplicity","floor":19.0,"gold_loss":0.0,"damage_taken":0.0,"cards_upgraded":["Strike_R","Strike_R","Strike_R","Strike_R","Strike_R","Defend_R","Defend_R","Defend_R","Defend_R"]},{"damage_healed":0,"gold_gain":0,"player_choice":"Fought Bandits","damage_taken":0,"max_hp_gain":0,"max_hp_loss":0,"event_name":"Masked Bandits","floor":20,"gold_loss":0},{"damage_healed":0,"gold_gain":0,"player_choice":"Got Potions","damage_taken":0,"max_hp_gain":0,"max_hp_loss":0,"event_name":"Lab","floor":22,"gold_loss":0}],"is_beta":false,"boss_relics":[{"not_picked":["Calling Bell","SlaversCollar"],"picked":"Black Star"}],"items_purged_floors":[21],"is_endless":false,"potions_floor_spawned":[4,8,12,14,16,18,20],"killed_by":"Centurion and Healer","ascension_level":20}}