{"host":"DrTrollPool","time":1612790858,"event":{"mods":["2.2 Compatiblity","BaseMod","BetterRewards","Colored Map","DeckTracker","Downfall","Googly Eyes","Hermit","HexUI Lib","Highlight Path","Hubris","Infinite Spire","Minty Spire (QoL Compilation)","Potionbrewer","Replay The Spire","StSLib","SuperFastMode","The Construct","The Cursed","The Disciple","The Hierophant","The Jungle","The Necromancer","The Runesmith","The Servant 0.9.4"],"gold_per_floor":[112,129,61,61,71,99,114,114,114,114,114,131,131,144,144,144,144],"floor_reached":16,"language":"ENG","playtime":492,"items_purged":[],"score":102,"play_id":"d038bcfa-f808-4777-951e-a7468ef02cd3","local_time":"20210208142738","is_ascension_mode":false,"campfire_choices":[{"data":"hermit:Determination","floor":10,"key":"SMITH"},{"data":"hermit:Determination","floor":10,"key":"SMITH"},{"floor":15,"key":"REST"}],"circlet_count":0,"master_deck":["hermit:Strike_Hermit","hermit:Strike_Hermit","hermit:Strike_Hermit","hermit:Strike_Hermit","hermit:Defend_Hermit","hermit:Defend_Hermit","hermit:Defend_Hermit","hermit:Defend_Hermit","hermit:Snapshot","hermit:Covet","hermit:Quickdraw","hermit:Combo","hermit:Determination+1","hermit:BigShot","hermit:Vantage","hermit:Determination+1","hermit:Vantage"],"relics":["hermit:Momento","NeowsBlessing","MealTicket","DollysMirror","Replay:Arrowhead","Darkstone Periapt"],"acts_visited":["Exordium"],"potions_floor_usage":[6,6,6,14,16],"damage_taken":[{"damage":0,"enemies":"2 Louse","floor":1,"turns":1},{"damage":0,"enemies":"infinitespire:Voidling","floor":2,"turns":1},{"damage":0,"enemies":"Cultist","floor":5,"turns":1},{"damage":22,"enemies":"3 Sentries","floor":6,"turns":11},{"damage":21,"enemies":"Gremlin Gang","floor":7,"turns":7},{"damage":21,"enemies":"2 Fungi Beasts","floor":12,"turns":5},{"damage":0,"enemies":"Blue Slaver","floor":14,"turns":5},{"damage":40,"enemies":"Fading Forest","floor":16,"turns":5}],"seed_played":"2320185156026942871","potions_obtained":[{"floor":1,"key":"Strength Potion"},{"floor":4,"key":"Strength Potion"},{"floor":4,"key":"potionbrewer:QuicksilverPotion"},{"floor":7,"key":"Elixir"},{"floor":12,"key":"FearPotion"}],"is_trial":false,"path_per_floor":["M","M","$","?","M","E","M","$","T","R","?","M","T","M","R","B"],"character_chosen":"HERMIT","items_purchased":["hermit:Determination","DollysMirror"],"campfire_rested":1,"item_purchase_floors":[3,8],"current_hp_per_floor":[75,75,75,75,75,53,32,22,22,22,22,1,1,1,23,0,0],"gold":144,"neow_bonus":"THREE_ENEMY_KILL","is_daily":false,"chose_seed":false,"campfire_upgraded":2,"win_rate":0.0,"timestamp":1612790858,"path_taken":["M","M","$","?","?","E","M","?","T","R","?","M","?","M","R","BOSS"],"items_purchased_type":["Card","Relic"],"build_version":"2020-12-18","purchased_purges":0,"victory":false,"max_hp_per_floor":[75,75,75,75,75,75,75,75,75,75,75,75,75,75,75,75,75],"card_choices":[{"not_picked":["hermit:Ricochet","hermit:WideOpen"],"picked":"hermit:Quickdraw","floor":1},{"not_picked":["hermit:HoleUp","hermit:GhostlyPresence"],"picked":"hermit:Combo","floor":2},{"not_picked":["hermit:HighCaliber","hermit:FlashPowder","hermit:LoneWolf"],"picked":"SKIP","floor":5},{"not_picked":["hermit:LuckOfTheDraw","hermit:GhostlyPresence"],"picked":"hermit:BigShot","floor":6},{"not_picked":["hermit:GhostlyPresence","hermit:DeadMansHand"],"picked":"hermit:Vantage","floor":7},{"not_picked":["hermit:Misfire","hermit:HighCaliber"],"picked":"hermit:Vantage","floor":12},{"not_picked":["hermit:WideOpen","hermit:BodyArmor","hermit:Desperado"],"picked":"SKIP","floor":14}],"player_experience":142349,"relics_obtained":[{"floor":6,"key":"MealTicket"},{"floor":9,"key":"Replay:Arrowhead"},{"floor":13,"key":"Darkstone Periapt"}],"event_choices":[{"damage_healed":0,"gold_gain":0,"player_choice":"Got Potions","damage_taken":0,"max_hp_gain":0,"max_hp_loss":0,"event_name":"Lab","floor":4,"gold_loss":0}],"is_beta":true,"boss_relics":[],"items_purged_floors":[],"is_endless":false,"potions_floor_spawned":[1,5,7,12],"killed_by":"Fading Forest","ascension_level":0}}