{"host":"67b023zx83deun0a","time":1612825569,"event":{"mods":["BaseMod","Block Reminder","Minty Spire (QoL Compilation)","Relic Stats","StSLib"],"gold_per_floor":[119,13,23,23,23,55,71,102,102,120,120,134,134,154,154,227,227,239,45,63,77,91,125,125,154,203,222,222,137,147,159,159,230,230,241,256,1255,443,459,492,51,84,84,112,122,46,46,46,46,46,46],"floor_reached":50,"language":"ENG","playtime":3354,"items_purged":["Strike_G","Normality","Normality"],"score":1166,"play_id":"b4108366-5dbd-4ae9-ab45-3c7db1e45b83","local_time":"20210208150609","is_ascension_mode":true,"campfire_choices":[{"data":"Neutralize","floor":11.0,"key":"SMITH"},{"floor":13.0,"key":"REST"},{"data":"Venomology","floor":15.0,"key":"SMITH"},{"data":"Catalyst","floor":24.0,"key":"SMITH"},{"data":"Glass Knife","floor":28.0,"key":"SMITH"},{"data":"Noxious Fumes","floor":32.0,"key":"SMITH"},{"data":"Finisher","floor":49,"key":"SMITH"}],"circlet_count":0,"master_deck":["AscendersBane","Strike_G","Strike_G","Defend_G","Defend_G","Defend_G","Defend_G","Defend_G","Survivor","Neutralize+1","Deadly Poison","Endless Agony","Noxious Fumes+1","Backflip","Calculated Gamble","Poisoned Stab","Catalyst+1","Venomology+1","Deadly Poison","Blade Dance","Glass Knife+1","Cloak And Dagger","Footwork","Cloak And Dagger","Backflip+1","Blade Dance+1","Tactician+1","Phantasmal Killer","Reflex","Accuracy","Acrobatics","Tools of the Trade","PiercingWail","Catalyst","Acrobatics","Dash","Cloak And Dagger","Footwork","Acrobatics","Deflect","Blur+1","Finisher+1","Acrobatics"],"relics":["Ring of the Snake","Toy Ornithopter","The Courier","SacredBark","Darkstone Periapt","Gambling Chip","Happy Flower","Prayer Wheel","Philosopher\u0027s Stone","Tingsha","Oddly Smooth Stone","Anchor","Paper Crane","White Beast Statue","Mummified Hand","PreservedInsect","Pen Nib","Vajra"],"acts_visited":["Exordium","TheCity","TheBeyond"],"potions_floor_usage":[35,36,36,39,40,42,42,42,44,44,50,50],"damage_taken":[{"damage":2.0,"enemies":"Small Slimes","floor":1.0,"turns":4.0},{"damage":1.0,"enemies":"Cultist","floor":3.0,"turns":3.0},{"damage":15.0,"enemies":"Lagavulin","floor":6.0,"turns":7.0},{"damage":0.0,"enemies":"Jaw Worm","floor":7.0,"turns":4.0},{"damage":26.0,"enemies":"3 Sentries","floor":8.0,"turns":8.0},{"damage":0.0,"enemies":"3 Louse","floor":10.0,"turns":3.0},{"damage":13.0,"enemies":"Exordium Thugs","floor":12.0,"turns":4.0},{"damage":7.0,"enemies":"Large Slime","floor":14.0,"turns":5.0},{"damage":4.0,"enemies":"Hexaghost","floor":16.0,"turns":7.0},{"damage":10.0,"enemies":"Spheric Guardian","floor":18.0,"turns":5.0},{"damage":0.0,"enemies":"Shell Parasite","floor":20.0,"turns":4.0},{"damage":16.0,"enemies":"Chosen and Byrds","floor":21.0,"turns":6.0},{"damage":8.0,"enemies":"Cultist and Chosen","floor":22.0,"turns":8.0},{"damage":28.0,"enemies":"Book of Stabbing","floor":23.0,"turns":7.0},{"damage":46.0,"enemies":"Slavers","floor":25.0,"turns":7.0},{"damage":8.0,"enemies":"Sentry and Sphere","floor":27.0,"turns":6.0},{"damage":14.0,"enemies":"Centurion and Healer","floor":30.0,"turns":4.0},{"damage":7.0,"enemies":"Chosen and Byrds","floor":31.0,"turns":5.0},{"damage":37.0,"enemies":"Collector","floor":33.0,"turns":9.0},{"damage":0,"enemies":"3 Shapes","floor":35,"turns":7},{"damage":19,"enemies":"3 Darklings","floor":36,"turns":9},{"damage":6,"enemies":"Sphere and 2 Shapes","floor":39,"turns":6},{"damage":22,"enemies":"Nemesis","floor":40,"turns":7},{"damage":26,"enemies":"Giant Head","floor":42,"turns":9},{"damage":9,"enemies":"Nemesis","floor":44,"turns":5},{"damage":0,"enemies":"4 Shapes","floor":45,"turns":8},{"damage":55,"enemies":"Time Eater","floor":50,"turns":8}],"seed_played":"-7694609866624493771","potions_obtained":[{"floor":7.0,"key":"FearPotion"},{"floor":10.0,"key":"Explosive Potion"},{"floor":12.0,"key":"SkillPotion"},{"floor":14.0,"key":"CunningPotion"},{"floor":21.0,"key":"PowerPotion"},{"floor":27.0,"key":"Fruit Juice"},{"floor":30.0,"key":"Strength Potion"},{"floor":40,"key":"SteroidPotion"},{"floor":42,"key":"DistilledChaos"},{"floor":44,"key":"GamblersBrew"},{"floor":45,"key":"Energy Potion"}],"is_trial":false,"path_per_floor":["M","$","M","?","$","E","M","E","T","M","R","M","R","M","R","B",null,"M","$","M","M","M","E","R","E","T","M","R","?","M","M","R","B",null,"M","M","?","$","M","E","$","E","T","E","M","$","?","?","R","B"],"character_chosen":"THE_SILENT","items_purchased":["Endless Agony","Noxious Fumes","Cloak And Dagger","Footwork","Cloak And Dagger","Acrobatics","Tingsha","Oddly Smooth Stone","Anchor","Paper Crane","Cloak And Dagger","Footwork","Acrobatics","Mummified Hand","Finisher","Acrobatics"],"campfire_rested":1,"item_purchase_floors":[2,2,19,19,19,38,38,38,38,38,41,41,41,41,46,46],"current_hp_per_floor":[63,63,62,62,62,47,47,21,21,21,21,18,39,42,42,48,66,56,56,66,55,52,34,34,42,42,34,34,34,40,38,38,6,63,68,59,71,71,70,53,53,42,42,43,43,43,43,43,43,0,0],"gold":46,"neow_bonus":"TEN_PERCENT_HP_BONUS","is_daily":false,"chose_seed":false,"campfire_upgraded":6,"win_rate":0.0,"timestamp":1612825569,"path_taken":["M","$","M","?","?","E","M","E","T","M","R","M","R","M","R","BOSS","M","$","M","M","M","E","R","E","T","M","R","?","M","M","R","BOSS","M","M","?","$","M","E","$","E","T","E","M","?","?","?","R","BOSS"],"items_purchased_type":["Card","Card","Card","Card","Card","Card","Relic","Relic","Relic","Relic","Card","Card","Card","Relic","Card","Card"],"build_version":"2020-12-22","purchased_purges":3,"victory":false,"max_hp_per_floor":[72,72,72,72,72,72,72,72,72,72,72,72,72,72,72,72,72,72,72,72,72,72,72,72,72,72,72,72,72,82,82,82,82,82,82,82,94,94,94,94,94,94,94,94,94,94,94,94,94,94,94],"relic_stats":{"Darkstone Periapt":12,"Happy Flower":[27],"counters":[27,165],"Mummified Hand":[16],"Gambling Chip":[42],"Prayer Wheel":6,"Tingsha":[317],"PreservedInsect":50,"Pen Nib":[4],"obtain_stats":[{"Darkstone Periapt":23,"Happy Flower":26,"SacredBark":17,"Oddly Smooth Stone":38,"Vajra":44,"Tingsha":38,"The Courier":8,"PreservedInsect":42,"Pen Nib":43,"Paper Crane":38,"White Beast Statue":40,"Anchor":38,"Mummified Hand":41,"Gambling Chip":25,"Prayer Wheel":29,"Philosopher\u0027s Stone":34,"Toy Ornithopter":6,"Ring of the Snake":0},{"Darkstone Periapt":14,"Happy Flower":15,"SacredBark":9,"Oddly Smooth Stone":21,"Vajra":25,"Tingsha":21,"The Courier":5,"PreservedInsect":24,"Pen Nib":24,"Paper Crane":21,"White Beast Statue":23,"Anchor":21,"Mummified Hand":23,"Gambling Chip":15,"Prayer Wheel":16,"Philosopher\u0027s Stone":19,"Toy Ornithopter":3,"Ring of the Snake":0},{"Darkstone Periapt":75,"Happy Flower":82,"SacredBark":45,"Oddly Smooth Stone":122,"Vajra":149,"Tingsha":122,"The Courier":26,"PreservedInsect":144,"Pen Nib":144,"Paper Crane":122,"White Beast Statue":135,"Anchor":122,"Mummified Hand":135,"Gambling Chip":82,"Prayer Wheel":88,"Philosopher\u0027s Stone":106,"Toy Ornithopter":14,"Ring of the Snake":0}],"Toy Ornithopter":145,"Ring of the Snake":[56]},"card_choices":[{"not_picked":["Accuracy","Escape Plan"],"picked":"Deadly Poison","floor":1.0},{"not_picked":["Dodge and Roll","Flying Knee"],"picked":"Backflip","floor":3.0},{"not_picked":["Endless Agony","Tactician"],"picked":"Calculated Gamble","floor":6.0},{"not_picked":["Dodge and Roll","PiercingWail"],"picked":"Poisoned Stab","floor":7.0},{"not_picked":["Backflip","Dagger Throw"],"picked":"Catalyst","floor":8.0},{"not_picked":["Bane","Poisoned Stab"],"picked":"Venomology","floor":10.0},{"not_picked":["Concentrate","Slice"],"picked":"Deadly Poison","floor":12.0},{"not_picked":["Distraction","Dagger Throw"],"picked":"Blade Dance","floor":14.0},{"not_picked":["Adrenaline","Phantasmal Killer"],"picked":"Glass Knife","floor":16.0},{"not_picked":["Choke","Finisher","Endless Agony"],"picked":"SKIP","floor":18.0},{"not_picked":["Prepared","Outmaneuver"],"picked":"Backflip+1","floor":20.0},{"not_picked":["Flying Knee","Choke+1"],"picked":"Blade Dance+1","floor":21.0},{"not_picked":["Sucker Punch","Terror+1"],"picked":"Tactician+1","floor":22.0},{"not_picked":["Phantasmal Killer","Prepared","Skewer"],"picked":"SKIP","floor":23.0},{"not_picked":["Prepared","Skewer"],"picked":"Phantasmal Killer","floor":23.0},{"not_picked":["Setup+1","Sucker Punch+1"],"picked":"Reflex","floor":25.0},{"not_picked":["Skewer","Flechettes"],"picked":"Accuracy","floor":27.0},{"not_picked":["Quick Slash","Outmaneuver","Poisoned Stab"],"picked":"SKIP","floor":30.0},{"not_picked":["Outmaneuver","Deadly Poison","Flechettes"],"picked":"SKIP","floor":30.0},{"not_picked":["Sucker Punch","Backflip"],"picked":"Acrobatics","floor":31.0},{"not_picked":["Masterful Stab","Outmaneuver","Acrobatics"],"picked":"SKIP","floor":31.0},{"not_picked":["Glass Knife","Envenom"],"picked":"Tools of the Trade","floor":33.0},{"not_picked":["Setup+1","Deflect"],"picked":"PiercingWail","floor":35},{"not_picked":["Backstab","Poisoned Stab","Slice"],"picked":"SKIP","floor":35},{"not_picked":["Dagger Throw","Slice"],"picked":"Catalyst","floor":36},{"not_picked":["Poisoned Stab+1","Caltrops","Sucker Punch"],"picked":"SKIP","floor":36},{"not_picked":["Underhanded Strike+1","Deflect","Prepared"],"picked":"SKIP","floor":39},{"not_picked":["Flying Knee","Outmaneuver+1","Well Laid Plans"],"picked":"SKIP","floor":39},{"not_picked":["Dodge and Roll","All Out Attack"],"picked":"Dash","floor":40},{"not_picked":["Deadly Poison","Dagger Throw"],"picked":"Deflect","floor":42},{"not_picked":["Outmaneuver","Prepared","Dash"],"picked":"SKIP","floor":44},{"not_picked":["Infinite Blades+1","Backflip"],"picked":"Blur+1","floor":45},{"not_picked":["Setup","Backflip","Poisoned Stab"],"picked":"SKIP","floor":45}],"player_experience":356681,"relics_obtained":[{"floor":6.0,"key":"Toy Ornithopter"},{"floor":8.0,"key":"The Courier"},{"floor":23.0,"key":"Darkstone Periapt"},{"floor":25.0,"key":"Gambling Chip"},{"floor":26.0,"key":"Happy Flower"},{"floor":40,"key":"White Beast Statue"},{"floor":42,"key":"PreservedInsect"},{"floor":43,"key":"Pen Nib"},{"floor":44,"key":"Vajra"}],"event_choices":[{"cards_removed":["Strike_G"],"damage_healed":0.0,"max_hp_gain":0.0,"max_hp_loss":0.0,"gold_gain":0.0,"event_name":"Bonfire Elementals","player_choice":"Offered Basic","floor":4.0,"gold_loss":0.0,"damage_taken":0.0},{"damage_healed":0.0,"max_hp_gain":0.0,"max_hp_loss":0.0,"gold_gain":0.0,"event_name":"Addict","player_choice":"Obtained Relic","floor":29.0,"gold_loss":85.0,"damage_taken":0.0,"relics_obtained":["Prayer Wheel"]},{"damage_healed":0,"gold_gain":999,"player_choice":"Gold","damage_taken":0,"max_hp_gain":0,"max_hp_loss":0,"event_name":"MindBloom","floor":37,"gold_loss":0,"cards_obtained":["Normality","Normality"]},{"damage_healed":0,"gold_gain":0,"player_choice":"Ignored","damage_taken":0,"max_hp_gain":0,"max_hp_loss":0,"event_name":"The Moai Head","floor":47,"gold_loss":0},{"cards_removed":["Strike_G"],"damage_healed":0,"gold_gain":0,"player_choice":"Purged","damage_taken":0,"max_hp_gain":0,"max_hp_loss":0,"event_name":"Purifier","floor":48,"gold_loss":0}],"is_beta":false,"boss_relics":[{"not_picked":["Ring of the Serpent","Tiny House"],"picked":"SacredBark"},{"not_picked":["Calling Bell","Busted Crown"],"picked":"Philosopher\u0027s Stone"}],"items_purged_floors":[19,38,41],"is_endless":false,"potions_floor_spawned":[7,10,12,14,21,27,30,33,35,40,42,44,45],"killed_by":"Time Eater","ascension_level":15}}