{"host":"q8mjpf3krl0t4p3x","time":1612827198,"event":{"mods":["BaseMod","Colored Map","Colored Powertips","Googly Eyes","Minty Spire (QoL Compilation)","Quick Restart","StSLib","everything is the same but u backflip on backflip","slay the spire mod where everything is the same but ironclad has a cowboy hat"],"gold_per_floor":[109,109,74,88,99,99,131,131,131,147,166,166,198,209,209,280,280,294,319,334,346,357,357,133,133,204,221,221,221,234,261,261,261,261],"floor_reached":33,"language":"ENG","playtime":1137,"items_purged":["Strike_R"],"score":510,"play_id":"11fa393d-b3dd-4b32-808e-22d5a0f130c0","local_time":"20210208153318","is_ascension_mode":true,"campfire_choices":[{"data":"Hemokinesis","floor":6.0,"key":"SMITH"},{"data":"Immolate","floor":8.0,"key":"SMITH"},{"data":"Wild Strike","floor":12.0,"key":"SMITH"},{"floor":15.0,"key":"REST"},{"data":"Feed","floor":23.0,"key":"SMITH"},{"data":"Shrug It Off","floor":29.0,"key":"SMITH"},{"data":"Uppercut","floor":32.0,"key":"SMITH"}],"circlet_count":0,"master_deck":["AscendersBane","Strike_R+1","Strike_R+1","Strike_R+1","Strike_R+1","Defend_R+1","Defend_R+1","Defend_R+1","Defend_R+1","Bash","Injury","Uppercut+1","Wild Strike+1","Hemokinesis+1","Immolate+1","Battle Trance","Feed+1","Shrug It Off+1"],"relics":["Burning Blood","Pocketwatch","Mummified Hand","TungstenRod","Gremlin Horn","Philosopher\u0027s Stone","Red Mask","Anchor","Paper Frog","PreservedInsect"],"acts_visited":["Exordium","TheCity"],"potions_floor_usage":[33,33],"damage_taken":[{"damage":17.0,"enemies":"Small Slimes","floor":1.0,"turns":5.0},{"damage":12.0,"enemies":"2 Louse","floor":4.0,"turns":3.0},{"damage":7.0,"enemies":"Jaw Worm","floor":5.0,"turns":3.0},{"damage":24.0,"enemies":"Lagavulin","floor":7.0,"turns":3.0},{"damage":12.0,"enemies":"Large Slime","floor":10.0,"turns":3.0},{"damage":13.0,"enemies":"Gremlin Gang","floor":11.0,"turns":4.0},{"damage":9.0,"enemies":"3 Sentries","floor":13.0,"turns":3.0},{"damage":8.0,"enemies":"Blue Slaver","floor":14.0,"turns":4.0},{"damage":54.0,"enemies":"The Guardian","floor":16.0,"turns":7.0},{"damage":13.0,"enemies":"Chosen","floor":18.0,"turns":4.0},{"damage":12.0,"enemies":"Masked Bandits","floor":19.0,"turns":2.0},{"damage":1.0,"enemies":"Spheric Guardian","floor":20.0,"turns":2.0},{"damage":10.0,"enemies":"Snake Plant","floor":21.0,"turns":2.0},{"damage":14.0,"enemies":"Centurion and Healer","floor":22.0,"turns":4.0},{"damage":0.0,"enemies":"Snecko","floor":27.0,"turns":2.0},{"damage":1.0,"enemies":"Chosen and Byrds","floor":30.0,"turns":3.0},{"damage":7.0,"enemies":"Book of Stabbing","floor":31.0,"turns":3.0},{"damage":123,"enemies":"Champ","floor":33,"turns":9}],"seed_played":"2146023047017998120","potions_obtained":[{"floor":4.0,"key":"SneckoOil"},{"floor":10.0,"key":"ElixirPotion"},{"floor":13.0,"key":"SkillPotion"},{"floor":14.0,"key":"PowerPotion"},{"floor":19.0,"key":"Block Potion"},{"floor":20.0,"key":"DuplicationPotion"},{"floor":31.0,"key":"ElixirPotion"}],"is_trial":false,"path_per_floor":["M","?","?","M","M","R","E","R","T","M","M","R","E","M","R","B",null,"M","?","M","M","M","R","$","?","T","M","?","R","M","E","R","B"],"character_chosen":"IRONCLAD","items_purchased":["Anchor"],"campfire_rested":1,"item_purchase_floors":[24],"current_hp_per_floor":[77,74,96,90,89,89,71,71,71,65,58,58,55,56,85,37,84,80,77,82,81,76,76,76,76,76,86,86,86,95,98,98,0,0],"gold":261,"neow_bonus":"TWENTY_PERCENT_HP_BONUS","is_daily":false,"chose_seed":false,"campfire_upgraded":6,"win_rate":0.0,"timestamp":1612827198,"path_taken":["M","?","?","M","M","R","E","R","T","M","M","R","E","M","R","BOSS","M","?","M","M","M","R","$","?","T","M","?","R","M","E","R","BOSS"],"items_purchased_type":["Relic"],"build_version":"2020-12-22","purchased_purges":1,"victory":false,"max_hp_per_floor":[96,96,96,96,96,96,96,96,96,96,96,96,96,99,99,99,99,102,105,105,108,111,111,111,111,111,115,115,115,119,123,123,123,123],"card_choices":[{"not_picked":["Flex","Pommel Strike"],"picked":"Uppercut","floor":1.0},{"not_picked":["Reckless Charge","Shrug It Off"],"picked":"Wild Strike","floor":4.0},{"not_picked":["True Grit","Clash"],"picked":"Hemokinesis","floor":5.0},{"not_picked":["Pommel Strike","Iron Wave"],"picked":"Immolate","floor":7.0},{"not_picked":["Disarm","Headbutt"],"picked":"Battle Trance","floor":10.0},{"not_picked":["Offering","Havoc","Hemokinesis"],"picked":"SKIP","floor":11.0},{"not_picked":["Wild Strike","Dual Wield"],"picked":"Feed","floor":13.0},{"not_picked":["Rupture","Wild Strike","Heavy Blade"],"picked":"SKIP","floor":14.0},{"not_picked":["Combust+1","Wild Strike","Headbutt"],"picked":"SKIP","floor":18.0},{"not_picked":["Sword Boomerang","Twin Strike","Body Slam"],"picked":"SKIP","floor":20.0},{"not_picked":["Dark Embrace","Rage","Second Wind"],"picked":"SKIP","floor":21.0},{"not_picked":["Barricade","Clash"],"picked":"Shrug It Off","floor":22.0},{"not_picked":["Searing Blow+1","Shockwave","Rage"],"picked":"SKIP","floor":27.0},{"not_picked":["Body Slam","Pummel","Seeing Red"],"picked":"SKIP","floor":30.0},{"not_picked":["Sword Boomerang","Pummel","Clothesline"],"picked":"SKIP","floor":31.0}],"player_experience":339616,"relics_obtained":[{"floor":7.0,"key":"Mummified Hand"},{"floor":9.0,"key":"TungstenRod"},{"floor":13.0,"key":"Gremlin Horn"},{"floor":19.0,"key":"Red Mask"},{"floor":26.0,"key":"Paper Frog"},{"floor":31.0,"key":"PreservedInsect"}],"event_choices":[{"damage_healed":0.0,"max_hp_gain":0.0,"max_hp_loss":0.0,"gold_gain":0.0,"event_name":"Scrap Ooze","player_choice":"Success","floor":2.0,"gold_loss":0.0,"damage_taken":3.0,"relics_obtained":["Pocketwatch"]},{"damage_healed":24.0,"max_hp_gain":0.0,"max_hp_loss":0.0,"gold_gain":0.0,"event_name":"The Cleric","player_choice":"Healed","floor":3.0,"gold_loss":35.0,"damage_taken":0.0},{"damage_healed":0.0,"max_hp_gain":0.0,"max_hp_loss":0.0,"gold_gain":0.0,"event_name":"Masked Bandits","player_choice":"Fought Bandits","floor":19.0,"gold_loss":0.0,"damage_taken":0.0},{"damage_healed":0.0,"max_hp_gain":0.0,"max_hp_loss":0.0,"gold_gain":0.0,"event_name":"Back to Basics","player_choice":"Simplicity","floor":25.0,"gold_loss":0.0,"damage_taken":0.0,"cards_upgraded":["Strike_R","Strike_R","Strike_R","Strike_R","Defend_R","Defend_R","Defend_R","Defend_R"]},{"damage_healed":0.0,"max_hp_gain":0.0,"max_hp_loss":0.0,"gold_gain":0.0,"event_name":"Ghosts","player_choice":"Ignored","floor":28.0,"gold_loss":0.0,"damage_taken":0.0}],"is_beta":false,"boss_relics":[{"not_picked":["Calling Bell","Cursed Key"],"picked":"Philosopher\u0027s Stone"}],"items_purged_floors":[24],"is_endless":false,"potions_floor_spawned":[4,10,13,14,19,20,21,31],"killed_by":"Champ","ascension_level":13}}