{"host":"aduepa6pof7ckcrz","time":1612759845,"event":{"mods":["Act Like it!","Arknights","Aspiration","BaseMod","CapriCore","Colored Map","Colored Powertips","Downfall","Hallownest","Hermit","Hubris","Minty Spire (QoL Compilation)","Quick Restart","Replay The Spire","Robot Space Explorer","Shop Mod","StSLib","The Bug Knight","The Marked"],"gold_per_floor":[113,113,113,123,123,48,48,76,127,127,127,145,145,156,156,259,259,278,278,278,278,295,295,295,327,384,212,283,301,301,301,321,348,348,453,453,470,485,543,543,11,11,27,40,40,53,53,53,65,80,80,80],"floor_reached":53,"language":"FRA","playtime":2401,"items_purged":["HollowMod:FocusHealStart","HollowMod:QuickDashStart","HollowMod:HowlingWraiths"],"score":747,"play_id":"c2bff680-39df-4803-8a0d-74b0884d69e6","local_time":"20210208055045","is_ascension_mode":false,"campfire_choices":[{"data":"HollowMod:WraithStrike","floor":7,"key":"SMITH"},{"data":"HollowMod:DescendingDark","floor":11,"key":"SMITH"},{"data":"HollowMod:SiblingsShadow","floor":13,"key":"SMITH"},{"data":"HollowMod:NewJinnsSoul","floor":15,"key":"SMITH"},{"data":"HollowMod:MantisMark","floor":31,"key":"SMITH"},{"data":"HollowMod:FallenFury","floor":34,"key":"SMITH"},{"floor":42,"key":"REST"},{"floor":47,"key":"REST"},{"floor":51,"key":"REST"}],"circlet_count":0,"master_deck":["HollowMod:PogoStrike","HollowMod:VengefulVoid","HollowMod:CloakDash","HollowMod:WraithStrike+1","HollowMod:DescendingDark+1","HollowMod:DreamGate","HollowMod:SiblingsShadow+1","HollowMod:NewJinnsSoul+1","HollowMod:MidwifesHunger+1","CurseOfTheBell","HollowMod:SiblingsShadow+1","HollowMod:QuirrelsAssistance","HollowMod:SiblingsShadow","HollowMod:MothsMistake+1","HollowMod:MantisMark+1","HollowMod:WraithStrike","HollowMod:MonarchWings+1","HollowMod:FallenFury+1","HollowMod:MidwifesHunger","HollowMod:PureNailStrike+1","HollowMod:CycloneSlash","HollowMod:SiblingsShadow","HollowMod:SoulStrike+1","HollowMod:QuirrelsAssistance+1","HollowMod:SiblingsSouls","HollowMod:NewGlowingWomb+1","HollowMod:CloakDash+1","HollowMod:SoulMaster","HollowMod:SoulMaster","HollowMod:SiblingsSouls+1","HollowMod:WraithStrike+1","HollowMod:MantisMark","HollowMod:SlysStrikes"],"relics":["HollowMod:VesselMask","Gremlin Horn","Potion Belt","Gremlin Food","Calling Bell","Akabeko","hubris:BottledRain","Torii","hubris:64BitClover","Bottled Flame","ReplayTheSpireMod:Ninjato","HollowMod:QueensCombRelic","Replay:Grab Bag","hubris:VirtuousBlindfold","Philosopher\u0027s Stone","Pandora\u0027s Box","Replay:Towering Pillar of Hats","Meat on the Bone","Snack Pack","Pear"],"acts_visited":["Hallownest:Greenpath","Hallownest:CityofTears","Hallownest:KingdomsEdge"],"potions_floor_usage":[8,26,32,35,35,39,39,39,52,52],"damage_taken":[{"damage":0,"enemies":"Hallownest:monsterHuskWarrior","floor":1,"turns":3},{"damage":0,"enemies":"Hallownest:2_Tiktiks_and_1_Crawlid","floor":4,"turns":3},{"damage":37,"enemies":"Hallownest:eliteMossKnight","floor":8,"turns":6},{"damage":0,"enemies":"Hallownest:2_MossCreeps","floor":12,"turns":3},{"damage":0,"enemies":"Hallownest:monsterMossCharger","floor":14,"turns":2},{"damage":16,"enemies":"Hallownest:BossBrokenVessel","floor":16,"turns":9},{"damage":0,"enemies":"Hallownest:Guard_and_Sentry","floor":18,"turns":2},{"damage":0,"enemies":"Hallownest:2_Mistakes","floor":22,"turns":4},{"damage":0,"enemies":"Hallownest:eliteSoulWarrior","floor":25,"turns":8},{"damage":14,"enemies":"Hallownest:Glutton_and_Coward","floor":26,"turns":3},{"damage":0,"enemies":"Hallownest:Warrior_and_Youth","floor":29,"turns":2},{"damage":2,"enemies":"Hallownest:2_Flukemon","floor":32,"turns":3},{"damage":25,"enemies":"Hallownest:Nosk","floor":33,"turns":6},{"damage":55,"enemies":"Hallownest:BossMantisLord","floor":35,"turns":7},{"damage":0,"enemies":"Hallownest:3_Siblings","floor":37,"turns":1},{"damage":23,"enemies":"Hallownest:2_Littles","floor":38,"turns":4},{"damage":26,"enemies":"Hallownest:2_Primals","floor":39,"turns":4},{"damage":0,"enemies":"Hallownest:2_Great","floor":43,"turns":3},{"damage":0,"enemies":"Hallownest:monsterPrimalAspid","floor":44,"turns":1},{"damage":13,"enemies":"Hallownest:2_Wing_and_1_Kings","floor":46,"turns":2},{"damage":0,"enemies":"Hallownest:Xero_Hu_Marmu","floor":49,"turns":1},{"damage":27,"enemies":"Hallownest:Slobbering_and_Violent","floor":50,"turns":4},{"damage":45,"enemies":"Hallownest:BossGreyPrinceZote","floor":52,"turns":4}],"seed_played":"-719143019662291184","potions_obtained":[{"floor":8,"key":"FairyPotion"},{"floor":12,"key":"bronze:BurnAndBuffPotion"},{"floor":18,"key":"BlessingOfTheForge"},{"floor":26,"key":"SneckoOil"},{"floor":29,"key":"Adrenaline Potion"},{"floor":35,"key":"Energy Potion"},{"floor":37,"key":"Guardian:BlockOnCardUsePotion"},{"floor":38,"key":"Venom Potion"},{"floor":46,"key":"champ:CounterPotion"},{"floor":49,"key":"bronze:BurnAndBuffPotion"}],"is_trial":false,"path_per_floor":["M","?","?","M","T","$","R","E","T","?","R","M","R","M","R","B",null,"M","?","?","?","M","PTL","PTL","E","M","$","T","M","T","R","M","E","R","B",null,"M","M","?","?","$","R","M","M","T","M","R","?","M","M","R","B",null],"character_chosen":"THE_BUGKNIGHT","items_purchased":["HollowMod:MantisMark","Meat on the Bone","HollowMod:SoulMaster"],"campfire_rested":3,"item_purchase_floors":[27,41,41],"current_hp_per_floor":[75,75,75,75,75,75,75,52,52,52,52,52,52,52,52,36,75,75,75,75,75,75,75,75,75,61,61,61,61,61,61,59,34,34,5,50,50,27,9,14,14,29,41,45,55,49,60,60,60,37,55,28],"gold":80,"neow_bonus":"THREE_CARDS","is_daily":false,"chose_seed":false,"campfire_upgraded":6,"win_rate":0.0,"timestamp":1612759845,"path_taken":["M","?","?","M","?","$","R","E","T","?","R","M","R","M","R","BOSS","M","?","?","?","M","PTL","PTL","E","M","$","T","M","?","R","M","E","R","BOSS","M","M","?","?","$","R","?","M","T","M","R","?","M","M","R","BOSS"],"items_purchased_type":["Card","Relic","Card"],"build_version":"2020-12-22","purchased_purges":3,"victory":true,"max_hp_per_floor":[75,75,75,75,75,75,75,75,75,75,75,75,75,75,75,75,75,75,75,75,75,75,75,75,75,75,75,75,75,75,75,75,50,50,50,50,50,50,50,50,50,50,50,50,60,60,60,60,60,60,60,60],"card_choices":[{"not_picked":["HollowMod:InfectedAttack","HollowMod:ShadowDash"],"picked":"HollowMod:VengefulVoid","floor":0},{"not_picked":["HollowMod:TaintedHusks","HollowMod:NewLittleFool"],"picked":"HollowMod:CloakDash","floor":1},{"not_picked":["HollowMod:InfectedAttack","HollowMod:CloakDash"],"picked":"HollowMod:DescendingDark","floor":4},{"not_picked":["HollowMod:RecoilStrike","HollowMod:SoulStrike"],"picked":"HollowMod:DreamGate","floor":8},{"not_picked":["HollowMod:CloakDash","HollowMod:SiblingsSouls"],"picked":"HollowMod:SiblingsShadow","floor":12},{"not_picked":["HollowMod:HowlingWraiths","HollowMod:DoubleDash"],"picked":"HollowMod:NewJinnsSoul","floor":14},{"not_picked":["HollowMod:ElderbugsWisdom","HollowMod:LifebloodCore"],"picked":"HollowMod:MidwifesHunger","floor":16},{"not_picked":["HollowMod:CloakDash+1","HollowMod:CycloneSlash"],"picked":"HollowMod:SiblingsShadow+1","floor":18},{"not_picked":["HollowMod:DashSlash+1","HollowMod:CrystalDash"],"picked":"HollowMod:QuirrelsAssistance","floor":22},{"not_picked":["HollowMod:InfectedCysts","HollowMod:theNailsmith"],"picked":"HollowMod:SiblingsShadow","floor":25},{"not_picked":["HollowMod:ChannelNail","HollowMod:NewJinnsSoul"],"picked":"HollowMod:MothsMistake+1","floor":26},{"not_picked":["HollowMod:CrystalDash","HollowMod:RecoilStrike"],"picked":"HollowMod:WraithStrike","floor":29},{"not_picked":["HollowMod:DescendingDark","HollowMod:MothsMistake"],"picked":"HollowMod:MonarchWings+1","floor":32},{"not_picked":["HollowMod:NewJinnsSoul","HollowMod:HowlingWraiths"],"picked":"HollowMod:FallenFury","floor":33},{"not_picked":["HollowMod:AwokenDreamNail","HollowMod:HornetsHelp"],"picked":"HollowMod:MidwifesHunger","floor":35},{"not_picked":["HollowMod:InfectedAttack+1","HollowMod:VengefulSpirit+1"],"picked":"HollowMod:SiblingsSouls","floor":37},{"not_picked":["HollowMod:CrystalDash+1","HollowMod:NewLittleFool+1"],"picked":"HollowMod:NewGlowingWomb+1","floor":38},{"not_picked":["HollowMod:SoulStrike+1","HollowMod:SharpenedNail"],"picked":"HollowMod:CloakDash+1","floor":39},{"not_picked":["HollowMod:NewGlowingWomb","HollowMod:QuirrelsAssistance"],"picked":"HollowMod:SoulMaster","floor":43},{"not_picked":["HollowMod:CycloneSlash+1","HollowMod:DescendingDark+1"],"picked":"HollowMod:SiblingsSouls+1","floor":44},{"not_picked":["HollowMod:MothsMistake+1","HollowMod:CornifersMapStart+1"],"picked":"HollowMod:WraithStrike+1","floor":46},{"not_picked":["HollowMod:HeavyBlow","HollowMod:DoubleDash+1"],"picked":"HollowMod:MantisMark","floor":49},{"not_picked":["HollowMod:MawleksShell+1","HollowMod:WraithStrike+1"],"picked":"HollowMod:SlysStrikes","floor":50}],"player_experience":1020959,"relics_obtained":[{"floor":5,"key":"Gremlin Horn"},{"floor":8,"key":"Potion Belt"},{"floor":9,"key":"Gremlin Food"},{"floor":17,"key":"Akabeko"},{"floor":17,"key":"hubris:BottledRain"},{"floor":17,"key":"Torii"},{"floor":25,"key":"hubris:64BitClover"},{"floor":28,"key":"Bottled Flame"},{"floor":30,"key":"ReplayTheSpireMod:Ninjato"},{"floor":33,"key":"HollowMod:QueensCombRelic"},{"floor":39,"key":"Replay:Towering Pillar of Hats"},{"floor":43,"key":"Snack Pack"},{"floor":45,"key":"Pear"}],"event_choices":[],"is_beta":false,"boss_relics":[{"not_picked":["hubris:RunicObelisk","Replay:Wanted Poster"],"picked":"Calling Bell"},{"not_picked":["hubris:Stopwatch","Velvet Choker"],"picked":"Replay:Grab Bag"},{"not_picked":["ReplayTheSpireMod:Onyx Gauntlets","hubris:CrackedHourglass"],"picked":"hubris:VirtuousBlindfold"},{"not_picked":["ChewingGum","Fusion Hammer"],"picked":"Philosopher\u0027s Stone"},{"not_picked":["aspiration:IroncladSkillbook","SacredBark"],"picked":"Pandora\u0027s Box"}],"items_purged_floors":[6,27,41],"is_endless":false,"potions_floor_spawned":[8,12,18,26,29,35,37,38,46,49],"ascension_level":0}}