{"host":"ttzdpsscxkem3xrs","time":1612782505,"event":{"mods":["BaseMod","Colored Map","Downfall","Minty Spire (QoL Compilation)","Replay The Spire","StSLib","The Cursed","The Hierophant"],"gold_per_floor":[18,18,38,46,109,109,139,139,221,258,258,258,33,61,61,174,174,196,121,21,42,77,118,118,58,84,84,111,111,111,137,137,251,251,269,284,284,5,27,75,75,102,102,102,149,149,149,193,193,197],"floor_reached":51,"language":"ENG","playtime":2022,"items_purged":["hierophant:Strike_Hierophant","hierophant:Strike_Hierophant","hierophant:Strike_Hierophant"],"score":956,"play_id":"e448969d-86e4-46a6-9b4e-3cfc0dfce8dc","local_time":"20210208030825","is_ascension_mode":true,"campfire_choices":[{"data":"Apotheosis","floor":6,"key":"SMITH"},{"floor":8,"key":"REST"},{"floor":11,"key":"RECALL"},{"floor":15,"key":"REST"},{"floor":24,"key":"REST"},{"floor":30,"key":"REST"},{"floor":32,"key":"REST"},{"floor":41,"key":"REST"},{"floor":44,"key":"REST"},{"floor":49,"key":"REST"}],"circlet_count":0,"master_deck":["hierophant:Strike_Hierophant","hierophant:Punish+1","hierophant:Defend_Hierophant","hierophant:Defend_Hierophant","hierophant:ChurchCoffers","Apotheosis+1","hierophant:ThreeLashes+1","hierophant:HammerAndAnvil","hierophant:Glossolalia","hierophant:Purify","hierophant:Purify","hierophant:HammerAndAnvil","DevaForm","hierophant:Alms","ReplayTheSpireMod:Faulty Equipment","Inflame","Well Laid Plans","Adrenaline","hierophant:HammerAndAnvil","Midas Touch","Guardian:ShieldCharger+1","Slimebound:SlimeSpikes+1","Replay:SS_forest_2+1"],"relics":["hierophant:PropheticMaskRelic","Replay:Wax Seal","Replay:Bandana","Question Card","ReplayTheSpireMod:Ninjato","PrismaticShard","Juzu Bracelet","Sozu","Whetstone","Pet Ghost","Meat on the Bone","CaptainsWheel","Fusion Hammer","Medical Kit","Blood Vial","InkBottle","Anchor"],"acts_visited":["Exordium","TheCity","TheBeyond"],"potions_floor_usage":[7,23,33],"damage_taken":[{"damage":0,"enemies":"Cultist","floor":1,"turns":3},{"damage":4,"enemies":"Small Slimes","floor":3,"turns":3},{"damage":0,"enemies":"2 Louse","floor":4,"turns":1},{"damage":14,"enemies":"Gremlin Nob","floor":7,"turns":3},{"damage":0,"enemies":"Lagavulin","floor":10,"turns":2},{"damage":13,"enemies":"Blue Slaver","floor":14,"turns":2},{"damage":7,"enemies":"The Guardian","floor":16,"turns":4},{"damage":0,"enemies":"Spheric Guardian","floor":18,"turns":1},{"damage":12,"enemies":"Chosen","floor":21,"turns":2},{"damage":18,"enemies":"Snake Plant","floor":22,"turns":3},{"damage":32,"enemies":"Book of Stabbing","floor":23,"turns":5},{"damage":0,"enemies":"Gremlin Leader","floor":28,"turns":1},{"damage":20,"enemies":"Centurion and Healer","floor":31,"turns":3},{"damage":24,"enemies":"Champ","floor":33,"turns":4},{"damage":1,"enemies":"Orb Walker","floor":35,"turns":2},{"damage":24,"enemies":"3 Darklings","floor":36,"turns":4},{"damage":16,"enemies":"Sphere and 2 Shapes","floor":39,"turns":2},{"damage":45,"enemies":"Nemesis","floor":40,"turns":3},{"damage":0,"enemies":"Spire Growth","floor":42,"turns":1},{"damage":0,"enemies":"Transient","floor":45,"turns":5},{"damage":0,"enemies":"Reptomancer","floor":48,"turns":1},{"damage":40,"enemies":"Time Eater","floor":50,"turns":7}],"seed_played":"2990959355573346048","potions_obtained":[{"floor":4,"key":"SteroidPotion"},{"floor":5,"key":"Ancient Potion"},{"floor":10,"key":"Energy Potion"},{"floor":14,"key":"Guardian:BlockOnCardUsePotion"}],"is_trial":false,"path_per_floor":["M","$","M","M","?","R","E","R","T","E","R","?","$","M","R","B",null,"M","?","$","M","M","E","R","?","T","?","E","$","R","M","R","B",null,"M","M","?","$","M","E","R","M","T","R","M","?","?","E","R","B",null],"character_chosen":"HIEROPHANT","items_purchased":["Juzu Bracelet","Medical Kit"],"campfire_rested":8,"item_purchase_floors":[13,38],"current_hp_per_floor":[75,75,71,71,71,71,57,75,75,75,75,75,75,62,75,68,75,75,75,75,63,45,13,35,35,35,35,47,47,69,49,71,47,75,74,50,50,50,46,13,35,49,49,71,73,71,71,71,71,43],"gold":197,"neow_bonus":"RANDOM_COLORLESS_2","is_daily":false,"chose_seed":false,"campfire_upgraded":1,"win_rate":0.0,"timestamp":1612782505,"path_taken":["M","$","?","M","?","R","E","R","T","E","R","?","$","M","R","BOSS","M","?","?","M","M","E","R","?","T","?","E","$","R","M","R","BOSS","M","M","?","$","M","E","R","M","T","R","M","?","?","E","R","BOSS"],"items_purchased_type":["Relic","Relic"],"build_version":"2020-12-22","purchased_purges":3,"victory":true,"max_hp_per_floor":[75,75,75,75,75,75,75,75,75,75,75,75,75,75,75,75,75,75,75,75,75,75,75,75,75,75,75,75,75,75,75,75,75,75,75,75,75,75,75,75,75,75,75,75,75,71,71,71,71,71],"card_choices":[{"not_picked":["HandOfGreed","Violence"],"picked":"Apotheosis","floor":0},{"not_picked":["hierophant:Refuge","hierophant:Encroach"],"picked":"hierophant:ThreeLashes","floor":1},{"not_picked":["hierophant:Shelter","hierophant:SolarFlare"],"picked":"hierophant:HammerAndAnvil","floor":3},{"not_picked":["hierophant:RustyCrate","hierophant:AuricShield"],"picked":"hierophant:Glossolalia","floor":4},{"not_picked":["hierophant:Racketeering","hierophant:Smite"],"picked":"hierophant:Purify","floor":5},{"not_picked":["hierophant:RepressedViolence","hierophant:ConvertCurrency"],"picked":"hierophant:Purify","floor":7},{"not_picked":["hierophant:FlamingChariot","hierophant:ThreeLashes","hierophant:MorningPrayer"],"picked":"hierophant:HammerAndAnvil","floor":10},{"not_picked":["Genetic Algorithm","champ:IronFortress","Armaments","hexamod:HeatShield"],"picked":"SKIP","floor":14},{"not_picked":["Slimebound:MinionMaster","hierophant:DivineIntervention","Guardian:StasisEngine"],"picked":"DevaForm","floor":16},{"not_picked":["ReplayTheSpireMod:Stacked","Ghostly Armor","Predator","TheCursedMod:WearCloak+1"],"picked":"SKIP","floor":18},{"not_picked":["Slimebound:LeadByExample","Run Through","hexamod:Hexaguard","Rebound"],"picked":"SKIP","floor":21},{"not_picked":["TheCursedMod:CircleOfCorruption","hierophant:Purify","Hidden Blade+1"],"picked":"hierophant:Alms","floor":22},{"not_picked":["Replay:Vibes+1","Slimebound:FinishingTackle","sneckomod:Unknown0Cost","Fusion"],"picked":"SKIP","floor":23},{"not_picked":["Immolate","InnerPeace","sneckomod:UnknownUncommonPower+1"],"picked":"Inflame","floor":28},{"not_picked":["Disarm","hexamod:SuperheatedStrike","TheCursedMod:CursedMace"],"picked":"Well Laid Plans","floor":31},{"not_picked":["bronze:ShipIt","hexamod:TimeOfNeed","Slimebound:MinionMaster"],"picked":"Adrenaline","floor":33},{"not_picked":["hexamod:InspiringFlames+1","Outmaneuver+1","champ:Shatter","Guardian:Gem_Cyan"],"picked":"SKIP","floor":35},{"not_picked":["TheCursedMod:Torture+1","bronze:Flail+1","bronze:Iterate","bronze:Overheat+1"],"picked":"SKIP","floor":36},{"not_picked":["bronze:BronzeArmor","hexamod:SecondSeal","JustLucky","Coolheaded"],"picked":"SKIP","floor":39},{"not_picked":["Slimebound:ProtectTheBoss+1","Sentinel+1","Slimebound:GoopSpray"],"picked":"Midas Touch","floor":40},{"not_picked":["Guardian:Harden","sneckomod:UnknownClassTHE_CHAMP_GRAY","Distraction"],"picked":"Guardian:ShieldCharger+1","floor":42},{"not_picked":["Slimebound:FinishingTackle","BowlingBash+1","bronze:WhirlingStrike"],"picked":"Slimebound:SlimeSpikes+1","floor":45},{"not_picked":["hierophant:FlamingChariot","bronze:Repulsor","Replay:Vibes"],"picked":"Replay:SS_forest_2+1","floor":48}],"player_experience":1396363,"relics_obtained":[{"floor":5,"key":"Replay:Wax Seal"},{"floor":7,"key":"Replay:Bandana"},{"floor":9,"key":"Question Card"},{"floor":10,"key":"ReplayTheSpireMod:Ninjato"},{"floor":23,"key":"Whetstone"},{"floor":26,"key":"Pet Ghost"},{"floor":28,"key":"CaptainsWheel"},{"floor":40,"key":"Blood Vial"},{"floor":43,"key":"InkBottle"},{"floor":48,"key":"Anchor"}],"event_choices":[{"cards_removed":["hierophant:Defend_Hierophant"],"damage_healed":0,"gold_gain":0,"player_choice":"Gave Gold","damage_taken":0,"max_hp_gain":0,"max_hp_loss":0,"event_name":"Beggar","floor":19,"gold_loss":75},{"cards_removed":["hierophant:Defend_Hierophant"],"damage_healed":0,"gold_gain":0,"player_choice":"Single Remove","damage_taken":0,"max_hp_gain":0,"max_hp_loss":0,"event_name":"Designer","floor":25,"gold_loss":60},{"damage_healed":0,"gold_gain":0,"player_choice":"Copied","damage_taken":0,"max_hp_gain":0,"max_hp_loss":0,"event_name":"Duplicator","floor":37,"gold_loss":0,"cards_obtained":["hierophant:HammerAndAnvil"]},{"damage_healed":0,"gold_gain":0,"player_choice":"Max HP","damage_taken":0,"max_hp_gain":0,"max_hp_loss":4,"event_name":"Winding Halls","floor":46,"gold_loss":0},{"damage_healed":0,"gold_gain":0,"player_choice":"Ignored","damage_taken":0,"max_hp_gain":0,"max_hp_loss":0,"event_name":"Mysterious Sphere","floor":47,"gold_loss":0}],"is_beta":false,"boss_relics":[{"not_picked":["Astrolabe","Ectoplasm"],"picked":"Sozu"},{"not_picked":["Replay:Bronze Core","SlaversCollar"],"picked":"Fusion Hammer"}],"items_purged_floors":[13,20,38],"is_endless":false,"potions_floor_spawned":[4,10,14,21,22,33,36,39,42],"ascension_level":2}}