{"host":"chv1qanoipyt46jc","time":1612763247,"event":{"mods":["2.2 Compatiblity","AchievementEnabler","BaseMod","BetterRewards","CapriCore","Card Filter","Evolution","Gold Saver","Grow up Mod","Kratos Character Expansion","Minty Spire (QoL Compilation)","Rare Cards Sparkle","Relic Filter","Remove Card Discount Mod","Reorder Act Four","StSLib","The Poker Player"],"gold_per_floor":[802,818,832,842,842,868,879,893,972,982,1013,1033,1033,1052,1052,1150,1150,1160,1177,1194,1194,1194,1194,1211,1234,1234,1234,1268,1288,1288,1322,1322,1425,1475,1492,1510,1510,1560,1587,1587,1622,1622,1646,1646,1659,1674,1674,1692,1692,1692,1692,1692,1692,1724,1724],"floor_reached":56,"language":"ENG","playtime":1011,"items_purged":["KratosMod:BladeWhip","KratosMod:BladeWhip","KratosMod:Defend_K","KratosMod:Defend_K","KratosMod:Defend_K","KratosMod:Defend_K"],"score":1708,"play_id":"c767f302-f52a-4e5c-b480-40fae72149d6","local_time":"20210207234727","is_ascension_mode":false,"campfire_choices":[{"data":"KratosMod:BladeWhip","floor":13.0,"key":"SMITH"},{"data":"KratosMod:BladeWhip","floor":15.0,"key":"SMITH"},{"floor":23,"key":"RECALL"},{"data":"KratosMod:cyclone","floor":27,"key":"SMITH"},{"floor":32,"key":"REST"},{"floor":40,"key":"REST"},{"floor":42,"key":"REST"},{"floor":44,"key":"REST"},{"floor":47,"key":"REST"},{"floor":49,"key":"REST"},{"floor":53,"key":"REST"}],"circlet_count":0,"master_deck":["KratosMod:BladeWhip+1","KratosMod:BladeWhip+1","KratosMod:cyclone+1","KratosMod:AthenaBane","KratosMod:Revenge+1"],"relics":["KratosMod:eagle","EVO:Axolotl","TheAbacus","Medical Kit","Torii","Singing Bowl","Tiny Chest","War Paint","Black Star","Pen Nib","KratosMod:eagle","Bird Faced Urn","Oddly Smooth Stone","Peace Pipe","Anchor","Tiny House","Prayer Wheel","Vajra","Meat on the Bone","Du-Vu Doll","Strawberry","Akabeko","Art of War"],"acts_visited":["Exordium","TheCity","TheBeyond","TheEnding"],"potions_floor_usage":[55,55,55],"damage_taken":[{"damage":0.0,"enemies":"Cultist","floor":1.0,"turns":2.0},{"damage":11.0,"enemies":"Jaw Worm","floor":2.0,"turns":2.0},{"damage":1.0,"enemies":"2 Louse","floor":3.0,"turns":2.0},{"damage":0.0,"enemies":"2 Fungi Beasts","floor":4.0,"turns":2.0},{"damage":10.0,"enemies":"3 Sentries","floor":6.0,"turns":3.0},{"damage":11.0,"enemies":"Exordium Wildlife","floor":7.0,"turns":2.0},{"damage":7.0,"enemies":"3 Louse","floor":8.0,"turns":2.0},{"damage":10.0,"enemies":"Looter","floor":10.0,"turns":2.0},{"damage":10.0,"enemies":"Gremlin Nob","floor":11.0,"turns":3.0},{"damage":11.0,"enemies":"Large Slime","floor":12.0,"turns":2.0},{"damage":3.0,"enemies":"Lots of Slimes","floor":14.0,"turns":2.0},{"damage":0.0,"enemies":"Hexaghost","floor":16.0,"turns":2.0},{"damage":2.0,"enemies":"Chosen","floor":18.0,"turns":2.0},{"damage":0.0,"enemies":"Spheric Guardian","floor":19.0,"turns":2.0},{"damage":12.0,"enemies":"Centurion and Healer","floor":20.0,"turns":2.0},{"damage":0,"enemies":"Snecko","floor":24,"turns":2},{"damage":21,"enemies":"Slavers","floor":28,"turns":3},{"damage":0,"enemies":"Snake Plant","floor":29,"turns":1},{"damage":0,"enemies":"Gremlin Leader","floor":31,"turns":1},{"damage":0,"enemies":"Collector","floor":33,"turns":2},{"damage":0,"enemies":"Orb Walker","floor":35,"turns":1},{"damage":8,"enemies":"3 Darklings","floor":36,"turns":2},{"damage":0,"enemies":"Mind Bloom Boss Battle","floor":38,"turns":1},{"damage":0,"enemies":"Reptomancer","floor":41,"turns":1},{"damage":1,"enemies":"4 Shapes","floor":45,"turns":3},{"damage":0,"enemies":"Transient","floor":46,"turns":2},{"damage":0,"enemies":"Spire Growth","floor":48,"turns":1},{"damage":8,"enemies":"Time Eater","floor":50,"turns":2},{"damage":0,"enemies":"Shield and Spear","floor":54,"turns":2},{"damage":66,"enemies":"The Heart","floor":55,"turns":4}],"seed_played":"1031929904974795036","potions_obtained":[{"floor":1.0,"key":"PowerPotion"},{"floor":3.0,"key":"DuplicationPotion"},{"floor":7.0,"key":"LiquidBronze"},{"floor":35,"key":"LiquidBronze"}],"is_trial":false,"path_per_floor":["M","M","M","M","$","E","M","M","T","M","E","M","R","M","R","B",null,"M","M","M","?","$","R","M","T","T","R","E","M","?","E","R","B",null,"M","M","?","?","T","R","E","R","T","R","M","M","R","M","R","B",null,"$","R","E","B",null],"character_chosen":"KRATOS","items_purchased":["TheAbacus","Medical Kit","Torii","Singing Bowl"],"campfire_rested":7,"item_purchase_floors":[0,0,0,0],"current_hp_per_floor":[50,51,62,74,84,86,87,92,102,102,104,105,115,124,134,146,278,288,300,300,324,334,344,356,366,376,386,377,389,399,411,442,454,471,483,487,497,509,519,537,549,559,576,586,599,613,624,638,648,650,668,678,688,700,644],"gold":1724,"neow_bonus":"","is_daily":false,"chose_seed":false,"campfire_upgraded":3,"win_rate":0.0,"timestamp":1612763247,"path_taken":["M","M","M","M","$","E","?","M","T","M","E","M","R","M","R","BOSS","M","M","?","?","$","R","M","?","T","R","E","M","?","E","R","BOSS","M","M","?","?","?","R","E","R","T","R","M","M","R","M","R","BOSS","$","R","E","BOSS"],"items_purchased_type":["Relic","Relic","Relic","Relic"],"build_version":"2020-12-22","purchased_purges":6,"victory":true,"max_hp_per_floor":[98,110,122,134,144,156,168,180,190,200,212,224,234,246,256,268,278,290,302,314,324,334,344,356,366,376,386,398,410,420,432,442,454,471,483,495,505,517,527,537,549,559,576,586,600,614,624,638,648,658,668,678,688,700,710],"card_choices":[{"not_picked":["KratosMod:BladeWhip","KratosMod:settle","KratosMod:SmashStone"],"picked":"Singing Bowl","floor":1.0},{"not_picked":["KratosMod:BladeWhip","KratosMod:rattle","KratosMod:SmashStone"],"picked":"Singing Bowl","floor":2.0},{"not_picked":["KratosMod:Roll","KratosMod:ShieldBash","KratosMod:SmashStone"],"picked":"Singing Bowl","floor":3.0},{"not_picked":["KratosMod:Roll","KratosMod:Tempor","KratosMod:Endure"],"picked":"Singing Bowl","floor":4.0},{"not_picked":["KratosMod:Endure","KratosMod:BladeWhip","KratosMod:Tempor"],"picked":"Singing Bowl","floor":6.0},{"not_picked":["KratosMod:settle","KratosMod:Roll","KratosMod:conjuresoul"],"picked":"Singing Bowl","floor":7.0},{"not_picked":["KratosMod:ShieldBash","KratosMod:Roll","KratosMod:settle"],"picked":"Singing Bowl","floor":8.0},{"not_picked":["KratosMod:BladeWhip","KratosMod:SmashStone"],"picked":"KratosMod:Revenge","floor":10.0},{"not_picked":["KratosMod:conjuresoul","KratosMod:clawsofhades","KratosMod:ShieldBash"],"picked":"Singing Bowl","floor":11.0},{"not_picked":["KratosMod:Endure","KratosMod:settle","KratosMod:BladeWhip"],"picked":"Singing Bowl","floor":12.0},{"not_picked":["KratosMod:BladeWhip","KratosMod:Tempor","KratosMod:SmashStone"],"picked":"Singing Bowl","floor":14.0},{"not_picked":["KratosMod:styx","KratosMod:ablockalypse","KratosMod:blades"],"picked":"Singing Bowl","floor":16.0},{"not_picked":["KratosMod:Endure","KratosMod:Roll","KratosMod:ShieldBash+1"],"picked":"Singing Bowl","floor":18.0},{"not_picked":["KratosMod:conjuresoul","KratosMod:settle","KratosMod:rattle"],"picked":"Singing Bowl","floor":19.0},{"not_picked":["KratosMod:ShieldBash","KratosMod:Tempor","KratosMod:Roll"],"picked":"Singing Bowl","floor":20.0},{"not_picked":["KratosMod:Roll","KratosMod:Endure","KratosMod:conjuresoul+1"],"picked":"Singing Bowl","floor":24},{"not_picked":["KratosMod:Endure+1","KratosMod:clawsofhades","KratosMod:ShieldBash"],"picked":"Singing Bowl","floor":28},{"not_picked":["KratosMod:BladeWhip","KratosMod:ShieldBash+1","KratosMod:Tempor+1"],"picked":"Singing Bowl","floor":29},{"not_picked":["KratosMod:clawsofhades","KratosMod:Roll","KratosMod:tartarusrage"],"picked":"Singing Bowl","floor":31},{"not_picked":["KratosMod:tartarusrage","KratosMod:Revenge","KratosMod:ablockalypse"],"picked":"Singing Bowl","floor":33},{"not_picked":["KratosMod:SmashStone+1","KratosMod:Tempor","KratosMod:BladeWhip+1"],"picked":"Singing Bowl","floor":34},{"not_picked":["KratosMod:ShieldBash","KratosMod:conjuresoul+1","KratosMod:Endure+1"],"picked":"Singing Bowl","floor":35},{"not_picked":["KratosMod:Tempor+1","KratosMod:Roll","KratosMod:settle+1"],"picked":"Singing Bowl","floor":36},{"not_picked":["KratosMod:settle","KratosMod:SmashStone+1","KratosMod:BladeWhip+1"],"picked":"Singing Bowl","floor":38},{"not_picked":["KratosMod:Endure+1","KratosMod:Roll+1","KratosMod:conjuresoul"],"picked":"Singing Bowl","floor":41},{"not_picked":["KratosMod:settle","KratosMod:clawsofhades+1","KratosMod:Tempor+1"],"picked":"Singing Bowl","floor":45},{"not_picked":["KratosMod:Revenge","KratosMod:ShieldBash+1","KratosMod:Tempor"],"picked":"Singing Bowl","floor":45},{"not_picked":["KratosMod:settle","KratosMod:Endure","KratosMod:SmashStone"],"picked":"Singing Bowl","floor":46},{"not_picked":["KratosMod:SmashStone","KratosMod:Roll","KratosMod:rattle"],"picked":"Singing Bowl","floor":46},{"not_picked":["KratosMod:clawsofhades+1","KratosMod:Roll","KratosMod:SmashStone"],"picked":"Singing Bowl","floor":48},{"not_picked":["KratosMod:ShieldBash","KratosMod:Roll+1","KratosMod:Endure+1"],"picked":"Singing Bowl","floor":48},{"not_picked":["KratosMod:tartarusrage","KratosMod:BladeWhip","KratosMod:Roll+1"],"picked":"Singing Bowl","floor":54}],"player_experience":398041,"relics_obtained":[{"floor":6.0,"key":"Tiny Chest"},{"floor":11.0,"key":"War Paint"},{"floor":25,"key":"Pen Nib"},{"floor":26,"key":"KratosMod:eagle"},{"floor":28,"key":"Bird Faced Urn"},{"floor":28,"key":"Oddly Smooth Stone"},{"floor":31,"key":"Peace Pipe"},{"floor":31,"key":"Anchor"},{"floor":38,"key":"Prayer Wheel"},{"floor":39,"key":"Vajra"},{"floor":41,"key":"Meat on the Bone"},{"floor":41,"key":"Du-Vu Doll"},{"floor":43,"key":"Strawberry"},{"floor":54,"key":"Akabeko"},{"floor":54,"key":"Art of War"}],"event_choices":[{"damage_healed":104,"gold_gain":0,"player_choice":"Heal","damage_taken":0,"max_hp_gain":0,"max_hp_loss":0,"event_name":"The Library","floor":21,"gold_loss":0},{"cards_removed":["Secret Technique"],"damage_healed":0,"gold_gain":0,"player_choice":"Elegance","damage_taken":0,"max_hp_gain":0,"max_hp_loss":0,"event_name":"Back to Basics","floor":30,"gold_loss":0},{"damage_healed":0,"gold_gain":0,"player_choice":"Ignored","damage_taken":0,"max_hp_gain":0,"max_hp_loss":0,"event_name":"Tomb of Lord Red Mask","floor":37,"gold_loss":0},{"damage_healed":0,"gold_gain":0,"player_choice":"Fight","damage_taken":0,"max_hp_gain":0,"max_hp_loss":0,"event_name":"MindBloom","floor":38,"gold_loss":0}],"is_beta":false,"boss_relics":[{"not_picked":["Busted Crown","Astrolabe"],"picked":"Black Star"},{"not_picked":["Calling Bell","Runic Dome"],"picked":"Tiny House"}],"items_purged_floors":[0,0,0,0,0,0],"is_endless":false,"potions_floor_spawned":[1,3,7,8,12,16,18,29,31,35,36,48,54],"ascension_level":0}}