{"host":"khkox7sggahain0a","time":1612808029,"event":{"mods":["100% Spire Juice","Act Like it!","Arknights","BaseMod","Downfall","Gensokyo","Lobotomy","LobotomyExtend","Marisa£®ÏF”Í°°ƒß¿Ì…≥£©","Minty Spire (QoL Compilation)","Quick Restart","StSLib","The Animator","Waifu the Spire","°æ“≈ŒÔø®≈∆°øREMEMod"],"gold_per_floor":[288,310,343,4,36,70,90,100,100],"floor_reached":8,"language":"ZHS","playtime":644,"items_purged":[],"score":66,"play_id":"6a05a8af-3488-470b-bfc8-52b0f3e9d71a","local_time":"20210209021349","is_ascension_mode":true,"campfire_choices":[],"circlet_count":0,"master_deck":["animator:Strike_Kancolle","animator:Defend_Kancolle","animator:Strike","animator:Strike","animator:Defend","animator:Defend","animator:Shimakaze","animator:Verdia","animator:Eris","Immolate","animator:Shion","animator:Hans","animator:KyokoSakura","animator:TanyaDegurechaff","animator:Tatsumaki","animator:YachiyoNanami","animator:HigakiRinne"],"relics":["animator:LivingPicture","animator:TheMissingPiece","REME_ComplimentaryCards","LetterFromLob","animator:ShionDessert","REME_LimitBreaker"],"acts_visited":["Exordium"],"potions_floor_usage":[8],"damage_taken":[{"damage":11.0,"enemies":"Cultist","floor":1.0,"turns":5.0},{"damage":14.0,"enemies":"Small Slimes","floor":2.0,"turns":3.0},{"damage":12.0,"enemies":"Jaw Worm","floor":3.0,"turns":4.0},{"damage":0.0,"enemies":"Large Slime","floor":5.0,"turns":5.0},{"damage":20.0,"enemies":"Lagavulin","floor":6.0,"turns":6.0},{"damage":0.0,"enemies":"Gremlin Gang","floor":7.0,"turns":1.0},{"damage":5,"enemies":"3 Sentries","floor":8,"turns":7}],"seed_played":"-5349016273491420750","potions_obtained":[{"floor":1.0,"key":"REME_GoldPotion"},{"floor":2.0,"key":"LiquidBronze"},{"floor":6.0,"key":"LiquidBronze"},{"floor":7.0,"key":"Dexterity Potion"}],"is_trial":false,"path_per_floor":["M","M","M","$","M","E","M","E"],"character_chosen":"THE_ANIMATOR","items_purchased":["animator:ShionDessert","animator:TanyaDegurechaff"],"campfire_rested":0,"item_purchase_floors":[4,4],"current_hp_per_floor":[40,29,20,20,23,7,10,8,8],"gold":100,"neow_bonus":"TRANSFORM_TWO_CARDS","is_daily":false,"chose_seed":false,"campfire_upgraded":0,"win_rate":0.0,"timestamp":1612808029,"path_taken":["M","?","M","$","?","E","M","E"],"items_purchased_type":["Relic","Card"],"build_version":"2020-12-22","purchased_purges":0,"victory":false,"max_hp_per_floor":[66,66,66,66,66,67,67,67,67],"card_choices":[{"not_picked":["animator:Tet","animator:SilverFang"],"picked":"animator:Shion","floor":1.0},{"not_picked":["animator:YuiTsuruno","animator:Mikaela"],"picked":"animator:Hans","floor":2.0},{"not_picked":["animator:Azekura","animator:DolaRiku"],"picked":"animator:KyokoSakura","floor":3.0},{"not_picked":["animator:Geryuganshoop","animator:Genos"],"picked":"animator:Tatsumaki","floor":5.0},{"not_picked":["animator:Shigure","animator:Aqua"],"picked":"animator:YachiyoNanami","floor":6.0},{"not_picked":["animator:YuiTsuruno","animator:IrohaTamaki"],"picked":"animator:HigakiRinne","floor":7.0}],"player_experience":330520,"relics_obtained":[{"floor":1.0,"key":"LetterFromLob"},{"floor":6.0,"key":"REME_LimitBreaker"}],"event_choices":[],"is_beta":false,"boss_relics":[],"items_purged_floors":[],"is_endless":false,"potions_floor_spawned":[1,2,6,7],"killed_by":"3 Sentries","ascension_level":2}}