{"host":"6p0attdrtjqaih7v","time":1612762275,"event":{"mods":["2.2 Compatiblity","AchievementEnabler","Bard","BaseMod","Better Skull","Better Third Choice","Colored Powertips","Hermit","Highlight Path","Key Reminder","Minty Spire (QoL Compilation)","Permanent Neow","Quick Restart","Random Character Button","Relic Stats","Reliquary","Replay The Spire","Robot Space Explorer","StSLib","The Hayseed","The Witch"],"gold_per_floor":[111,180,196,212,212,242,16,33,33,48,48,74,74,101,101,196,196,210,226,243,52,68,102,2,2,2,16,16,16,30,41,41,136,136,156,156,170,170,190,206,206,30,30,46,15,45,45,79,79,79],"floor_reached":51,"language":"ENG","playtime":3198,"items_purged":["Strike_Witch","Strike_Witch"],"score":1366,"play_id":"0d9120f8-6441-46b7-bb32-9f98555ce159","local_time":"20210208003115","is_ascension_mode":true,"campfire_choices":[{"data":"MagicFang","floor":13,"key":"SMITH"},{"data":"GrimVengeance","floor":15,"key":"SMITH"},{"data":"SummonRatFamiliar","floor":25,"key":"SMITH"},{"floor":28,"key":"REST"},{"data":"Schadenfreude","floor":32,"key":"SMITH"},{"data":"ChosenOfTheMoon","floor":41,"key":"SMITH"},{"data":"Puncture","floor":47,"key":"SMITH"},{"data":"Schadenfreude","floor":49,"key":"SMITH"}],"circlet_count":0,"master_deck":["AscendersBane","Defend_Witch","Defend_Witch","Defend_Witch","Defend_Witch","Hexguard","ZombieSpit","DireShriek","SkullFlask+1","SoulBarrier","GhoulTouch","GrimVengeance+1","BoneCarving","BoneCarving","MagicFang+1","SummonRatFamiliar+1","ChosenOfTheMoon+1","AbeCurse","BlackBolt","Puncture+1","GhoulTouch","VileEgg","Schadenfreude+1","J.A.X.","KarmaDrain+1","GrimVengeance+1","Shrooms","Dramatic Entrance","Secret Technique","Flash of Steel","Flash of Steel","Master of Strategy","GnarledBody","Schadenfreude+1","GhoulTouch","Parasite","Schadenfreude","SkullFlask+1"],"relics":["BlackCat","reliquary:NewFriend","Bird Faced Urn","Mercury Hourglass","FossilizedHelix","Blue Doll","Abe\u0027s Treasure","Simple Rune","reliquary:PorcupineQuills","Replay:Drink Me","Happy Flower","Replay:Kaleidoscope","Boot"],"acts_visited":["Exordium","TheCity","TheBeyond"],"potions_floor_usage":[6,12,16,18,23,30,33,35,50],"damage_taken":[{"damage":1,"enemies":"Cultist","floor":1,"turns":4},{"damage":2,"enemies":"Jaw Worm","floor":3,"turns":3},{"damage":0,"enemies":"Small Slimes","floor":4,"turns":3},{"damage":14,"enemies":"Lagavulin","floor":6,"turns":7},{"damage":0,"enemies":"3 Louse","floor":8,"turns":1},{"damage":0,"enemies":"Looter","floor":10,"turns":2},{"damage":10,"enemies":"3 Sentries","floor":12,"turns":4},{"damage":0,"enemies":"Replay:BlueRogue","floor":14,"turns":4},{"damage":30,"enemies":"Hexaghost","floor":16,"turns":5},{"damage":3,"enemies":"3 Byrds","floor":18,"turns":3},{"damage":0,"enemies":"Spheric Guardian","floor":19,"turns":4},{"damage":8,"enemies":"Snecko","floor":20,"turns":5},{"damage":12,"enemies":"Cultist and Chosen","floor":22,"turns":4},{"damage":5,"enemies":"Slavers","floor":23,"turns":5},{"damage":23,"enemies":"Snake Plant","floor":27,"turns":3},{"damage":19,"enemies":"Centurion and Healer","floor":30,"turns":6},{"damage":7,"enemies":"Cultist and Chosen","floor":31,"turns":5},{"damage":3,"enemies":"Champ","floor":33,"turns":6},{"damage":0,"enemies":"3 Shapes","floor":35,"turns":3},{"damage":0,"enemies":"Orb Walker","floor":37,"turns":3},{"damage":0,"enemies":"Jaw Worm Horde","floor":39,"turns":4},{"damage":0,"enemies":"3 Darklings","floor":40,"turns":4},{"damage":11,"enemies":"Writhing Mass","floor":44,"turns":4},{"damage":0,"enemies":"Giant Head","floor":46,"turns":6},{"damage":3,"enemies":"Nemesis","floor":48,"turns":5},{"damage":15,"enemies":"Time Eater","floor":50,"turns":12}],"seed_played":"-7079001571749855148","potions_obtained":[{"floor":4,"key":"SpeedPotion"},{"floor":8,"key":"Adrenaline Potion"},{"floor":12,"key":"Explosive Potion"},{"floor":19,"key":"CultistPotion"},{"floor":27,"key":"ColorlessPotion"},{"floor":33,"key":"ColorlessPotion"},{"floor":35,"key":"PowerPotion"}],"is_trial":false,"path_per_floor":["M","T","M","M","?","E","$","M","T","M","?","E","R","E","R","B",null,"M","M","M","$","M","E","$","R","T","M","R","?","M","M","R","B",null,"M","?","M","?","M","M","R","$","T","M","$","E","R","E","R","B",null],"character_chosen":"WITCH","items_purchased":["GrimVengeance","BoneCarving","SpeedPotion","Swift Potion","GhoulTouch","Death Potion","Schadenfreude","GhoulTouch","Reflective Coating","Schadenfreude"],"campfire_rested":1,"item_purchase_floors":[7,7,7,7,21,21,42,42,42,45],"current_hp_per_floor":[59,59,57,57,57,43,43,43,43,45,71,61,61,61,61,35,62,59,61,59,59,51,53,53,53,53,37,58,58,50,56,56,68,54,54,44,54,44,54,54,54,54,54,49,49,54,54,53,53,44],"gold":79,"neow_bonus":"THREE_RARE_CARDS","is_daily":false,"chose_seed":false,"campfire_upgraded":7,"win_rate":0.0,"timestamp":1612762275,"path_taken":["M","?","M","M","?","E","$","M","T","M","?","E","R","E","R","BOSS","M","M","M","$","M","E","?","R","T","M","R","?","M","M","R","BOSS","M","?","M","?","?","M","R","$","T","M","?","E","R","E","R","BOSS"],"items_purchased_type":["Card","Card","Potion","Potion","Card","Potion","Card","Card","Potion","Card"],"build_version":"2020-12-22","purchased_purges":2,"victory":true,"max_hp_per_floor":[61,61,61,61,61,61,61,61,61,61,71,71,71,71,71,71,71,71,71,71,71,71,71,71,71,71,71,71,71,71,71,71,71,54,54,54,54,54,54,54,54,54,54,54,54,54,54,54,54,54],"relic_stats":{"Happy Flower":[9],"counters":[26,114],"Bird Faced Urn":[87],"Boot":[0],"obtain_stats":[{"Happy Flower":43,"Blue Doll":14,"Replay:Kaleidoscope":46,"Boot":48,"BlackCat":0,"Mercury Hourglass":9,"reliquary:PorcupineQuills":26,"Bird Faced Urn":6,"reliquary:NewFriend":2,"Simple Rune":23,"Replay:Drink Me":34,"FossilizedHelix":12,"Abe\u0027s Treasure":17},{"Happy Flower":22,"Blue Doll":8,"Replay:Kaleidoscope":24,"Boot":25,"BlackCat":0,"Mercury Hourglass":5,"reliquary:PorcupineQuills":14,"Bird Faced Urn":4,"reliquary:NewFriend":1,"Simple Rune":14,"Replay:Drink Me":18,"FossilizedHelix":7,"Abe\u0027s Treasure":9},{"Happy Flower":88,"Blue Doll":28,"Replay:Kaleidoscope":98,"Boot":103,"BlackCat":0,"Mercury Hourglass":18,"reliquary:PorcupineQuills":54,"Bird Faced Urn":17,"reliquary:NewFriend":4,"Simple Rune":54,"Replay:Drink Me":74,"FossilizedHelix":24,"Abe\u0027s Treasure":33}],"Mercury Hourglass":[337]},"card_choices":[{"not_picked":["Twitch","SummonToadFamiliar"],"picked":"DireShriek","floor":0},{"not_picked":["Thundercloud","CrystalResonance"],"picked":"SkullFlask","floor":1},{"not_picked":["Thundercloud","MementoMori"],"picked":"SoulBarrier","floor":3},{"not_picked":["BlackShield","Demonfyre"],"picked":"GhoulTouch","floor":4},{"not_picked":["Bewitch","GnarledBody"],"picked":"DireShriek","floor":6},{"not_picked":["SoulBarrier","Thundercloud"],"picked":"BoneCarving","floor":8},{"not_picked":["Broomstick","Decrepify","WretchedNails"],"picked":"SKIP","floor":10},{"not_picked":["RoilingBarrier","WickedThoughts"],"picked":"MagicFang","floor":12},{"not_picked":["Athame","MementoMori"],"picked":"SummonRatFamiliar","floor":14},{"not_picked":["EvilEye","SummonToadFamiliar"],"picked":"ChosenOfTheMoon","floor":16},{"not_picked":["Pillage","Broomstick"],"picked":"BlackBolt","floor":18},{"not_picked":["SoulBarrier","MagicFang","LivingBomb"],"picked":"SKIP","floor":19},{"not_picked":["SoulBarrier","MagicFang","LivingBomb"],"picked":"SKIP","floor":19},{"not_picked":["GnarledBody","WickedThoughts"],"picked":"Puncture","floor":20},{"not_picked":["Harmlessness","RoilingBarrier"],"picked":"VileEgg","floor":22},{"not_picked":["SummonRatFamiliar+1","RiteOfAutumn+1"],"picked":"DeliriumForm","floor":23},{"not_picked":["Decrepify","IllOmen"],"picked":"Schadenfreude","floor":27},{"not_picked":["WretchedNails+1","GnarledBody+1"],"picked":"KarmaDrain+1","floor":30},{"not_picked":["BleedOut","MementoMori+1"],"picked":"GrimVengeance+1","floor":31},{"not_picked":["NighInvulnerability","BoneCarving+1"],"picked":"Shrooms","floor":35},{"not_picked":["Dark Shackles","Transmutation"],"picked":"Dramatic Entrance","floor":36},{"not_picked":["Bandage Up","Trip"],"picked":"Secret Technique","floor":36},{"not_picked":["PainBolt","BleedOut","SaltCircle+1"],"picked":"SKIP","floor":37},{"not_picked":["PainBolt","BleedOut","SaltCircle+1"],"picked":"SKIP","floor":37},{"not_picked":["Swift Strike","PanicButton"],"picked":"Flash of Steel","floor":38},{"not_picked":["ReplayTheSpireMod:Private Reserves","Panacea"],"picked":"Flash of Steel","floor":38},{"not_picked":["Dark Shackles","Purity"],"picked":"Master of Strategy","floor":38},{"not_picked":["CorruptBlood","BoneCarving+1"],"picked":"GnarledBody","floor":39},{"not_picked":["RoilingBarrier+1","BlackShield+1","Puncture+1"],"picked":"SKIP","floor":40},{"not_picked":["MercuryWand","SummonRatFamiliar","Thundercloud"],"picked":"SKIP","floor":44},{"not_picked":["PlagueSpreader+1","CorruptBlood+1","Atonement+1"],"picked":"SKIP","floor":46},{"not_picked":["Thundercloud+1","SummonRavenFamiliar"],"picked":"SkullFlask+1","floor":48}],"player_experience":1073258,"relics_obtained":[{"floor":2,"key":"reliquary:NewFriend"},{"floor":6,"key":"Bird Faced Urn"},{"floor":9,"key":"Mercury Hourglass"},{"floor":12,"key":"FossilizedHelix"},{"floor":14,"key":"Blue Doll"},{"floor":23,"key":"Simple Rune"},{"floor":26,"key":"reliquary:PorcupineQuills"},{"floor":43,"key":"Happy Flower"},{"floor":46,"key":"Replay:Kaleidoscope"},{"floor":48,"key":"Boot"}],"event_choices":[{"cards_removed":["DireShriek"],"damage_healed":16,"gold_gain":0,"player_choice":"Offered Rare","damage_taken":0,"max_hp_gain":10,"max_hp_loss":0,"event_name":"Bonfire Elementals","floor":11,"gold_loss":0},{"damage_healed":0,"gold_gain":0,"player_choice":"Obtain J.A.X.","damage_taken":0,"max_hp_gain":0,"max_hp_loss":0,"event_name":"Drug Dealer","floor":29,"gold_loss":0,"cards_obtained":["J.A.X."]},{"damage_healed":0,"gold_gain":0,"player_choice":"Memory 3","damage_taken":10,"max_hp_gain":0,"max_hp_loss":0,"event_name":"SensoryStone","floor":36,"gold_loss":0},{"damage_healed":0,"gold_gain":0,"player_choice":"Random: Blue","damage_taken":0,"max_hp_gain":0,"max_hp_loss":0,"event_name":"betterThird:BetterPortal","floor":38,"gold_loss":0},{"damage_healed":0,"gold_gain":0,"player_choice":"Memory 3","damage_taken":10,"max_hp_gain":0,"max_hp_loss":0,"event_name":"SensoryStone","floor":38,"gold_loss":0}],"is_beta":false,"boss_relics":[{"not_picked":["Runic Dome","Sozu"],"picked":"Abe\u0027s Treasure"},{"not_picked":["Calling Bell","Pandora\u0027s Box"],"picked":"Replay:Drink Me"}],"items_purged_floors":[21,24],"is_endless":false,"potions_floor_spawned":[4,8,12,19,22,27,33,35,46,48],"ascension_level":11}}