{"host":"vrqilyg3eq27f2tn","time":1612823851,"event":{"mods":["2.2 Compatiblity","Aspiration","BaseMod","Colored Powertips","Downfall","Friendly Minions","Hermit","Minty Spire (QoL Compilation)","Relic Stats","Reliquary","Replay The Spire","StSLib","The Cursed"],"gold_per_floor":[99,114,99,99,301,301,328,328,346,375,193,207,99,118,135,233,233,233,243,343,355,630,646,670,685,238,238,523,535,861,873,893,998,998,998,1009,1009,1019,426,426,500,516,533,126,146,163,183,217,229,229],"floor_reached":51,"language":"ENG","playtime":4368,"items_purged":["Regret"],"score":805,"play_id":"faec7619-ac48-49e9-bf2b-c1b5e9ac1c7b","local_time":"20210208173731","is_ascension_mode":false,"campfire_choices":[{"data":"hexamod:Float","floor":1,"key":"SMITH"},{"data":"hexamod:TurnItUp","floor":8,"key":"SMITH"},{"data":"expansioncontent:DashGenerateEvil","floor":18,"key":"SMITH"},{"data":"hexamod:Rewind","floor":27,"key":"SMITH"},{"data":"hexamod:TimeWarp","floor":35,"key":"SMITH"}],"circlet_count":0,"master_deck":["hexamod:Strike","hexamod:Strike","hexamod:Strike","hexamod:Strike","hexamod:Defend","hexamod:Defend","hexamod:Defend","hexamod:Defend","hexamod:Sear","hexamod:Float+1","hexamod:ThermalTransfer","hexamod:TurnItUp+1","hexamod:FirstSeal","hexamod:HauntingEcho","hexamod:Rewind+1","hexamod:GhostOfSpireFuture","expansioncontent:DashGenerateEvil+1","hexamod:WildfireWeapon","hexamod:FastForward","hexamod:SkipABeat+1","Conserve Battery","Rainbow","Reinforced Body","hexamod:TimeWarp+1","hexamod:ForkedFlame","Cold Snap+1","Parasite","aspiration:Polymerization+1"],"relics":["hexamod:SpiritBrand","reliquary:TuningFork","Incense Burner","reliquary:TatteredRug","White Beast Statue","reliquary:RosewoodLute","Sling","aspiration:DefectSkillbook","StoneCalendar","reliquary:TridentHead","Ancient Tea Set","Durian","TheAbacus","Chemical X","Old Coin","hexamod:IceCube","Thread and Needle","ClockworkSouvenir","Question Card","Molten Egg 2","Toy Ornithopter","reliquary:BoilingFlask"],"acts_visited":["Exordium","TheCity","TheBeyond"],"potions_floor_usage":[16,50,50],"damage_taken":[{"damage":1,"enemies":"Jaw Worm","floor":2,"turns":3},{"damage":5,"enemies":"downfall:FleeingMerchant","floor":3,"turns":4},{"damage":0,"enemies":"Small Slimes","floor":9,"turns":3},{"damage":11,"enemies":"Gremlin Nob","floor":10,"turns":5},{"damage":5,"enemies":"downfall:FleeingMerchant","floor":11,"turns":4},{"damage":0,"enemies":"2 Louse","floor":12,"turns":2},{"damage":10,"enemies":"downfall:FleeingMerchant","floor":13,"turns":4},{"damage":12,"enemies":"Exordium Thugs","floor":14,"turns":5},{"damage":0,"enemies":"Large Slime","floor":15,"turns":3},{"damage":9,"enemies":"SI_SHIV_ARCHETYPE","floor":16,"turns":11},{"damage":14,"enemies":"Spheric Guardian","floor":19,"turns":4},{"damage":1,"enemies":"Colosseum Nobs","floor":20,"turns":4},{"damage":0,"enemies":"3 Byrds","floor":21,"turns":5},{"damage":13,"enemies":"Shelled Parasite and Fungi","floor":23,"turns":5},{"damage":13,"enemies":"Centurion and Healer","floor":25,"turns":6},{"damage":23,"enemies":"downfall:FleeingMerchant","floor":26,"turns":4},{"damage":0,"enemies":"downfall:FleeingMerchant","floor":28,"turns":2},{"damage":5,"enemies":"Sentry and Sphere","floor":29,"turns":6},{"damage":8,"enemies":"Book of Stabbing","floor":30,"turns":6},{"damage":10,"enemies":"3 Cultists","floor":31,"turns":5},{"damage":7,"enemies":"Shelled Parasite and Fungi","floor":32,"turns":6},{"damage":24,"enemies":"DF_ARCHETYPE_CLAW","floor":33,"turns":9},{"damage":17,"enemies":"3 Darklings","floor":36,"turns":7},{"damage":0,"enemies":"Orb Walker","floor":38,"turns":4},{"damage":2,"enemies":"3 Darklings","floor":42,"turns":4},{"damage":1,"enemies":"Sphere and 2 Shapes","floor":43,"turns":4},{"damage":0,"enemies":"Spire Growth","floor":45,"turns":4},{"damage":10,"enemies":"4 Shapes","floor":46,"turns":4},{"damage":0,"enemies":"Writhing Mass","floor":47,"turns":6},{"damage":21,"enemies":"Giant Head","floor":48,"turns":8},{"damage":0,"enemies":"Sphere and 2 Shapes","floor":49,"turns":4},{"damage":74,"enemies":"IC_BLOCK_ARCHETYPE","floor":50,"turns":14}],"seed_played":"9065741577586242408","potions_obtained":[{"floor":11,"key":"LiquidBronze"},{"floor":12,"key":"Swift Potion"},{"floor":13,"key":"Cursed Concoction"},{"floor":14,"key":"bronze:BurnAndBuffPotion"},{"floor":15,"key":"Dexterity Potion"},{"floor":16,"key":"Weak Potion"},{"floor":19,"key":"FearPotion"},{"floor":20,"key":"AttackPotion"},{"floor":28,"key":"GamblersBrew"},{"floor":29,"key":"ColorlessPotion"},{"floor":30,"key":"Weak Potion"},{"floor":32,"key":"Explosive Potion"},{"floor":42,"key":"FairyPotion"},{"floor":43,"key":"LifebloodPotion"}],"is_trial":false,"path_per_floor":["R","M","$","?","?","?","T","R","M","E","$","M","$","M","M","B",null,"R","M","?","M","?","M","T","M","$","R","$","M","E","M","M","B",null,"R","M","?","M","$","?","T","M","M","$","M","M","M","E","M","B",null],"character_chosen":"THE_SPIRIT","items_purchased":["expansioncontent:DashGenerateEvil","reliquary:RosewoodLute","Sling","Durian","TheAbacus","Chemical X","Thread and Needle","ClockworkSouvenir","hexamod:ForkedFlame","Molten Egg 2","Toy Ornithopter"],"campfire_rested":0,"item_purchase_floors":[11,13,13,26,26,28,39,39,39,44,44],"current_hp_per_floor":[70,69,64,57,40,37,37,37,37,26,21,21,18,13,13,4,70,70,63,62,69,69,56,56,50,39,39,46,48,47,44,44,27,75,75,65,65,65,65,65,65,70,75,75,75,65,72,58,58,29],"gold":229,"neow_bonus":"RANDOM_COMMON_RELIC","is_daily":false,"chose_seed":false,"campfire_upgraded":5,"win_rate":0.0,"timestamp":1612823851,"path_taken":["R","M","$","?","?","?","T","R","M","E","$","?","$","M","M","BOSS","R","M","?","M","?","M","T","?","$","R","$","M","E","M","M","BOSS","R","M","?","M","$","?","T","?","M","$","M","M","M","E","M","BOSS"],"items_purchased_type":["Card","Relic","Relic","Relic","Relic","Relic","Relic","Relic","Card","Relic","Relic"],"build_version":"2020-12-22","purchased_purges":1,"victory":true,"max_hp_per_floor":[70,70,70,70,70,70,70,70,70,70,70,70,70,70,70,70,70,70,70,70,70,70,70,70,70,75,75,75,75,75,75,75,75,75,75,75,75,75,75,75,75,75,75,75,75,75,75,75,75,75],"relic_stats":{"TheAbacus":[60],"counters":[32,157],"StoneCalendar":[156],"Chemical X":[13],"Question Card":7,"obtain_stats":[{"reliquary:BoilingFlask":48,"StoneCalendar":20,"Thread and Needle":39,"reliquary:TatteredRug":7,"Incense Burner":6,"reliquary:RosewoodLute":13,"Sling":13,"Ancient Tea Set":24,"Question Card":41,"White Beast Statue":10,"Old Coin":30,"ClockworkSouvenir":39,"reliquary:TridentHead":20,"TheAbacus":26,"aspiration:DefectSkillbook":17,"Molten Egg 2":44,"reliquary:TuningFork":0,"Durian":26,"Chemical X":28,"hexamod:SpiritBrand":0,"hexamod:IceCube":34,"Toy Ornithopter":44},{"reliquary:BoilingFlask":30,"StoneCalendar":12,"Thread and Needle":24,"reliquary:TatteredRug":2,"Incense Burner":2,"reliquary:RosewoodLute":7,"Sling":7,"Ancient Tea Set":14,"Question Card":24,"White Beast Statue":4,"Old Coin":19,"ClockworkSouvenir":24,"reliquary:TridentHead":12,"TheAbacus":16,"aspiration:DefectSkillbook":10,"Molten Egg 2":26,"reliquary:TuningFork":0,"Durian":16,"Chemical X":17,"hexamod:SpiritBrand":0,"hexamod:IceCube":22,"Toy Ornithopter":26},{"reliquary:BoilingFlask":139,"StoneCalendar":52,"Thread and Needle":111,"reliquary:TatteredRug":7,"Incense Burner":7,"reliquary:RosewoodLute":25,"Sling":25,"Ancient Tea Set":60,"Question Card":111,"White Beast Statue":15,"Old Coin":83,"ClockworkSouvenir":111,"reliquary:TridentHead":52,"TheAbacus":70,"aspiration:DefectSkillbook":44,"Molten Egg 2":118,"reliquary:TuningFork":0,"Durian":70,"Chemical X":72,"hexamod:SpiritBrand":0,"hexamod:IceCube":101,"Toy Ornithopter":118}],"Toy Ornithopter":10},"card_choices":[{"not_picked":["hexamod:DynamicBlow","hexamod:NightmareStrike"],"picked":"hexamod:ThermalTransfer","floor":2},{"not_picked":["hexamod:AdvancingGuard","hexamod:RetreatToShadows"],"picked":"hexamod:TurnItUp","floor":3},{"not_picked":["hexamod:ThermalTransfer","hexamod:ExtraCrispy"],"picked":"hexamod:HauntingEcho","floor":5},{"not_picked":["hexamod:SpectralAdrenaline","hexamod:ShieldOfDarkness"],"picked":"hexamod:Rewind","floor":9},{"not_picked":["hexamod:HeatMetal","hexamod:Incineration"],"picked":"hexamod:GhostOfSpireFuture","floor":10},{"not_picked":["hexamod:Firestarter","hexamod:HeatMetal","hexamod:BacktrackSmack"],"picked":"SKIP","floor":11},{"not_picked":["hexamod:NecessarySacrifice","hexamod:SpectersWail","hexamod:Hexaguard"],"picked":"SKIP","floor":12},{"not_picked":["hexamod:SixthSeal","hexamod:HeatMetal","hexamod:RainOfEmbers"],"picked":"SKIP","floor":13},{"not_picked":["hexamod:BacktrackSmack","hexamod:PhantomFireball","hexamod:HeatMetal"],"picked":"SKIP","floor":14},{"not_picked":["hexamod:InspiringFlames","hexamod:SecondSeal","hexamod:RetreatToShadows"],"picked":"SKIP","floor":15},{"not_picked":["hexamod:UnleashSpirits","hexamod:UnlimitedPower"],"picked":"hexamod:WildfireWeapon","floor":16},{"not_picked":["hexamod:GhostflameBarrier","Compile Driver","hexamod:NightmareStrike","hexamod:SpectersWail"],"picked":"SKIP","floor":19},{"not_picked":["Sweeping Beam+1","hexamod:AdvancingGuard+1","Beam Cell","hexamod:SpectersWail"],"picked":"SKIP","floor":21},{"not_picked":["Glacier","ReplayTheSpireMod:Repulse","BasicCrystalCard"],"picked":"hexamod:FastForward","floor":23},{"not_picked":["hexamod:Hexaguard","Coolheaded","hexamod:BurningTouch"],"picked":"hexamod:SkipABeat+1","floor":25},{"not_picked":["Darkness","hexamod:ThermalTransfer","FTL+1"],"picked":"Conserve Battery","floor":26},{"not_picked":["Capacitor","hexamod:HauntingEcho","Time Bomb"],"picked":"Rainbow","floor":28},{"not_picked":["Steam Power","hexamod:Hexaguard","hexamod:SwordOfDarkness","Conserve Battery"],"picked":"SKIP","floor":29},{"not_picked":["Fusion","hexamod:RainOfEmbers+1","hexamod:ShieldOfDarkness","hexamod:ThermalTransfer"],"picked":"SKIP","floor":30},{"not_picked":["hexamod:NightmareGuise","hexamod:Hexaguard","Force Field"],"picked":"Reinforced Body","floor":31},{"not_picked":["Storm","hexamod:GhostflameBarrier","FTL","Capacitor+1"],"picked":"SKIP","floor":32},{"not_picked":["Seek","hexamod:ParanormalForm","Hyperbeam"],"picked":"hexamod:TimeWarp","floor":33},{"not_picked":["FTL","hexamod:GhostLash+1","hexamod:Hexaguard+1","hexamod:NightmareStrike"],"picked":"SKIP","floor":36},{"not_picked":["FIFO Queue","BasicCrystalCard","Coolheaded+1","hexamod:Hexaguard"],"picked":"SKIP","floor":38},{"not_picked":["White Noise+1","Go for the Eyes+1","hexamod:ThermalTransfer","Redo+1","Stack+1"],"picked":"SKIP","floor":42},{"not_picked":["Fusion","Consume","hexamod:PhantomCloak+1","Panic Button+1","hexamod:ThermalTransfer+1"],"picked":"SKIP","floor":43},{"not_picked":["Barrage+1","Go for the Eyes+1","Fusion","Seek","hexamod:ExtraCrispy+1"],"picked":"SKIP","floor":45},{"not_picked":["hexamod:Haunt+1","hexamod:PhantomFireball+1","Redo+1","Conserve Battery"],"picked":"Cold Snap+1","floor":46},{"not_picked":["Rainbow","ReplayTheSpireMod:Repulse","hexamod:ShieldOfDarkness+1","hexamod:ThermalTransfer+1"],"picked":"aspiration:Polymerization+1","floor":47},{"not_picked":["Rip and Tear+1","hexamod:NecessarySacrifice","Ball Lightning+1","Turbo","hexamod:FastForward+1"],"picked":"SKIP","floor":48},{"not_picked":["Lockon+1","hexamod:BacktrackSmack+1","Redo","hexamod:HauntingEcho+1","hexamod:EmpoweredFlame"],"picked":"SKIP","floor":49}],"player_experience":351518,"relics_obtained":[{"floor":7,"key":"reliquary:TatteredRug"},{"floor":10,"key":"White Beast Statue"},{"floor":20,"key":"StoneCalendar"},{"floor":20,"key":"reliquary:TridentHead"},{"floor":24,"key":"Ancient Tea Set"},{"floor":30,"key":"Old Coin"},{"floor":41,"key":"Question Card"},{"floor":48,"key":"reliquary:BoilingFlask"}],"event_choices":[{"damage_healed":0,"gold_gain":0,"player_choice":"Success","damage_taken":3,"relics_obtained":["Incense Burner"],"max_hp_gain":0,"max_hp_loss":0,"event_name":"Scrap Ooze","floor":6,"gold_loss":0}],"is_beta":false,"boss_relics":[{"not_picked":["aspiration:PoetsPen_weak","ChewingGum"],"picked":"aspiration:DefectSkillbook"},{"not_picked":["Honey Jar","bronze:MakeshiftBattery"],"picked":"hexamod:IceCube"}],"items_purged_floors":[26],"is_endless":false,"potions_floor_spawned":[11,12,13,14,15,16,19,20,21,23,25,26,28,29,30,31,32,33,36,38,42,43,45,46,47,48,49],"ascension_level":0}}