{"host":"dwyzfvnzfcqffr30","time":1612792993,"event":{"mods":["2.2 Compatiblity","Act Like it!","Aspiration","BaseMod","Beaked The Cultist","Better Altar","Better Match","Better Note","Better Sensory Stone","Better Skull","Better Third Choice","Clockwork Mod","Colored Map","Colored Powertips","Conspire","Downfall","Elementarium","GifTheSpireLib","Halation","Hermit","Hubris","Infinite Spire","Ironclad Rager","Jedi Mod","Menagerie","Mimic Mod","Minty Spire (QoL Compilation)","Permanent Neow","Random Character Button","Relic Filter Mod","Reliquary","Replay The Spire","Spicy Shops","Spikes Relics","StSLib","Stuff the Spire","The Construct","The Disciple","The Druid","The Marked","TheFirefly","Trackpad","Wandering Minibosses"],"gold_per_floor":[222,253,233,261,261,308,308,357,438,438,487,545,627,627,627,772,772,845,924,924,925,67,67,92,131,199,42,42,71,71,113,113,204,204,245,285,66,66,0,38,38,65,65,104,127,2,2,2,2,10,10,10,10,44,137],"floor_reached":56,"language":"ENG","playtime":4535,"items_purged":["Elementarium:StickyTar","Elementarium:StickyTar","infinitespire:Pacifist","Normality"],"score":2375,"play_id":"34f70a40-0c05-4454-baa8-574e8f479d4a","local_time":"20210208060313","is_ascension_mode":true,"campfire_choices":[{"floor":7.0,"key":"REST"},{"floor":10.0,"key":"RECALL"},{"data":"beaked:Negation+1","floor":15.0,"key":"SMITH"},{"data":"beaked:SacrificialScars+1","floor":23,"key":"SMITH"},{"data":"beaked:SacrificialScars+2","floor":28,"key":"SMITH"},{"data":"beaked:SacrificialScars+3","floor":32,"key":"SMITH"},{"data":"beaked:SacrificialScars+4","floor":41,"key":"SMITH"},{"data":"beaked:Defend_Y+1","floor":49,"key":"SMITH"},{"data":"beaked:Defend_Y+1","floor":52,"key":"SMITH"}],"circlet_count":0,"master_deck":["AscendersBane","theDruid:PouncingStrike+1","beaked:Strike_Y+1","beaked:Strike_Y+1","beaked:Strike_Y+1","beaked:Strike_Y+1","beaked:Strike_Y+1","beaked:Strike_Y+1","beaked:Defend_Y+3","beaked:Defend_Y+2","beaked:Defend_Y+1","beaked:Defend_Y+1","beaked:Ceremony+1","beaked:Ceremony+1","beaked:Ceremony+1","Apotheosis+1","MasterReality+1","beaked:CursingBlood+1","beaked:Negation+2","beaked:MachineSpirit+1","beaked:Foresight+1","beaked:SacrificialScars+6","Madness+1","SwitchThreat","beaked:AwakenedForm+1","beaked:CrazyRituals+1"],"relics":["beaked:MendingPlumage","Toxic Egg 2","Molten Egg 2","Frozen Egg 2","Quantum Egg","infinitespire:EvilPickle","conspire:InfiniteJournal","SacredBark","hubris:TinFlute","halation:Prosthetics","Bottled Tornado","jedi:crownofsimplicity","halation:IllGainedPizza","jedi:heavyjacket","infinitespire:Beetle Shell","Cursed Key","reliquary:BoilingFlask","hubris:Backtick","White Beast Statue","infinitespire:Lucky Rock","StuffTheSpire:CocoNut","sneckomod:BlankCard","HandDrill","trackpad:IceCube","Bottled Tornado","reliquary:Buckler","Elementarium:ElementariumTrophy","conspire:SpecialSausage","Slimebound:StickyStick","Elementarium:GoldenMirage","trackpad:ByrdBGone","reliquary:IridiumChain","aspiration:TomeofQuesting","War Paint"],"acts_visited":[],"potions_floor_usage":[33,55,55],"damage_taken":[{"damage":10.0,"enemies":"Menagerie:WhisperingWraith","floor":1.0,"turns":3.0},{"damage":0.0,"enemies":"Menagerie:StygianBoar","floor":2.0,"turns":2.0},{"damage":13.0,"enemies":"Menagerie:MonstrousExperiment","floor":4.0,"turns":4.0},{"damage":36.0,"enemies":"Menagerie:MaskedSummoner","floor":6.0,"turns":7.0},{"damage":3.0,"enemies":"Menagerie:Hydra","floor":8.0,"turns":3.0},{"damage":2.0,"enemies":"Menagerie:KEEPER_AND_YOUNG_SUNEATER","floor":11.0,"turns":4.0},{"damage":0.0,"enemies":"Menagerie:STYGIAN_BOAR_AND_RABBIT","floor":12.0,"turns":4.0},{"damage":6.0,"enemies":"Menagerie:VoidReaper","floor":13.0,"turns":6.0},{"damage":24.0,"enemies":"Menagerie:AVATARS","floor":16.0,"turns":6.0},{"damage":14.0,"enemies":"Elementarium:MUD_AND_TAR_GOLEMS","floor":18.0,"turns":5.0},{"damage":13,"enemies":"Elementarium:VoidCorruption","floor":19,"turns":5},{"damage":18,"enemies":"Elementarium:WarGolem","floor":25,"turns":4},{"damage":10,"enemies":"Elementarium:3_ELEMENTALS","floor":29,"turns":4},{"damage":19,"enemies":"Elementarium:FIRE_NOBILITY","floor":31,"turns":6},{"damage":14,"enemies":"Elementarium:GoldenDragon","floor":33,"turns":6},{"damage":23,"enemies":"Orb Walker","floor":35,"turns":4},{"damage":26,"enemies":"3 Shapes","floor":36,"turns":5},{"damage":11,"enemies":"R_Hoarder","floor":40,"turns":7},{"damage":24,"enemies":"3 Darklings","floor":42,"turns":6},{"damage":12,"enemies":"Reptomancer","floor":44,"turns":4},{"damage":0,"enemies":"Maw","floor":45,"turns":4},{"damage":20,"enemies":"Time Eater","floor":50,"turns":5},{"damage":0,"enemies":"Shield and Spear","floor":54,"turns":3},{"damage":34,"enemies":"The Heart","floor":55,"turns":4}],"seed_played":"8158660750845961636","potions_obtained":[{"floor":25,"key":"FearPotion"},{"floor":33,"key":"SpeedPotion"},{"floor":40,"key":"SkillPotion"}],"is_trial":false,"path_per_floor":["M","M","?","M","?","E","R","E","T","R","M","M","E","?","R","B",null,"M","M","AVR","?","$","R","T","E","T","$","R","M","?","E","R","B",null,"M","M","$","?","?","E","R","M","T","E","M","$","?","?","R","B",null,"R","$","E","B",null],"character_chosen":"BEAKED_THE_CULTIST","items_purchased":["infinitespire:Lucky Rock","StuffTheSpire:CocoNut","sneckomod:BlankCard","HandDrill","Dexterity Potion","Slimebound:StickyStick","beaked:CrazyRituals+1"],"campfire_rested":1,"item_purchase_floors":[22,22,22,22,27,37,37],"current_hp_per_floor":[45,50,50,42,42,25,40,49,49,49,50,50,50,54,54,44,52,57,60,60,45,52,52,52,58,58,58,58,72,78,89,89,96,96,101,116,116,110,110,117,117,124,124,129,131,131,131,131,131,113,127,127,127,131,130],"gold":137,"neow_bonus":"HUNDRED_GOLD","is_daily":false,"chose_seed":false,"campfire_upgraded":7,"win_rate":0.0,"timestamp":1612792993,"path_taken":["M","M","?","?","?","E","R","E","T","R","M","M","E","?","R","BOSS","M","?","AVR","?","$","R","?","E","T","$","R","?","?","E","R","BOSS","M","M","$","?","?","E","R","M","T","E","M","$","?","?","R","BOSS","R","$","E","BOSS"],"items_purchased_type":["Relic","Relic","Relic","Relic","Potion","Relic","Card"],"build_version":"2020-12-22","purchased_purges":4,"victory":true,"max_hp_per_floor":[50,50,50,50,50,50,50,50,50,50,50,50,50,54,54,54,54,57,60,60,60,67,67,67,72,72,72,72,78,84,89,89,96,96,109,116,116,110,110,117,117,124,124,131,131,131,131,131,131,131,131,131,131,131,131],"card_choices":[{"not_picked":["beaked:SacrificialAttack+1","beaked:WarriorEssence+1"],"picked":"beaked:CursingBlood+1","floor":1.0},{"not_picked":["beaked:Daydream+1","beaked:Mantra+1","beaked:Brace+1"],"picked":"SKIP","floor":2.0},{"not_picked":["beaked:Daydream+1","beaked:FeelMyPain+1","beaked:Tradeoff+1"],"picked":"SKIP","floor":4.0},{"not_picked":["beaked:Resilience+1","beaked:BloodForTheGods+1","beaked:Pecker+1"],"picked":"SKIP","floor":6.0},{"not_picked":["beaked:BarbedWire+1","beaked:Overpower+1"],"picked":"beaked:Negation+1","floor":8.0},{"not_picked":["beaked:Flinch+1","beaked:WarriorEssence+1","beaked:Redirect+1"],"picked":"SKIP","floor":11.0},{"not_picked":["beaked:Negation+1","beaked:MimicMachine+1"],"picked":"beaked:MachineSpirit+1","floor":12.0},{"not_picked":["beaked:Brace+1","beaked:BarbedWire+1"],"picked":"beaked:Foresight+1","floor":13.0},{"not_picked":["beaked:FakeOut+1","beaked:DarkPact+1"],"picked":"beaked:SacrificialScars+1","floor":16.0},{"not_picked":["beaked:BarbedWire+1","beaked:StunningBlow+1","beaked:WarriorSpirit+1"],"picked":"SKIP","floor":18.0},{"not_picked":["beaked:Brace+1","beaked:Windmill+1","beaked:Cower+1"],"picked":"SKIP","floor":19},{"not_picked":["beaked:BraceForImpact+1","beaked:TuckingFeathers+1","beaked:BloodRitual+1"],"picked":"SKIP","floor":25},{"not_picked":["beaked:Cower+1","beaked:Negation+1","ReplayTheSpireMod:Prepare the Ceremony+1"],"picked":"SKIP","floor":29},{"not_picked":["beaked:MimicWarrior+1","beaked:Brace+1","beaked:Caw+1"],"picked":"SKIP","floor":31},{"not_picked":["beaked:CheekyTricks+1","beaked:LiftOff+1"],"picked":"beaked:AwakenedForm+1","floor":33},{"not_picked":["ReplayTheSpireMod:Prepare the Ceremony+1","beaked:FeelMyPain+1","beaked:WarriorEssence+1"],"picked":"SKIP","floor":35},{"not_picked":["beaked:Poke+1","beaked:ShadowFade+1","beaked:Resilience+1"],"picked":"SKIP","floor":36},{"not_picked":["beaked:Replenish+1","beaked:Roost+1","beaked:Evade+1"],"picked":"SKIP","floor":40},{"not_picked":["ReplayTheSpireMod:Owlgaze+1","beaked:Replenish+1","beaked:Tweet+1"],"picked":"SKIP","floor":42},{"not_picked":["beaked:Struggle+1","beaked:Tradeoff+1","beaked:BarbedWire+1"],"picked":"SKIP","floor":44},{"not_picked":["beaked:WarriorEssence+1","beaked:MachineSpirit+1","ReplayTheSpireMod:Prepare the Ceremony+1"],"picked":"SKIP","floor":45},{"not_picked":["beaked:CursingBlood+1","beaked:WarriorSpirit+1","beaked:DigDeep+1"],"picked":"SKIP","floor":54}],"player_experience":3087819,"relics_obtained":[{"floor":6.0,"key":"jedi:crownofsimplicity"},{"floor":8.0,"key":"halation:IllGainedPizza"},{"floor":9.0,"key":"jedi:heavyjacket"},{"floor":13.0,"key":"infinitespire:Beetle Shell"},{"floor":25,"key":"trackpad:IceCube"},{"floor":26,"key":"Bottled Tornado"},{"floor":31,"key":"reliquary:Buckler"},{"floor":40,"key":"trackpad:ByrdBGone"},{"floor":43,"key":"reliquary:IridiumChain"},{"floor":44,"key":"aspiration:TomeofQuesting"},{"floor":54,"key":"War Paint"}],"event_choices":[{"damage_healed":0.0,"max_hp_gain":0.0,"max_hp_loss":10.0,"gold_gain":0.0,"event_name":"betterThird:BetterWriting","player_choice":"Simplicity","floor":0.0,"gold_loss":0.0,"damage_taken":0.0},{"damage_healed":0.0,"max_hp_gain":0.0,"max_hp_loss":0.0,"gold_gain":0.0,"event_name":"Menagerie:MagicPeddler","player_choice":"Potion","floor":3.0,"gold_loss":20.0,"damage_taken":0.0,"relics_obtained":["SteroidPotion"]},{"damage_healed":0.0,"max_hp_gain":4.0,"max_hp_loss":0.0,"gold_gain":0.0,"event_name":"Menagerie:HarrowingRitual","player_choice":"Shield","floor":14.0,"gold_loss":0.0,"damage_taken":0.0},{"damage_healed":0,"gold_gain":2,"player_choice":"2","damage_taken":0,"max_hp_gain":0,"max_hp_loss":15,"event_name":"betterStone:BetterStone","floor":21,"gold_loss":0},{"damage_healed":0,"gold_gain":0,"player_choice":"Graft","damage_taken":0,"max_hp_gain":6,"max_hp_loss":0,"event_name":"Elementarium:SculptureGarden","floor":30,"gold_loss":0},{"damage_healed":0,"gold_gain":0,"player_choice":"Max HP","damage_taken":0,"max_hp_gain":0,"max_hp_loss":6,"event_name":"Winding Halls","floor":38,"gold_loss":0},{"damage_healed":0,"gold_gain":0,"player_choice":"Offer","damage_taken":0,"relics_obtained":["Elementarium:GoldenMirage"],"max_hp_gain":0,"max_hp_loss":0,"event_name":"Elementarium:ChestOfTheGoldenMirage","floor":39,"gold_loss":66}],"is_beta":false,"boss_relics":[{"not_picked":["Sandwich","Replay:Bronze Core"],"picked":"Cursed Key"},{"not_picked":["reliquary:RedPaperclip","aspiration:FutureDiary"],"picked":"conspire:SpecialSausage"}],"items_purged_floors":[20,22,27,46],"is_endless":false,"potions_floor_spawned":[1,2,8,13,19,25,29,31,33,35,36,40,42,44,45,54],"ascension_level":17}}