{"host":"sav7uxregyirlf69","time":1612803092,"event":{"mods":["AchievementEnabler","BaseMod","Colored Map","DeckTracker","Keyboard Shortcuts","Minty Spire (QoL Compilation)","READ ME - Guardian Mod","StSLib","SuperFastMode"],"gold_per_floor":[119,119,129,46,46,46,61,61,61,61,95,95,114,114,114,114,114],"floor_reached":16,"language":"KOR","playtime":145,"items_purged":[],"score":196,"play_id":"6e7cd2e8-7f72-4427-927f-cc92fab5af0b","local_time":"20210209015132","is_ascension_mode":true,"campfire_choices":[{"data":"Concentrate","floor":6,"key":"SMITH"},{"data":"Calculated Gamble","floor":8,"key":"SMITH"},{"data":"Eviscerate","floor":10,"key":"SMITH"},{"data":"Neutralize","floor":15,"key":"SMITH"}],"circlet_count":0,"master_deck":["AscendersBane","Strike_G","Strike_G","Strike_G","Strike_G","Defend_G","Defend_G","Defend_G","Defend_G","Survivor","Neutralize+1","Dagger Throw","Eviscerate+1","Concentrate+1","Calculated Gamble+1","Acrobatics"],"relics":["Ring of the Snake","NeowsBlessing","Golden Idol","Du-Vu Doll","HornCleat"],"acts_visited":["Exordium"],"potions_floor_usage":[16],"damage_taken":[{"damage":0,"enemies":"Small Slimes","floor":1,"turns":1},{"damage":0,"enemies":"Jaw Worm","floor":3,"turns":1},{"damage":0,"enemies":"2 Louse","floor":7,"turns":1},{"damage":28,"enemies":"Gremlin Nob","floor":11,"turns":4},{"damage":9,"enemies":"Exordium Thugs","floor":13,"turns":3},{"damage":53,"enemies":"Slime Boss","floor":16,"turns":6}],"seed_played":"4756656944126594745","potions_obtained":[{"floor":1,"key":"Dexterity Potion"},{"floor":11,"key":"FearPotion"}],"is_trial":false,"path_per_floor":["M","?","M","$","?","R","M","R","T","R","E","?","M","?","R","B"],"character_chosen":"THE_SILENT","items_purchased":["Calculated Gamble"],"campfire_rested":0,"item_purchase_floors":[4],"current_hp_per_floor":[59,59,59,59,59,59,59,59,59,59,31,31,22,42,42,0,0],"gold":114,"neow_bonus":"THREE_ENEMY_KILL","is_daily":false,"chose_seed":false,"campfire_upgraded":4,"win_rate":0.0,"timestamp":1612803092,"path_taken":["M","?","M","$","?","R","M","R","T","R","E","?","?","?","R","BOSS"],"items_purchased_type":["Card"],"build_version":"2020-12-22","purchased_purges":0,"victory":false,"max_hp_per_floor":[66,66,66,66,60,60,60,60,60,60,60,60,60,60,60,60,60],"card_choices":[{"not_picked":["Expertise","Sucker Punch"],"picked":"Dagger Throw","floor":1},{"not_picked":["Heel Hook","Poisoned Stab"],"picked":"Concentrate","floor":3},{"not_picked":["Sucker Punch","All Out Attack"],"picked":"Acrobatics","floor":7},{"not_picked":["Predator","Venomology","Dodge and Roll"],"picked":"SKIP","floor":11},{"not_picked":["Bane","Choke","Poisoned Stab"],"picked":"SKIP","floor":13}],"player_experience":1529157,"relics_obtained":[{"floor":9,"key":"Du-Vu Doll"},{"floor":11,"key":"HornCleat"}],"event_choices":[{"damage_healed":0,"gold_gain":0,"cards_transformed":["Strike_G"],"player_choice":"Change","damage_taken":0,"max_hp_gain":0,"max_hp_loss":0,"event_name":"Living Wall","floor":2,"gold_loss":0,"cards_obtained":["Eviscerate"]},{"damage_healed":0,"gold_gain":0,"player_choice":"Lose Max HP","damage_taken":0,"relics_obtained":["Golden Idol"],"max_hp_gain":0,"max_hp_loss":6,"event_name":"Golden Idol","floor":5,"gold_loss":0},{"cards_removed":["Defend_G"],"damage_healed":0,"gold_gain":0,"player_choice":"Offered Basic","damage_taken":0,"max_hp_gain":0,"max_hp_loss":0,"event_name":"Bonfire Elementals","floor":12,"gold_loss":0},{"damage_healed":20,"gold_gain":0,"player_choice":"Banana","damage_taken":0,"max_hp_gain":0,"max_hp_loss":0,"event_name":"Big Fish","floor":14,"gold_loss":0}],"is_beta":false,"boss_relics":[],"items_purged_floors":[],"is_endless":false,"potions_floor_spawned":[1,11],"killed_by":"Slime Boss","ascension_level":20}}