{"host":"h7xtspmc2x3i8s2i","time":1612760485,"event":{"mods":["2.2 Compatiblity","AchievementEnabler","Act Like it!","AlwaysNeverKeys","Aspiration","Astrologer","BaseMod","Bestiary","Better Altar","Better Match","Better Note","Better Sensory Stone","Better Skull","Better Third Choice","Better Vampires","Better-Laid Plans","Colored Map","Colored Powertips","Conjunction","Curses Come First","Defuse TimeMaze Blight","Dio Mod","Disable Question Mark Monsters","Dota2Spire","Downfall","EXCEPTION","Emptier Cage","Energized Spire","Evolution","Friendly Minions","GifTheSpireLib","Gold Saver","Gremlin Skip","Halation","Hubris","Hyrulean Relics","Jedi Mod","Key Reminder","Marked Mod","Minty Spire (QoL Compilation)","Permanent Neow","Potion Indicator Mod","Quick Restart","Random Character Button","Random Character Mod","Rare Cards Sparkle","Relic Filter","Relic Stats","Reliquary","Replay The Spire","SacredBarkPlus","Shop Mod","Smile Girya","Somnambulant","Spicy Shops","Spikes Relics","Spire Birthday Party","StSLib","Steal the Spire","Stuff the Spire","SuperFastMode","The Awakened One except there are too many feathers","The Blue Laboratory","The Cursed","The Death Knight","The Edgeheg","The Problem Sleuth","The Runesmith","The Wild Card","Trackpad","Transform Curses","Uncapped","Unceasing Turn Reminder","Virulent Crown","Wide Potions","everything is the same but u backflip on backflip","slay the spire mod where everything is the same but ironclad has a cowboy hat"],"gold_per_floor":[99,199,218,218,234,266,290,290,90,0,13,25,83,98,116,217,217,217,237,337,351,0,0,0,34,53,68,68,68,79,98,118,221,221,221,234,251,251,271,271,294,322,322,322,352,252,37,51,70,70,70,102,16,16,16,16],"floor_reached":57,"language":"ENG","playtime":2478,"items_purged":["bronze:BuggyMess","bronze:WhirlingStrike","bronze:Boost","bronze:ChildClass","bronze:Goto"],"score":1436,"play_id":"1f86a1b3-3778-4dac-a9d8-01a8c185c916","local_time":"20210208000125","is_ascension_mode":false,"campfire_choices":[{"floor":1,"key":"RECALL"},{"data":"bronze:SpaghettiCode","floor":9,"key":"SMITH"},{"data":"bronze:BuggyMess","floor":18,"key":"SMITH"},{"data":"bronze:GetLatest","floor":23,"key":"SMITH"},{"floor":40,"key":"REST"},{"floor":44,"key":"REST"},{"data":"bronze:Allocate","floor":46,"key":"SMITH"},{"data":"bronze:ItsAFeature","floor":46,"key":"SMITH"},{"data":"bronze:BuggyMess","floor":54,"key":"SMITH"},{"data":"Magnetism","floor":54,"key":"SMITH"}],"circlet_count":0,"master_deck":["bronze:Iterate","bronze:Iterate+1","bronze:Iterate","bronze:Iterate+1","bronze:Shield","bronze:Shield","bronze:Shield","bronze:Replicate+1","bronze:Goto","bronze:WildBeam","bronze:DelayedSlice","bronze:SpaghettiCode+1","bronze:BuggyMess+1","bronze:GetLatest+1","bronze:BurnOut","bronze:ItsAFeature+1","bronze:Mutator","bronze:BronzeOrb","bronze:Turbo+1","bronze:BugBarrage","bronze:Allocate+1","bronze:FollowUp","bronze:WildBeam","bronze:BuggyMess+1","bronze:HyperBeam","expansioncontent:InvincibleStrength","bronze:WildBeam+1","bronze:Terminator+1","bronze:GetLatest+1","bronze:Shield+1","bronze:Invalidate","bronze:BugBarrage","bronze:Allocate","Magnetism+1","bronze:BronzeOrb","bronze:GetLatest+1","bronze:BugBarrage+1","Flash of Steel+1"],"relics":["bronze:BronzeCore","EVO:Axolotl","Garlic","downfall:HeartBlessingRed","downfall:HeartBlessingBlue","reliquary:Knoch","Mirror","Onion Ring","Black Star","Omamori","trackpad:PetRock","Replay:Arrowhead","Dota2Spire:MaskOfMadness","Bag of Preparation","downfall:HeartBlessingGreen","Whetstone","OrangePellets","halation:BottledLove","RetroEgg"],"acts_visited":["Exordium","TheCity","TheBeyond","TheEnding"],"potions_floor_usage":[31,33,39,42,42,49,56],"damage_taken":[{"damage":0,"enemies":"Small Slimes","floor":3,"turns":3},{"damage":0,"enemies":"Jaw Worm","floor":5,"turns":2},{"damage":14,"enemies":"Gremlin Nob","floor":6,"turns":3},{"damage":0,"enemies":"downfall:FleeingMerchant","floor":10,"turns":4},{"damage":0,"enemies":"Cultist","floor":11,"turns":1},{"damage":0,"enemies":"Exordium Wildlife","floor":12,"turns":2},{"damage":6,"enemies":"Lagavulin Event","floor":13,"turns":3},{"damage":0,"enemies":"Large Slime","floor":14,"turns":3},{"damage":3,"enemies":"Lots of Slimes","floor":15,"turns":4},{"damage":15,"enemies":"WA_ARCHETYPE_RETAIN","floor":16,"turns":4},{"damage":4,"enemies":"Chosen","floor":19,"turns":3},{"damage":8,"enemies":"Shell Parasite","floor":21,"turns":4},{"damage":5,"enemies":"downfall:FleeingMerchant","floor":22,"turns":4},{"damage":13,"enemies":"Gremlin Leader","floor":25,"turns":4},{"damage":0,"enemies":"Chosen and Byrds","floor":26,"turns":4},{"damage":0,"enemies":"Snecko","floor":27,"turns":3},{"damage":0,"enemies":"Snake Plant","floor":30,"turns":3},{"damage":0,"enemies":"Centurion and Healer","floor":31,"turns":2},{"damage":0,"enemies":"Chosen and Byrds","floor":32,"turns":3},{"damage":0,"enemies":"SI_MIRROR_ARCHETYPE","floor":33,"turns":4},{"damage":29,"enemies":"3 Shapes","floor":36,"turns":3},{"damage":0,"enemies":"Orb Walker","floor":37,"turns":3},{"damage":0,"enemies":"Jaw Worm Horde","floor":39,"turns":2},{"damage":23,"enemies":"Giant Head","floor":42,"turns":7},{"damage":0,"enemies":"Nemesis","floor":45,"turns":5},{"damage":0,"enemies":"downfall:FleeingMerchant","floor":47,"turns":1},{"damage":0,"enemies":"3 Darklings","floor":48,"turns":3},{"damage":0,"enemies":"Spire Growth","floor":49,"turns":2},{"damage":13,"enemies":"DF_ARCHETYPE_ORBS","floor":50,"turns":3},{"damage":0,"enemies":"downfall:CharBossMerchant","floor":52,"turns":3},{"damage":46,"enemies":"downfall:NeowBoss","floor":55,"turns":7},{"damage":29,"enemies":"downfall:NeowBossFinal","floor":56,"turns":5}],"seed_played":"8363111070847897275","potions_obtained":[{"floor":5,"key":"bronze:CleanCodePotion"},{"floor":11,"key":"Death Potion"},{"floor":12,"key":"jedi:wingpotion"},{"floor":27,"key":"blueLaboratory:Moonshine"},{"floor":30,"key":"blueLaboratory:PhilterOfMotion"},{"floor":31,"key":"Toxic Potion"},{"floor":33,"key":"blueLaboratory:PhilterOfMotion"},{"floor":36,"key":"blueLaboratory:BubblePotion"},{"floor":39,"key":"blueLaboratory:BottleOfRum"},{"floor":48,"key":"DistilledChaos"},{"floor":52,"key":"blueLaboratory:FrostheartPotion"}],"is_trial":false,"path_per_floor":["R","?","M","?","M","E","T","?","R","$","M","M","?","M","M","B",null,"R","M","?","M","$","R","T","E","M","M","?","?","M","M","M","B",null,"R_BF","M","M","?","M","R","T","E","?","R","E","R","$","M","M","B",null,"E","$","R","B","B",null],"character_chosen":"THE_AUTOMATON","items_purchased":["Whetstone","OrangePellets","Magnetism","bronze:BronzeOrb","Flash of Steel"],"campfire_rested":2,"item_purchase_floors":[47,47,47,47,53],"current_hp_per_floor":[70,70,70,70,70,56,56,56,66,66,66,66,60,60,57,42,80,80,76,76,68,63,63,63,50,50,50,50,50,50,50,50,50,80,80,51,51,51,51,75,75,52,52,76,76,76,76,76,76,63,80,80,80,80,34,5],"gold":16,"neow_bonus":"UPGRADE_CARD","is_daily":false,"chose_seed":false,"campfire_upgraded":7,"win_rate":0.0,"timestamp":1612760485,"path_taken":["R","?","M","?","?","E","T","?","R","$","M","M","?","?","M","BOSS","R","M","?","?","$","R","T","E","?","?","?","?","M","?","M","BOSS","R_BF","M","M","?","?","R","T","E","?","R","E","R","?","?","M","BOSS","E","$","R","BOSS","BOSS"],"items_purchased_type":["Relic","Relic","Card","Card","Card"],"build_version":"2020-12-22","purchased_purges":5,"victory":true,"max_hp_per_floor":[70,70,70,70,70,70,70,70,80,80,80,80,80,80,80,80,80,80,80,80,80,80,80,80,80,80,80,80,80,80,80,80,80,80,80,80,80,80,80,80,80,80,80,80,80,80,80,80,80,80,80,80,80,80,80,80],"relic_stats":{"OrangePellets":[13],"counters":[32,107],"Black Star":3,"Bag of Preparation":[14],"Whetstone":["bronze:Iterate","bronze:WildBeam"],"obtain_stats":[{"Dota2Spire:MaskOfMadness":45,"bronze:BronzeCore":0,"downfall:HeartBlessingRed":9,"halation:BottledLove":52,"RetroEgg":52,"trackpad:PetRock":42,"downfall:HeartBlessingGreen":46,"Omamori":41,"Bag of Preparation":45,"EVO:Axolotl":0,"Whetstone":47,"Replay:Arrowhead":42,"keyreminder:keyreminder":1,"OrangePellets":47,"downfall:HeartBlessingBlue":9,"Onion Ring":25,"Garlic":6,"Black Star":34,"reliquary:Knoch":13,"Mirror":24},{"Dota2Spire:MaskOfMadness":25,"bronze:BronzeCore":0,"downfall:HeartBlessingRed":3,"halation:BottledLove":30,"RetroEgg":30,"trackpad:PetRock":24,"downfall:HeartBlessingGreen":25,"Omamori":23,"Bag of Preparation":25,"EVO:Axolotl":0,"Whetstone":26,"Replay:Arrowhead":24,"keyreminder:keyreminder":0,"OrangePellets":26,"downfall:HeartBlessingBlue":3,"Onion Ring":14,"Garlic":3,"Black Star":20,"reliquary:Knoch":7,"Mirror":13},{"Dota2Spire:MaskOfMadness":83,"bronze:BronzeCore":0,"downfall:HeartBlessingRed":8,"halation:BottledLove":95,"RetroEgg":95,"trackpad:PetRock":78,"downfall:HeartBlessingGreen":83,"Omamori":71,"Bag of Preparation":83,"EVO:Axolotl":0,"Whetstone":84,"Replay:Arrowhead":78,"keyreminder:keyreminder":0,"OrangePellets":84,"downfall:HeartBlessingBlue":8,"Onion Ring":44,"Garlic":8,"Black Star":63,"reliquary:Knoch":18,"Mirror":40}]},"card_choices":[{"not_picked":["bronze:Deprecate","bronze:DigitalCarnage"],"picked":"bronze:WildBeam","floor":3},{"not_picked":["bronze:CutThrough","bronze:Iterate"],"picked":"bronze:DelayedSlice","floor":5},{"not_picked":["bronze:Overheat","bronze:FineTuning"],"picked":"bronze:SpaghettiCode","floor":6},{"not_picked":["bronze:Philosophize","bronze:WhirlingStrike","bronze:DelayedGuard"],"picked":"SKIP","floor":10},{"not_picked":["bronze:Terminator","bronze:ChildClass","bronze:Iterate"],"picked":"SKIP","floor":11},{"not_picked":["bronze:BitShift","bronze:Separator"],"picked":"bronze:BuggyMess","floor":12},{"not_picked":["bronze:Shell","bronze:NullPointer"],"picked":"bronze:GetLatest","floor":13},{"not_picked":["bronze:Shield","bronze:ItsAFeature"],"picked":"bronze:BurnOut","floor":14},{"not_picked":["bronze:GetLatest","bronze:Separator"],"picked":"bronze:ItsAFeature","floor":15},{"not_picked":["bronze:FindAndReplace","bronze:HardenedForm"],"picked":"bronze:Mutator","floor":16},{"not_picked":["bronze:Fortify","bronze:Safeguard"],"picked":"bronze:BronzeOrb","floor":19},{"not_picked":["bronze:DigitalCarnage+1","bronze:FineTuning+1","bronze:Terminator"],"picked":"SKIP","floor":21},{"not_picked":["bronze:WildBeam","bronze:DelayedGuard"],"picked":"bronze:Turbo+1","floor":22},{"not_picked":["bronze:CutThrough","bronze:Branch","bronze:WhirlingStrike+1"],"picked":"SKIP","floor":25},{"not_picked":["bronze:MaxOutput+1","bronze:ForceShield"],"picked":"bronze:BugBarrage","floor":26},{"not_picked":["bronze:DelayedSlice","bronze:BurnOut"],"picked":"bronze:Allocate","floor":27},{"not_picked":["bronze:Deprecate","bronze:Separator"],"picked":"bronze:WildBeam","floor":30},{"not_picked":["bronze:DelayedSlice","bronze:Terminator+1"],"picked":"bronze:BuggyMess","floor":31},{"not_picked":["bronze:FineTuning","bronze:Shell","bronze:ForceShield+1"],"picked":"SKIP","floor":32},{"not_picked":["bronze:ThunderWave","bronze:Virus"],"picked":"bronze:HyperBeam","floor":33},{"not_picked":["expansioncontent:GuardianWhirl","expansioncontent:AwakenDeath"],"picked":"expansioncontent:InvincibleStrength","floor":35},{"not_picked":["bronze:Shield+1","bronze:OilSpill+1"],"picked":"bronze:WildBeam","floor":36},{"not_picked":["bronze:DelayedGuard+1","bronze:Frontload+1"],"picked":"bronze:Terminator+1","floor":37},{"not_picked":["bronze:NullPointer+1","bronze:CloningBeam"],"picked":"bronze:Shield+1","floor":39},{"not_picked":["bronze:Invalidate","bronze:Philosophize","bronze:ForLoop"],"picked":"SKIP","floor":42},{"not_picked":["bronze:Safeguard","bronze:Overload"],"picked":"bronze:BugBarrage","floor":45},{"not_picked":["bronze:Turbo","bronze:Terminator+1"],"picked":"bronze:Allocate","floor":47},{"not_picked":["bronze:NullPointer","bronze:DelayedGuard+1"],"picked":"bronze:GetLatest+1","floor":48},{"not_picked":["bronze:DelayedGuard","bronze:Virus","bronze:Shell+1"],"picked":"SKIP","floor":49},{"not_picked":["bronze:Repair+1","bronze:Shield"],"picked":"bronze:BugBarrage+1","floor":52}],"player_experience":388033,"relics_obtained":[{"floor":6,"key":"Garlic"},{"floor":13,"key":"reliquary:Knoch"},{"floor":24,"key":"Mirror"},{"floor":25,"key":"Onion Ring"},{"floor":41,"key":"Omamori"},{"floor":42,"key":"trackpad:PetRock"},{"floor":42,"key":"Replay:Arrowhead"},{"floor":45,"key":"Dota2Spire:MaskOfMadness"},{"floor":45,"key":"Bag of Preparation"},{"floor":52,"key":"halation:BottledLove"},{"floor":52,"key":"RetroEgg"}],"event_choices":[{"damage_healed":0,"gold_gain":0,"player_choice":"Leave","damage_taken":0,"max_hp_gain":0,"max_hp_loss":0,"event_name":"FaceTrader","floor":28,"gold_loss":0}],"is_beta":false,"boss_relics":[{"not_picked":["Runic Dome","Runic Pyramid","halation:CatFaceCupcake"]},{"not_picked":["energizedSpire:HugeHouse","hubris:Stopwatch"],"picked":"Black Star"}],"items_purged_floors":[10,10,22,22,22],"is_endless":false,"potions_floor_spawned":[5,11,12,16,27,30,31,33,36,39,48,52],"ascension_level":0}}