{"host":"syozzdlzcqop4jia","time":1612826183,"event":{"mods":["BaseMod","Colored Map","Colored Powertips","Minty Spire (QoL Compilation)","Quick Restart"],"gold_per_floor":[111,129,129,129,2,2,30,30,30,61,61,75,75,75,75,194,194,215,36,36,60,74,74,117,136,136,136,136,136,161,174,174,298,298,317,337,9,24,87,87,87,87,112,133,133,37,37,52,52,52],"floor_reached":51,"language":"ENG","playtime":3045,"items_purged":[],"score":754,"play_id":"3685200f-a2df-4183-9978-202c289d1390","local_time":"20210209001623","is_ascension_mode":true,"campfire_choices":[{"data":"Defragment","floor":6,"key":"SMITH"},{"data":"Self Repair","floor":8,"key":"SMITH"},{"data":"Hello World","floor":13,"key":"SMITH"},{"floor":15,"key":"REST"},{"floor":23,"key":"REST"},{"data":"Seek","floor":32,"key":"SMITH"},{"data":"Metamorphosis","floor":40,"key":"SMITH"},{"data":"Sunder","floor":45,"key":"SMITH"},{"data":"Lockon","floor":49,"key":"SMITH"}],"circlet_count":0,"master_deck":["Strike_B+1","Strike_B+1","Strike_B+1","Defend_B+1","Defend_B+1","Zap","Dualcast","Defragment+1","Ball Lightning","Ball Lightning","Self Repair+1","Ball Lightning","Cold Snap","Hello World+1","Multi-Cast","Cold Snap","Rebound","Loop","Hologram","Rebound","Melter","Seek+1","Conserve Battery","Biased Cognition","Sunder+1","Steam","Metamorphosis+1","Self Repair+1","Ball Lightning","Lockon+1","Rebound+1","Cold Snap+1","Redo+1","Doom and Gloom","Regret","Doubt","Bandage Up+1","Machine Learning","Auto Shields+1"],"relics":["Cracked Core","Meat on the Bone","Juzu Bracelet","Orichalcum","Kunai","Golden Idol","SlaversCollar","Toolbox","Cables","Emotion Chip","Cursed Key","Orrery","CaptainsWheel","Toxic Egg 2","Strawberry"],"acts_visited":["Exordium","TheCity","TheBeyond"],"potions_floor_usage":[25,25,38,44],"damage_taken":[{"damage":0,"enemies":"Cultist","floor":1,"turns":3},{"damage":8,"enemies":"Jaw Worm","floor":2,"turns":3},{"damage":16,"enemies":"3 Sentries","floor":7,"turns":6},{"damage":2,"enemies":"Gremlin Nob","floor":10,"turns":3},{"damage":0,"enemies":"Small Slimes","floor":12,"turns":3},{"damage":24,"enemies":"Hexaghost","floor":16,"turns":7},{"damage":5,"enemies":"Shell Parasite","floor":18,"turns":5},{"damage":34,"enemies":"2 Thieves","floor":21,"turns":4},{"damage":13,"enemies":"Centurion and Healer","floor":22,"turns":6},{"damage":24,"enemies":"Book of Stabbing","floor":24,"turns":5},{"damage":16,"enemies":"Shelled Parasite and Fungi","floor":25,"turns":3},{"damage":2,"enemies":"Snecko","floor":30,"turns":4},{"damage":4,"enemies":"Cultist and Chosen","floor":31,"turns":4},{"damage":44,"enemies":"Collector","floor":33,"turns":9},{"damage":0,"enemies":"3 Shapes","floor":35,"turns":3},{"damage":0,"enemies":"Orb Walker","floor":36,"turns":4},{"damage":0,"enemies":"Transient","floor":38,"turns":5},{"damage":31,"enemies":"Mind Bloom Boss Battle","floor":39,"turns":6},{"damage":26,"enemies":"Jaw Worm Horde","floor":44,"turns":3},{"damage":7,"enemies":"4 Shapes","floor":48,"turns":3},{"damage":98,"enemies":"Time Eater","floor":50,"turns":11}],"seed_played":"3386354006326289566","potions_obtained":[{"floor":2,"key":"Strength Potion"},{"floor":12,"key":"DuplicationPotion"},{"floor":22,"key":"AttackPotion"},{"floor":24,"key":"Regen Potion"},{"floor":30,"key":"SkillPotion"},{"floor":33,"key":"EntropicBrew"},{"floor":38,"key":"SteroidPotion"},{"floor":39,"key":"FairyPotion"},{"floor":44,"key":"Fruit Juice"}],"is_trial":false,"path_per_floor":["M","M","T","?","$","R","E","R","T","E","?","M","R","?","R","B",null,"M","$","?","M","M","R","E","M","T","?","?","?","M","M","R","B",null,"M","M","$","M","?","R","?","T","T","M","R","$","?","M","R","B",null],"character_chosen":"DEFECT","items_purchased":["Ball Lightning","Self Repair","Toolbox","Rebound","Metamorphosis","Orrery","Bandage Up+1"],"campfire_rested":2,"item_purchase_floors":[5,5,19,19,37,37,46],"current_hp_per_floor":[82,74,74,82,82,82,73,73,73,81,61,71,71,55,79,55,82,82,82,82,58,55,79,65,71,71,71,71,55,63,69,69,47,87,87,87,87,87,76,76,76,76,83,72,72,72,72,71,71,34],"gold":52,"neow_bonus":"TEN_PERCENT_HP_BONUS","is_daily":false,"chose_seed":false,"campfire_upgraded":7,"win_rate":0.0,"timestamp":1612826183,"path_taken":["M","M","?","?","$","R","E","R","T","E","?","M","R","?","R","BOSS","M","$","?","M","M","R","E","M","T","?","?","?","M","M","R","BOSS","M","M","$","M","?","R","?","?","T","M","R","$","?","M","R","BOSS"],"items_purchased_type":["Card","Card","Relic","Card","Card","Relic","Card"],"build_version":"2020-12-22","purchased_purges":0,"victory":true,"max_hp_per_floor":[82,82,82,82,82,82,82,82,82,82,82,82,82,82,82,82,82,82,82,82,82,82,82,82,82,82,82,82,87,87,87,87,87,87,87,87,87,87,87,87,87,87,94,99,99,99,99,99,99,99],"card_choices":[{"not_picked":["Streamline","Glacier"],"picked":"Defragment","floor":1},{"not_picked":["Conserve Battery","Steam"],"picked":"Ball Lightning","floor":2},{"not_picked":["Sunder","Reprogram"],"picked":"Ball Lightning","floor":7},{"not_picked":["Leap","Reboot"],"picked":"Cold Snap","floor":10},{"not_picked":["Reprogram","Streamline"],"picked":"Hello World","floor":12},{"not_picked":["Reboot","Meteor Strike"],"picked":"Multi-Cast","floor":16},{"not_picked":["Hologram+1","Go for the Eyes"],"picked":"Cold Snap","floor":18},{"not_picked":["Tempest","Coolheaded+1"],"picked":"Rebound","floor":21},{"not_picked":["Heatsinks","FTL","Streamline"],"picked":"SKIP","floor":22},{"not_picked":["Scrape","Static Discharge"],"picked":"Melter","floor":24},{"not_picked":["Coolheaded","Compile Driver","Double Energy+1"],"picked":"SKIP","floor":25},{"not_picked":["Blizzard","Compile Driver","Steam Power"],"picked":"SKIP","floor":30},{"not_picked":["Turbo","Leap"],"picked":"Conserve Battery","floor":31},{"not_picked":["Reboot","Buffer"],"picked":"Biased Cognition","floor":33},{"not_picked":["Compile Driver","Scrape"],"picked":"Sunder","floor":35},{"not_picked":["Hologram+1","Coolheaded+1"],"picked":"Steam","floor":36},{"not_picked":["Go for the Eyes","Blizzard"],"picked":"Self Repair+1","floor":37},{"not_picked":["Darkness+1","Skim"],"picked":"Ball Lightning","floor":37},{"not_picked":["BootSequence+1","Conserve Battery"],"picked":"Lockon","floor":37},{"not_picked":["Hologram+1","Streamline+1"],"picked":"Rebound+1","floor":37},{"not_picked":["Storm","Skim"],"picked":"Cold Snap+1","floor":37},{"not_picked":["Leap+1","Gash"],"picked":"Redo+1","floor":38},{"not_picked":["Go for the Eyes","Glacier"],"picked":"Doom and Gloom","floor":39},{"not_picked":["Steam Power+1","Stack+1","Gash"],"picked":"SKIP","floor":44},{"not_picked":["Skim+1","Aggregate+1"],"picked":"Auto Shields+1","floor":48}],"player_experience":631234,"relics_obtained":[{"floor":3,"key":"Meat on the Bone"},{"floor":7,"key":"Juzu Bracelet"},{"floor":9,"key":"Orichalcum"},{"floor":10,"key":"Kunai"},{"floor":24,"key":"Cables"},{"floor":26,"key":"Emotion Chip"},{"floor":39,"key":"CaptainsWheel"},{"floor":42,"key":"Toxic Egg 2"},{"floor":43,"key":"Strawberry"}],"event_choices":[{"damage_healed":8,"gold_gain":0,"player_choice":"Full Heal","damage_taken":0,"max_hp_gain":0,"max_hp_loss":0,"event_name":"Wheel of Change","floor":4,"gold_loss":0},{"damage_healed":0,"gold_gain":0,"player_choice":"Take Damage","damage_taken":20,"relics_obtained":["Golden Idol"],"max_hp_gain":0,"max_hp_loss":0,"event_name":"Golden Idol","floor":11,"gold_loss":0},{"damage_healed":0,"gold_gain":0,"player_choice":"Entered Light","damage_taken":16,"max_hp_gain":0,"max_hp_loss":0,"event_name":"Shining Light","floor":14,"gold_loss":0,"cards_upgraded":["Defend_B","Defend_B"]},{"damage_healed":0,"gold_gain":0,"cards_transformed":["Defend_B","Strike_B"],"player_choice":"Became Test Subject","damage_taken":0,"max_hp_gain":0,"max_hp_loss":0,"event_name":"Drug Dealer","floor":20,"gold_loss":0,"cards_obtained":["Loop","Hologram"]},{"damage_healed":0,"gold_gain":0,"player_choice":"Read","damage_taken":0,"max_hp_gain":0,"max_hp_loss":0,"event_name":"The Library","floor":27,"gold_loss":0,"cards_obtained":["Seek"]},{"damage_healed":0,"gold_gain":0,"player_choice":"Simplicity","damage_taken":0,"max_hp_gain":0,"max_hp_loss":0,"event_name":"Back to Basics","floor":28,"gold_loss":0,"cards_upgraded":["Strike_B","Strike_B","Strike_B","Defend_B"]},{"damage_healed":0,"gold_gain":0,"player_choice":"Shed Blood","damage_taken":21,"max_hp_gain":5,"max_hp_loss":0,"event_name":"Forgotten Altar","floor":29,"gold_loss":0},{"damage_healed":0,"gold_gain":0,"player_choice":"Fight","damage_taken":0,"max_hp_gain":0,"max_hp_loss":0,"event_name":"MindBloom","floor":39,"gold_loss":0},{"cards_removed":["Defend_B"],"damage_healed":0,"gold_gain":0,"player_choice":"Removed Skill","damage_taken":0,"max_hp_gain":0,"max_hp_loss":0,"event_name":"Falling","floor":41,"gold_loss":0},{"damage_healed":0,"gold_gain":0,"player_choice":"1 cards matched","damage_taken":0,"max_hp_gain":0,"max_hp_loss":0,"event_name":"Match and Keep!","floor":47,"gold_loss":0,"cards_obtained":["Machine Learning"]}],"is_beta":false,"boss_relics":[{"not_picked":["Coffee Dripper","Ectoplasm"],"picked":"SlaversCollar"},{"not_picked":["Astrolabe","Philosopher\u0027s Stone"],"picked":"Cursed Key"}],"items_purged_floors":[],"is_endless":false,"potions_floor_spawned":[2,12,22,24,30,33,38,39,44],"ascension_level":1}}