{"host":"w01zow3jg16g8jdh","time":1612795699,"event":{"mods":["2.2 Compatiblity","AchievementEnabler","BaseMod","DeckTracker","Hermit","Keyboard Shortcuts","Marisa£¨Ùöéë¡¡Øª×âÞÞ£©","Minty Spire (QoL Compilation)","Permanent Neow","StSLib","SuperFastMode"],"gold_per_floor":[217,142,157,172,191,191,219,219,219,219,294,294,320,270,270,365,365,380,455,469,54,67,67,97,97,150,183,83,119,119,136,136,246,273,293,310,310,329,341,384,384,411,437,448,474,38,38,81,81,81,81,81,31,56,56],"floor_reached":56,"language":"KOR","playtime":1626,"items_purged":["Defend_MRS","Defend_MRS","MysteriousBeam+1","Defend_MRS"],"score":1674,"play_id":"6d8baef2-83c7-4794-b409-8c2b5587ee9c","local_time":"20210208234819","is_ascension_mode":true,"campfire_choices":[{"data":"MagicChant","floor":6.0,"key":"SMITH"},{"data":"GrandCross","floor":8.0,"key":"SMITH"},{"data":"Acceleration","floor":10.0,"key":"SMITH"},{"data":"MysteriousBeam","floor":15.0,"key":"SMITH"},{"floor":23,"key":"REST"},{"data":"UpSweep","floor":32,"key":"SMITH"},{"data":"BinaryStars","floor":41,"key":"SMITH"},{"floor":49,"key":"RECALL"},{"data":"AsteroidBelt","floor":52,"key":"SMITH"}],"circlet_count":0,"master_deck":["Defend_MRS","MasterSpark","UpSweep+1","Acceleration+1","GrandCross+1","MagicChant+1","MillisecondPulsars+1","Singularity+1","CasketOfStar+1","AsteroidBelt+1","DoubleSpark+1","BinaryStars+1","LuminesStrike+1","FinalSpark+1","TreasureHunter+1","MagicChant+1","Singularity+1"],"relics":["MiniHakkero","Frozen Egg 2","White Beast Statue","Question Card","Lantern","Black Star","SproutingBranch","StrikeDummy","Ornamental Fan","CeramicFish","Vajra","Centennial Puzzle","HandmadeGrimoire","Nunchaku","Astrolabe","Omamori","Orichalcum","Shuriken","Singing Bowl","Gremlin Horn","Akabeko","BreadOfAWashokuLover","Dream Catcher","SimpleLauncher","Smiling Mask","Thread and Needle","Mummified Hand","CaptainsWheel","Art of War"],"acts_visited":["Exordium","TheCity","TheBeyond","TheEnding"],"potions_floor_usage":[18,20,20,24,24,27,27,33,36,38,40,45,50,54,55,55],"damage_taken":[{"damage":7.0,"enemies":"Jaw Worm","floor":1.0,"turns":3.0},{"damage":4.0,"enemies":"Small Slimes","floor":3.0,"turns":3.0},{"damage":0.0,"enemies":"2 Louse","floor":4.0,"turns":2.0},{"damage":16.0,"enemies":"Exordium Thugs","floor":5.0,"turns":4.0},{"damage":0.0,"enemies":"Gremlin Nob","floor":7.0,"turns":2.0},{"damage":8.0,"enemies":"Lagavulin","floor":13.0,"turns":4.0},{"damage":11,"enemies":"Hexaghost","floor":16,"turns":7},{"damage":12,"enemies":"3 Byrds","floor":18,"turns":2},{"damage":6,"enemies":"Spheric Guardian","floor":20,"turns":3},{"damage":35,"enemies":"Snake Plant","floor":22,"turns":5},{"damage":5,"enemies":"Book of Stabbing","floor":24,"turns":3},{"damage":40,"enemies":"Slavers","floor":27,"turns":5},{"damage":6,"enemies":"Gremlin Leader","floor":29,"turns":4},{"damage":0,"enemies":"Snecko","floor":31,"turns":2},{"damage":15,"enemies":"Collector","floor":33,"turns":5},{"damage":3,"enemies":"3 Shapes","floor":35,"turns":4},{"damage":6,"enemies":"Orb Walker","floor":36,"turns":2},{"damage":18,"enemies":"Maw","floor":38,"turns":4},{"damage":3,"enemies":"Writhing Mass","floor":39,"turns":2},{"damage":0,"enemies":"Reptomancer","floor":40,"turns":4},{"damage":0,"enemies":"Giant Head","floor":42,"turns":5},{"damage":6,"enemies":"Transient","floor":44,"turns":6},{"damage":0,"enemies":"Reptomancer","floor":45,"turns":2},{"damage":0,"enemies":"Giant Head","floor":48,"turns":3},{"damage":43,"enemies":"Awakened One","floor":50,"turns":6},{"damage":18,"enemies":"Shield and Spear","floor":54,"turns":3},{"damage":41,"enemies":"The Heart","floor":55,"turns":5}],"seed_played":"4894453761687551470","potions_obtained":[{"floor":3.0,"key":"GamblersBrew"},{"floor":4.0,"key":"SteroidPotion"},{"floor":5.0,"key":"LiquidMemories"},{"floor":13.0,"key":"Explosive Potion"},{"floor":18,"key":"SkillPotion"},{"floor":20,"key":"Explosive Potion"},{"floor":22,"key":"ColorlessPotion"},{"floor":24,"key":"BottledSpark"},{"floor":27,"key":"Swift Potion"},{"floor":29,"key":"AttackPotion"},{"floor":31,"key":"Energy Potion"},{"floor":33,"key":"Regen Potion"},{"floor":35,"key":"Fruit Juice"},{"floor":36,"key":"Weak Potion"},{"floor":38,"key":"LiquidMemories"},{"floor":39,"key":"Regen Potion"},{"floor":40,"key":"SkillPotion"},{"floor":45,"key":"Ancient Potion"},{"floor":54,"key":"LiquidBronze"}],"is_trial":false,"path_per_floor":["M","$","M","M","M","R","E","R","T","R","?","?","E","?","R","B",null,"M","?","M","$","M","R","E","$","T","E","$","E","$","M","R","B",null,"M","M","?","M","M","E","R","E","T","M","E","$","$","E","R","B",null,"R","$","E","B",null],"character_chosen":"MARISA","items_purchased":["SproutingBranch","SimpleLauncher"],"campfire_rested":1,"item_purchase_floors":[21,46],"current_hp_per_floor":[68,68,64,64,48,48,48,48,48,48,37,25,17,17,17,6,75,63,56,50,50,29,51,55,55,55,29,29,35,35,40,40,39,75,72,74,74,65,67,79,79,82,82,84,86,86,86,86,86,51,86,86,86,79,55],"gold":56,"neow_bonus":"HUNDRED_GOLD","is_daily":false,"chose_seed":false,"campfire_upgraded":7,"win_rate":0.0,"timestamp":1612795699,"path_taken":["M","$","M","M","M","R","E","R","T","R","?","?","E","?","R","BOSS","M","?","M","?","?","R","E","$","T","E","?","E","$","?","R","BOSS","M","M","?","?","M","E","R","E","T","M","E","?","$","E","R","BOSS","R","$","E","BOSS"],"items_purchased_type":["Relic","Relic"],"build_version":"2020-12-22","purchased_purges":4,"victory":true,"max_hp_per_floor":[75,75,75,75,75,75,75,75,75,75,75,75,75,75,75,75,75,75,75,75,75,75,75,75,75,75,75,75,75,75,75,75,75,75,75,80,80,80,80,80,80,82,82,84,86,86,86,86,86,86,86,86,86,88,88],"card_choices":[{"not_picked":["NonDirectionalLaser","GrandCross"],"picked":"Acceleration","floor":1.0},{"not_picked":["ShootingEcho","ShootTheMoon"],"picked":"MysteriousBeam","floor":3.0},{"not_picked":["EscapeVelocity","DarkSpark"],"picked":"GrandCross","floor":4.0},{"not_picked":["GalacticHalo","GasGiant"],"picked":"MagicChant","floor":5.0},{"not_picked":["DC","EscapeVelocity+1"],"picked":"MillisecondPulsars+1","floor":7.0},{"not_picked":["AsteroidBelt","Acceleration","SporeBomb"],"picked":"Singularity+1","floor":13.0},{"not_picked":["MaximisePower","JA","BinaryStars"],"picked":"CasketOfStar+1","floor":16},{"not_picked":["WitchOfGreed+1","FairyDestructionRay","ManaConvection","MysteriousBeam"],"picked":"SKIP","floor":18},{"not_picked":["GravityBeat","StarBarrage","DC"],"picked":"AsteroidBelt","floor":20},{"not_picked":["AsteroidBelt","IllusionStar","RefractionSpark","DeepEcoloBomb"],"picked":"SKIP","floor":22},{"not_picked":["ShootingEcho","GalacticHalo","MagicChant","UnstableBomb"],"picked":"SKIP","floor":24},{"not_picked":["DragonMeteor","ShootingEcho","CollectingQuirk","ChargeUpSpray+1"],"picked":"SKIP","floor":27},{"not_picked":["GalacticHalo","OpenUniverse","IllusionStar"],"picked":"DoubleSpark+1","floor":29},{"not_picked":["MagicChant","RefractionSpark","MachineGunSpark+1","ShootingEcho"],"picked":"SKIP","floor":31},{"not_picked":["TreasureHunter","JA","BigCrunch"],"picked":"BinaryStars","floor":33},{"not_picked":["BlazeAway+1","Robbery+1","MachineGunSpark+1","LuminesStrike+1"],"picked":"SKIP","floor":35},{"not_picked":["6A+1","DarkSpark+1","DC","MilkyWay+1"],"picked":"SKIP","floor":36},{"not_picked":["DoubleSpark+1","GalacticHalo","MysteriousBeam","UnstableBomb+1"],"picked":"SKIP","floor":38},{"not_picked":["IllusionStar+1","EarthLightRay","Robbery+1","6A+1"],"picked":"SKIP","floor":39},{"not_picked":["ShootTheMoon","DeepEcoloBomb+1","PowerUp+1"],"picked":"MagicChant+1","floor":40},{"not_picked":["BinaryStars","EscapeVelocity+1","ChargingUp+1","OneTimeOff"],"picked":"Singing Bowl","floor":42},{"not_picked":["ShootingEcho","MeteoricShower","ShootTheMoon","DeepEcoloBomb+1"],"picked":"Singing Bowl","floor":44},{"not_picked":["ShootingEcho+1","6A+1","MilkyWay","SporeBomb"],"picked":"Singing Bowl","floor":45},{"not_picked":["CollectingQuirk","UnstableBomb","OneTimeOff+1"],"picked":"Singularity+1","floor":48},{"not_picked":["WitchLeyline","DarkSpark+1","DC","SporeBomb"],"picked":"Singing Bowl","floor":54}],"player_experience":373563,"relics_obtained":[{"floor":7.0,"key":"Frozen Egg 2"},{"floor":9.0,"key":"White Beast Statue"},{"floor":13.0,"key":"Lantern"},{"floor":24,"key":"StrikeDummy"},{"floor":24,"key":"Ornamental Fan"},{"floor":26,"key":"CeramicFish"},{"floor":27,"key":"Vajra"},{"floor":27,"key":"Centennial Puzzle"},{"floor":29,"key":"HandmadeGrimoire"},{"floor":29,"key":"Nunchaku"},{"floor":40,"key":"Omamori"},{"floor":40,"key":"Orichalcum"},{"floor":42,"key":"Shuriken"},{"floor":42,"key":"Singing Bowl"},{"floor":42,"key":"Gremlin Horn"},{"floor":45,"key":"Akabeko"},{"floor":45,"key":"BreadOfAWashokuLover"},{"floor":45,"key":"Dream Catcher"},{"floor":48,"key":"Smiling Mask"},{"floor":48,"key":"Thread and Needle"},{"floor":54,"key":"Mummified Hand"},{"floor":54,"key":"CaptainsWheel"},{"floor":54,"key":"Art of War"}],"event_choices":[{"damage_healed":0.0,"max_hp_gain":0.0,"max_hp_loss":0.0,"gold_gain":75.0,"event_name":"World of Goop","player_choice":"Gather Gold","floor":11.0,"gold_loss":0.0,"damage_taken":11.0},{"damage_healed":0.0,"max_hp_gain":0.0,"max_hp_loss":0.0,"gold_gain":0.0,"event_name":"Scrap Ooze","player_choice":"Success","floor":12.0,"gold_loss":0.0,"damage_taken":12.0,"relics_obtained":["Question Card"]},{"cards_removed":["Strike_MRS"],"damage_healed":0.0,"max_hp_gain":0.0,"max_hp_loss":0.0,"gold_gain":0.0,"event_name":"The Cleric","player_choice":"Card Removal","floor":14.0,"gold_loss":50.0,"damage_taken":0.0},{"damage_healed":0,"gold_gain":75,"player_choice":"Touch","damage_taken":7,"max_hp_gain":0,"max_hp_loss":0,"event_name":"FaceTrader","floor":19,"gold_loss":0},{"damage_healed":0,"gold_gain":0,"player_choice":"Ignored","damage_taken":0,"max_hp_gain":0,"max_hp_loss":0,"event_name":"SecretPortal","floor":37,"gold_loss":0}],"is_beta":false,"boss_relics":[{"not_picked":["Pandora\u0027s Box","Sozu"],"picked":"Black Star"},{"not_picked":["Velvet Choker","Busted Crown"],"picked":"Astrolabe"}],"items_purged_floors":[2,28,46,53],"is_endless":false,"potions_floor_spawned":[3,4,5,13,16,18,20,22,24,27,29,31,33,35,36,38,39,40,42,44,45,48,54],"ascension_level":2}}