{"host":"msmkw03x1o7nq45i","time":1612817481,"event":{"mods":["AchievementEnabler","BaseMod","Bestiary","Colored Powertips","GifTheSpireLib","Highlight Path","Minty Spire (QoL Compilation)","Random Character Button","StSLib","everything is the same but u backflip on backflip"],"gold_per_floor":[112,112,77,77,97,124,67,85,109,139,139,172,187,213,213,288,288,304,173,191,206,33,48,48,80,104,104,104],"floor_reached":27,"language":"ENG","playtime":1619,"items_purged":["Dualcast"],"score":470,"play_id":"7f72d003-ee8c-46cc-8f23-69da33cc12c6","local_time":"20210208225121","is_ascension_mode":true,"campfire_choices":[{"data":"Sunder","floor":11,"key":"SMITH"},{"data":"Doom and Gloom","floor":15,"key":"SMITH"},{"data":"Go for the Eyes","floor":24,"key":"SMITH"}],"circlet_count":0,"master_deck":["AscendersBane","Strike_B","Strike_B","Strike_B","Defend_B","Defend_B","Defend_B","Defend_B","Zap","Sunder+1","Compile Driver","Genetic Algorithm","Rebound","Doom and Gloom+1","Steam Power","Go for the Eyes+1","Core Surge","Echo Form","Leap","Stack","Gash","Dark Shackles","Evolve","Clumsy"],"relics":["Coffee Dripper","Boot","Art of War","Lantern","Blue Candle","Ornamental Fan","Cursed Key","PrismaticShard","Orichalcum"],"acts_visited":["Exordium","TheCity"],"potions_floor_usage":[6,10,12,16,16,21,27],"damage_taken":[{"damage":8,"enemies":"Jaw Worm","floor":1,"turns":4},{"damage":0,"enemies":"2 Louse","floor":5,"turns":2},{"damage":5,"enemies":"Lagavulin","floor":6,"turns":6},{"damage":1,"enemies":"Cultist","floor":8,"turns":4},{"damage":10,"enemies":"3 Sentries","floor":10,"turns":4},{"damage":11,"enemies":"Gremlin Nob","floor":12,"turns":4},{"damage":0,"enemies":"2 Fungi Beasts","floor":13,"turns":2},{"damage":21,"enemies":"Lagavulin","floor":14,"turns":4},{"damage":25,"enemies":"The Guardian","floor":16,"turns":11},{"damage":4,"enemies":"Shell Parasite","floor":18,"turns":3},{"damage":0,"enemies":"3 Byrds","floor":20,"turns":4},{"damage":14,"enemies":"Snake Plant","floor":21,"turns":5},{"damage":5,"enemies":"Chosen and Byrds","floor":23,"turns":5},{"damage":26,"enemies":"Book of Stabbing","floor":25,"turns":6},{"damage":11,"enemies":"Gremlin Leader","floor":27,"turns":3}],"seed_played":"-8137593322578317886","potions_obtained":[{"floor":5,"key":"PowerPotion"},{"floor":6,"key":"Strength Potion"},{"floor":10,"key":"SkillPotion"},{"floor":13,"key":"Swift Potion"},{"floor":21,"key":"PotionOfCapacity"},{"floor":25,"key":"SteroidPotion"}],"is_trial":false,"path_per_floor":["M","?","?","?","M","E","$","M","T","E","R","E","M","E","R","B",null,"M","$","M","M","$","M","R","E","T","E"],"character_chosen":"DEFECT","items_purchased":["Explosive Potion","Block Potion","PrismaticShard"],"campfire_rested":0,"item_purchase_floors":[7,19,22],"current_hp_per_floor":[56,61,76,76,76,71,71,70,70,60,60,49,49,28,28,3,58,54,54,54,40,40,35,35,9,9,0,0],"gold":104,"neow_bonus":"BOSS_RELIC","is_daily":false,"chose_seed":false,"campfire_upgraded":3,"win_rate":0.0,"timestamp":1612817481,"path_taken":["M","?","?","?","M","E","$","M","T","E","R","E","M","E","R","BOSS","M","?","M","M","$","M","R","E","T","E"],"items_purchased_type":["Potion","Potion","Relic"],"build_version":"2020-12-22","purchased_purges":1,"victory":false,"max_hp_per_floor":[71,76,76,76,76,76,76,76,76,76,76,76,76,76,76,76,76,76,76,76,76,76,76,76,76,76,76,76],"card_choices":[{"not_picked":["Hologram","Compile Driver"],"picked":"Sunder","floor":1},{"not_picked":["Fusion","Rebound"],"picked":"Genetic Algorithm","floor":5},{"not_picked":["Go for the Eyes","White Noise"],"picked":"Rebound","floor":6},{"not_picked":["Gash","Glacier"],"picked":"Doom and Gloom","floor":8},{"not_picked":["Steam","Turbo","Barrage"],"picked":"SKIP","floor":10},{"not_picked":["Static Discharge","Darkness"],"picked":"Steam Power","floor":12},{"not_picked":["Chill","Gash"],"picked":"Go for the Eyes","floor":13},{"not_picked":["Loop","Self Repair"],"picked":"Core Surge","floor":14},{"not_picked":["Buffer","Rainbow"],"picked":"Echo Form","floor":16},{"not_picked":["Compile Driver","Streamline"],"picked":"Leap","floor":18},{"not_picked":["Compile Driver","Redo"],"picked":"Stack","floor":20},{"not_picked":["Undo","Double Energy"],"picked":"Gash","floor":21},{"not_picked":["ReachHeaven+1","Searing Blow"],"picked":"Dark Shackles","floor":23},{"not_picked":["ClearTheMind","Bouncing Flask"],"picked":"Evolve","floor":25}],"player_experience":508599,"relics_obtained":[{"floor":6,"key":"Boot"},{"floor":9,"key":"Art of War"},{"floor":10,"key":"Lantern"},{"floor":12,"key":"Blue Candle"},{"floor":14,"key":"Ornamental Fan"},{"floor":25,"key":"Orichalcum"}],"event_choices":[{"damage_healed":0,"gold_gain":0,"player_choice":"Donut","damage_taken":0,"max_hp_gain":5,"max_hp_loss":0,"event_name":"Big Fish","floor":2,"gold_loss":0},{"damage_healed":19,"gold_gain":0,"player_choice":"Healed","damage_taken":0,"max_hp_gain":0,"max_hp_loss":0,"event_name":"The Cleric","floor":3,"gold_loss":35},{"damage_healed":0,"gold_gain":0,"cards_transformed":["Strike_B"],"player_choice":"Transformed","damage_taken":0,"max_hp_gain":0,"max_hp_loss":0,"event_name":"Transmorgrifier","floor":4,"gold_loss":0,"cards_obtained":["Compile Driver"]}],"is_beta":false,"boss_relics":[{"not_picked":["Philosopher\u0027s Stone","Runic Dome"],"picked":"Cursed Key"}],"items_purged_floors":[19],"is_endless":false,"potions_floor_spawned":[5,6,10,13,14,21,25],"killed_by":"Gremlin Leader","ascension_level":16}}