{"host":"md0dejzd6k70gl1f","time":1612818340,"event":{"mods":["BaseMod","Bestiary","Minty Spire (QoL Compilation)","Quick Restart"],"gold_per_floor":[13,13,31,46,61,61,91,91,91,16,16,27,37,67,67,165,165,145,157,34,34,34,61,61,86,86,185,185,205,220,253,253,352,352,362,462,477,117,143,155,167,179,242,274,286,310,352,112,112,112,112],"floor_reached":50,"language":"ENG","playtime":1771,"items_purged":["Decay","Strike_B","Strike_B"],"score":787,"play_id":"5904ce99-ce2e-40bd-aee9-b6f5107d2ab7","local_time":"20210208220540","is_ascension_mode":true,"campfire_choices":[{"floor":6,"key":"REST"},{"data":"Beam Cell","floor":8,"key":"SMITH"},{"data":"Echo Form","floor":15,"key":"SMITH"},{"floor":24,"key":"REST"},{"floor":28,"key":"REST"},{"floor":32,"key":"REST"},{"data":"Glacier","floor":40,"key":"SMITH"},{"data":"Capacitor","floor":45,"key":"SMITH"},{"floor":49,"key":"RECALL"}],"circlet_count":0,"master_deck":["AscendersBane","Strike_B","Strike_B+1","Defend_B","Defend_B","Defend_B","Defend_B","Zap","Dualcast","Gash","Beam Cell+1","Leap","Glacier+1","Rebound","Echo Form+1","Gash+1","Core Surge","Capacitor","FTL+1","Stack","Machine Learning","Coolheaded","Gash","Auto Shields","Ball Lightning+1","Chill","Capacitor+1","Hologram","Coolheaded+1"],"relics":["Cracked Core","Turnip","Mummified Hand","Orichalcum","Pen Nib","Nuclear Battery","Matryoshka","Art of War","Blue Candle","Whetstone","Bag of Marbles","Ornamental Fan","Darkstone Periapt","Coffee Dripper","DataDisk","MawBank","White Beast Statue","Pantograph"],"acts_visited":["Exordium","TheCity","TheBeyond"],"potions_floor_usage":[14,14,31,31,50,50],"damage_taken":[{"damage":1,"enemies":"2 Louse","floor":1,"turns":3},{"damage":8,"enemies":"Cultist","floor":3,"turns":4},{"damage":9,"enemies":"Small Slimes","floor":4,"turns":2},{"damage":37,"enemies":"Exordium Thugs","floor":5,"turns":5},{"damage":2,"enemies":"Large Slime","floor":12,"turns":5},{"damage":8,"enemies":"Exordium Wildlife","floor":13,"turns":4},{"damage":15,"enemies":"3 Sentries","floor":14,"turns":10},{"damage":4,"enemies":"Hexaghost","floor":16,"turns":9},{"damage":16,"enemies":"2 Thieves","floor":18,"turns":4},{"damage":14,"enemies":"Shell Parasite","floor":19,"turns":5},{"damage":30,"enemies":"Book of Stabbing","floor":23,"turns":6},{"damage":11,"enemies":"Snecko","floor":29,"turns":6},{"damage":2,"enemies":"Chosen and Byrds","floor":30,"turns":6},{"damage":24,"enemies":"Slavers","floor":31,"turns":6},{"damage":18,"enemies":"Champ","floor":33,"turns":12},{"damage":32,"enemies":"3 Darklings","floor":35,"turns":8},{"damage":10,"enemies":"Orb Walker","floor":37,"turns":3},{"damage":25,"enemies":"Writhing Mass","floor":44,"turns":9},{"damage":10,"enemies":"Transient","floor":46,"turns":5},{"damage":18,"enemies":"Giant Head","floor":47,"turns":10},{"damage":44,"enemies":"Donu and Deca","floor":50,"turns":4}],"seed_played":"-8079882569718098134","potions_obtained":[{"floor":5,"key":"SteroidPotion"},{"floor":13,"key":"GamblersBrew"},{"floor":14,"key":"Dexterity Potion"},{"floor":18,"key":"SkillPotion"},{"floor":19,"key":"Fire Potion"},{"floor":33,"key":"Strength Potion"},{"floor":35,"key":"Block Potion"}],"is_trial":false,"path_per_floor":["M","?","M","M","M","R","?","R","T","$","?","M","M","E","R","B",null,"M","M","$","?","T","E","R","T","T","?","R","M","M","E","R","B",null,"M","?","M","$","T","R","?","$","T","M","R","M","E","$","R","B"],"character_chosen":"DEFECT","items_purchased":["Stack","DataDisk","Capacitor","Hologram","Pantograph"],"campfire_rested":4,"item_purchase_floors":[20,38,38,38,48],"current_hp_per_floor":[67,67,59,50,13,35,35,35,35,35,60,58,50,35,35,31,64,48,34,34,34,34,4,26,26,26,26,48,37,35,11,33,15,60,28,28,18,18,18,18,66,66,66,41,41,31,13,13,13,0,0],"gold":112,"neow_bonus":"ONE_RARE_RELIC","is_daily":false,"chose_seed":false,"campfire_upgraded":4,"win_rate":0.0,"timestamp":1612818340,"path_taken":["M","?","M","M","?","R","?","R","T","$","?","?","M","E","R","BOSS","M","M","$","?","?","E","R","?","T","?","R","M","?","E","R","BOSS","M","?","M","$","?","R","?","?","T","M","R","M","E","$","R","BOSS"],"items_purchased_type":["Card","Relic","Card","Card","Relic"],"build_version":"2020-12-22","purchased_purges":3,"victory":false,"max_hp_per_floor":[75,75,75,75,75,75,75,75,75,75,75,75,75,75,75,75,75,75,75,75,75,75,75,75,75,75,75,75,75,75,75,75,75,75,75,75,75,75,75,75,66,66,66,66,66,66,66,66,66,66,66],"card_choices":[{"not_picked":["Streamline","Blizzard"],"picked":"Gash","floor":1},{"not_picked":["Conserve Battery","BootSequence"],"picked":"Beam Cell","floor":3},{"not_picked":["Barrage","Stack"],"picked":"Leap","floor":4},{"not_picked":["Rebound","Capacitor"],"picked":"Glacier","floor":5},{"not_picked":["Leap","Beam Cell"],"picked":"Rebound","floor":12},{"not_picked":["Rip and Tear","White Noise"],"picked":"Echo Form","floor":13},{"not_picked":["Fusion","Compile Driver"],"picked":"Gash","floor":14},{"not_picked":["Buffer","Hyperbeam"],"picked":"Core Surge","floor":16},{"not_picked":["Turbo","Stack"],"picked":"Capacitor","floor":18},{"not_picked":["Leap","Capacitor"],"picked":"FTL+1","floor":19},{"not_picked":["Scrape","Sweeping Beam"],"picked":"Machine Learning","floor":23},{"not_picked":["Streamline","Stack"],"picked":"Coolheaded","floor":29},{"not_picked":["Compile Driver+1","Barrage"],"picked":"Gash","floor":30},{"not_picked":["Rip and Tear+1","Scrape+1"],"picked":"Auto Shields","floor":31},{"not_picked":["Barrage+1","Chaos+1"],"picked":"Ball Lightning+1","floor":35},{"not_picked":["Lockon","Static Discharge+1"],"picked":"Chill","floor":37},{"not_picked":["Conserve Battery+1","Recycle"],"picked":"Coolheaded+1","floor":44},{"not_picked":["Static Discharge","Sweeping Beam","Gash"],"picked":"SKIP","floor":46},{"not_picked":["Streamline+1","Beam Cell+1","Fusion+1"],"picked":"SKIP","floor":47}],"player_experience":499648,"relics_obtained":[{"floor":9,"key":"Orichalcum"},{"floor":14,"key":"Pen Nib"},{"floor":22,"key":"Matryoshka"},{"floor":23,"key":"Art of War"},{"floor":25,"key":"Blue Candle"},{"floor":25,"key":"Whetstone"},{"floor":26,"key":"Bag of Marbles"},{"floor":26,"key":"Ornamental Fan"},{"floor":31,"key":"Darkstone Periapt"},{"floor":39,"key":"MawBank"},{"floor":47,"key":"White Beast Statue"}],"event_choices":[{"damage_healed":0,"gold_gain":0,"player_choice":"Cursed","damage_taken":0,"max_hp_gain":0,"max_hp_loss":0,"event_name":"Wheel of Change","floor":2,"gold_loss":0,"cards_obtained":["Decay"]},{"damage_healed":0,"gold_gain":30,"player_choice":"Searched \u00273\u0027 times","damage_taken":0,"relics_obtained":["Mummified Hand"],"max_hp_gain":0,"max_hp_loss":0,"event_name":"Dead Adventurer","floor":7,"gold_loss":0},{"damage_healed":25,"gold_gain":0,"player_choice":"Banana","damage_taken":0,"max_hp_gain":0,"max_hp_loss":0,"event_name":"Big Fish","floor":11,"gold_loss":0},{"damage_healed":0,"gold_gain":99,"player_choice":"Stole From Cult","damage_taken":0,"max_hp_gain":0,"max_hp_loss":0,"event_name":"Nest","floor":27,"gold_loss":0},{"damage_healed":0,"gold_gain":100,"player_choice":"Pray","damage_taken":0,"max_hp_gain":0,"max_hp_loss":0,"event_name":"Golden Shrine","floor":36,"gold_loss":0},{"damage_healed":66,"gold_gain":0,"player_choice":"Heal","damage_taken":0,"max_hp_gain":0,"max_hp_loss":9,"event_name":"The Moai Head","floor":41,"gold_loss":0}],"is_beta":false,"boss_relics":[{"not_picked":["Cursed Key","Busted Crown"],"picked":"Nuclear Battery"},{"not_picked":["Tiny House","SacredBark"],"picked":"Coffee Dripper"}],"items_purged_floors":[10,20,38],"is_endless":false,"potions_floor_spawned":[5,13,14,18,19,33,35,37,44],"killed_by":"Donu and Deca","ascension_level":11}}