{"host":"80x1ozqd5wpd4nvo","time":1612803678,"event":{"mods":["2.2 Compatiblity","Aspiration","BaseMod","Better Altar","Better Match","Better Note","Better Sensory Stone","Better Skull","Better Third Choice","BetterRewards","Card Forge","Custom Start","DNKmod","Defuse TimeMaze Blight","Dota2Spire","Energized Spire","Friendly Minions","GifTheSpireLib","Hubris","Infinite Spire","Jedi Mod","Minty Spire (QoL Compilation)","MostiFishMod","Permanent Neow","Poor People Problems","Shop Mod","Spicy Shops","StSLib","The Animator","The Blue Laboratory","??????REMEMod"],"gold_per_floor":[1214,1214,1244,1244,1244,1244,1268,1321,1346,1441,1492,1513,1538,742,742,902,927,954,1003,421,421,421,479,504,525,550,663,663,663,166,191,191,319,344,357,407,439,490,514,514,609,609,609,685,741,951,951,970,970,1000,1000,1000,955,1005,1060,1155,575,575,650,775,649,164,284,309,334,429,569,569,569,569],"floor_reached":69,"language":"ENG","playtime":5342,"items_purged":["animator:Strike","animator:Defend","animator:Strike","animator:Defend+1","animator:Defend+1","animator:Strike+1"],"score":1228,"play_id":"4f855942-170f-4fbd-a58e-0ad4281063cf","local_time":"20210208180118","is_ascension_mode":false,"campfire_choices":[{"data":"animator:MisaKurobane","floor":6.0,"key":"SMITH"},{"floor":15.0,"key":"REST"},{"data":"animator:FielNirvalen","floor":29.0,"key":"SMITH"},{"data":"MostiFishMod:WinterMarkForm","floor":32.0,"key":"SMITH"},{"data":"animator:Sora","floor":40.0,"key":"SMITH"},{"data":"animator:Sora","floor":42.0,"key":"SMITH"},{"floor":47.0,"key":"RECALL"},{"data":"animator:Shiro","floor":49.0,"key":"SMITH"},{"data":"infinitespire:UltimateForm","floor":52.0,"key":"SMITH"},{"floor":58.0,"key":"REST"},{"data":"animator:Gilgamesh+36","floor":68.0,"key":"SMITH"}],"circlet_count":0,"master_deck":["animator:Strike_NoGameNoLife+1","animator:Defend_NoGameNoLife+1","animator:DolaSchwi+1","animator:DolaCouronne+1","MostiFishMod:WinterMarkForm+1","animator:Shinoa+1","MostiFishMod:WinterMarkForm+1","animator:Millim+22","animator:Shuna+1","animator:Gilgamesh+37","animator:YachiyoNanami+1","animator:Archer+1","animator:Shiro+1","animator:Jibril+1","animator:FielNirvalen+1","animator:HigakiRinne+1","animator:Bozes+1","animator:Jibril+1","animator:DolaRiku+1","Inflame+1","Defragment+1","Footwork+1","Beam Cell+1","Neutralize+1","animator:Sora+1","animator:SayakaMiki+1","animator:SakuraMatou+1","animator:Caster+1","animator:Sora+1","animator:Yoichi+1","animator:IrohaTamaki+1","animator:AcuraShin+1","Discovery+1","animator:Rider+1","animator:Tet+1","animator:Layla+1","animator:Arpeggio+1","animator:Mikaela+1","animator:Saber+1","animator:Arpeggio+1","animator:Archer+1","animator:Lancer+1","animator:Patchouli+1","animator:LeleiLaLalena+1"],"relics":["animator:TheEgnaroPiece","animator:LivingPicture","animator:TheMissingPiece","animator:AncientMedallion"],"acts_visited":["Exordium","TheCity","TheBeyond","TheEnding","EYB:TheUnnamedReign"],"potions_floor_usage":[69,69,69],"damage_taken":[{"damage":7.0,"enemies":"2 Louse","floor":1.0,"turns":2.0},{"damage":0.0,"enemies":"Cultist","floor":3.0,"turns":2.0},{"damage":0.0,"enemies":"Small Slimes","floor":7.0,"turns":2.0},{"damage":9.0,"enemies":"Gremlin Nob","floor":8.0,"turns":3.0},{"damage":10.0,"enemies":"Looter","floor":11.0,"turns":2.0},{"damage":0.0,"enemies":"3 Louse","floor":12.0,"turns":1.0},{"damage":0.0,"enemies":"Large Slime","floor":13.0,"turns":2.0},{"damage":0.0,"enemies":"Hexaghost","floor":16.0,"turns":3.0},{"damage":0.0,"enemies":"Spheric Guardian","floor":18.0,"turns":2.0},{"damage":0.0,"enemies":"3 Byrds","floor":19.0,"turns":3.0},{"damage":8.0,"enemies":"Book of Stabbing","floor":23.0,"turns":2.0},{"damage":0.0,"enemies":"3 Cultists","floor":25.0,"turns":2.0},{"damage":2.0,"enemies":"Gremlin Leader","floor":27.0,"turns":2.0},{"damage":3.0,"enemies":"hubris:MusketHawk","floor":33.0,"turns":3.0},{"damage":0.0,"enemies":"Orb Walker","floor":35.0,"turns":1.0},{"damage":0.0,"enemies":"3 Darklings","floor":36.0,"turns":2.0},{"damage":0.0,"enemies":"Jaw Worm Horde","floor":37.0,"turns":3.0},{"damage":2.0,"enemies":"Maw","floor":38.0,"turns":4.0},{"damage":0.0,"enemies":"Transient","floor":39.0,"turns":4.0},{"damage":0.0,"enemies":"Nemesis","floor":41.0,"turns":3.0},{"damage":0.0,"enemies":"Reptomancer","floor":45.0,"turns":3.0},{"damage":7.0,"enemies":"infinitespire:Three Voidlings","floor":46.0,"turns":3.0},{"damage":0.0,"enemies":"Nightmare_Alpha","floor":46.0,"turns":5.0},{"damage":0.0,"enemies":"Spire Growth","floor":48.0,"turns":3.0},{"damage":0.0,"enemies":"infinitespire:MassOfShapes","floor":50.0,"turns":7.0},{"damage":0.0,"enemies":"animator:UNNAMED_HAT","floor":54.0,"turns":12.0},{"damage":53.0,"enemies":"animator:TRIPLE_SHAPES_WEAK","floor":55.0,"turns":7.0},{"damage":32.0,"enemies":"animator:TRIPLE_LAGAVULIN","floor":59.0,"turns":8.0},{"damage":65.0,"enemies":"animator:LARGE_WISP","floor":60.0,"turns":8.0},{"damage":24.0,"enemies":"animator:ULTIMATE_WISP","floor":63.0,"turns":6.0},{"damage":21.0,"enemies":"animator:ULTIMATE_CRYSTAL","floor":67.0,"turns":5.0},{"damage":105,"enemies":"animator:TheUnnamed","floor":69,"turns":8}],"seed_played":"-7715302199291342683","potions_obtained":[{"floor":8.0,"key":"Strength Potion"},{"floor":12.0,"key":"EssenceOfSteel"},{"floor":13.0,"key":"FearPotion"},{"floor":16.0,"key":"BlessingOfTheForge"},{"floor":19.0,"key":"Explosive Potion"},{"floor":23.0,"key":"Regen Potion"},{"floor":33.0,"key":"blueLaboratory:PyrophylliteBrew"},{"floor":45.0,"key":"blueLaboratory:FruitPunch"},{"floor":46.0,"key":"blueLaboratory:StoneskinPotion"},{"floor":54.0,"key":"animator:FalseLifePotion"},{"floor":55.0,"key":"animator:FalseLifePotion"},{"floor":59.0,"key":"animator:FalseLifePotion"},{"floor":60.0,"key":"animator:FalseLifePotion"},{"floor":63.0,"key":"animator:FalseLifePotion"}],"is_trial":false,"path_per_floor":["M","?","M","?","?","R","M","E","T","T","M","M","M","$","R","B",null,"M","M","$","?","?","E","?","M","T","E","AVR","R","$","?","R","B",null,"M","M","M","M","M","R","E","R","T","T","E","?","R","M","R","B",null,"R","??","M","M","T","?","R","M","M","?","$","E","T","?","$","E","R","B"],"character_chosen":"THE_ANIMATOR","items_purchased":["PreservedInsect","Dota2Spire:MonkeyKingBar","animator:Archer","Gambling Chip","aspiration:Nostalgia","hubris:DuctTape","Runic Capacitor","Bird Faced Urn","hubris:SlimyHat","animator:Arpeggio","animator:AncientMedallion","animator:AncientMedallion","animator:AncientMedallion","animator:AncientMedallion","animator:AncientMedallion","animator:AncientMedallion","animator:FalseLifePotion","animator:FalseLifePotion","animator:Archer","animator:Lancer","animator:Patchouli","animator:AncientMedallion","animator:AncientMedallion","animator:FalseLifePotion","animator:AncientMedallion","animator:LeleiLaLalena","animator:AncientMedallion","animator:AncientMedallion"],"campfire_rested":2,"item_purchase_floors":[14,14,14,20,20,20,30,30,30,62,62,62,62,62,62,62,62,62,66,66,66,66,66,66,66,66,66,66],"current_hp_per_floor":[93,100,100,75,75,75,76,67,67,67,57,57,57,57,87,88,102,102,103,103,103,103,101,101,103,103,103,103,103,103,103,103,105,105,105,106,106,106,106,106,106,106,106,106,106,109,109,109,109,109,109,109,86,86,33,33,33,58,42,37,37,46,62,62,62,62,65,65,0,0],"gold":569,"neow_bonus":"RANDOM_COLORLESS","is_daily":false,"chose_seed":false,"campfire_upgraded":8,"win_rate":0.0,"timestamp":1612803678,"path_taken":["M","?","?","?","?","R","M","E","T","?","M","M","M","$","R","BOSS","M","M","$","?","?","E","?","M","T","E","AVR","R","$","?","R","BOSS","M","M","M","M","M","R","E","R","T","?","E","?","R","M","R","BOSS","R","??","M","M","T","?","R","M","M","?","$","E","T","?","$","E","R","BOSS"],"items_purchased_type":["Relic","Relic","Card","Relic","Relic","Relic","Relic","Relic","Relic","Card","Relic","Relic","Relic","Relic","Relic","Relic","Potion","Potion","Card","Card","Card","Relic","Relic","Potion","Relic","Card","Relic","Relic"],"build_version":"2020-12-22","purchased_purges":6,"victory":false,"max_hp_per_floor":[100,100,100,100,100,100,101,101,101,101,101,101,101,101,101,102,102,102,103,103,103,103,103,103,103,103,103,103,103,103,103,103,105,105,105,106,106,106,106,106,106,106,106,106,106,109,109,109,109,109,109,109,86,86,86,86,86,86,86,86,86,86,86,86,86,86,86,86,86,86],"card_choices":[{"not_picked":["animator:Urushihara","animator:Kagari"],"picked":"animator:MisaKurobane","floor":0.0},{"not_picked":["animator:DolaSchwi","animator:Rider"],"picked":"animator:Shinoa","floor":1.0},{"not_picked":["animator:Yoichi","animator:Assassin","animator:Berserker","animator:CrowleyEusford"],"picked":"animator:Millim","floor":3.0},{"not_picked":["animator:LeleiLaLalena","animator:ChaikaTrabant","animator:HiiragiShinya","animator:Benimaru"],"picked":"animator:Shuna","floor":7.0},{"not_picked":["animator:ChlammyZell","animator:YaoHaDucy","animator:ChaikaTrabant","animator:Souei"],"picked":"animator:Gilgamesh","floor":8.0},{"not_picked":["animator:Berserker","animator:Guy","animator:KyokoSakura","animator:YaoHaDucy"],"picked":"animator:Millim","floor":11.0},{"not_picked":["animator:Souei","animator:Gillette","animator:Guy","animator:Illya"],"picked":"animator:YachiyoNanami","floor":12.0},{"not_picked":["animator:Tyuule","animator:KrulTepes","animator:Shuna","animator:RinTohsaka"],"picked":"animator:DolaStephanie","floor":13.0},{"not_picked":["animator:Shizu","animator:AcuraShin","animator:HomuraAkemi","animator:PinaCoLada"],"picked":"animator:Shiro","floor":16.0},{"not_picked":["animator:Viivi","animator:IrohaTamaki","animator:AcuraAkari+1","animator:EmiyaShirou"],"picked":"animator:Jibril","floor":18.0},{"not_picked":["animator:Mikaela+1","animator:Shuna","animator:RinTohsaka","animator:HiiragiShinya"],"picked":"animator:FielNirvalen","floor":19.0},{"not_picked":["animator:Layla","animator:Mitsuba","animator:Shizu","animator:Lancer"],"picked":"animator:Bozes","floor":23.0},{"not_picked":["animator:ShinjiMatou","animator:Vesta","animator:IrohaTamaki","animator:LeleiLaLalena"],"picked":"animator:Jibril","floor":25.0},{"not_picked":["animator:Yuuichirou+1","animator:YaoHaDucy","animator:Layla","animator:DolaSchwi"],"picked":"animator:DolaRiku","floor":27.0},{"not_picked":["animator:FeridBathory","animator:Shizu+1","animator:AcuraShin+1","animator:HomuraAkemi"],"picked":"animator:Sora","floor":33.0},{"not_picked":["animator:Jibril+1","animator:AcuraAkari+1","animator:KyokoSakura+1","animator:NagisaMomoe+1"],"picked":"animator:SayakaMiki+1","floor":35.0},{"not_picked":["animator:Hakurou+1","animator:Shizu+1","animator:NagisaMomoe","animator:Viivi+1"],"picked":"animator:SakuraMatou+1","floor":36.0},{"not_picked":["animator:Jibril+1","animator:OrikoMikuni+1","animator:ShinjiMatou+1","animator:Shigure+1"],"picked":"animator:Caster","floor":37.0},{"not_picked":["animator:AcuraAkari+1","animator:Shinoa+1","animator:YuiTsuruno+1","animator:OrikoMikuni"],"picked":"animator:Sora","floor":38.0},{"not_picked":["animator:Guy","animator:Benimaru+1","animator:YuiTsuruno+1","animator:Berserker+1"],"picked":"animator:Yoichi","floor":39.0},{"not_picked":["animator:Benimaru+1","animator:Jibril+1","animator:SayakaMiki","animator:YuiTsuruno+1"],"picked":"animator:IrohaTamaki+1","floor":41.0},{"not_picked":["animator:KrulTepes+1","animator:Benimaru+1","animator:Assassin+1","animator:PinaCoLada"],"picked":"animator:AcuraShin+1","floor":45.0},{"not_picked":["infinitespire:TheBestDefense","infinitespire:SealOfDarkness+"],"picked":"hubris:Fate","floor":46.0},{"not_picked":["animator:Fredrika","animator:YuiTsuruno+1","animator:Jibril+1","animator:RinTohsaka+1"],"picked":"animator:Rider","floor":46.0},{"not_picked":["animator:Shuna","animator:Bozes+1","animator:Lancer+1","animator:Vesta"],"picked":"animator:Tet+1","floor":48.0},{"not_picked":["animator:Shigure","animator:Guy+1"],"picked":"animator:Layla","floor":54.0},{"not_picked":["animator:Berserker","animator:Souei+1"],"picked":"animator:Millim+1","floor":55.0},{"not_picked":["animator:TukaLunaMarceau","animator:YaoHaDucy"],"picked":"animator:Arpeggio","floor":59.0},{"not_picked":["animator:Archer","animator:HiiragiShinya"],"picked":"animator:Mikaela","floor":60.0},{"not_picked":["animator:Shiro+1","animator:Kyubey+1"],"picked":"animator:Saber+1","floor":61.0},{"not_picked":["animator:Illya+1","animator:IrohaTamaki","animator:AcuraShin"],"picked":"SKIP","floor":63.0},{"not_picked":["animator:Rider+1","animator:Shion+1","animator:Gilgamesh"],"picked":"SKIP","floor":67.0}],"player_experience":329589,"relics_obtained":[{"floor":1.0,"key":"SynthV:TestCard"},{"floor":8.0,"key":"Dota2Spire:HandOfMidas"},{"floor":9.0,"key":"Vajra"},{"floor":10.0,"key":"animator:OldCoffin"},{"floor":23.0,"key":"Happy Flower"},{"floor":24.0,"key":"Blood Vial"},{"floor":26.0,"key":"Dota2Spire:Butterfly"},{"floor":27.0,"key":"Gremlin Horn"},{"floor":41.0,"key":"infinitespire:Bottled Soul"},{"floor":44.0,"key":"infinitespire:Lucky Rock"},{"floor":45.0,"key":"hubris:PeanutButter"},{"floor":46.0,"key":"jedi:firstaidkit"},{"floor":53.0,"key":"animator:TheEgnaroPiece"},{"floor":56.0,"key":"animator:AncientMedallion"},{"floor":57.0,"key":"animator:AncientMedallion"},{"floor":57.0,"key":"animator:AncientMedallion"},{"floor":57.0,"key":"animator:AncientMedallion"},{"floor":63.0,"key":"animator:AncientMedallion"},{"floor":64.0,"key":"animator:AncientMedallion"},{"floor":67.0,"key":"animator:AncientMedallion"}],"event_choices":[{"cards_removed":["MostiFishMod:FrostNova"],"damage_healed":7.0,"max_hp_gain":0.0,"max_hp_loss":0.0,"gold_gain":0.0,"event_name":"Bonfire Elementals","player_choice":"Offered Uncommon","floor":2.0,"gold_loss":0.0,"damage_taken":0.0},{"damage_healed":0.0,"max_hp_gain":0.0,"max_hp_loss":0.0,"gold_gain":0.0,"event_name":"Golden Idol","player_choice":"Take Damage","floor":4.0,"gold_loss":0.0,"damage_taken":25.0,"relics_obtained":["Golden Idol"]},{"damage_healed":0.0,"max_hp_gain":0.0,"max_hp_loss":0.0,"gold_gain":0.0,"event_name":"Upgrade Shrine","player_choice":"Upgraded","floor":21.0,"gold_loss":0.0,"damage_taken":0.0,"cards_upgraded":["hubris:DuctTapeCard"]},{"cards_removed":["animator:Strike"],"damage_healed":0.0,"max_hp_gain":0.0,"max_hp_loss":0.0,"gold_gain":0.0,"event_name":"betterNote:BetterNote","player_choice":"Give","floor":22.0,"gold_loss":0.0,"damage_taken":0.0,"cards_obtained":["Strike_G"]},{"damage_healed":0.0,"max_hp_gain":0.0,"max_hp_loss":0.0,"gold_gain":0.0,"event_name":"Accursed Blacksmith","player_choice":"Rummage","floor":31.0,"gold_loss":0.0,"damage_taken":0.0,"relics_obtained":["WarpedTongs"],"cards_obtained":["Pain"]}],"is_beta":false,"boss_relics":[{"not_picked":["Philosopher\u0027s Stone","energizedSpire:OgreHead"],"picked":"BloodWine"},{"not_picked":["Sozu","REME_DemonsWealth"],"picked":"JellyFishMachine"}],"items_purged_floors":[14,14,20,62,66,66],"is_endless":false,"potions_floor_spawned":[8,12,13,16,19,23,33,37,38,45,46,54,59,60,63],"killed_by":"animator:TheUnnamed","ascension_level":0}}