{"host":"l15sdf2mmi0nobpi","time":1612776211,"event":{"mods":["BaseMod","Highlight Path","Minty Spire (QoL Compilation)","MostiFishMod","Quick Restart","StSLib"],"gold_per_floor":[109,109,127,127,144,144,171,57,57,57,69,98,118,146,146,223,223,241,241,252,252,268,293,293,325,399,429,479,479,379,398,398,471,521,534,409,434,447,460,486,820,854,854,539,539,539,593,625,625,625,625,625,625,214,243,243,243],"floor_reached":56,"language":"ZHS","playtime":3233,"items_purged":["Strike_R","Strike_R","Strike_R","Bash","MostiFishMod:FrostNova"],"score":2828,"play_id":"662265b4-7ff5-4e49-a754-4104db55c9cb","local_time":"20210208172331","is_ascension_mode":true,"campfire_choices":[{"data":"MostiFishMod:WinterMarkForm","floor":6.0,"key":"SMITH"},{"data":"Bloodletting","floor":10.0,"key":"SMITH"},{"data":"Feel No Pain","floor":15.0,"key":"SMITH"},{"data":"Burning Pact","floor":24.0,"key":"SMITH"},{"data":"Battle Trance","floor":29.0,"key":"SMITH"},{"data":"MostiFishMod:ChineseTea","floor":32.0,"key":"SMITH"},{"data":"Dark Embrace","floor":45.0,"key":"SMITH"},{"floor":49.0,"key":"RECALL"},{"data":"Evolve","floor":53.0,"key":"SMITH"}],"circlet_count":0,"master_deck":["AscendersBane","Defend_R","Defend_R","Defend_R","Defend_R","MostiFishMod:WinterMarkForm+1","Body Slam","Fire Breathing","Battle Trance+1","Bloodletting+1","Second Wind","Feel No Pain+1","Evolve+1","MostiFishMod:ChineseTea+1","Exhume","MostiFishMod:Neptune+1","MostiFishMod:TheEndOfMoonlight","MostiFishMod:SparklingWater","MostiFishMod:FantasySummer","MostiFishMod:NightSea","Burning Pact+1","MostiFishMod:404NotFound","Impervious","Warcry+1","Armaments+1","Juggernaut","Shrug It Off","Dark Embrace+1"],"relics":["DaveBox","FrostBlade","Philosopher\u0027s Stone","SynthV:TestCard","Self Forming Clay","Girya","Incense Burner","MoonlightInvasionPlan","Mummified Hand","StoneCalendar","WingedGreaves","Eternal Feather","DianPoetry","Tiny House","Turnip","CaptainsWheel","Old Coin","White Beast Statue","Civilization","OriginationStaff","Orichalcum","Orrery","Art of War"],"acts_visited":["Exordium","TheCity","TheBeyond","TheEnding"],"potions_floor_usage":[],"damage_taken":[{"damage":4.0,"enemies":"Small Slimes","floor":1.0,"turns":3.0},{"damage":8.0,"enemies":"Jaw Worm","floor":3.0,"turns":4.0},{"damage":0.0,"enemies":"2 Louse","floor":5.0,"turns":2.0},{"damage":9.0,"enemies":"Gremlin Nob","floor":7.0,"turns":3.0},{"damage":0.0,"enemies":"Exordium Wildlife","floor":11.0,"turns":4.0},{"damage":0.0,"enemies":"Lagavulin","floor":12.0,"turns":3.0},{"damage":2.0,"enemies":"2 Fungi Beasts","floor":13.0,"turns":3.0},{"damage":12.0,"enemies":"Gremlin Nob","floor":14.0,"turns":3.0},{"damage":0.0,"enemies":"Slime Boss","floor":16.0,"turns":5.0},{"damage":15.0,"enemies":"Chosen","floor":18.0,"turns":5.0},{"damage":12.0,"enemies":"3 Byrds","floor":20.0,"turns":6.0},{"damage":7.0,"enemies":"Cultist and Chosen","floor":22.0,"turns":5.0},{"damage":27.0,"enemies":"Slavers","floor":23.0,"turns":5.0},{"damage":6.0,"enemies":"Gremlin Leader","floor":25.0,"turns":5.0},{"damage":8.0,"enemies":"Slavers","floor":27.0,"turns":4.0},{"damage":0.0,"enemies":"Snake Plant","floor":31.0,"turns":2.0},{"damage":7.0,"enemies":"Automaton","floor":33.0,"turns":8.0},{"damage":0.0,"enemies":"3 Darklings","floor":35.0,"turns":5.0},{"damage":0.0,"enemies":"Mind Bloom Boss Battle","floor":37.0,"turns":4.0},{"damage":5.0,"enemies":"Orb Walker","floor":38.0,"turns":4.0},{"damage":5.0,"enemies":"Writhing Mass","floor":39.0,"turns":4.0},{"damage":0.0,"enemies":"Giant Head","floor":40.0,"turns":5.0},{"damage":0.0,"enemies":"Nemesis","floor":41.0,"turns":4.0},{"damage":2.0,"enemies":"Reptomancer","floor":42.0,"turns":5.0},{"damage":5.0,"enemies":"2 Orb Walkers","floor":47.0,"turns":3.0},{"damage":0.0,"enemies":"Giant Head","floor":48.0,"turns":4.0},{"damage":0.0,"enemies":"Awakened One","floor":50.0,"turns":7.0},{"damage":0.0,"enemies":"Donu and Deca","floor":51.0,"turns":7.0},{"damage":38.0,"enemies":"Shield and Spear","floor":55.0,"turns":5.0},{"damage":0,"enemies":"The Heart","floor":56,"turns":1}],"seed_played":"-3988158396829794353","potions_obtained":[{"floor":3.0,"key":"SkillPotion"},{"floor":12.0,"key":"BloodPotion"},{"floor":16.0,"key":"DuplicationPotion"},{"floor":25.0,"key":"Explosive Potion"},{"floor":33.0,"key":"BloodPotion"},{"floor":42.0,"key":"Explosive Potion"},{"floor":47.0,"key":"Fruit Juice"}],"is_trial":false,"path_per_floor":["M","?","M","?","M","R","E","$","T","R","M","E","M","E","R","B",null,"M","?","M","T","M","E","R","E","T","E","?","R","$","M","R","B",null,"M","$","?","M","M","E","E","E","T","$","R","?","?","E","R","B","B",null,"R","$","E","B"],"character_chosen":"IRONCLAD","items_purchased":["Bloodletting","Civilization","Orrery","DuplicationPotion"],"campfire_rested":0,"item_purchase_floors":[8,44,54,54],"current_hp_per_floor":[64,64,56,56,56,56,47,47,47,47,47,47,45,33,33,55,70,55,55,50,50,50,30,30,31,31,30,30,45,45,52,67,67,78,80,80,80,80,75,80,80,80,80,80,80,80,82,85,85,90,95,95,95,100,77,77,77],"gold":243,"neow_bonus":"BOSS_RELIC","is_daily":false,"chose_seed":false,"campfire_upgraded":8,"win_rate":0.0,"timestamp":1612776211,"path_taken":["M","?","M","?","M","R","E","$","T","R","M","E","M","E","R","BOSS","M","?","M","?","M","E","R","E","T","E","?","R","$","M","R","BOSS","M","$","?","M","M","E","E","E","T","$","R","?","?","E","R","BOSS","BOSS","R","$","E","BOSS"],"items_purchased_type":["Card","Relic","Relic","Potion"],"build_version":"2020-12-22","purchased_purges":5,"victory":false,"max_hp_per_floor":[75,75,75,75,75,75,75,75,75,75,75,75,75,75,75,75,75,75,75,75,75,75,75,75,75,75,75,75,75,75,75,75,75,80,80,80,80,80,80,80,80,80,80,80,80,80,82,85,85,90,95,95,95,100,105,105,105],"card_choices":[{"not_picked":["Anger","Pummel","Clash"],"picked":"SKIP","floor":1.0},{"not_picked":["Heavy Blade","Shrug It Off","Seeing Red","Cleave"],"picked":"Body Slam","floor":3.0},{"not_picked":["Pummel","Clothesline","Pommel Strike","Thunderclap"],"picked":"Fire Breathing","floor":5.0},{"not_picked":["MostiFishMod:Chiaki","Havoc","Anger","Combust"],"picked":"Battle Trance","floor":7.0},{"not_picked":["Warcry","Armaments","Anger","Power Through"],"picked":"Second Wind","floor":11.0},{"not_picked":["MostiFishMod:NewArrival","Bloodletting","Dark Embrace","Sword Boomerang"],"picked":"Feel No Pain","floor":12.0},{"not_picked":["Armaments","MostiFishMod:BrandingRite","Battle Trance","Metallicize"],"picked":"Evolve","floor":13.0},{"not_picked":["Cleave","Inflame","Heavy Blade","Perfected Strike"],"picked":"MostiFishMod:ChineseTea","floor":14.0},{"not_picked":["Corruption","MostiFishMod:DoubleSword","Brutality","MostiFishMod:PerfectStrikeMKII"],"picked":"Exhume","floor":16.0},{"not_picked":["Intimidate","Evolve","Shrug It Off+1","Combust"],"picked":"Burning Pact","floor":18.0},{"not_picked":["MostiFishMod:BrandingRite+1","Body Slam","Havoc","Thunderclap"],"picked":"Warcry+1","floor":20.0},{"not_picked":["MostiFishMod:BrandingRite","Shrug It Off","Twin Strike","Heavy Blade","Warcry+1"],"picked":"SKIP","floor":22.0},{"not_picked":["Rupture","MostiFishMod:FireWorks","Battle Trance","Sword Boomerang","Metallicize+1"],"picked":"SKIP","floor":23.0},{"not_picked":["Reckless Charge","Sentinel","Carnage","Headbutt"],"picked":"Armaments+1","floor":25.0},{"not_picked":["Spot Weakness","Body Slam","Twin Strike","Whirlwind","Perfected Strike+1"],"picked":"SKIP","floor":27.0},{"not_picked":["Wild Strike","Perfected Strike","Heavy Blade","Carnage","MostiFishMod:NewArrival"],"picked":"SKIP","floor":31.0},{"not_picked":["Corruption","MostiFishMod:PerfectStrikeMKII","MostiFishMod:RainCloud","MostiFishMod:Mania"],"picked":"Juggernaut","floor":33.0},{"not_picked":["Perfected Strike","MostiFishMod:CullingBlade","Warcry+1","Iron Wave+1"],"picked":"Shrug It Off","floor":35.0},{"not_picked":["Ghostly Armor","Iron Wave","Cleave+1","Anger+1","Evolve"],"picked":"SKIP","floor":38.0},{"not_picked":["Rampage","Body Slam","Disarm+1","Pummel","Metallicize"],"picked":"SKIP","floor":39.0},{"not_picked":["Burning Pact+1","Anger","Pummel+1","True Grit","Whirlwind+1"],"picked":"SKIP","floor":40.0},{"not_picked":["Wild Strike","Pommel Strike","Searing Blow","MostiFishMod:Mania","Havoc"],"picked":"SKIP","floor":41.0},{"not_picked":["Seeing Red","Power Through+1","Pommel Strike","Intimidate"],"picked":"Dark Embrace","floor":42.0},{"not_picked":["True Grit","Flex","Searing Blow","Wild Strike","Pommel Strike"],"picked":"SKIP","floor":48.0},{"not_picked":["Fire Breathing+1","Flame Barrier+1","Blood for Blood","MostiFishMod:RainCloud","Anger"],"picked":"SKIP","floor":55.0}],"player_experience":558071,"relics_obtained":[{"floor":1.0,"key":"SynthV:TestCard"},{"floor":9.0,"key":"Self Forming Clay"},{"floor":12.0,"key":"Girya"},{"floor":14.0,"key":"Incense Burner"},{"floor":21.0,"key":"Mummified Hand"},{"floor":23.0,"key":"StoneCalendar"},{"floor":25.0,"key":"WingedGreaves"},{"floor":26.0,"key":"Eternal Feather"},{"floor":27.0,"key":"DianPoetry"},{"floor":37.0,"key":"Turnip"},{"floor":40.0,"key":"CaptainsWheel"},{"floor":41.0,"key":"Old Coin"},{"floor":42.0,"key":"White Beast Statue"},{"floor":47.0,"key":"OriginationStaff"},{"floor":48.0,"key":"Orichalcum"},{"floor":55.0,"key":"Art of War"}],"event_choices":[{"damage_healed":0.0,"max_hp_gain":0.0,"max_hp_loss":0.0,"gold_gain":0.0,"event_name":"Shining Light","player_choice":"Ignored","floor":2.0,"gold_loss":0.0,"damage_taken":0.0},{"damage_healed":0.0,"max_hp_gain":0.0,"max_hp_loss":0.0,"gold_gain":0.0,"event_name":"Liars Game","player_choice":"Ignored","floor":4.0,"gold_loss":0.0,"damage_taken":0.0},{"damage_healed":0.0,"max_hp_gain":0.0,"max_hp_loss":0.0,"gold_gain":0.0,"cards_transformed":["Strike_R","Strike_R"],"event_name":"Drug Dealer","player_choice":"Became Test Subject","floor":19.0,"gold_loss":0.0,"damage_taken":0.0,"cards_obtained":["MostiFishMod:404NotFound","Impervious"]},{"damage_healed":0.0,"max_hp_gain":0.0,"max_hp_loss":0.0,"gold_gain":50.0,"event_name":"Nest","player_choice":"Stole From Cult","floor":28.0,"gold_loss":0.0,"damage_taken":0.0},{"damage_healed":0.0,"max_hp_gain":0.0,"max_hp_loss":0.0,"gold_gain":0.0,"event_name":"MindBloom","player_choice":"Fight","floor":37.0,"gold_loss":0.0,"damage_taken":0.0},{"damage_healed":0.0,"max_hp_gain":0.0,"max_hp_loss":0.0,"gold_gain":0.0,"event_name":"Tomb of Lord Red Mask","player_choice":"Ignored","floor":46.0,"gold_loss":0.0,"damage_taken":0.0},{"damage_healed":0.0,"max_hp_gain":0.0,"max_hp_loss":0.0,"gold_gain":0.0,"event_name":"Mysterious Sphere","player_choice":"Fight","floor":47.0,"gold_loss":0.0,"damage_taken":0.0}],"is_beta":false,"boss_relics":[{"not_picked":["Sozu","Runic Dome"],"picked":"MoonlightInvasionPlan"},{"not_picked":["xbg","FixedStarFall"],"picked":"Tiny House"}],"items_purged_floors":[8,30,36,44,54],"is_endless":false,"potions_floor_spawned":[3,12,16,20,25,31,33,37,39,41,42,47,48,55],"killed_by":"The Heart","ascension_level":20}}