{"host":"nptej036rrbiurf5","time":1612749001,"event":{"mods":["BaseMod","Colored Map","Colored Powertips","DeckTracker","Minty Spire (QoL Compilation)","StSLib","SuperFastMode"],"gold_per_floor":[111,129,142,160,140,173,173,192,192,192,30,48,48,66,66,138,138,154,166,56,76,91,91,107,138,164,164,175,191,191,71,71,148,148,164,164,184,109,121,154,154,154,206,232,243,243,259,271,271,271,271,271,271,6,6,6],"floor_reached":55,"language":"KOR","playtime":1674,"items_purged":["Strike_P","Defend_P"],"score":2110,"play_id":"f26be408-cec7-4dc8-a8da-10a232d129b9","local_time":"20210208105001","is_ascension_mode":true,"campfire_choices":[{"data":"Eruption","floor":7.0,"key":"SMITH"},{"data":"1","floor":10.0,"key":"LIFT"},{"data":"2","floor":15.0,"key":"LIFT"},{"data":"3","floor":23.0,"key":"LIFT"},{"floor":27.0,"key":"REST"},{"data":"Adaptation","floor":30.0,"key":"SMITH"},{"data":"MentalFortress","floor":32.0,"key":"SMITH"},{"floor":46.0,"key":"REST"},{"floor":49.0,"key":"RECALL"},{"data":"Omniscience","floor":53.0,"key":"SMITH"}],"circlet_count":0,"master_deck":["AscendersBane","Strike_P+1","Strike_P","Defend_P","Defend_P+1","Defend_P","Eruption+1","Vigilance","SandsOfTime+1","Adaptation+1","Tantrum+1","EmptyFist","Meditate+1","Vault+1","CrushJoints+1","TalkToTheHand+1","DeusExMachina+1","MentalFortress+1","FearNoEvil","Omniscience+1","EmptyBody+1","Sanctity+1","Madness","Madness","Worship+1","InnerPeace","Wish"],"relics":["HolyWater","Girya","Bag of Preparation","Pen Nib","Bag of Marbles","Runic Dome","Happy Flower","Vajra","Gremlin Horn","Toy Ornithopter"],"acts_visited":["Exordium","TheCity","TheBeyond","TheEnding"],"potions_floor_usage":[],"damage_taken":[{"damage":0.0,"enemies":"Cultist","floor":1.0,"turns":2.0},{"damage":6.0,"enemies":"2 Louse","floor":2.0,"turns":2.0},{"damage":0.0,"enemies":"Jaw Worm","floor":3.0,"turns":2.0},{"damage":36.0,"enemies":"Lots of Slimes","floor":4.0,"turns":6.0},{"damage":0.0,"enemies":"Gremlin Nob","floor":6.0,"turns":2.0},{"damage":3.0,"enemies":"3 Louse","floor":8.0,"turns":2.0},{"damage":0.0,"enemies":"Exordium Wildlife","floor":12.0,"turns":2.0},{"damage":0.0,"enemies":"Blue Slaver","floor":14.0,"turns":1.0},{"damage":17.0,"enemies":"The Guardian","floor":16.0,"turns":6.0},{"damage":0.0,"enemies":"Spheric Guardian","floor":18.0,"turns":1.0},{"damage":13.0,"enemies":"Shell Parasite","floor":19.0,"turns":3.0},{"damage":0.0,"enemies":"Chosen and Byrds","floor":21.0,"turns":2.0},{"damage":4.0,"enemies":"Shelled Parasite and Fungi","floor":22.0,"turns":2.0},{"damage":0.0,"enemies":"Cultist and Chosen","floor":24.0,"turns":2.0},{"damage":13.0,"enemies":"Slavers","floor":25.0,"turns":4.0},{"damage":6.0,"enemies":"Snake Plant","floor":28.0,"turns":3.0},{"damage":0.0,"enemies":"Chosen and Byrds","floor":29.0,"turns":3.0},{"damage":0.0,"enemies":"Automaton","floor":33.0,"turns":3.0},{"damage":0.0,"enemies":"Orb Walker","floor":35.0,"turns":1.0},{"damage":0.0,"enemies":"3 Darklings","floor":37.0,"turns":4.0},{"damage":0.0,"enemies":"Sphere and 2 Shapes","floor":39.0,"turns":2.0},{"damage":0.0,"enemies":"Nemesis","floor":40.0,"turns":1.0},{"damage":0.0,"enemies":"Giant Head","floor":44.0,"turns":4.0},{"damage":31.0,"enemies":"Spire Growth","floor":45.0,"turns":4.0},{"damage":0.0,"enemies":"Writhing Mass","floor":47.0,"turns":3.0},{"damage":0.0,"enemies":"Sphere and 2 Shapes","floor":48.0,"turns":3.0},{"damage":37.0,"enemies":"Time Eater","floor":50.0,"turns":4.0},{"damage":8.0,"enemies":"Awakened One","floor":51.0,"turns":8.0},{"damage":66,"enemies":"Shield and Spear","floor":55,"turns":2}],"seed_played":"-6743513164178931","potions_obtained":[{"floor":4.0,"key":"SteroidPotion"},{"floor":5.0,"key":"Regen Potion"},{"floor":6.0,"key":"SkillPotion"},{"floor":12.0,"key":"LiquidMemories"},{"floor":14.0,"key":"PowerPotion"},{"floor":19.0,"key":"Weak Potion"},{"floor":22.0,"key":"Block Potion"},{"floor":33.0,"key":"GamblersBrew"},{"floor":37.0,"key":"Weak Potion"},{"floor":40.0,"key":"Swift Potion"},{"floor":44.0,"key":"Fruit Juice"},{"floor":47.0,"key":"StancePotion"}],"is_trial":false,"path_per_floor":["M","M","M","M","?","E","R","M","T","R","$","M","$","M","R","B",null,"M","M","?","M","M","R","M","E","T","R","M","M","R","$","R","B",null,"M","?","M","$","M","E","?","?","T","E","M","R","M","M","R","B","B",null,"R","$","E"],"character_chosen":"WATCHER","items_purchased":["Bag of Marbles","MentalFortress","FearNoEvil","Wish"],"campfire_rested":2,"item_purchase_floors":[11,31,31,54],"current_hp_per_floor":[61,55,55,19,19,24,24,21,21,21,21,21,21,21,21,4,48,48,35,35,35,31,31,31,18,18,36,30,30,30,30,30,30,54,54,72,72,72,72,72,72,59,59,69,38,61,61,61,61,34,26,64,64,64,0,0],"gold":6,"neow_bonus":"ONE_RARE_RELIC","is_daily":false,"chose_seed":false,"campfire_upgraded":4,"win_rate":0.0,"timestamp":1612749001,"path_taken":["M","M","?","?","?","E","R","M","T","R","$","M","?","M","R","BOSS","M","M","?","M","M","R","M","E","T","R","M","?","R","$","R","BOSS","M","?","M","$","?","E","?","?","T","E","M","R","M","M","R","BOSS","BOSS","R","$","E"],"items_purchased_type":["Relic","Card","Card","Card"],"build_version":"2020-12-22","purchased_purges":2,"victory":false,"max_hp_per_floor":[62,62,62,62,62,62,62,62,62,62,62,62,62,62,62,62,62,62,62,62,62,62,62,62,62,62,62,62,62,62,62,62,62,62,62,72,72,72,72,72,72,72,72,77,77,77,77,77,77,77,77,77,77,77,77,77],"card_choices":[{"not_picked":["Consecrate","ClearTheMind"],"picked":"SandsOfTime","floor":1.0},{"not_picked":["JustLucky","MentalFortress"],"picked":"Adaptation","floor":2.0},{"not_picked":["Worship","WreathOfFlame","JustLucky"],"picked":"SKIP","floor":3.0},{"not_picked":["ClearTheMind","Nirvana"],"picked":"Tantrum","floor":4.0},{"not_picked":["FlyingSleeves","Tantrum","Consecrate"],"picked":"SKIP","floor":6.0},{"not_picked":["Prostrate","EmptyBody"],"picked":"LessonLearned","floor":8.0},{"not_picked":["WheelKick","ClearTheMind"],"picked":"EmptyFist","floor":12.0},{"not_picked":["Collect","CutThroughFate"],"picked":"Meditate","floor":14.0},{"not_picked":["Establishment","Alpha"],"picked":"Vault","floor":16.0},{"not_picked":["PathToVictory","Prostrate+1","Crescendo"],"picked":"SKIP","floor":18.0},{"not_picked":["SignatureMove","CarveReality","Prostrate"],"picked":"SKIP","floor":19.0},{"not_picked":["Weave","Study"],"picked":"CrushJoints+1","floor":21.0},{"not_picked":["Consecrate","FollowUp"],"picked":"TalkToTheHand","floor":22.0},{"not_picked":["JustLucky","ReachHeaven"],"picked":"DeusExMachina","floor":24.0},{"not_picked":["Study","EmptyFist","Halt"],"picked":"SKIP","floor":25.0},{"not_picked":["Collect","Halt","Prostrate"],"picked":"SKIP","floor":28.0},{"not_picked":["Sanctity","FlyingSleeves","JustLucky"],"picked":"SKIP","floor":29.0},{"not_picked":["DevaForm","Devotion"],"picked":"Omniscience","floor":33.0},{"not_picked":["ClearTheMind","Crescendo"],"picked":"EmptyBody+1","floor":35.0},{"not_picked":["WaveOfTheHand","EmptyBody+1","Crescendo"],"picked":"SKIP","floor":37.0},{"not_picked":["ThirdEye","SignatureMove","PathToVictory"],"picked":"SKIP","floor":39.0},{"not_picked":["Study","ClearTheMind"],"picked":"Sanctity+1","floor":40.0},{"not_picked":["Consecrate","Halt+1"],"picked":"Worship+1","floor":44.0},{"not_picked":["BowlingBash","Halt"],"picked":"InnerPeace","floor":45.0},{"not_picked":["FlurryOfBlows","EmptyBody+1","Study"],"picked":"SKIP","floor":47.0},{"not_picked":["ForeignInfluence+1","FollowUp+1","FlyingSleeves+1"],"picked":"SKIP","floor":48.0}],"player_experience":905727,"relics_obtained":[{"floor":6.0,"key":"Bag of Preparation"},{"floor":9.0,"key":"Pen Nib"},{"floor":25.0,"key":"Happy Flower"},{"floor":26.0,"key":"Vajra"},{"floor":40.0,"key":"Gremlin Horn"},{"floor":44.0,"key":"Toy Ornithopter"}],"event_choices":[{"damage_healed":0.0,"max_hp_gain":0.0,"max_hp_loss":0.0,"gold_gain":0.0,"event_name":"The Woman in Blue","player_choice":"Bought 1 Potion","floor":5.0,"gold_loss":0.0,"damage_taken":0.0},{"cards_removed":["Strike_P"],"damage_healed":0.0,"max_hp_gain":0.0,"max_hp_loss":0.0,"gold_gain":0.0,"event_name":"Designer","player_choice":"Upgrade and Remove","floor":20.0,"gold_loss":110.0,"damage_taken":0.0,"cards_upgraded":["Meditate"]},{"cards_removed":["LessonLearned"],"damage_healed":8.0,"max_hp_gain":10.0,"max_hp_loss":0.0,"gold_gain":0.0,"event_name":"Bonfire Elementals","player_choice":"Offered Rare","floor":36.0,"gold_loss":0.0,"damage_taken":0.0},{"damage_healed":0.0,"max_hp_gain":0.0,"max_hp_loss":0.0,"gold_gain":0.0,"event_name":"SensoryStone","player_choice":"Memory 1","floor":41.0,"gold_loss":0.0,"damage_taken":0.0},{"damage_healed":0.0,"max_hp_gain":0.0,"max_hp_loss":0.0,"gold_gain":0.0,"event_name":"Winding Halls","player_choice":"Embrace Madness","floor":42.0,"gold_loss":0.0,"damage_taken":13.0,"cards_obtained":["Madness","Madness"]}],"is_beta":false,"boss_relics":[{"not_picked":["Astrolabe","Ectoplasm"],"picked":"Runic Dome"},{"not_picked":["Cursed Key","Calling Bell"],"picked":"HolyWater"}],"items_purged_floors":[38,54],"is_endless":false,"potions_floor_spawned":[4,6,12,14,19,22,24,33,37,40,44,47],"killed_by":"Shield and Spear","ascension_level":20}}