{"host":"5rraryxetonu8qhc","time":1612825325,"event":{"mods":["2.2 Compatiblity","BaseMod","Better Third Choice","Downfall","Hermit","Hubris","Infinite Spire","Jorbs\u0027s Wanderer Trilogy","Marisa????????","Minty Spire (QoL Compilation)","Replay The Spire","StSLib","The Jungle","The Servant 0.9.4"],"gold_per_floor":[119,119,130,146,157,184,195,228,228,46,46,11,286,300,300,405,405,417,427,441,366,377,412,412,412,412],"floor_reached":25,"language":"ENG","playtime":2037,"items_purged":["hermit:Strike_Hermit"],"score":235,"play_id":"d7700e86-5281-4f4c-ab20-38016be7c2b0","local_time":"20210208150205","is_ascension_mode":false,"campfire_choices":[{"floor":11,"key":"REST"},{"floor":15,"key":"DIG"},{"floor":24,"key":"RECALL"}],"circlet_count":0,"master_deck":["hermit:Strike_Hermit","hermit:Defend_Hermit","hermit:Defend_Hermit","hermit:Defend_Hermit","hermit:Defend_Hermit","hermit:Snapshot+1","hermit:Covet","hermit:Combo","hermit:TrackingShot","hermit:DeadMansHand","hermit:RoundhouseKick","hermit:Vantage","hermit:HoleUp","hermit:Determination","hermit:Dive+1","hermit:Determination","Regret","hermit:Enervate","hermit:BodyArmor+1"],"relics":["hermit:Momento","hubris:SlimyHat","Mercury Hourglass","Ginger","ChewingGum","Pen Nib"],"acts_visited":["Exordium","TheCity"],"potions_floor_usage":[6,8,18,20],"damage_taken":[{"damage":0,"enemies":"2 Louse","floor":1,"turns":3},{"damage":1,"enemies":"Cultist","floor":3,"turns":3},{"damage":1,"enemies":"Jaw Worm","floor":4,"turns":3},{"damage":5,"enemies":"3 Louse","floor":5,"turns":3},{"damage":41,"enemies":"Gremlin Nob","floor":6,"turns":5},{"damage":9,"enemies":"Gremlin Gang","floor":7,"turns":2},{"damage":16,"enemies":"Lagavulin","floor":8,"turns":7},{"damage":10,"enemies":"Exordium Thugs","floor":14,"turns":6},{"damage":7,"enemies":"Hexaghost","floor":16,"turns":10},{"damage":23,"enemies":"Spheric Guardian","floor":18,"turns":6},{"damage":5,"enemies":"3 Byrds","floor":19,"turns":4},{"damage":0,"enemies":"Snake Plant","floor":20,"turns":4},{"damage":7,"enemies":"Centurion and Healer","floor":22,"turns":9},{"damage":1,"enemies":"Gremlin Leader","floor":23,"turns":7},{"damage":31,"enemies":"Book of Stabbing","floor":25,"turns":5}],"seed_played":"5640877346052422608","potions_obtained":[{"floor":1,"key":"hexamod:SoulburnPotion"},{"floor":4,"key":"BlessingOfTheForge"},{"floor":5,"key":"FearPotion"},{"floor":14,"key":"Toxic Potion"},{"floor":19,"key":"Languid Potion"}],"is_trial":false,"path_per_floor":["M","?","M","M","M","E","M","E","T","$","R","$","?","M","R","B",null,"M","M","M","?","M","E","R","E"],"character_chosen":"HERMIT","items_purchased":["hermit:Determination","hermit:Dive+1","hermit:Determination"],"campfire_rested":1,"item_purchase_floors":[10,10,12],"current_hp_per_floor":[75,75,74,73,68,27,18,2,2,2,24,24,24,14,14,7,75,52,47,47,47,40,39,39,8,8],"gold":412,"neow_bonus":"UPGRADE_CARD","is_daily":false,"chose_seed":false,"campfire_upgraded":0,"win_rate":0.0,"timestamp":1612825325,"path_taken":["M","?","M","M","M","E","M","E","T","?","R","$","?","?","R","BOSS","M","M","M","?","M","E","R","E"],"items_purchased_type":["Card","Card","Card"],"build_version":"2020-12-22","purchased_purges":1,"victory":false,"max_hp_per_floor":[75,75,75,75,75,75,75,75,75,75,75,75,75,75,75,75,75,75,75,75,75,75,75,75,75,75],"card_choices":[{"not_picked":["hermit:ItchyTrigger","hermit:Coalescence","hermit:BodyArmor"],"picked":"SKIP","floor":1},{"not_picked":["hermit:BodyArmor","hermit:Desperado"],"picked":"hermit:TrackingShot","floor":3},{"not_picked":["hermit:CursedWeapon","hermit:Feint"],"picked":"hermit:DeadMansHand","floor":4},{"not_picked":["hermit:TrackingShot","hermit:SprayPray","hermit:Shortfuse"],"picked":"SKIP","floor":5},{"not_picked":["hermit:Gestalt","hermit:LowProfile"],"picked":"hermit:RoundhouseKick","floor":6},{"not_picked":["hermit:SprayPray","hermit:Manifest"],"picked":"hermit:Vantage","floor":7},{"not_picked":["hermit:Maintenance","hermit:Roulette"],"picked":"hermit:HoleUp","floor":8},{"not_picked":["hermit:HighCaliber","hermit:BodyArmor","hermit:Horror"],"picked":"SKIP","floor":14},{"not_picked":["hermit:Vantage","hermit:FullyLoaded"],"picked":"hermit:Enervate","floor":18},{"not_picked":["hermit:CalledShot","hermit:Headshot","hermit:WideOpen+1"],"picked":"SKIP","floor":19},{"not_picked":["hermit:TakeCover","hermit:Combo"],"picked":"hermit:BodyArmor+1","floor":20},{"not_picked":["hermit:TakeCover","hermit:Quickdraw","hermit:Dive"],"picked":"SKIP","floor":22},{"not_picked":["hermit:Ricochet+1","hermit:Manifest","hermit:HoleUp"],"picked":"SKIP","floor":23}],"player_experience":146367,"relics_obtained":[{"floor":6,"key":"hubris:SlimyHat"},{"floor":8,"key":"Mercury Hourglass"},{"floor":15,"key":"Ginger"},{"floor":23,"key":"Pen Nib"}],"event_choices":[{"damage_healed":0,"gold_gain":0,"cards_transformed":["hermit:Strike_Hermit"],"player_choice":"Transformed","damage_taken":0,"max_hp_gain":0,"max_hp_loss":0,"event_name":"Transmorgrifier","floor":2,"gold_loss":0,"cards_obtained":["hermit:Combo"]},{"damage_healed":0,"gold_gain":275,"player_choice":"Desecrate","damage_taken":0,"max_hp_gain":0,"max_hp_loss":0,"event_name":"Golden Shrine","floor":13,"gold_loss":0,"cards_obtained":["Regret"]},{"cards_removed":["hermit:Strike_Hermit"],"damage_healed":0,"gold_gain":0,"player_choice":"Gave Gold","damage_taken":0,"max_hp_gain":0,"max_hp_loss":0,"event_name":"Beggar","floor":21,"gold_loss":75}],"is_beta":false,"boss_relics":[{"not_picked":["hubris:ScarierMask","Coffee Dripper"],"picked":"ChewingGum"}],"items_purged_floors":[10],"is_endless":false,"potions_floor_spawned":[1,4,5,14,19],"killed_by":"Book of Stabbing","ascension_level":0}}