{"host":"oz4ht6ec7xzo36kd","time":1612765238,"event":{"mods":["Act Like it!","BaseMod","Friendly Minions","Marisa¡]Ãú«B¡@Å]²z¨F¡^","Minty Spire (QoL Compilation)","Remilia¡]Á¢¦Ì²ú?¡^","StSLib","The Marked","The Servant 0.9.4","WarShipGirlsR/??¤Ö¤kR mod","Youmu¡]»î¾z§¯?¡^"],"gold_per_floor":[110,110,110,120,136,136,136,163,163,191,206,239,252,282,282,357,357,346,378,398,410,92,120,120,150,150,181,181,181,181,198,198,273,273,283,110,332,345,355,382,382,407,430,460,460,495,508,543,543,543,543,543,16,43,63],"floor_reached":56,"language":"ZHT","playtime":3293,"items_purged":["Strike_RM"],"score":2653,"play_id":"3a5b6463-d96e-419f-a362-dc7c27f643cb","local_time":"20210208142038","is_ascension_mode":true,"campfire_choices":[{"floor":6,"key":"RECALL"},{"data":"1","floor":15,"key":"LIFT"},{"data":"2","floor":24,"key":"LIFT"},{"data":"3","floor":28,"key":"LIFT"},{"data":"QueenOfMidnight","floor":30,"key":"SMITH"},{"data":"EquivalentExchange","floor":32,"key":"SMITH"},{"data":"TransientEternity","floor":41,"key":"SMITH"},{"data":"ScarletSymphony","floor":49,"key":"SMITH"},{"data":"TricksterDevil","floor":52,"key":"SMITH"}],"circlet_count":0,"master_deck":["AscendersBane","Strike_RM+1","Strike_RM+1","Strike_RM+1","Defend_RM+1","Defend_RM+1","RedMoon+1","ScarletShoot+1","ScarletCoffin+1","Stigmanizer","EmergencyRegeneration+1","MastersStateliness","EquivalentExchange+1","RedRainbow","NightDance+1","UnstableMagic+1","TwelveNightmare","BombardNight","QueenOfMidnight+1","HunterOfTheNight+1","VampirishNight+1","BloodHunter+1","CeilingFear","TricksterDevil+1","TransientEternity+1","ScarletNetherworld","BloodyHallows","DemonKingCradle","ScarletSymphony+1","BloodyCatastrophe","KillingBlow+1","BloodySeventeenLaser+1"],"relics":["ScarletHat","WingedGreaves","Ornamental Fan","Akabeko","Odd Mushroom","Art of War","Girya","ScarletEmblem","Happy Flower","Red Mask","Mummified Hand","Chemical X","Tiny Chest","Singing Bowl","War Paint","Molten Egg 2","RedBat","Shuriken","Enchiridion","SacredBark","Orrery","Lizard Tail","Gungnir","Bottled Lightning","Boot","Du-Vu Doll","Ice Cream","Smiling Mask","Strawberry","Strange Spoon","Letter Opener"],"acts_visited":["Exordium","TheCity","TheBeyond","TheEnding"],"potions_floor_usage":[5,5,10,10,12,14,14,14,14,14,25,27,33,33,50,54,54],"damage_taken":[{"damage":0,"enemies":"Jaw Worm","floor":1,"turns":4},{"damage":1,"enemies":"2 Louse","floor":4,"turns":4},{"damage":24,"enemies":"Cultist","floor":5,"turns":3},{"damage":44,"enemies":"3 Sentries","floor":8,"turns":8},{"damage":44,"enemies":"The Mushroom Lair","floor":10,"turns":4},{"damage":57,"enemies":"Large Slime","floor":11,"turns":7},{"damage":7,"enemies":"Gremlin Nob","floor":12,"turns":4},{"damage":0,"enemies":"3 Louse","floor":13,"turns":5},{"damage":0,"enemies":"Lagavulin","floor":14,"turns":4},{"damage":88,"enemies":"The Guardian","floor":16,"turns":11},{"damage":16,"enemies":"2 Thieves","floor":18,"turns":4},{"damage":63,"enemies":"Masked Bandits","floor":19,"turns":5},{"damage":0,"enemies":"Chosen","floor":20,"turns":4},{"damage":1,"enemies":"Shelled Parasite and Fungi","floor":21,"turns":5},{"damage":9,"enemies":"Slavers","floor":23,"turns":4},{"damage":2,"enemies":"Book of Stabbing","floor":25,"turns":4},{"damage":28,"enemies":"Slavers","floor":27,"turns":4},{"damage":16,"enemies":"Snake Plant","floor":31,"turns":2},{"damage":27,"enemies":"Automaton","floor":33,"turns":5},{"damage":10,"enemies":"Orb Walker","floor":35,"turns":2},{"damage":19,"enemies":"3 Shapes","floor":38,"turns":3},{"damage":11,"enemies":"3 Darklings","floor":39,"turns":2},{"damage":66,"enemies":"Reptomancer","floor":40,"turns":4},{"damage":38,"enemies":"Giant Head","floor":42,"turns":6},{"damage":82,"enemies":"Nemesis","floor":44,"turns":4},{"damage":8,"enemies":"Giant Head","floor":46,"turns":4},{"damage":0,"enemies":"Spire Growth","floor":47,"turns":2},{"damage":31,"enemies":"Reptomancer","floor":48,"turns":5},{"damage":122,"enemies":"Awakened One","floor":50,"turns":4},{"damage":3,"enemies":"Shield and Spear","floor":54,"turns":3},{"damage":89,"enemies":"The Heart","floor":55,"turns":5}],"seed_played":"4793095480121950669","potions_obtained":[{"floor":4,"key":"SteroidPotion"},{"floor":4,"key":"DestinyDice"},{"floor":8,"key":"Fire Potion"},{"floor":8,"key":"Fire Potion"},{"floor":10,"key":"SmokeBomb"},{"floor":11,"key":"Fruit Juice"},{"floor":12,"key":"Swift Potion"},{"floor":13,"key":"EntropicBrew"},{"floor":13,"key":"EntropicBrew"},{"floor":21,"key":"GamblersBrew"},{"floor":23,"key":"Weak Potion"},{"floor":25,"key":"DistilledChaos"},{"floor":31,"key":"ColorlessPotion"},{"floor":33,"key":"DestinyDice"},{"floor":39,"key":"AttackPotion"},{"floor":42,"key":"ColorlessPotion"}],"is_trial":false,"path_per_floor":["M","?","?","M","M","R","?","E","T","?","M","E","M","E","R","B",null,"M","?","M","M","$","E","R","E","T","E","R","?","R","M","R","B",null,"M","$","?","M","M","E","R","E","T","E","?","E","M","E","R","B",null,"R","$","E","B",null],"character_chosen":"REMILIA","items_purchased":["Chemical X","Tiny Chest","Orrery","Strawberry","Strange Spoon","KillingBlow+1","AttackPotion"],"campfire_rested":0,"item_purchase_floors":[22,22,36,53,53,53,53],"current_hp_per_floor":[63,45,45,46,48,48,27,26,26,26,13,15,15,18,18,8,58,42,75,75,75,75,75,75,77,77,70,70,49,49,40,40,80,81,83,89,89,84,87,91,91,93,93,93,93,93,95,97,97,97,97,97,104,106,106],"gold":63,"neow_bonus":"ONE_RANDOM_RARE_CARD","is_daily":false,"chose_seed":false,"campfire_upgraded":5,"win_rate":0.0,"timestamp":1612765238,"path_taken":["M","?","?","M","?","R","?","E","T","?","M","E","M","E","R","BOSS","M","?","M","M","$","E","R","E","T","E","R","?","R","M","R","BOSS","M","$","?","M","M","E","R","E","T","E","?","E","M","E","R","BOSS","R","$","E","BOSS"],"items_purchased_type":["Relic","Relic","Relic","Relic","Relic","Card","Potion"],"build_version":"2020-12-22","purchased_purges":1,"victory":true,"max_hp_per_floor":[70,70,70,70,70,70,70,70,70,70,70,75,75,75,75,75,75,75,75,75,75,75,75,75,77,77,79,79,79,79,81,81,81,81,83,89,89,91,91,91,91,93,93,93,93,93,95,97,97,97,97,97,104,106,106],"card_choices":[{"not_picked":["DiffusionOfMisfortune","UnderTheZenith"],"picked":"Stigmanizer","floor":1},{"not_picked":["BombardNight","DiffusionOfMisfortune"],"picked":"EmergencyRegeneration","floor":4},{"not_picked":["DiffusionOfMisfortune","StarOfDavid"],"picked":"MastersStateliness","floor":5},{"not_picked":["StarOfDavid","HunterOfTheNight"],"picked":"EquivalentExchange","floor":8},{"not_picked":["UnstableMagic","DiffusionOfMisfortune"],"picked":"RedRainbow","floor":10},{"not_picked":["RedRainbow","Stigmanizer"],"picked":"NightDance","floor":11},{"not_picked":["StarOfDavid","UnderTheZenith"],"picked":"UnstableMagic","floor":12},{"not_picked":["ScarletDevil","RedRainbow"],"picked":"TwelveNightmare","floor":13},{"not_picked":["UnstableMagic","BlasphemousPunishment"],"picked":"BombardNight","floor":14},{"not_picked":["ForecastOfChange","CeilingFear"],"picked":"QueenOfMidnight","floor":16},{"not_picked":["BlasphemousPunishment","MillenniumVampire"],"picked":"HunterOfTheNight","floor":18},{"not_picked":["UnderTheZenith","ScarletDevilSign"],"picked":"VampirishNight","floor":19},{"not_picked":["ScarletImprint","HunterOfTheNight","MillenniumVampire"],"picked":"SKIP","floor":20},{"not_picked":["DevilSight","MastersStateliness"],"picked":"BloodHunter+1","floor":21},{"not_picked":["BloodyMagicSquare","ScarletImprint"],"picked":"CeilingFear","floor":23},{"not_picked":["MastersStateliness","ScarletDevilSign+1","UnderTheZenith"],"picked":"Singing Bowl","floor":25},{"not_picked":["StarOfDavid+1","EndlessAdversity+1","DevilSight"],"picked":"Singing Bowl","floor":27},{"not_picked":["DiffusionOfMisfortune+1","VampireKiss+1","UnderTheZenith+1"],"picked":"Singing Bowl","floor":31},{"not_picked":["HellCatastrophe+1","EquivalentExchange"],"picked":"TricksterDevil","floor":33},{"not_picked":["BlasphemousPunishment","UnstableMagic","RedRainbow+1"],"picked":"Singing Bowl","floor":35},{"not_picked":["NightDance+1","Stigmanizer+1","Maim"],"picked":"Singing Bowl","floor":36},{"not_picked":["VampirishNight","ScarletDevil+1","BlasphemousPunishment"],"picked":"Singing Bowl","floor":36},{"not_picked":["BlasphemousPunishment+1","RedRainbow+1"],"picked":"TransientEternity","floor":36},{"not_picked":["VampireKiss+1","MastersStateliness"],"picked":"ScarletNetherworld","floor":36},{"not_picked":["DiffusionOfMisfortune+1","FavorOfDestiny+1","CharismaGuard"],"picked":"Singing Bowl","floor":36},{"not_picked":["ScarletDevil+1","Stigmanizer+1","BlasphemousPunishment+1"],"picked":"Singing Bowl","floor":38},{"not_picked":["ScarletDevil+1","VampirishNight"],"picked":"BloodyHallows","floor":39},{"not_picked":["VampireKiss+1","ScarletDevil+1"],"picked":"DemonKingCradle","floor":40},{"not_picked":["UnderTheZenith","UnstableMagic","ScarletDream+1"],"picked":"Singing Bowl","floor":42},{"not_picked":["Stigmanizer+1","MastersStateliness"],"picked":"ScarletSymphony","floor":44},{"not_picked":["RedRainbow+1","VampirishNight"],"picked":"BloodyCatastrophe","floor":46},{"not_picked":["MastersStateliness","NightDance+1","ScarletDream"],"picked":"Singing Bowl","floor":47},{"not_picked":["ScarletDevil+1","MastersStateliness","VampirishNight+1"],"picked":"Singing Bowl","floor":48},{"not_picked":["UnderTheZenith","ScarletImprint+1"],"picked":"BloodySeventeenLaser+1","floor":54},{"not_picked":["BlasphemousPunishment","EmergencyRegeneration","ChainGang+1"],"picked":"Singing Bowl","floor":54}],"player_experience":420040,"relics_obtained":[{"floor":1,"key":"WingedGreaves"},{"floor":8,"key":"Akabeko"},{"floor":10,"key":"Odd Mushroom"},{"floor":12,"key":"Art of War"},{"floor":14,"key":"Girya"},{"floor":18,"key":"Happy Flower"},{"floor":19,"key":"Red Mask"},{"floor":19,"key":"Mummified Hand"},{"floor":23,"key":"Singing Bowl"},{"floor":23,"key":"War Paint"},{"floor":25,"key":"Molten Egg 2"},{"floor":26,"key":"RedBat"},{"floor":27,"key":"Shuriken"},{"floor":29,"key":"Enchiridion"},{"floor":38,"key":"Lizard Tail"},{"floor":40,"key":"Gungnir"},{"floor":42,"key":"Bottled Lightning"},{"floor":43,"key":"Boot"},{"floor":44,"key":"Du-Vu Doll"},{"floor":46,"key":"Ice Cream"},{"floor":48,"key":"Smiling Mask"},{"floor":54,"key":"Letter Opener"}],"event_choices":[{"damage_healed":0,"gold_gain":0,"player_choice":"Success","damage_taken":18,"relics_obtained":["Ornamental Fan"],"max_hp_gain":0,"max_hp_loss":0,"event_name":"Scrap Ooze","floor":2,"gold_loss":0},{"cards_removed":["Defend_RM"],"damage_healed":0,"gold_gain":0,"player_choice":"Card Removal","damage_taken":0,"max_hp_gain":0,"max_hp_loss":0,"event_name":"Wheel of Change","floor":3,"gold_loss":0},{"damage_healed":0,"gold_gain":0,"player_choice":"Entered Light","damage_taken":21,"max_hp_gain":0,"max_hp_loss":0,"event_name":"Shining Light","floor":7,"gold_loss":0,"cards_upgraded":["ScarletCoffin","Defend_RM"]},{"damage_healed":0,"gold_gain":0,"player_choice":"Fought Mushrooms","damage_taken":0,"max_hp_gain":0,"max_hp_loss":0,"event_name":"Mushrooms","floor":10,"gold_loss":0},{"damage_healed":0,"gold_gain":0,"player_choice":"Fought Bandits","damage_taken":0,"max_hp_gain":0,"max_hp_loss":0,"event_name":"Masked Bandits","floor":19,"gold_loss":0},{"damage_healed":0,"gold_gain":0,"player_choice":"Obtained Book","damage_taken":21,"max_hp_gain":0,"max_hp_loss":0,"event_name":"Cursed Tome","floor":29,"gold_loss":0},{"damage_healed":0,"gold_gain":222,"player_choice":"Wore Mask","damage_taken":0,"max_hp_gain":0,"max_hp_loss":0,"event_name":"Tomb of Lord Red Mask","floor":37,"gold_loss":0},{"cards_removed":["Defend_RM"],"damage_healed":0,"gold_gain":0,"player_choice":"Purged","damage_taken":0,"max_hp_gain":0,"max_hp_loss":0,"event_name":"Purifier","floor":45,"gold_loss":0}],"is_beta":false,"boss_relics":[{"not_picked":["Busted Crown","Snecko Eye"],"picked":"ScarletEmblem"},{"not_picked":["Calling Bell","Cursed Key"],"picked":"SacredBark"}],"items_purged_floors":[53],"is_endless":false,"potions_floor_spawned":[4,10,11,12,13,21,23,31,33,39,42,44,46,47],"ascension_level":16}}