{"host":"amduk82rbaelv3uo","time":1612806560,"event":{"mods":["AchievementEnabler","BaseMod","BetterRewards","Colored Map","Colored Powertips","Defuse TimeMaze Blight","Highlight Path","Infinite Spire","Minty Spire (QoL Compilation)","Permanent Neow","Quick Restart","Replay The Spire","StSLib","The Cursed"],"gold_per_floor":[116,129,204,204,224,224,236,71,144,174,174,213,213,233,233,354,354,375,375,375,459,483,506,506,243,243,283,283,319,335,61,61,186,186,206,206,166,190,190,190,213,257,331,331,331],"floor_reached":44,"language":"ENG","playtime":2821,"items_purged":[],"score":605,"play_id":"15e56f80-1d9e-4eb6-b60f-2aa4a38c48ef","local_time":"20210208174920","is_ascension_mode":true,"campfire_choices":[{"data":"Noxious Fumes","floor":6,"key":"SMITH"},{"floor":13,"key":"REST"},{"floor":15,"key":"REST"},{"floor":24,"key":"REST"},{"floor":28,"key":"REST"},{"floor":32,"key":"REST"},{"data":"After Image","floor":40,"key":"SMITH"}],"circlet_count":0,"master_deck":["Strike_G+1","Strike_G+1","Strike_G+1","Strike_G+1","Strike_G+1","Defend_G+1","Defend_G+1","Defend_G+1","Defend_G+1","Survivor","Neutralize","Noxious Fumes+1","Footwork","Bane","Prepared","Sadistic Nature+1","Reflex","Deadly Poison","Distraction","Venomology","Underhanded Strike","Backflip+1","ReplayTheSpireMod:Scrap Shanks+1","Dagger Throw","Dagger Throw","After Image+1","Prepared","Underhanded Strike+1","Poisoned Strike","Finesse","ReplayTheSpireMod:Private Reserves","Envenom+1","ReplayTheSpireMod:Scrap Shanks+1","Cloak And Dagger","Accuracy","ReplayTheSpireMod:The Works+1"],"relics":["Ring of the Snake","ReplayTheSpireMod:Lightbulb","Mercury Hourglass","Bag of Preparation","Golden Idol","Replay:Mystery Machine","WristBlade","Toy Ornithopter","Blue Doll","Bronze Scales","Potion Belt","Mirror","Regal Pillow","ReplayTheSpireMod:ShopPack","Toxic Egg 2","infinitespire:Eraser"],"acts_visited":["Exordium","TheCity","TheBeyond"],"potions_floor_usage":[10,16,16,18,22,27,27,27,29,30,30,30,35,35,41,42,42,42,44],"damage_taken":[{"damage":0,"enemies":"Cultist","floor":1,"turns":4},{"damage":4,"enemies":"Small Slimes","floor":2,"turns":4},{"damage":0,"enemies":"2 Louse","floor":5,"turns":4},{"damage":3,"enemies":"Gremlin Gang","floor":7,"turns":4},{"damage":10,"enemies":"3 Sentries","floor":10,"turns":6},{"damage":8,"enemies":"Lagavulin","floor":12,"turns":6},{"damage":0,"enemies":"Looter","floor":14,"turns":2},{"damage":41,"enemies":"The Guardian","floor":16,"turns":9},{"damage":36,"enemies":"2 Thieves","floor":18,"turns":4},{"damage":8,"enemies":"Shell Parasite","floor":22,"turns":5},{"damage":34,"enemies":"Slavers","floor":27,"turns":4},{"damage":18,"enemies":"Book of Stabbing","floor":29,"turns":5},{"damage":16,"enemies":"Snake Plant","floor":30,"turns":3},{"damage":28,"enemies":"Collector","floor":33,"turns":8},{"damage":1,"enemies":"Orb Walker","floor":35,"turns":3},{"damage":33,"enemies":"3 Darklings","floor":38,"turns":3},{"damage":21,"enemies":"Jaw Worm Horde","floor":41,"turns":3},{"damage":11,"enemies":"Giant Head","floor":42,"turns":7},{"damage":36,"enemies":"Transient","floor":44,"turns":3}],"seed_played":"6954411752328720723","potions_obtained":[{"floor":1,"key":"BlessingOfTheForge"},{"floor":2,"key":"Cursed Concoction"},{"floor":14,"key":"ColorlessPotion"},{"floor":16,"key":"Fruit Juice"},{"floor":18,"key":"SmokeBomb"},{"floor":21,"key":"CultistPotion"},{"floor":21,"key":"Block Potion"},{"floor":21,"key":"Swift Potion"},{"floor":29,"key":"SpeedPotion"},{"floor":33,"key":"FearPotion"},{"floor":35,"key":"Cursed Concoction"},{"floor":38,"key":"Poison Potion"},{"floor":41,"key":"DuplicationPotion"}],"is_trial":false,"path_per_floor":["M","M","?","?","M","R","M","$","T","E","?","E","R","M","R","B",null,"M","?","?","?","M","T","R","$","T","E","R","E","M","$","R","B",null,"M","?","?","M","?","R","M","E","T","M"],"character_chosen":"THE_SILENT","items_purchased":["Sadistic Nature","DistilledChaos","Blue Doll","Dagger Throw","Regal Pillow","ReplayTheSpireMod:ShopPack"],"campfire_rested":5,"item_purchase_floors":[8,25,25,25,31,31],"current_hp_per_floor":[70,66,55,55,55,55,52,52,52,42,25,17,38,38,59,23,75,39,39,39,21,13,13,35,35,35,16,38,25,24,24,61,33,75,75,75,75,42,42,42,26,30,30,0,0],"gold":331,"neow_bonus":"UPGRADE_CARD","is_daily":false,"chose_seed":false,"campfire_upgraded":2,"win_rate":0.0,"timestamp":1612806560,"path_taken":["M","?","?","?","M","R","?","$","T","E","?","E","R","M","R","BOSS","M","?","?","?","M","?","R","$","T","E","R","E","?","?","R","BOSS","M","?","?","?","?","R","M","E","T","M"],"items_purchased_type":["Card","Potion","Relic","Card","Relic","Relic"],"build_version":"2020-12-22","purchased_purges":0,"victory":false,"max_hp_per_floor":[70,70,70,70,70,70,70,70,70,70,70,70,70,70,70,75,75,75,75,75,75,75,75,75,75,75,75,75,75,75,75,75,75,75,75,75,75,75,75,75,75,75,75,75,75],"card_choices":[{"not_picked":["Slice","Sucker Punch"],"picked":"Noxious Fumes","floor":1},{"not_picked":["Outmaneuver","PiercingWail"],"picked":"Footwork","floor":2},{"not_picked":["Sucker Punch","Accuracy"],"picked":"Bane","floor":5},{"not_picked":["Fluid Movement","Sucker Punch"],"picked":"Prepared","floor":7},{"not_picked":["Eviscerate","Distraction"],"picked":"Reflex","floor":10},{"not_picked":["Catalyst","Underhanded Strike"],"picked":"Deadly Poison","floor":12},{"not_picked":["Sneak Up","Cloak And Dagger"],"picked":"Distraction","floor":14},{"not_picked":["Tools of the Trade","ReplayTheSpireMod:From All Sides"],"picked":"Venomology","floor":16},{"not_picked":["Riddle With Holes+1","Outmaneuver"],"picked":"Underhanded Strike","floor":18},{"not_picked":["Flying Knee","Dodge and Roll+1"],"picked":"Backflip+1","floor":21},{"not_picked":["Cloak And Dagger","ReplayTheSpireMod:Tripwire"],"picked":"ReplayTheSpireMod:Scrap Shanks+1","floor":22},{"not_picked":["Flying Knee","Dagger Spray"],"picked":"After Image","floor":27},{"not_picked":["Skewer","Sneak Up"],"picked":"Prepared","floor":29},{"not_picked":["Deflect+1","PiercingWail"],"picked":"Underhanded Strike+1","floor":30},{"not_picked":["ReplayTheSpireMod:Necrogeddon","Secret Technique"],"picked":"Poisoned Strike","floor":31},{"not_picked":["Secret Weapon","Madness"],"picked":"Finesse","floor":31},{"not_picked":["Mind Blast","PanicButton"],"picked":"ReplayTheSpireMod:Private Reserves","floor":31},{"not_picked":["Malaise","Grand Finale"],"picked":"Envenom","floor":33},{"not_picked":["ReplayTheSpireMod:The Works+1","All Out Attack+1"],"picked":"ReplayTheSpireMod:Scrap Shanks+1","floor":35},{"not_picked":["Flechettes","Bouncing Flask+1"],"picked":"Cloak And Dagger","floor":38},{"not_picked":["Underhanded Strike+1","Bane+1"],"picked":"Accuracy","floor":41},{"not_picked":["Escape Plan+1","ReplayTheSpireMod:Exploit Weakness+1"],"picked":"ReplayTheSpireMod:The Works+1","floor":42}],"player_experience":291131,"relics_obtained":[{"floor":9,"key":"Mercury Hourglass"},{"floor":10,"key":"Bag of Preparation"},{"floor":12,"key":"Replay:Mystery Machine"},{"floor":23,"key":"Toy Ornithopter"},{"floor":26,"key":"Bronze Scales"},{"floor":27,"key":"Potion Belt"},{"floor":29,"key":"Mirror"},{"floor":42,"key":"Toxic Egg 2"},{"floor":43,"key":"infinitespire:Eraser"}],"event_choices":[{"damage_healed":0,"gold_gain":75,"player_choice":"Gather Gold","damage_taken":11,"max_hp_gain":0,"max_hp_loss":0,"event_name":"World of Goop","floor":3,"gold_loss":0},{"damage_healed":0,"gold_gain":0,"player_choice":"Gave Potion","damage_taken":0,"relics_obtained":["ReplayTheSpireMod:Lightbulb"],"max_hp_gain":0,"max_hp_loss":0,"event_name":"WeMeetAgain","floor":4,"gold_loss":0},{"damage_healed":0,"gold_gain":0,"player_choice":"Take Damage","damage_taken":17,"relics_obtained":["Golden Idol"],"max_hp_gain":0,"max_hp_loss":0,"event_name":"Golden Idol","floor":11,"gold_loss":0},{"damage_healed":0,"gold_gain":0,"player_choice":"Simplicity","damage_taken":0,"max_hp_gain":0,"max_hp_loss":0,"event_name":"Back to Basics","floor":19,"gold_loss":0,"cards_upgraded":["Strike_G","Strike_G","Strike_G","Strike_G","Strike_G","Defend_G","Defend_G","Defend_G","Defend_G"]},{"damage_healed":0,"gold_gain":0,"player_choice":"Ignored","damage_taken":0,"max_hp_gain":0,"max_hp_loss":0,"event_name":"Beggar","floor":20,"gold_loss":0},{"damage_healed":0,"gold_gain":0,"player_choice":"Ignored","damage_taken":0,"max_hp_gain":0,"max_hp_loss":0,"event_name":"The Moai Head","floor":36,"gold_loss":0},{"damage_healed":0,"gold_gain":0,"player_choice":"Upgraded Two","damage_taken":0,"max_hp_gain":0,"max_hp_loss":0,"event_name":"Designer","floor":37,"gold_loss":40,"cards_upgraded":["Envenom","Sadistic Nature"]},{"cards_removed":["Defend_G"],"damage_healed":0,"gold_gain":0,"player_choice":"Removed Skill","damage_taken":0,"max_hp_gain":0,"max_hp_loss":0,"event_name":"Falling","floor":39,"gold_loss":0}],"is_beta":false,"boss_relics":[{"not_picked":["Velvet Choker","Snecko Eye"],"picked":"WristBlade"},{"not_picked":["Snecko Scales","ReplayTheSpireMod:DimensionalGlitch","Cursed Key"]}],"items_purged_floors":[],"is_endless":false,"potions_floor_spawned":[1,2,14,16,18,29,33,35,38,41],"killed_by":"Transient","ascension_level":2}}