{"host":"56d873i5r3uhle0q","time":1612755205,"event":{"mods":["100% Spire Juice","Act Like it!","BaseMod","Block Reminder","Dota2Spire","Gensokyo","Hermit","Lobotomy","LobotomyExtend","Marisa????????","Marked Mod","Minty Spire (QoL Compilation)","Reliquary","Replay The Spire","StSLib","The Animator","The Bug Knight","The Cursed","The Marked","The Servant 0.9.4","Wandering Minibosses","everything is the same but u backflip on backflip","??????REMEMod"],"gold_per_floor":[115,115,115,115,125,125,156,156,179,197,197,197],"floor_reached":11,"language":"ENG","playtime":1405,"items_purged":[],"score":71,"play_id":"10b22cfe-864b-4313-a505-475d98460e0a","local_time":"20210207203325","is_ascension_mode":false,"campfire_choices":[{"data":"Prepared","floor":6,"key":"SMITH"},{"data":"Escape Plan","floor":8,"key":"SMITH"}],"circlet_count":0,"master_deck":["Strike_G","Strike_G","Strike_G","Strike_G","Strike_G","Defend_G","Defend_G","Defend_G","Defend_G","Defend_G","Survivor","Neutralize","Prepared+1","Prepared+1","BlackArmy","Escape Plan+1","Reflex"],"relics":["Ring of the Snake","REME_ComplimentaryCards","CogitoBucket","LetterFromLob","ReplayTheSpireMod:Lightbulb","Centennial Puzzle"],"acts_visited":["Gensokyo:Gensokyo"],"potions_floor_usage":[11],"damage_taken":[{"damage":1.0,"enemies":"Gensokyo:Gryphon","floor":1.0,"turns":5.0},{"damage":0,"enemies":"Gensokyo:Python","floor":5,"turns":3},{"damage":17,"enemies":"Gensokyo:Cirno","floor":7,"turns":8},{"damage":4,"enemies":"Gensokyo:2_Kodama","floor":10,"turns":2},{"damage":68,"enemies":"Gensokyo:Mamizou","floor":11,"turns":12}],"seed_played":"-7480815355008967064","potions_obtained":[{"floor":1.0,"key":"Fire Potion"},{"floor":7,"key":"FearPotion"},{"floor":10,"key":"Poison Potion"}],"is_trial":false,"path_per_floor":["M","?","?","$","M","R","E","R","T","M","E"],"character_chosen":"THE_SILENT","items_purchased":[],"campfire_rested":0,"item_purchase_floors":[],"current_hp_per_floor":[69,69,69,69,69,69,58,58,58,55,0,0],"gold":197,"neow_bonus":"","is_daily":false,"chose_seed":false,"campfire_upgraded":2,"win_rate":0.0,"timestamp":1612755205,"path_taken":["M","?","?","?","M","R","E","R","T","M","E"],"items_purchased_type":[],"build_version":"2020-12-22","purchased_purges":0,"victory":false,"max_hp_per_floor":[70,70,70,70,70,70,70,70,70,70,70,70],"card_choices":[{"not_picked":["WallGazer","QueenOfHatred","FairyFestival"],"picked":"Singing Bowl","floor":1.0},{"not_picked":["Bane","Dagger Throw"],"picked":"Prepared","floor":1.0},{"not_picked":["BeautyBeast","OSAHOGD"],"picked":"BlackArmy","floor":5},{"not_picked":["Slice","ReplayTheSpireMod:Exploit Weakness","Deadly Poison"],"picked":"SKIP","floor":5},{"not_picked":["Wellcheers","MeatLantern","WallGazer"],"picked":"Singing Bowl","floor":7},{"not_picked":["All Out Attack","ReplayTheSpireMod:From All Sides"],"picked":"Escape Plan","floor":7},{"not_picked":["Well Laid Plans","Poisoned Stab"],"picked":"Reflex","floor":10}],"player_experience":702435,"relics_obtained":[{"floor":1.0,"key":"LetterFromLob"},{"floor":7,"key":"ReplayTheSpireMod:Lightbulb"},{"floor":9,"key":"Centennial Puzzle"}],"event_choices":[],"is_beta":false,"boss_relics":[],"items_purged_floors":[],"is_endless":false,"potions_floor_spawned":[1,7,10],"killed_by":"Gensokyo:Mamizou","ascension_level":0}}