{"host":"bf5upntvbdompq33","time":1612806281,"event":{"mods":["BaseMod","Colored Map","Colored Powertips","Curses Come First","Minty Spire (QoL Compilation)","StSLib","The Dragon Tamer","The Hierophant","The Marked","The Mystic","The Servant 0.9.4"],"gold_per_floor":[111,126,141,141,141,141,184,184,184,4,17,31,6,27,27,27,27],"floor_reached":16,"language":"ENG","playtime":888,"items_purged":[],"score":148,"play_id":"1a66643e-4f30-4d20-afbf-e195e3fe5c47","local_time":"20210208104441","is_ascension_mode":true,"campfire_choices":[{"data":"Cloak And Dagger","floor":6,"key":"SMITH"},{"data":"Unload","floor":8,"key":"SMITH"},{"data":"Unload","floor":15,"key":"SMITH"}],"circlet_count":0,"master_deck":["Strike_G","Strike_G","Strike_G","Strike_G","Defend_G","Defend_G","Defend_G","Defend_G","Defend_G","Survivor","Neutralize","Cloak And Dagger+1","Acrobatics","Reflex","Unload+1","Unload+1","Footwork","Dagger Spray","Tactician","Blade Dance","Backflip"],"relics":["Ring of the Snake","Tough Bandages","Golden Idol","Paper Crane","Letter Opener","Membership Card"],"acts_visited":["Exordium"],"potions_floor_usage":[16],"damage_taken":[{"damage":0,"enemies":"Cultist","floor":1,"turns":4},{"damage":0,"enemies":"Small Slimes","floor":2,"turns":4},{"damage":0,"enemies":"Jaw Worm","floor":3,"turns":4},{"damage":18,"enemies":"Gremlin Nob","floor":7,"turns":5},{"damage":6,"enemies":"Red Slaver","floor":11,"turns":3},{"damage":1,"enemies":"Exordium Thugs","floor":12,"turns":6},{"damage":2,"enemies":"Looter","floor":14,"turns":2},{"damage":36,"enemies":"Slime Boss","floor":16,"turns":8}],"seed_played":"-1637986058863343559","potions_obtained":[{"floor":1,"key":"Energy Potion"},{"floor":2,"key":"CunningPotion"},{"floor":12,"key":"PowerPotion"}],"is_trial":false,"path_per_floor":["M","M","M","?","?","R","E","R","T","$","M","M","$","M","R","B"],"character_chosen":"THE_SILENT","items_purchased":["Membership Card","Footwork","Blade Dance"],"campfire_rested":0,"item_purchase_floors":[10,10,13],"current_hp_per_floor":[63,63,63,48,48,48,30,30,30,30,24,23,23,21,21,0,0],"gold":27,"neow_bonus":"ONE_RARE_RELIC","is_daily":false,"chose_seed":false,"campfire_upgraded":3,"win_rate":0.0,"timestamp":1612806281,"path_taken":["M","M","M","?","?","R","E","R","T","$","M","?","$","M","R","BOSS"],"items_purchased_type":["Relic","Card","Card"],"build_version":"2020-12-22","purchased_purges":0,"victory":false,"max_hp_per_floor":[63,63,63,63,63,63,63,63,63,63,63,63,63,63,63,63,63],"card_choices":[{"not_picked":["Quick Slash","Outmaneuver"],"picked":"Cloak And Dagger","floor":1},{"not_picked":["Bouncing Flask","Bane"],"picked":"Acrobatics","floor":2},{"not_picked":["Backflip","Quick Slash"],"picked":"Reflex","floor":3},{"not_picked":["Grand Finale","Cloak And Dagger"],"picked":"Unload","floor":7},{"not_picked":["Deadly Poison","Acrobatics"],"picked":"Dagger Spray","floor":11},{"not_picked":["Deflect","Sucker Punch"],"picked":"Tactician","floor":12},{"not_picked":["Catalyst","Poisoned Stab"],"picked":"Backflip","floor":14}],"player_experience":1526445,"relics_obtained":[{"floor":7,"key":"Paper Crane"},{"floor":9,"key":"Letter Opener"}],"event_choices":[{"damage_healed":0,"gold_gain":0,"player_choice":"Take Damage","damage_taken":15,"relics_obtained":["Golden Idol"],"max_hp_gain":0,"max_hp_loss":0,"event_name":"Golden Idol","floor":4,"gold_loss":0},{"damage_healed":0,"gold_gain":0,"cards_transformed":["Strike_G"],"player_choice":"Transformed","damage_taken":0,"max_hp_gain":0,"max_hp_loss":0,"event_name":"Transmorgrifier","floor":5,"gold_loss":0,"cards_obtained":["Unload"]}],"is_beta":false,"boss_relics":[],"items_purged_floors":[],"is_endless":false,"potions_floor_spawned":[1,2,12,14],"killed_by":"Slime Boss","ascension_level":9}}