{"host":"w01zow3jg16g8jdh","time":1612796402,"event":{"mods":["2.2 Compatiblity","AchievementEnabler","BaseMod","DeckTracker","Hermit","Keyboard Shortcuts","Marisa£¨Ùöéë¡¡Øª×âÞÞ£©","Minty Spire (QoL Compilation)","Permanent Neow","StSLib","SuperFastMode"],"gold_per_floor":[112,187,201,220,190,221,235,235,235],"floor_reached":8,"language":"KOR","playtime":141,"items_purged":[],"score":67,"play_id":"0037d79a-467b-4312-924d-20331e42fcf6","local_time":"20210209000002","is_ascension_mode":true,"campfire_choices":[],"circlet_count":0,"master_deck":["Strike_MRS","Strike_MRS","Strike_MRS","Strike_MRS","Defend_MRS","Defend_MRS","Defend_MRS","Defend_MRS","MasterSpark","UpSweep","JA","Acceleration","GrandCross","Acceleration"],"relics":["MiniHakkero","MagicBroom"],"acts_visited":["Exordium"],"potions_floor_usage":[8,8,8],"damage_taken":[{"damage":2.0,"enemies":"2 Louse","floor":1.0,"turns":3.0},{"damage":0.0,"enemies":"Small Slimes","floor":3.0,"turns":4.0},{"damage":2.0,"enemies":"Jaw Worm","floor":4.0,"turns":2.0},{"damage":31.0,"enemies":"Lagavulin","floor":6.0,"turns":6.0},{"damage":6.0,"enemies":"Gremlin Gang","floor":7.0,"turns":3.0},{"damage":2,"enemies":"3 Sentries","floor":8,"turns":2}],"seed_played":"7334162559454525040","potions_obtained":[{"floor":3.0,"key":"Ancient Potion"},{"floor":5.0,"key":"Strength Potion"},{"floor":5.0,"key":"CultistPotion"},{"floor":6.0,"key":"BlessingOfTheForge"}],"is_trial":false,"path_per_floor":["M","?","M","M","?","E","M","E"],"character_chosen":"MARISA","items_purchased":[],"campfire_rested":0,"item_purchase_floors":[],"current_hp_per_floor":[52,41,41,39,39,8,2,0,0],"gold":235,"neow_bonus":"THREE_RARE_CARDS","is_daily":false,"chose_seed":false,"campfire_upgraded":0,"win_rate":0.0,"timestamp":1612796402,"path_taken":["M","?","M","M","?","E","M","E"],"items_purchased_type":[],"build_version":"2020-12-22","purchased_purges":0,"victory":false,"max_hp_per_floor":[75,75,75,75,75,75,75,75,75],"card_choices":[{"not_picked":["BlazingStar","UltimateShortwave"],"picked":"JA","floor":0.0},{"not_picked":["DoubleSpark","AsteroidBelt"],"picked":"Acceleration","floor":1.0},{"not_picked":["6A","MilkyWay"],"picked":"GrandCross","floor":3.0},{"not_picked":["EarthLightRay","WitchLeyline","OpenUniverse"],"picked":"SKIP","floor":4.0},{"not_picked":["IllusionStar","NonDirectionalLaser","MeteoricShower"],"picked":"SKIP","floor":6.0},{"not_picked":["MachineGunSpark","DragonMeteor"],"picked":"Acceleration","floor":7.0}],"player_experience":375549,"relics_obtained":[{"floor":6.0,"key":"MagicBroom"}],"event_choices":[{"damage_healed":0.0,"max_hp_gain":0.0,"max_hp_loss":0.0,"gold_gain":75.0,"event_name":"World of Goop","player_choice":"Gather Gold","floor":2.0,"gold_loss":0.0,"damage_taken":11.0},{"damage_healed":0.0,"max_hp_gain":0.0,"max_hp_loss":0.0,"gold_gain":0.0,"event_name":"The Woman in Blue","player_choice":"Bought 2 Potions","floor":5.0,"gold_loss":0.0,"damage_taken":0.0}],"is_beta":false,"boss_relics":[],"items_purged_floors":[],"is_endless":false,"potions_floor_spawned":[3,6],"killed_by":"3 Sentries","ascension_level":3}}