{"host":"Ringo","time":1612788341,"event":{"mods":["BaseMod","Colored Map","Conspire","Dota2Spire","Hubris","Minty Spire (QoL Compilation)","Replay The Spire","StSLib","The Construct","[IsaacMod]ÒÔÈö¼âËþ","¡¾ÒÅÎï¿¨ÅÆ¡¿REMEMod"],"gold_per_floor":[115,127,147,163,174,204,237,267,267,300,320,347,376,433,433,508,508,520,533,615,170,184,218,250,285,309,339,339,366,379,406,406,479,479,491,619,630,630,100,129,140,170,170,200,230,260,34,63,63,63,63],"floor_reached":52,"language":"ZHS","playtime":1789,"items_purged":["Rage"],"score":3887,"play_id":"de8ed2c0-98df-4f7d-ba7d-a058190f50dd","local_time":"20210208204541","daily_mods":["SealedDeck","Vintage","Red Cards","Green Cards","Colorless Cards","Heirloom","Time Dilation","Flight","DeadlyEvents","Elite Swarm","Lethality","Binary"],"is_ascension_mode":true,"campfire_choices":[{"data":"ReplayUltimateDefense","floor":15,"key":"SMITH"},{"data":"Armaments","floor":28,"key":"SMITH"},{"data":"Madness","floor":32,"key":"SMITH"},{"data":"Replay:Undeath\u0027s Touch","floor":49,"key":"SMITH"}],"circlet_count":0,"master_deck":["AscendersBane","White Noise+1","Dodge and Roll","Clash","Replay:Undeath\u0027s Touch+1","Heavy Blade","Madness+1","Acrobatics","Sucker Punch","Shrug It Off","Cleave","Dagger Spray","ReplayUltimateDefense+1","Blade Dance","REME_Cut+1","Well Laid Plans+1","ReplayTheSpireMod:Stacked+1","Armaments+1","hubris:EnhanceAbility+1"],"relics":["Ring of the Snake","Busted Crown","HushsDoor","REME_ComplimentaryCards","replay:Trail_Library","Replay:Towering Pillar of Hats","PunchingBag","Dota2Spire:ArmletOfMordiggian","White Beast Statue","Replay:Baseball","ReplayTheSpireMod:TigerMarble","Golden Egg","hubris:SlimyHat","Kunai","Bag of Marbles","Pen Nib","Lantern","The Courier","conspire:GlowingRock","hubris:AncientText","Dota2Spire:ShivaGuard","ReplayTheSpireMod:DimensionalGlitch","GuppysPaw","Centennial Puzzle","Matryoshka","Omamori","Ancient Tea Set","Dota2Spire:Desolator","Strawberry","EdensBlessing","Calipers","Dota2Spire:Dagon","Art of War","conspire:Dentures","Akabeko","HowToJump","Turnip","hubris:VirtuousBlindfold","Incubus","hubris:MysteriousPyramids","Oddly Smooth Stone","BookOfRevelations","hubris:ToyBattleship","Pondfish Scales","GuppysHead","Bottled Tornado","Blue Candle","StrikeDummy","PillsDrop","Vajra","conspire:TopHat","Nunchaku","REME_HandOfSuture"],"acts_visited":["Exordium","TheCity","TheBeyond"],"potions_floor_usage":[5,8,8,12,14,16,33,33,51,51],"damage_taken":[{"damage":0,"enemies":"2 Louse","floor":1,"turns":1},{"damage":0,"enemies":"Cultist","floor":2,"turns":2},{"damage":0,"enemies":"Jaw Worm","floor":3,"turns":1},{"damage":0,"enemies":"Red Slaver","floor":4,"turns":1},{"damage":0,"enemies":"Large Slime","floor":5,"turns":1},{"damage":1,"enemies":"3 Sentries","floor":6,"turns":2},{"damage":0,"enemies":"Lagavulin","floor":7,"turns":2},{"damage":0,"enemies":"3 Sentries","floor":8,"turns":2},{"damage":0,"enemies":"Lagavulin","floor":10,"turns":2},{"damage":0,"enemies":"Looter","floor":11,"turns":1},{"damage":0,"enemies":"3 Sentries","floor":12,"turns":1},{"damage":1,"enemies":"Lagavulin","floor":13,"turns":3},{"damage":0,"enemies":"Gremlin Nob","floor":14,"turns":1},{"damage":0,"enemies":"The Guardian","floor":16,"turns":3},{"damage":0,"enemies":"Shell Parasite","floor":18,"turns":1},{"damage":0,"enemies":"Chosen","floor":19,"turns":2},{"damage":0,"enemies":"3 Cultists","floor":22,"turns":1},{"damage":0,"enemies":"Gremlin Leader","floor":23,"turns":1},{"damage":0,"enemies":"Slavers","floor":24,"turns":1},{"damage":0,"enemies":"Gremlin Leader","floor":25,"turns":1},{"damage":0,"enemies":"Slavers","floor":27,"turns":2},{"damage":0,"enemies":"conspire:Head Lice","floor":29,"turns":1},{"damage":0,"enemies":"Centurion and Healer","floor":30,"turns":1},{"damage":0,"enemies":"Gremlin Leader","floor":31,"turns":1},{"damage":0,"enemies":"Automaton","floor":33,"turns":4},{"damage":0,"enemies":"3 Darklings","floor":35,"turns":1},{"damage":0,"enemies":"3 Shapes","floor":37,"turns":2},{"damage":0,"enemies":"Reptomancer","floor":40,"turns":1},{"damage":0,"enemies":"Writhing Mass","floor":41,"turns":2},{"damage":0,"enemies":"R_Hoarder","floor":42,"turns":2},{"damage":0,"enemies":"Giant Head","floor":44,"turns":3},{"damage":0,"enemies":"R_Hoarder","floor":45,"turns":2},{"damage":0,"enemies":"Nemesis","floor":46,"turns":3},{"damage":0,"enemies":"R_Hoarder","floor":48,"turns":2},{"damage":0,"enemies":"Time Eater","floor":50,"turns":4},{"damage":0,"enemies":"Donu and Deca","floor":51,"turns":5}],"seed_played":"5787950169330936578","potions_obtained":[{"floor":2,"key":"Explosive Potion"},{"floor":3,"key":"Fire Potion"},{"floor":5,"key":"ColorlessPotion"},{"floor":8,"key":"Fruit Juice"},{"floor":10,"key":"DuplicationPotion"},{"floor":12,"key":"Fruit Juice"},{"floor":13,"key":"REME_GoldPotion"},{"floor":14,"key":"CultistPotion"},{"floor":16,"key":"EssenceOfSteel"},{"floor":33,"key":"LiquidMemories"},{"floor":35,"key":"construct:ShiftPotion"},{"floor":40,"key":"DistilledChaos"}],"is_trial":true,"path_per_floor":["M","M","M","M","M","E","E","E","T","E","M","E","E","E","R","B",null,"M","M","?","$","M","E","E","E","T","E","R","E","M","E","R","B",null,"M","?","M","?","$","E","M","E","T","E","E","E","$","E","R","B","B",null],"character_chosen":"THE_SILENT","items_purchased":["GuppysPaw","Omamori","Ancient Tea Set","REME_Cut+1","Well Laid Plans","ReplayTheSpireMod:Stacked","Incubus","Pondfish Scales","GuppysHead","hubris:EnhanceAbility"],"campfire_rested":0,"item_purchase_floors":[17,21,21,21,21,21,34,39,39,47],"current_hp_per_floor":[59,59,59,59,60,59,59,64,64,64,64,69,68,68,68,68,61,61,61,38,38,39,46,46,46,46,46,46,46,46,46,46,47,49,49,29,29,29,29,29,29,34,34,34,34,34,34,34,34,47,47],"gold":63,"neow_bonus":"","is_daily":false,"chose_seed":false,"campfire_upgraded":4,"win_rate":0.0,"timestamp":1612788341,"path_taken":["M","M","M","M","M","E","E","E","T","E","M","E","E","E","R","BOSS","M","M","?","$","M","E","E","E","T","E","R","E","M","?","R","BOSS","M","?","?","?","$","E","M","E","T","E","E","E","$","E","R","BOSS","BOSS"],"items_purchased_type":["Relic","Relic","Relic","Card","Card","Card","Relic","Relic","Relic","Card"],"build_version":"2020-12-18","purchased_purges":1,"victory":true,"max_hp_per_floor":[66,66,66,66,67,67,67,72,72,72,72,77,77,77,77,77,61,61,61,61,61,62,69,69,69,69,69,69,69,69,69,69,70,50,50,50,50,50,50,50,50,50,50,50,50,50,50,50,50,50,50],"card_choices":[],"player_experience":661805,"relics_obtained":[{"floor":1,"key":"Dota2Spire:ArmletOfMordiggian"},{"floor":2,"key":"White Beast Statue"},{"floor":3,"key":"Replay:Baseball"},{"floor":4,"key":"ReplayTheSpireMod:TigerMarble"},{"floor":5,"key":"Golden Egg"},{"floor":6,"key":"hubris:SlimyHat"},{"floor":7,"key":"Kunai"},{"floor":8,"key":"Bag of Marbles"},{"floor":9,"key":"Pen Nib"},{"floor":10,"key":"Lantern"},{"floor":11,"key":"The Courier"},{"floor":12,"key":"conspire:GlowingRock"},{"floor":13,"key":"hubris:AncientText"},{"floor":14,"key":"Dota2Spire:ShivaGuard"},{"floor":18,"key":"Centennial Puzzle"},{"floor":19,"key":"Matryoshka"},{"floor":22,"key":"Dota2Spire:Desolator"},{"floor":23,"key":"Strawberry"},{"floor":24,"key":"EdensBlessing"},{"floor":25,"key":"Calipers"},{"floor":26,"key":"Dota2Spire:Dagon"},{"floor":26,"key":"Art of War"},{"floor":27,"key":"conspire:Dentures"},{"floor":29,"key":"Akabeko"},{"floor":30,"key":"HowToJump"},{"floor":31,"key":"Turnip"},{"floor":35,"key":"hubris:MysteriousPyramids"},{"floor":36,"key":"Oddly Smooth Stone"},{"floor":36,"key":"BookOfRevelations"},{"floor":37,"key":"hubris:ToyBattleship"},{"floor":40,"key":"Bottled Tornado"},{"floor":41,"key":"Blue Candle"},{"floor":42,"key":"StrikeDummy"},{"floor":43,"key":"PillsDrop"},{"floor":44,"key":"Vajra"},{"floor":45,"key":"conspire:TopHat"},{"floor":46,"key":"Nunchaku"},{"floor":48,"key":"REME_HandOfSuture"}],"event_choices":[],"is_beta":true,"boss_relics":[{"not_picked":["Fusion Hammer","Ectoplasm"],"picked":"ReplayTheSpireMod:DimensionalGlitch"},{"not_picked":[]},{"not_picked":["hubris:HollowSoul","Replay:Wanted Poster"],"picked":"hubris:VirtuousBlindfold"},{"not_picked":[]}],"items_purged_floors":[47],"is_endless":false,"potions_floor_spawned":[2,3,4,5,6,7,8,10,11,12,13,14,16,18,19,22,23,24,25,27,29,30,31,33,35,37,40,41,42,44,45,46,48],"ascension_level":20}}