{"host":"wrdw6zkxuilnr6rg","time":1612545411,"event":{"mods":["2.2 Compatiblity","BaseMod","Colored Powertips","Highlight Path","Minty Spire (QoL Compilation)","Quick Restart","Relic Stats","StSLib"],"gold_per_floor":[118,135,85,85,101,101,127,144,191,224,224,224,5,40,40,139,139,157,86,446,461,477,477,487,487,510,228,253,253,283,299,299,404,404,421,438,59,76,8,36,36,68,119,130,180,191,191,241,241,241,241,241,18,45,45],"floor_reached":56,"language":"ENG","playtime":3517,"items_purged":["Strike_B","Strike_B","Sunder","Defend_B"],"score":1363,"play_id":"ecfa685f-b7d5-48af-8eaa-3caa4f97989f","local_time":"20210205201651","is_ascension_mode":true,"campfire_choices":[{"data":"Beam Cell","floor":6.0,"key":"SMITH"},{"data":"Self Repair","floor":11,"key":"SMITH"},{"data":"Rip and Tear","floor":15,"key":"SMITH"},{"data":"Buffer","floor":23,"key":"SMITH"},{"data":"Dualcast","floor":25,"key":"SMITH"},{"data":"Go for the Eyes","floor":32,"key":"SMITH"},{"floor":41,"key":"RECALL"},{"data":"Creative AI","floor":47,"key":"SMITH"},{"data":"Conserve Battery","floor":49,"key":"SMITH"},{"floor":52,"key":"REST"}],"circlet_count":0,"master_deck":["Defend_B","Zap+1","Dualcast+1","Beam Cell+1","Reinforced Body+1","Self Repair+1","Rip and Tear+1","Sweeping Beam","Conserve Battery+1","Self Repair","Conserve Battery+1","Buffer+1","Auto Shields+1","Force Field+1","Genetic Algorithm+1","Go for the Eyes+1","Force Field+1","Self Repair","Gash","Storm+1","Rebound+1","Creative AI+1","Hologram+1","Capacitor","Echo Form","Blind+1","White Noise+1","White Noise+1","Core Surge","Capacitor+1","Echo Form","Double Energy+1","Steam+1"],"relics":["Cracked Core","Du-Vu Doll","Mummified Hand","Dream Catcher","Omamori","Bag of Preparation","Spirit Poop","Toxic Egg 2","Empty Cage","Bronze Scales","Question Card","Orichalcum","SlaversCollar","MealTicket","War Paint","Prayer Wheel","Thread and Needle","Letter Opener"],"acts_visited":["Exordium","TheCity","TheBeyond","TheEnding"],"potions_floor_usage":[18,24,24,28,28,28,28,33,33,40,42,50,55,55,55],"damage_taken":[{"damage":0.0,"enemies":"2 Louse","floor":1.0,"turns":2.0},{"damage":1.0,"enemies":"Jaw Worm","floor":2.0,"turns":3.0},{"damage":2.0,"enemies":"Cultist","floor":5.0,"turns":3.0},{"damage":22.0,"enemies":"Lagavulin","floor":7.0,"turns":6.0},{"damage":14.0,"enemies":"Lots of Slimes","floor":8.0,"turns":3.0},{"damage":0,"enemies":"Gremlin Nob","floor":10,"turns":2},{"damage":19,"enemies":"Lagavulin","floor":14,"turns":5},{"damage":34,"enemies":"The Guardian","floor":16,"turns":9},{"damage":15,"enemies":"2 Thieves","floor":18,"turns":4},{"damage":3,"enemies":"Shell Parasite","floor":21,"turns":5},{"damage":14,"enemies":"Chosen and Byrds","floor":22,"turns":7},{"damage":0,"enemies":"Shelled Parasite and Fungi","floor":24,"turns":5},{"damage":7,"enemies":"Slavers","floor":28,"turns":7},{"damage":2,"enemies":"Book of Stabbing","floor":30,"turns":5},{"damage":3,"enemies":"Centurion and Healer","floor":31,"turns":8},{"damage":55,"enemies":"Collector","floor":33,"turns":14},{"damage":19,"enemies":"3 Darklings","floor":35,"turns":5},{"damage":20,"enemies":"3 Shapes","floor":36,"turns":5},{"damage":0,"enemies":"Writhing Mass","floor":38,"turns":6},{"damage":6,"enemies":"Giant Head","floor":40,"turns":7},{"damage":0,"enemies":"Reptomancer","floor":42,"turns":5},{"damage":0,"enemies":"Transient","floor":44,"turns":5},{"damage":34,"enemies":"2 Orb Walkers","floor":45,"turns":6},{"damage":0,"enemies":"3 Darklings","floor":46,"turns":4},{"damage":6,"enemies":"Mind Bloom Boss Battle","floor":48,"turns":4},{"damage":22,"enemies":"Donu and Deca","floor":50,"turns":7},{"damage":0,"enemies":"Shield and Spear","floor":54,"turns":5},{"damage":60,"enemies":"The Heart","floor":55,"turns":6}],"seed_played":"-7247489477507077117","potions_obtained":[{"floor":1.0,"key":"Fruit Juice"},{"floor":2.0,"key":"GamblersBrew"},{"floor":8.0,"key":"Fire Potion"},{"floor":16,"key":"Ancient Potion"},{"floor":22,"key":"AttackPotion"},{"floor":30,"key":"PowerPotion"},{"floor":31,"key":"PowerPotion"},{"floor":33,"key":"Dexterity Potion"},{"floor":35,"key":"PowerPotion"},{"floor":36,"key":"BlessingOfTheForge"},{"floor":40,"key":"Swift Potion"},{"floor":45,"key":"AttackPotion"},{"floor":46,"key":"Strength Potion"}],"is_trial":false,"path_per_floor":["M","M","?","?","M","R","E","M","T","E","R","?","$","E","R","B",null,"M","$","?","M","M","R","M","R","T","$","E","?","E","M","R","B",null,"M","M","$","M","$","E","R","E","T","M","?","M","R","?","R","B",null,"R","$","E","B",null],"character_chosen":"DEFECT","items_purchased":["Self Repair","Sunder","Force Field+1","Self Repair","EntropicBrew","Gash","Echo Form","Blind+1","White Noise+1","DuplicationPotion"],"campfire_rested":1,"item_purchase_floors":[13,13,19,27,27,27,37,37,39,53],"current_hp_per_floor":[68,67,67,72,70,70,55,48,48,55,55,55,55,53,53,36,73,73,73,37,51,54,54,71,71,71,71,73,73,73,73,73,42,73,73,73,73,73,73,73,73,73,73,73,70,73,73,73,73,73,73,73,73,73,40],"gold":45,"neow_bonus":"ONE_RARE_RELIC","is_daily":false,"chose_seed":false,"campfire_upgraded":8,"win_rate":0.0,"timestamp":1612545411,"path_taken":["M","M","?","?","M","R","E","M","T","E","R","?","$","E","R","BOSS","M","$","?","?","M","R","M","R","T","$","E","?","E","M","R","BOSS","M","?","$","M","?","E","R","E","T","M","?","?","R","?","R","BOSS","R","$","E","BOSS"],"items_purchased_type":["Card","Card","Card","Card","Potion","Card","Card","Card","Card","Potion"],"build_version":"2020-12-22","purchased_purges":4,"victory":true,"max_hp_per_floor":[68,68,68,73,73,73,73,73,73,73,73,73,73,73,73,73,73,73,73,73,73,73,73,73,73,73,73,73,73,73,73,73,73,73,73,73,73,73,73,73,73,73,73,73,73,73,73,73,73,73,73,73,73,73,73],"relic_stats":{"Dream Catcher":1,"counters":[28,153],"Mummified Hand":[223],"Bronze Scales":[389],"MealTicket":0,"Prayer Wheel":1,"Bag of Preparation":[44],"Letter Opener":[20],"Orichalcum":[78],"War Paint":["Zap","Reinforced Body"],"Question Card":15,"obtain_stats":[{"Spirit Poop":12,"Thread and Needle":48,"Omamori":9,"Bag of Preparation":10,"Letter Opener":54,"Orichalcum":30,"War Paint":42,"Empty Cage":17,"Question Card":28,"Du-Vu Doll":0,"SlaversCollar":34,"Dream Catcher":7,"Mummified Hand":4,"Bronze Scales":26,"MealTicket":40,"Prayer Wheel":45,"Toxic Egg 2":14,"Cracked Core":0},{"Spirit Poop":6,"Thread and Needle":25,"Omamori":5,"Bag of Preparation":6,"Letter Opener":27,"Orichalcum":14,"War Paint":21,"Empty Cage":8,"Question Card":13,"Du-Vu Doll":0,"SlaversCollar":16,"Dream Catcher":4,"Mummified Hand":2,"Bronze Scales":12,"MealTicket":20,"Prayer Wheel":23,"Toxic Egg 2":7,"Cracked Core":0},{"Spirit Poop":19,"Thread and Needle":135,"Omamori":17,"Bag of Preparation":19,"Letter Opener":147,"Orichalcum":66,"War Paint":116,"Empty Cage":33,"Question Card":61,"Du-Vu Doll":0,"SlaversCollar":88,"Dream Catcher":14,"Mummified Hand":5,"Bronze Scales":54,"MealTicket":111,"Prayer Wheel":127,"Toxic Egg 2":24,"Cracked Core":0}]},"card_choices":[{"not_picked":["Loop","Streamline"],"picked":"Beam Cell","floor":1.0},{"not_picked":["Beam Cell","Redo"],"picked":"Reinforced Body","floor":2.0},{"not_picked":["Conserve Battery","Lockon"],"picked":"Self Repair","floor":5.0},{"not_picked":["Ball Lightning","Capacitor"],"picked":"Rip and Tear","floor":7.0},{"not_picked":["Undo","Stack"],"picked":"Sweeping Beam","floor":8.0},{"not_picked":["Hologram","Tempest"],"picked":"Conserve Battery","floor":10},{"not_picked":["Sweeping Beam","Chaos+1"],"picked":"Conserve Battery+1","floor":14},{"not_picked":["Biased Cognition","Machine Learning"],"picked":"Buffer","floor":16},{"not_picked":["Beam Cell","BootSequence+1"],"picked":"Auto Shields+1","floor":18},{"not_picked":["Go for the Eyes","Coolheaded+1"],"picked":"Genetic Algorithm+1","floor":21},{"not_picked":["Barrage","Skim+1"],"picked":"Go for the Eyes","floor":22},{"not_picked":["Biased Cognition","Scrape+1"],"picked":"Force Field+1","floor":24},{"not_picked":["Loop","Lockon"],"picked":"Storm+1","floor":28},{"not_picked":["Steam Power+1","Tempest+1","Consume+1"],"picked":"Rebound+1","floor":30},{"not_picked":["Barrage+1","Steam Power+1","Hello World+1","Go for the Eyes"],"picked":"SKIP","floor":31},{"not_picked":["Thunder Strike","Fission+1","Reboot+1"],"picked":"Creative AI","floor":33},{"not_picked":["Streamline+1","Stack+1","Compile Driver"],"picked":"Hologram+1","floor":35},{"not_picked":["Double Energy+1","Go for the Eyes","Coolheaded+1"],"picked":"Capacitor","floor":36},{"not_picked":["Rebound","Streamline","Chaos+1"],"picked":"White Noise+1","floor":38},{"not_picked":["Redo+1","Cold Snap+1","Beam Cell"],"picked":"Core Surge","floor":40},{"not_picked":["Turbo+1","Redo+1","Blizzard"],"picked":"Capacitor+1","floor":42},{"not_picked":["Redo+1","Recycle+1","Auto Shields+1","Compile Driver"],"picked":"SKIP","floor":44},{"not_picked":["Sweeping Beam+1","Conserve Battery+1","Storm"],"picked":"Echo Form","floor":46},{"not_picked":["FTL","Compile Driver","Capacitor+1"],"picked":"Double Energy+1","floor":46},{"not_picked":["Hologram+1","Cold Snap","Compile Driver"],"picked":"Steam+1","floor":52},{"not_picked":["Cold Snap+1","Leap+1","Go for the Eyes+1","Biased Cognition"],"picked":"SKIP","floor":54}],"player_experience":1378754,"relics_obtained":[{"floor":7.0,"key":"Dream Catcher"},{"floor":9.0,"key":"Omamori"},{"floor":10,"key":"Bag of Preparation"},{"floor":14,"key":"Toxic Egg 2"},{"floor":26,"key":"Bronze Scales"},{"floor":28,"key":"Question Card"},{"floor":30,"key":"Orichalcum"},{"floor":40,"key":"MealTicket"},{"floor":42,"key":"War Paint"},{"floor":45,"key":"Prayer Wheel"},{"floor":48,"key":"Thread and Needle"},{"floor":54,"key":"Letter Opener"}],"event_choices":[{"cards_removed":["Defend_B"],"damage_healed":0.0,"max_hp_gain":0.0,"max_hp_loss":0.0,"gold_gain":0.0,"event_name":"The Cleric","player_choice":"Card Removal","floor":3.0,"gold_loss":50.0,"damage_taken":0.0},{"damage_healed":0.0,"max_hp_gain":0.0,"max_hp_loss":0.0,"gold_gain":0.0,"event_name":"Big Fish","player_choice":"Box","floor":4.0,"gold_loss":0.0,"damage_taken":0.0,"relics_obtained":["Mummified Hand"],"cards_obtained":["Regret"]},{"cards_removed":["Regret"],"damage_healed":0,"gold_gain":0,"player_choice":"Offered Curse","damage_taken":0,"relics_obtained":["Spirit Poop"],"max_hp_gain":0,"max_hp_loss":0,"event_name":"Bonfire Elementals","floor":12,"gold_loss":0},{"damage_healed":0,"gold_gain":360,"player_choice":"GOLD GOLD GOLD GOLD ","damage_taken":36,"max_hp_gain":0,"max_hp_loss":0,"event_name":"Knowing Skull","floor":20,"potions_obtained":[],"gold_loss":0,"cards_obtained":[]},{"cards_removed":["Strike_B"],"damage_healed":0,"gold_gain":0,"player_choice":"Purged","damage_taken":0,"max_hp_gain":0,"max_hp_loss":0,"event_name":"Purifier","floor":29,"gold_loss":0},{"damage_healed":0,"gold_gain":0,"player_choice":"Fight","damage_taken":0,"max_hp_gain":0,"max_hp_loss":0,"event_name":"Mysterious Sphere","floor":45,"gold_loss":0},{"damage_healed":0,"gold_gain":0,"player_choice":"Fight","damage_taken":0,"max_hp_gain":0,"max_hp_loss":0,"event_name":"MindBloom","floor":48,"gold_loss":0}],"is_beta":false,"boss_relics":[{"not_picked":["SacredBark","Black Star"],"picked":"Empty Cage"},{"not_picked":["Velvet Choker","FrozenCore"],"picked":"SlaversCollar"}],"items_purged_floors":[13,27,37,53],"is_endless":false,"potions_floor_spawned":[1,2,8,16,22,30,31,33,35,36,40,45,46,54],"ascension_level":1}}