{"host":"neeznpvpgo0qgfkd","time":1612807440,"event":{"mods":["AchievementEnabler","BaseMod","BetterRewards","Colored Map","Colored Powertips","Exacting","Minty Spire (QoL Compilation)","Permanent Neow","Quick Restart","Shop Mod"],"gold_per_floor":[115,115,21,21,21,56,90,90,144,169,194,234,261,302,314,426,438,467,479,406,450,394,427,427,455,478,508,508,521,572,428,428,533,533,561,783,783,667,690,723,735,763,763,773,789,789,824,839,839,839,839,839,610,655,655],"floor_reached":56,"language":"ENG","playtime":2506,"items_purged":[],"score":2489,"play_id":"29fae1e2-1217-4757-9e02-b123f752efbd","local_time":"20210208130400","is_ascension_mode":true,"campfire_choices":[{"floor":8.0,"key":"RECALL"},{"data":"Apotheosis","floor":15.0,"key":"SMITH"},{"data":"Infinite Blades","floor":24.0,"key":"SMITH"},{"data":"Infinite Blades","floor":32.0,"key":"SMITH"},{"data":"Accuracy","floor":49,"key":"SMITH"},{"data":"Accuracy","floor":52,"key":"SMITH"}],"circlet_count":0,"master_deck":["Strike_G+1","Strike_G+1","Strike_G+1","Strike_G+1","Strike_G+1","Defend_G+1","Defend_G+1","Defend_G+1","Defend_G+1","Survivor+1","Neutralize","Infinite Blades+1","Dramatic Entrance+1","Slice","Riddle With Holes+1","Apotheosis+1","Terror","Accuracy+1","Infinite Blades+1","A Thousand Cuts","Tactician+1","Cloak And Dagger+1","Blade Dance","Accuracy+1","Cloak And Dagger","Poisoned Stab+1","Infinite Blades+1","Slice","Infinite Blades","Panacea"],"relics":["Ring of the Snake","Membership Card","Tiny Chest","StoneCalendar","Oddly Smooth Stone","Nunchaku","Toy Ornithopter","FossilizedHelix","Shuriken","Juzu Bracelet","Calipers","White Beast Statue","Paper Crane","Centennial Puzzle","Unceasing Top","Ninja Scroll","Busted Crown","Snake Skull","Red Mask","Sling","MerchantsRug","Happy Flower","Mercury Hourglass","Vajra","Mummified Hand","Singing Bowl","Mango","Pantograph","Coffee Dripper","OrangePellets","Pen Nib","Ancient Tea Set","Sundial","CaptainsWheel","Blood Vial","Turnip","Bronze Scales"],"acts_visited":["Exordium","TheCity","TheBeyond","TheEnding"],"potions_floor_usage":[35,40,41,54],"damage_taken":[{"damage":0.0,"enemies":"Jaw Worm","floor":1.0,"turns":3.0},{"damage":0.0,"enemies":"3 Sentries","floor":6.0,"turns":4.0},{"damage":0.0,"enemies":"Lagavulin","floor":7.0,"turns":4.0},{"damage":1.0,"enemies":"3 Sentries","floor":10.0,"turns":4.0},{"damage":0.0,"enemies":"Gremlin Nob","floor":12.0,"turns":2.0},{"damage":0.0,"enemies":"Small Slimes","floor":13.0,"turns":1.0},{"damage":0.0,"enemies":"Cultist","floor":14.0,"turns":1.0},{"damage":24.0,"enemies":"Hexaghost","floor":16.0,"turns":6.0},{"damage":0.0,"enemies":"Shell Parasite","floor":18.0,"turns":2.0},{"damage":6.0,"enemies":"Masked Bandits","floor":21.0,"turns":2.0},{"damage":0.0,"enemies":"Gremlin Leader","floor":23.0,"turns":3.0},{"damage":17.0,"enemies":"Slavers","floor":25.0,"turns":3.0},{"damage":0.0,"enemies":"Gremlin Leader","floor":27.0,"turns":3.0},{"damage":0.0,"enemies":"Spheric Guardian","floor":29.0,"turns":2.0},{"damage":0.0,"enemies":"Slavers","floor":30.0,"turns":1.0},{"damage":1.0,"enemies":"Champ","floor":33.0,"turns":4.0},{"damage":0,"enemies":"3 Darklings","floor":35,"turns":2},{"damage":0,"enemies":"Reptomancer","floor":40,"turns":2},{"damage":12,"enemies":"3 Shapes","floor":41,"turns":2},{"damage":0,"enemies":"Nemesis","floor":42,"turns":3},{"damage":0,"enemies":"Jaw Worm Horde","floor":44,"turns":2},{"damage":0,"enemies":"Maw","floor":45,"turns":4},{"damage":0,"enemies":"Reptomancer","floor":47,"turns":2},{"damage":0,"enemies":"Transient","floor":48,"turns":5},{"damage":28,"enemies":"Donu and Deca","floor":50,"turns":5},{"damage":0,"enemies":"Shield and Spear","floor":54,"turns":2},{"damage":32,"enemies":"The Heart","floor":55,"turns":5}],"seed_played":"-8304052665324755447","potions_obtained":[{"floor":1.0,"key":"SteroidPotion"},{"floor":6.0,"key":"SkillPotion"},{"floor":6.0,"key":"GhostInAJar"},{"floor":7.0,"key":"GamblersBrew"},{"floor":10.0,"key":"Fire Potion"},{"floor":12.0,"key":"BlessingOfTheForge"},{"floor":13.0,"key":"LiquidMemories"},{"floor":14.0,"key":"Fruit Juice"},{"floor":16.0,"key":"LiquidMemories"},{"floor":27.0,"key":"PowerPotion"},{"floor":30.0,"key":"FairyPotion"},{"floor":35,"key":"Energy Potion"},{"floor":40,"key":"Fruit Juice"},{"floor":41,"key":"Energy Potion"},{"floor":47,"key":"CunningPotion"},{"floor":54,"key":"SpeedPotion"}],"is_trial":false,"path_per_floor":["M","?","$","?","T","E","E","R","T","E","T","E","M","M","R","B",null,"M","?","?","?","$","E","R","E","T","E","T","M","E","?","R","B",null,"M","?","?","$","T","E","M","E","T","M","M","?","E","M","R","B",null,"R","$","E","B",null],"character_chosen":"THE_SILENT","items_purchased":["Membership Card","Tiny Chest","Oddly Smooth Stone","Nunchaku","Toy Ornithopter","Shuriken","Juzu Bracelet","Infinite Blades","Dramatic Entrance","Slice","Apotheosis","Sling","Strawberry","MerchantsRug","OrangePellets","Accuracy","Cloak And Dagger","Turnip","Infinite Blades","Panacea"],"campfire_rested":0,"item_purchase_floors":[0,0,0,0,0,0,0,0,0,0,3,22,22,22,38,38,38,53,53,53],"current_hp_per_floor":[63,49,49,46,46,46,56,56,56,65,65,65,65,65,65,51,69,69,69,69,63,70,70,70,53,53,53,53,53,74,74,74,99,100,102,102,102,102,102,104,99,99,99,101,103,105,105,107,107,89,110,110,110,119,87],"gold":655,"neow_bonus":"","is_daily":false,"chose_seed":false,"campfire_upgraded":5,"win_rate":0.0,"timestamp":1612807440,"path_taken":["M","?","$","?","?","E","E","R","T","E","?","E","M","M","R","BOSS","M","?","?","?","$","E","R","E","T","E","?","M","E","?","R","BOSS","M","?","?","$","?","E","M","E","T","M","M","?","E","M","R","BOSS","R","$","E","BOSS"],"items_purchased_type":["Relic","Relic","Relic","Relic","Relic","Relic","Relic","Card","Card","Card","Card","Relic","Relic","Relic","Relic","Card","Card","Relic","Card","Card"],"build_version":"2020-12-22","purchased_purges":0,"victory":true,"max_hp_per_floor":[70,70,70,70,70,70,70,70,70,70,70,70,70,70,70,75,75,75,75,75,75,82,82,82,82,82,82,82,82,98,98,98,100,100,102,102,102,102,102,104,111,111,111,113,115,117,117,117,117,117,117,117,117,119,119],"card_choices":[{"not_picked":["Outmaneuver","Dagger Spray"],"picked":"Riddle With Holes","floor":1.0},{"not_picked":["Outmaneuver","PiercingWail"],"picked":"Terror","floor":6.0},{"not_picked":["Sucker Punch","Flechettes","Storm of Steel"],"picked":"SKIP","floor":7.0},{"not_picked":["Expertise","Heel Hook","Bane"],"picked":"SKIP","floor":10.0},{"not_picked":["A Thousand Cuts","Slice"],"picked":"Accuracy","floor":12.0},{"not_picked":["PiercingWail","Heel Hook","Expertise"],"picked":"SKIP","floor":13.0},{"not_picked":["Concentrate","Backflip"],"picked":"Infinite Blades","floor":14.0},{"not_picked":["Unload","Storm of Steel"],"picked":"A Thousand Cuts","floor":16.0},{"not_picked":["Concentrate"],"picked":"SKIP","floor":18.0},{"not_picked":[],"picked":"Tactician+1","floor":23.0},{"not_picked":["Masterful Stab"],"picked":"SKIP","floor":25.0},{"not_picked":["Well Laid Plans"],"picked":"SKIP","floor":27.0},{"not_picked":[],"picked":"Cloak And Dagger+1","floor":29.0},{"not_picked":[],"picked":"Blade Dance","floor":29.0},{"not_picked":["Deflect"],"picked":"Singing Bowl","floor":30.0},{"not_picked":["Bullet Time"],"picked":"Singing Bowl","floor":33.0},{"not_picked":["Tactician+1"],"picked":"Singing Bowl","floor":35},{"not_picked":["Sucker Punch"],"picked":"Singing Bowl","floor":40},{"not_picked":["Dagger Throw"],"picked":"Singing Bowl","floor":41},{"not_picked":[],"picked":"Poisoned Stab+1","floor":42},{"not_picked":["Cloak And Dagger"],"picked":"Singing Bowl","floor":44},{"not_picked":["Backflip+1"],"picked":"Singing Bowl","floor":45},{"not_picked":["Thinking Ahead"],"picked":"Singing Bowl","floor":46},{"not_picked":[],"picked":"Infinite Blades+1","floor":47},{"not_picked":[],"picked":"Slice","floor":48},{"not_picked":["Setup+1"],"picked":"Singing Bowl","floor":54}],"player_experience":1341134,"relics_obtained":[{"floor":5.0,"key":"Paper Crane"},{"floor":6.0,"key":"Centennial Puzzle"},{"floor":7.0,"key":"Unceasing Top"},{"floor":10.0,"key":"Ninja Scroll"},{"floor":11.0,"key":"MawBank"},{"floor":12.0,"key":"War Paint"},{"floor":21.0,"key":"Red Mask"},{"floor":23.0,"key":"Happy Flower"},{"floor":25.0,"key":"Mercury Hourglass"},{"floor":26.0,"key":"Vajra"},{"floor":27.0,"key":"Mummified Hand"},{"floor":28.0,"key":"Singing Bowl"},{"floor":30.0,"key":"Mango"},{"floor":39,"key":"Pen Nib"},{"floor":40,"key":"Ancient Tea Set"},{"floor":42,"key":"Sundial"},{"floor":43,"key":"CaptainsWheel"},{"floor":47,"key":"Blood Vial"},{"floor":54,"key":"Bronze Scales"}],"event_choices":[{"damage_healed":0.0,"max_hp_gain":0.0,"max_hp_loss":0.0,"gold_gain":0.0,"event_name":"Shining Light","player_choice":"Entered Light","floor":2.0,"gold_loss":0.0,"damage_taken":14.0,"cards_upgraded":["Riddle With Holes","Dramatic Entrance"]},{"damage_healed":0.0,"max_hp_gain":0.0,"max_hp_loss":0.0,"gold_gain":0.0,"event_name":"Scrap Ooze","player_choice":"Success","floor":4.0,"gold_loss":0.0,"damage_taken":3.0,"relics_obtained":["White Beast Statue"]},{"damage_healed":0.0,"max_hp_gain":0.0,"max_hp_loss":0.0,"gold_gain":0.0,"event_name":"Back to Basics","player_choice":"Simplicity","floor":19.0,"gold_loss":0.0,"damage_taken":0.0,"cards_upgraded":["Strike_G","Strike_G","Strike_G","Strike_G","Strike_G","Defend_G","Defend_G","Defend_G","Defend_G"]},{"damage_healed":0.0,"max_hp_gain":0.0,"max_hp_loss":0.0,"gold_gain":0.0,"event_name":"Addict","player_choice":"Obtained Relic","floor":20.0,"gold_loss":85.0,"damage_taken":0.0,"relics_obtained":["Snake Skull"]},{"damage_healed":0.0,"max_hp_gain":0.0,"max_hp_loss":0.0,"gold_gain":0.0,"event_name":"Masked Bandits","player_choice":"Fought Bandits","floor":21.0,"gold_loss":0.0,"damage_taken":0.0},{"damage_healed":0.0,"max_hp_gain":0.0,"max_hp_loss":0.0,"gold_gain":0.0,"event_name":"WeMeetAgain","player_choice":"Paid Gold","floor":31.0,"gold_loss":144.0,"damage_taken":0.0,"relics_obtained":["Pantograph"]},{"damage_healed":0,"gold_gain":222,"player_choice":"Wore Mask","damage_taken":0,"max_hp_gain":0,"max_hp_loss":0,"event_name":"Tomb of Lord Red Mask","floor":36,"gold_loss":0},{"cards_removed":["Defend_G"],"damage_healed":0,"gold_gain":0,"player_choice":"Removed Skill","damage_taken":0,"max_hp_gain":0,"max_hp_loss":0,"event_name":"Falling","floor":37,"gold_loss":0},{"damage_healed":0,"gold_gain":0,"player_choice":"Memory 1","damage_taken":0,"max_hp_gain":0,"max_hp_loss":0,"event_name":"SensoryStone","floor":46,"gold_loss":0}],"is_beta":false,"boss_relics":[{"not_picked":["Cursed Key","Velvet Choker"],"picked":"Busted Crown"},{"not_picked":["Fusion Hammer","Astrolabe"],"picked":"Coffee Dripper"}],"items_purged_floors":[],"is_endless":false,"potions_floor_spawned":[1,6,7,10,12,13,14,16,18,21,23,25,27,29,30,33,35,40,41,42,44,45,47,48,54],"ascension_level":7}}