{"host":"1hzg86ju9fvxh562","time":1612814178,"event":{"mods":["AchievementEnabler","Act Like it!","AlwaysNeverKeys","BaseMod","Bestiary","Better Altar","Better Match","Better Note","Better Sensory Stone","Better Skull","Better Third Choice","Colored Map","Colored Powertips","Curses Come First","Displayed Cursed Tome","Filter the Spire","Highlight Path","Keyboard Shortcuts","Minty Spire (QoL Compilation)","Rare Cards Sparkle","Relic Sorter","Relic Stats","ShortenTheSpire","Spicy Shops","StSLib","everything is the same but u backflip on backflip","slay the spire mod where everything is the same but ironclad has a cowboy hat"],"gold_per_floor":[118,130,230,240,252,279,279,309,309,309,309,309,309],"floor_reached":12,"language":"ENG","playtime":753,"items_purged":[],"score":158,"play_id":"bfc7be6f-eb9e-4455-8930-bbef394918bd","local_time":"20210208175618","is_ascension_mode":true,"campfire_choices":[{"data":"Fission","floor":7,"key":"SMITH"},{"floor":10,"key":"REST"}],"circlet_count":0,"master_deck":["AscendersBane","Strike_B","Strike_B","Strike_B","Strike_B","Defend_B","Defend_B","Defend_B","Defend_B","Zap","Dualcast","Redo","Melter","Go for the Eyes","Doom and Gloom","Fission+1","Panacea"],"relics":["Nuclear Battery","Potion Belt","Calipers","Ornamental Fan"],"acts_visited":["Exordium"],"potions_floor_usage":[8,12],"damage_taken":[{"damage":4,"enemies":"Jaw Worm","floor":1,"turns":5},{"damage":1,"enemies":"Cultist","floor":2,"turns":4},{"damage":0,"enemies":"Small Slimes","floor":4,"turns":3},{"damage":8,"enemies":"2 Fungi Beasts","floor":5,"turns":4},{"damage":28,"enemies":"Gremlin Nob","floor":6,"turns":5},{"damage":20,"enemies":"3 Sentries","floor":8,"turns":6},{"damage":15,"enemies":"Lagavulin","floor":12,"turns":3}],"seed_played":"-5031573015262239156","potions_obtained":[{"floor":5,"key":"DuplicationPotion"},{"floor":8,"key":"DuplicationPotion"}],"is_trial":false,"path_per_floor":["M","M","?","M","M","E","R","E","T","R","?","E"],"character_chosen":"DEFECT","items_purchased":[],"campfire_rested":1,"item_purchase_floors":[],"current_hp_per_floor":[60,59,59,59,51,23,23,3,3,24,24,9,9],"gold":309,"neow_bonus":"BOSS_RELIC","is_daily":false,"chose_seed":false,"campfire_upgraded":1,"win_rate":0.0,"timestamp":1612814178,"path_taken":["M","M","?","?","M","E","R","E","T","R","?","E"],"items_purchased_type":[],"build_version":"2020-12-22","purchased_purges":0,"victory":false,"max_hp_per_floor":[71,71,71,71,71,71,71,71,71,71,71,71,71],"relic_stats":{"counters":[7,30],"Ornamental Fan":[4],"obtain_stats":[{"Potion Belt":6,"Calipers":8,"Ornamental Fan":9,"Cracked Core":0,"Nuclear Battery":0},{"Potion Belt":5,"Calipers":6,"Ornamental Fan":6,"Cracked Core":0,"Nuclear Battery":0},{"Potion Belt":21,"Calipers":27,"Ornamental Fan":27,"Cracked Core":0,"Nuclear Battery":0}]},"card_choices":[{"not_picked":["Streamline","Hologram"],"picked":"Redo","floor":1},{"not_picked":["Streamline","Scrape"],"picked":"Melter","floor":2},{"not_picked":["Aggregate","Melter"],"picked":"Go for the Eyes","floor":4},{"not_picked":["Cold Snap","Rebound"],"picked":"Doom and Gloom","floor":5},{"not_picked":["Stack","Redo"],"picked":"Fission","floor":6},{"not_picked":["Redo","Rebound","Rip and Tear"],"picked":"SKIP","floor":8},{"not_picked":["Mayhem","Purity"],"picked":"Panacea","floor":11}],"player_experience":530481,"relics_obtained":[{"floor":6,"key":"Potion Belt"},{"floor":8,"key":"Calipers"},{"floor":9,"key":"Ornamental Fan"}],"event_choices":[{"damage_healed":0,"gold_gain":100,"player_choice":"Gold","damage_taken":0,"max_hp_gain":0,"max_hp_loss":0,"event_name":"Wheel of Change","floor":3,"gold_loss":0},{"damage_healed":0,"gold_gain":1,"player_choice":"1","damage_taken":0,"max_hp_gain":0,"max_hp_loss":0,"event_name":"betterStone:BetterStone","floor":11,"gold_loss":0}],"is_beta":false,"boss_relics":[],"items_purged_floors":[],"is_endless":false,"potions_floor_spawned":[5,8],"killed_by":"Lagavulin","ascension_level":16}}