{"host":"pletss163z7s8pvv","time":1612766838,"event":{"mods":["AchievementEnabler","BaseMod","Better Altar","Better Match","Better Note","Better Sensory Stone","Better Skull","Better Third Choice","BetterRewards","CapriCore","ChefMod","Colored Map","Colored Powertips","Conspire","Energized Spire","Evolution","GifTheSpireLib","Hermit","Ironclad Rager","Jedi Mod","Marked Mod","Minty Spire (QoL Compilation)","Retaliation","Spicy Shops","StS++","StSLib","The Alterego","The Blue Laboratory","The Cursed","The Disciple","The Forsaken"],"gold_per_floor":[113,7,7,24,35,35,47,0,80,104,104,120,132,143,143,244,244,255,271,5,22,32,43,57,57,105,105,139,139,139,41,41,137,137,156,156,169,222,234,234,250,250,274,6,17,17,44,6,6,6,6],"floor_reached":50,"language":"ENG","playtime":1477,"items_purged":["Pain"],"score":581,"play_id":"793aab18-2d43-4379-8bd3-f916de492364","local_time":"20210208004718","is_ascension_mode":false,"campfire_choices":[{"floor":6,"key":"RECALL"},{"data":"Discovery","floor":11,"key":"SMITH"},{"data":"Backstab","floor":15,"key":"SMITH"},{"floor":25,"key":"REST"},{"data":"jedi:rejectivetoxin","floor":32,"key":"SMITH"},{"floor":40,"key":"REST"},{"floor":46,"key":"REST"},{"floor":49,"key":"REST"}],"circlet_count":0,"master_deck":["Flying Knee","Flying Knee","Flying Knee","Flying Knee","Flying Knee","Backflip","Backflip","Backflip","Backflip","Survivor","Neutralize","Discovery+1","Dagger Spray","Quick Slash","Backstab+1","jedi:unstablefumes","Riddle With Holes","Enlightenment","StSpp:StrikeFirst","Poisoned Stab","Dagger Spray","Adrenaline","jedi:poisonivy","Crippling Poison","Dagger Spray","Caltrops","Finisher","Riddle With Holes","StSpp:PoisonousPunch","Dagger Spray+1","StSpp:PoisonousPunch","jedi:rejectivetoxin+1","Venomology","Cloak And Dagger+1","Endless Agony+1","Quick Slash+1","Parasite","Quick Slash+1","After Image","Noxious Fumes","Blade Dance+1","jedi:poisonivy"],"relics":["Ring of the Snake","Anchor","StSpp:BrokenTotem","Potion Belt","Blood Vial","Ancient Tea Set","Nloth\u0027s Gift","jedi:ghostblades","WristBlade","StSpp:BoiledEgg","Boot","conspire:DecoderRing","Nunchaku"],"acts_visited":["Exordium","TheCity","TheBeyond"],"potions_floor_usage":[16,16,16,21,33,33,38,39,39,44,50,50,50],"damage_taken":[{"damage":0,"enemies":"Cultist","floor":1,"turns":4},{"damage":4,"enemies":"conspire:RoseBush","floor":4,"turns":3},{"damage":0,"enemies":"2 Louse","floor":5,"turns":2},{"damage":0,"enemies":"Blue Slaver","floor":7,"turns":2},{"damage":0,"enemies":"Large Slime","floor":12,"turns":3},{"damage":0,"enemies":"2 Fungi Beasts","floor":13,"turns":2},{"damage":0,"enemies":"3 Louse","floor":14,"turns":2},{"damage":42,"enemies":"Hexaghost","floor":16,"turns":7},{"damage":0,"enemies":"Spheric Guardian","floor":18,"turns":2},{"damage":19,"enemies":"conspire:FuzzyDice","floor":19,"turns":4},{"damage":0,"enemies":"Chosen and Byrds","floor":21,"turns":4},{"damage":0,"enemies":"Snecko","floor":22,"turns":3},{"damage":22,"enemies":"Snake Plant","floor":23,"turns":5},{"damage":12,"enemies":"3 Cultists","floor":24,"turns":4},{"damage":14,"enemies":"Gremlin Leader","floor":28,"turns":5},{"damage":39,"enemies":"conspire:MysteriousRune","floor":33,"turns":6},{"damage":0,"enemies":"Orb Walker","floor":35,"turns":2},{"damage":0,"enemies":"3 Shapes","floor":37,"turns":3},{"damage":23,"enemies":"2 Orb Walkers","floor":38,"turns":4},{"damage":46,"enemies":"Writhing Mass","floor":39,"turns":6},{"damage":22,"enemies":"4 Shapes","floor":41,"turns":5},{"damage":22,"enemies":"Sphere and 2 Shapes","floor":45,"turns":3},{"damage":65,"enemies":"Awakened One","floor":50,"turns":5}],"seed_played":"-7391341679373659703","potions_obtained":[{"floor":1,"key":"SkillPotion"},{"floor":3,"key":"Dexterity Potion"},{"floor":3,"key":"blueLaboratory:HeartbeatPotion"},{"floor":16,"key":"blueLaboratory:FruitPunch"},{"floor":18,"key":"blueLaboratory:AbyssPotion"},{"floor":21,"key":"jedi:StrikingPotion"},{"floor":23,"key":"blueLaboratory:RecallPotion"},{"floor":28,"key":"PowerPotion"},{"floor":33,"key":"ColorlessPotion"},{"floor":35,"key":"blueLaboratory:BubblePotion"},{"floor":38,"key":"FearPotion"},{"floor":39,"key":"blueLaboratory:BottleOfVodka"}],"is_trial":false,"path_per_floor":["M","$","?","M","M","R","M","?","T","T","R","M","M","M","R","B",null,"M","M","$","M","M","M","M","R","T","?","E","?","?","$","R","B",null,"M","?","M","?","M","R","M","?","T","$","M","R","T","$","R","B"],"character_chosen":"THE_SILENT","items_purchased":["Anchor","Quick Slash","Potion Belt","Dagger Spray","Caltrops","jedi:ghostblades","conspire:DecoderRing","Noxious Fumes","jedi:poisonivy"],"campfire_rested":4,"item_purchase_floors":[2,2,20,20,20,31,44,44,48],"current_hp_per_floor":[80,80,80,76,76,76,76,82,82,82,82,82,82,82,82,40,86,86,67,67,69,69,47,35,61,61,61,49,49,49,49,49,12,88,88,88,88,65,21,47,27,27,27,27,7,33,33,33,59,0,0],"gold":6,"neow_bonus":"RANDOM_COLORLESS","is_daily":false,"chose_seed":false,"campfire_upgraded":3,"win_rate":0.0,"timestamp":1612766838,"path_taken":["M","$","?","M","?","R","M","?","T","?","R","M","M","M","R","BOSS","M","M","$","M","M","M","M","R","T","?","E","?","?","$","R","BOSS","M","?","M","?","?","R","M","?","T","$","?","R","?","?","R","BOSS"],"items_purchased_type":["Relic","Card","Relic","Card","Card","Relic","Relic","Card","Card"],"build_version":"2020-12-22","purchased_purges":1,"victory":false,"max_hp_per_floor":[80,80,80,80,80,80,80,86,86,86,86,86,86,86,86,86,86,86,86,86,88,88,88,88,88,88,88,88,88,88,88,88,88,88,88,88,88,88,88,88,88,88,88,88,88,88,88,88,88,88,88],"card_choices":[{"not_picked":["Jack Of All Trades","Enlightenment"],"picked":"Discovery","floor":0},{"not_picked":["Predator","Distraction"],"picked":"Dagger Spray","floor":1},{"not_picked":["Tactician","Concentrate"],"picked":"Backstab","floor":4},{"not_picked":["Acrobatics","StSpp:Dive"],"picked":"jedi:unstablefumes","floor":5},{"not_picked":["Infinite Blades","Prepared"],"picked":"Riddle With Holes","floor":7},{"not_picked":["Endless Agony","StSpp:Lure"],"picked":"StSpp:StrikeFirst","floor":12},{"not_picked":["jedi:acidrain","Choke"],"picked":"Poisoned Stab","floor":13},{"not_picked":["jedi:pocketpoison","StSpp:TimeParadox"],"picked":"Dagger Spray","floor":14},{"not_picked":["StSpp:SwitchWeapon","Doppelganger"],"picked":"Adrenaline","floor":16},{"not_picked":["Underhanded Strike+1","StSpp:CorrosivePoison"],"picked":"jedi:poisonivy","floor":18},{"not_picked":["Escape Plan","StSpp:CorrosivePoison"],"picked":"Crippling Poison","floor":19},{"not_picked":["Deadly Poison","Bane"],"picked":"Finisher","floor":21},{"not_picked":["Dodge and Roll+1","PiercingWail"],"picked":"Riddle With Holes","floor":22},{"not_picked":["Distraction","Expertise+1"],"picked":"StSpp:PoisonousPunch","floor":23},{"not_picked":["Infinite Blades","StSpp:Dive+1"],"picked":"Dagger Spray+1","floor":24},{"not_picked":["Caltrops","Endless Agony"],"picked":"StSpp:PoisonousPunch","floor":28},{"not_picked":["Malaise","jedi:brewingpoison"],"picked":"Venomology","floor":33},{"not_picked":["StSpp:CorrosivePoison","Concentrate+1"],"picked":"Cloak And Dagger+1","floor":35},{"not_picked":["Bane","Cloak And Dagger+1"],"picked":"Endless Agony+1","floor":37},{"not_picked":["Outmaneuver","StSpp:Throw"],"picked":"Quick Slash+1","floor":38},{"not_picked":["Slice","Acrobatics"],"picked":"Quick Slash+1","floor":39},{"not_picked":["Blur+1","Footwork+1"],"picked":"After Image","floor":41},{"not_picked":["Dagger Spray+1","Leg Sweep"],"picked":"Blade Dance+1","floor":45}],"player_experience":509405,"relics_obtained":[{"floor":10,"key":"StSpp:BrokenTotem"},{"floor":26,"key":"Blood Vial"},{"floor":28,"key":"Ancient Tea Set"},{"floor":38,"key":"StSpp:BoiledEgg"},{"floor":43,"key":"Boot"},{"floor":47,"key":"Nunchaku"}],"event_choices":[{"damage_healed":0,"gold_gain":0,"player_choice":"Got Potions","damage_taken":0,"max_hp_gain":0,"max_hp_loss":0,"event_name":"Lab","floor":3,"gold_loss":0},{"damage_healed":0,"gold_gain":0,"player_choice":"RENOUNCE","damage_taken":47,"max_hp_gain":0,"max_hp_loss":0,"event_name":"betterThird:BetterSerpent","floor":8,"gold_loss":47,"cards_obtained":["Enlightenment"]},{"cards_removed":["Backflip"],"damage_healed":0,"gold_gain":0,"player_choice":"Purged","damage_taken":0,"max_hp_gain":0,"max_hp_loss":0,"event_name":"Purifier","floor":27,"gold_loss":0},{"cards_removed":["Backstab"],"damage_healed":0,"gold_gain":0,"player_choice":"Take \u0026 Give","damage_taken":0,"max_hp_gain":0,"max_hp_loss":0,"event_name":"betterNote:BetterNote","floor":29,"gold_loss":0,"cards_obtained":["jedi:rejectivetoxin"]},{"damage_healed":0,"gold_gain":0,"player_choice":"Traded Relic","damage_taken":0,"relics_obtained":["Nloth\u0027s Gift"],"max_hp_gain":0,"max_hp_loss":0,"event_name":"N\u0027loth","floor":30,"relics_lost":["EVO:Axolotl"],"gold_loss":0},{"damage_healed":0,"gold_gain":0,"player_choice":"Fight","damage_taken":0,"max_hp_gain":0,"max_hp_loss":0,"event_name":"Mysterious Sphere","floor":38,"gold_loss":0},{"damage_healed":0,"gold_gain":0,"player_choice":"Bought 0 Potions","damage_taken":0,"max_hp_gain":0,"max_hp_loss":0,"event_name":"The Woman in Blue","floor":42,"gold_loss":0}],"is_beta":false,"boss_relics":[{"not_picked":["StSpp:PileOfSugar","jedi:paperlyon","jedi:battlestandard"]},{"not_picked":["StSpp:CrystalBall","Busted Crown"],"picked":"WristBlade"}],"items_purged_floors":[44],"is_endless":false,"potions_floor_spawned":[1,4,7,16,18,21,23,28,33,35,38,39],"killed_by":"Awakened One","ascension_level":0}}