{"host":"uhnh33uh34qot0et","time":1612749631,"event":{"mods":["BaseMod","Colored Map","Downfall","Hermit","Marisa????????","Minty Spire (QoL Compilation)","StSLib","The Bug Knight","The Cursed","The Servant 0.9.4"],"gold_per_floor":[362,362,381,391,249,249,264,284,284,294,294,294],"floor_reached":11,"language":"ENG","playtime":238,"items_purged":[],"score":92,"play_id":"e8c705cd-ca8e-4e6f-9360-b193dcbfed7a","local_time":"20210208030031","is_ascension_mode":false,"campfire_choices":[{"data":"Sweeping Beam","floor":6,"key":"SMITH"}],"circlet_count":0,"master_deck":["Strike_B","Strike_B","Strike_B","Strike_B","Defend_B","Defend_B","Defend_B","Defend_B","Zap","Dualcast","Sweeping Beam+1","Streamline","Gash","Gash","FTL","Hologram","Gash","Gash","BootSequence"],"relics":["Cracked Core","Slimebound:PreparedRelic"],"acts_visited":["Exordium"],"potions_floor_usage":[10,10,11],"damage_taken":[{"damage":4,"enemies":"Jaw Worm","floor":1,"turns":4},{"damage":1,"enemies":"Cultist","floor":3,"turns":3},{"damage":0,"enemies":"Small Slimes","floor":4,"turns":2},{"damage":25,"enemies":"Gremlin Gang","floor":7,"turns":5},{"damage":2,"enemies":"Blue Slaver","floor":8,"turns":3},{"damage":0,"enemies":"2 Fungi Beasts","floor":10,"turns":2},{"damage":23,"enemies":"Lagavulin","floor":11,"turns":3}],"seed_played":"-4459332684245026208","potions_obtained":[{"floor":1,"key":"Energy Potion"},{"floor":3,"key":"SpeedPotion"},{"floor":7,"key":"BlessingOfTheForge"}],"is_trial":false,"path_per_floor":["M","?","M","M","$","R","M","M","T","M","E"],"character_chosen":"DEFECT","items_purchased":["Gash","FTL","Hologram"],"campfire_rested":0,"item_purchase_floors":[5,5,5],"current_hp_per_floor":[50,43,42,42,42,42,17,15,15,15,0,0],"gold":294,"neow_bonus":"TWO_FIFTY_GOLD","is_daily":false,"chose_seed":false,"campfire_upgraded":1,"win_rate":0.0,"timestamp":1612749631,"path_taken":["M","?","M","M","$","R","M","M","T","M","E"],"items_purchased_type":["Card","Card","Card"],"build_version":"2020-12-22","purchased_purges":0,"victory":false,"max_hp_per_floor":[75,75,75,75,75,75,75,75,75,75,75,75],"card_choices":[{"not_picked":["Undo","Chaos"],"picked":"Sweeping Beam","floor":1},{"not_picked":["Darkness","Cold Snap"],"picked":"Streamline","floor":3},{"not_picked":["Cold Snap","Storm"],"picked":"Gash","floor":4},{"not_picked":["Chill","Sunder"],"picked":"Gash","floor":7},{"not_picked":["Reinforced Body","Rebound"],"picked":"Gash","floor":8},{"not_picked":["Stack","Blizzard"],"picked":"BootSequence","floor":10}],"player_experience":25855,"relics_obtained":[{"floor":9,"key":"Slimebound:PreparedRelic"}],"event_choices":[{"damage_healed":0,"gold_gain":0,"player_choice":"Damaged","damage_taken":7,"max_hp_gain":0,"max_hp_loss":0,"event_name":"Wheel of Change","floor":2,"gold_loss":0}],"is_beta":false,"boss_relics":[],"items_purged_floors":[],"is_endless":false,"potions_floor_spawned":[1,3,7],"killed_by":"Lagavulin","ascension_level":0}}