{"host":"vl29iwkwnyytuw8q","time":1612798217,"event":{"mods":["BaseMod","Minty Spire (QoL Compilation)","Permanent Neow","Relic Stats","StSLib"],"gold_per_floor":[111,122,142,156,10,43,43,72,117,131,131,157,157,168,168,270,270,281,35,49,49,1,34,34,47,96,138,167,179,179],"floor_reached":29,"language":"ENG","playtime":1035,"items_purged":["Strike_P","Strike_P"],"score":341,"play_id":"7c45d95d-358f-485b-b747-3f1ed3c572a6","local_time":"20210208163017","is_ascension_mode":true,"campfire_choices":[{"data":"Judgement","floor":7.0,"key":"SMITH"},{"data":"Eruption","floor":11.0,"key":"SMITH"},{"data":"Fasting2","floor":13.0,"key":"SMITH"},{"floor":15.0,"key":"REST"},{"floor":24.0,"key":"REST"}],"circlet_count":0,"master_deck":["Strike_P","Strike_P","Defend_P","Defend_P","Defend_P","Defend_P","Eruption+1","Vigilance+1","Judgement+1","BattleHymn","JustLucky","Tantrum","Wireheading","Fasting2+1","EmptyBody","CarveReality","Ragnarok","DeceiveReality+1","FollowUp","DevaForm","CutThroughFate","ClearTheMind+1","Vengeance","EmptyFist","FlurryOfBlows","ThirdEye+1","CutThroughFate+1","Halt+1"],"relics":["PureWater","Blue Candle","InkBottle","Strawberry","MealTicket","VioletLotus","War Paint","Boot","MawBank","Mercury Hourglass"],"acts_visited":["Exordium","TheCity"],"potions_floor_usage":[29,29,29],"damage_taken":[{"damage":0.0,"enemies":"Cultist","floor":1.0,"turns":2.0},{"damage":0.0,"enemies":"2 Louse","floor":2.0,"turns":2.0},{"damage":2.0,"enemies":"Jaw Worm","floor":3.0,"turns":3.0},{"damage":0.0,"enemies":"Exordium Wildlife","floor":4.0,"turns":1.0},{"damage":32.0,"enemies":"Gremlin Nob","floor":6.0,"turns":3.0},{"damage":11.0,"enemies":"3 Sentries","floor":8.0,"turns":4.0},{"damage":0.0,"enemies":"Blue Slaver","floor":10.0,"turns":2.0},{"damage":0.0,"enemies":"Lagavulin","floor":12.0,"turns":3.0},{"damage":3.0,"enemies":"Exordium Thugs","floor":14.0,"turns":2.0},{"damage":15.0,"enemies":"Slime Boss","floor":16.0,"turns":8.0},{"damage":3.0,"enemies":"Shell Parasite","floor":18.0,"turns":4.0},{"damage":0.0,"enemies":"Chosen","floor":20.0,"turns":4.0},{"damage":33.0,"enemies":"Book of Stabbing","floor":23.0,"turns":4.0},{"damage":10.0,"enemies":"Snecko","floor":25.0,"turns":4.0},{"damage":40.0,"enemies":"Gremlin Leader","floor":27.0,"turns":7.0},{"damage":0.0,"enemies":"Chosen and Byrds","floor":28.0,"turns":3.0},{"damage":25,"enemies":"Slavers","floor":29,"turns":4}],"seed_played":"-171263697690895639","potions_obtained":[{"floor":3.0,"key":"AttackPotion"},{"floor":4.0,"key":"Strength Potion"},{"floor":8.0,"key":"Energy Potion"},{"floor":12.0,"key":"Regen Potion"},{"floor":18.0,"key":"ColorlessPotion"},{"floor":25.0,"key":"AttackPotion"},{"floor":27.0,"key":"Block Potion"}],"is_trial":false,"path_per_floor":["M","M","M","M","$","E","R","E","T","M","R","E","R","M","R","B",null,"M","$","M","?","$","E","R","M","T","E","M","E"],"character_chosen":"WATCHER","items_purchased":["Fasting2","War Paint","EmptyFist"],"campfire_rested":2,"item_purchase_floors":[5,19,22],"current_hp_per_floor":[65,65,63,63,63,31,31,20,27,27,27,27,27,24,45,30,72,69,72,72,72,72,39,60,50,50,25,25,0,0],"gold":179,"neow_bonus":"THREE_RARE_CARDS","is_daily":false,"chose_seed":false,"campfire_upgraded":3,"win_rate":0.0,"timestamp":1612798217,"path_taken":["M","M","M","M","?","E","R","E","T","M","R","E","R","M","R","BOSS","M","?","M","?","$","E","R","M","T","E","M","E"],"items_purchased_type":["Card","Relic","Card"],"build_version":"2020-12-22","purchased_purges":2,"victory":false,"max_hp_per_floor":[65,65,65,65,65,65,65,65,72,72,72,72,72,72,72,72,72,72,72,72,72,72,72,72,72,72,72,72,72,72],"relic_stats":{"counters":[17,60],"Blue Candle":[0],"MealTicket":3,"VioletLotus":[6],"War Paint":["Vigilance","DeceiveReality"],"Boot":[14],"MawBank":36,"obtain_stats":[{"Blue Candle":6,"Strawberry":9,"MealTicket":12,"VioletLotus":17,"PureWater":0,"War Paint":19,"Boot":23,"MawBank":26,"InkBottle":8,"Mercury Hourglass":27},{"Blue Candle":5,"Strawberry":6,"MealTicket":8,"VioletLotus":10,"PureWater":0,"War Paint":11,"Boot":13,"MawBank":14,"InkBottle":6,"Mercury Hourglass":15},{"Blue Candle":11,"Strawberry":15,"MealTicket":20,"VioletLotus":30,"PureWater":0,"War Paint":34,"Boot":42,"MawBank":46,"InkBottle":15,"Mercury Hourglass":53}],"InkBottle":[13],"Mercury Hourglass":[49]},"card_choices":[{"not_picked":["Omniscience","Establishment"],"picked":"Judgement","floor":0.0},{"not_picked":["CrushJoints","MentalFortress"],"picked":"BattleHymn","floor":1.0},{"not_picked":["ReachHeaven","Sanctity"],"picked":"JustLucky","floor":2.0},{"not_picked":["SignatureMove","ClearTheMind"],"picked":"Tantrum","floor":3.0},{"not_picked":["CrushJoints","ThirdEye"],"picked":"Wireheading","floor":4.0},{"not_picked":["Crescendo","CarveReality"],"picked":"EmptyBody","floor":6.0},{"not_picked":["ReachHeaven","Tantrum"],"picked":"CarveReality","floor":8.0},{"not_picked":["SandsOfTime","InnerPeace"],"picked":"Ragnarok","floor":10.0},{"not_picked":["SashWhip","CutThroughFate"],"picked":"DeceiveReality","floor":12.0},{"not_picked":["BattleHymn","Prostrate"],"picked":"FollowUp","floor":14.0},{"not_picked":["Omniscience","Wish"],"picked":"DevaForm","floor":16.0},{"not_picked":["FollowUp+1","SashWhip+1"],"picked":"CutThroughFate","floor":18.0},{"not_picked":["EmptyFist","EmptyBody"],"picked":"ClearTheMind+1","floor":20.0},{"not_picked":["SignatureMove","Conclude"],"picked":"FlurryOfBlows","floor":23.0},{"not_picked":["Prostrate+1","WheelKick"],"picked":"ThirdEye+1","floor":25.0},{"not_picked":["MentalFortress","Tantrum"],"picked":"CutThroughFate+1","floor":27.0},{"not_picked":["JustLucky","CarveReality"],"picked":"Halt+1","floor":28.0}],"player_experience":668974,"relics_obtained":[{"floor":6.0,"key":"Blue Candle"},{"floor":8.0,"key":"InkBottle"},{"floor":9.0,"key":"Strawberry"},{"floor":12.0,"key":"MealTicket"},{"floor":23.0,"key":"Boot"},{"floor":26.0,"key":"MawBank"},{"floor":27.0,"key":"Mercury Hourglass"}],"event_choices":[{"damage_healed":0.0,"max_hp_gain":0.0,"max_hp_loss":0.0,"gold_gain":0.0,"event_name":"The Library","player_choice":"Read","floor":21.0,"gold_loss":0.0,"damage_taken":0.0,"cards_obtained":["Vengeance"]}],"is_beta":false,"boss_relics":[{"not_picked":["Astrolabe","Ectoplasm"],"picked":"VioletLotus"}],"items_purged_floors":[5,19],"is_endless":false,"potions_floor_spawned":[3,4,8,12,18,25,27],"killed_by":"Slavers","ascension_level":2}}