{"host":"v3oldak69fx1zt0p","time":1612765789,"event":{"mods":["BaseMod","Downfall","Hermit","Minty Spire (QoL Compilation)","Quick Restart","StSLib","The Cursed","Waifu the Spire","noobMod"],"gold_per_floor":[110,210,226,139,153,181,181,191,214,214,249,249,267,300,300,401,401,418,44,44,40,50,50,84,102,102,377,397,397,496,510,510,610,610,625,14,0,0,11,11,29,58,112,132,148,167,195,213,213,213,213,213,126,159,159],"floor_reached":56,"language":"ENG","playtime":2743,"items_purged":[],"score":1347,"play_id":"f5bf1180-f864-43b2-bcd3-6bc90776a5a6","local_time":"20210208002949","is_ascension_mode":true,"campfire_choices":[{"data":"TheCursedMod:Hemoplague","floor":7,"key":"SMITH"},{"floor":15,"key":"REST"},{"floor":23,"key":"REST"},{"floor":29,"key":"REST"},{"floor":32,"key":"REST"},{"data":"TheCursedMod:NeowsMight","floor":40,"key":"SMITH"},{"floor":49,"key":"RECALL"},{"data":"TheCursedMod:Torture","floor":52,"key":"SMITH"}],"circlet_count":0,"master_deck":["TheCursedMod:Strike_TheCursed+1","TheCursedMod:Strike_TheCursed","TheCursedMod:Defend_TheCursed","TheCursedMod:Defend_TheCursed","TheCursedMod:Defend_TheCursed","TheCursedMod:Defend_TheCursed","TheCursedMod:CursedWand","TheCursedMod:CleanUpWorkshop","TheCursedMod:Dregs","TheCursedMod:Stigma+1","TheCursedMod:Hemoplague+1","TheCursedMod:StingEye","TheCursedMod:StingEye","TheCursedMod:CircleOfAmplification","TheCursedMod:NeowsMight+1","Regret","TheCursedMod:SaltUponWound","TheCursedMod:CircleOfFocus","TheCursedMod:VoidForm","TheCursedMod:CursedShiv","TheCursedMod:UltimatePain","TheCursedMod:Torture+1","TheCursedMod:Evocation","TheCursedMod:ReleasedStrength+1","TheCursedMod:Stigma+1","Regret","TheCursedMod:Torture+1","TheCursedMod:CircleOfCorruption","TheCursedMod:DarkBarrier","TheCursedMod:ReleasedStrength+1","TheCursedMod:StingEye","TheCursedMod:SaltUponWound+1","TheCursedMod:CircleOfCorruption+1","TheCursedMod:SurpriseAttack+1","TheCursedMod:Hemoplague+1","TheCursedMod:Stigma","TheCursedMod:Mangle+1","Mind Blast","TheCursedMod:VitalStrike+1"],"relics":["TheCursedMod:BlackMagic101","ice","Smiling Mask","Bronze Scales","Art of War","Regal Pillow","WingedGreaves","Empty Cage","ClockworkSouvenir","Whetstone","Black Star","Pear","Mummified Hand","Red Mask","Letter Opener","Blue Candle","Bag of Marbles","Centennial Puzzle","Juzu Bracelet","Vajra","Boot"],"acts_visited":["Exordium","TheCity","TheBeyond","TheEnding"],"potions_floor_usage":[6,6,6,16,18,22,25,33,33,41,44,44,46,47,48,50],"damage_taken":[{"damage":1,"enemies":"2 Louse","floor":1,"turns":3},{"damage":1,"enemies":"Cultist","floor":3,"turns":3},{"damage":0,"enemies":"Small Slimes","floor":5,"turns":3},{"damage":12,"enemies":"Lagavulin","floor":6,"turns":6},{"damage":8,"enemies":"3 Louse","floor":8,"turns":4},{"damage":33,"enemies":"Gremlin Nob","floor":11,"turns":5},{"damage":5,"enemies":"Lots of Slimes","floor":13,"turns":4},{"damage":21,"enemies":"3 Sentries","floor":14,"turns":6},{"damage":16,"enemies":"The Guardian","floor":16,"turns":6},{"damage":4,"enemies":"Shell Parasite","floor":18,"turns":4},{"damage":27,"enemies":"2 Thieves","floor":21,"turns":4},{"damage":3,"enemies":"Snake Plant","floor":22,"turns":3},{"damage":68,"enemies":"Gremlin Leader","floor":24,"turns":6},{"damage":20,"enemies":"Cultist and Chosen","floor":25,"turns":4},{"damage":13,"enemies":"Centurion and Healer","floor":28,"turns":4},{"damage":1,"enemies":"Snecko","floor":31,"turns":3},{"damage":107,"enemies":"Automaton","floor":33,"turns":8},{"damage":17,"enemies":"Orb Walker","floor":35,"turns":4},{"damage":43,"enemies":"3 Darklings","floor":39,"turns":5},{"damage":15,"enemies":"Spire Growth","floor":41,"turns":4},{"damage":13,"enemies":"Giant Head","floor":42,"turns":7},{"damage":11,"enemies":"Maw","floor":44,"turns":5},{"damage":7,"enemies":"Transient","floor":45,"turns":5},{"damage":26,"enemies":"Jaw Worm Horde","floor":46,"turns":3},{"damage":19,"enemies":"Nemesis","floor":47,"turns":5},{"damage":0,"enemies":"Maw","floor":48,"turns":4},{"damage":19,"enemies":"Awakened One","floor":50,"turns":6},{"damage":28,"enemies":"Shield and Spear","floor":54,"turns":2},{"damage":32,"enemies":"The Heart","floor":55,"turns":3}],"seed_played":"1988420319558608622","potions_obtained":[{"floor":3,"key":"DuplicationPotion"},{"floor":5,"key":"Weak Potion"},{"floor":13,"key":"Ancient Potion"},{"floor":14,"key":"CultistPotion"},{"floor":24,"key":"DuplicationPotion"},{"floor":28,"key":"GamblersBrew"},{"floor":31,"key":"Weak Potion"},{"floor":41,"key":"Regen Potion"},{"floor":42,"key":"DistilledChaos"},{"floor":44,"key":"Strength Potion"},{"floor":45,"key":"champ:CounterPotion"},{"floor":47,"key":"FearPotion"},{"floor":48,"key":"LiquidMemories"}],"is_trial":false,"path_per_floor":["M","?","M","$","M","E","R","M","T","?","E","?","M","E","R","B",null,"M","$","?","M","M","R","E","M","T","?","M","R","?","M","R","B",null,"M","$","?","?","M","R","M","E","T","M","M","M","E","M","R","B",null,"R","$","E","B",null],"character_chosen":"THE_CURSED","items_purchased":["TheCursedMod:StingEye","PowerPotion","ClockworkSouvenir","TheCursedMod:UltimatePain","DuplicationPotion","TheCursedMod:StingEye","Pear","Mummified Hand","ColorlessPotion","Mind Blast"],"campfire_rested":4,"item_purchase_floors":[4,4,19,19,19,36,36,36,36,53],"current_hp_per_floor":[81,81,80,80,80,68,68,60,60,60,27,27,22,82,83,67,93,89,89,94,67,64,105,37,17,17,17,4,58,58,57,111,137,141,124,134,134,134,91,91,76,63,63,64,57,31,183,186,186,199,202,202,202,191,230],"gold":159,"neow_bonus":"TEN_PERCENT_HP_BONUS","is_daily":false,"chose_seed":false,"campfire_upgraded":3,"win_rate":0.0,"timestamp":1612765789,"path_taken":["M","?","?","$","M","E","R","M","T","?","E","?","M","E","R","BOSS","M","$","?","M","?","R","E","M","T","?","?","R","?","M","R","BOSS","M","$","?","?","M","R","M","E","T","M","?","M","E","M","R","BOSS","R","$","E","BOSS"],"items_purchased_type":["Card","Potion","Relic","Card","Potion","Card","Relic","Relic","Potion","Card"],"build_version":"2020-12-22","purchased_purges":0,"victory":true,"max_hp_per_floor":[82,82,82,82,82,82,82,82,82,82,82,82,82,83,83,93,93,98,98,98,102,105,105,119,124,124,124,130,130,130,132,132,141,141,144,154,154,154,165,165,167,170,170,173,178,180,183,186,186,202,202,202,202,205,343],"card_choices":[{"not_picked":["TheCursedMod:TacticalStrike","TheCursedMod:CircleOfFlame"],"picked":"TheCursedMod:Stigma","floor":1},{"not_picked":["TheCursedMod:SpreadPlague","TheCursedMod:VitalStrike"],"picked":"TheCursedMod:Hemoplague","floor":3},{"not_picked":["TheCursedMod:CursedMace","TheCursedMod:SmokeScreen"],"picked":"TheCursedMod:StingEye","floor":5},{"not_picked":["TheCursedMod:CursedBlade","TheCursedMod:CursedShiv"],"picked":"TheCursedMod:CircleOfAmplification","floor":6},{"not_picked":["TheCursedMod:TroublousMinions","TheCursedMod:RavingStaff"],"picked":"TheCursedMod:NeowsMight","floor":8},{"not_picked":["TheCursedMod:BloodBarrier","TheCursedMod:AbyssShockwave"],"picked":"TheCursedMod:Stretching","floor":11},{"not_picked":["TheCursedMod:CircleOfFlame","TheCursedMod:WearCloak"],"picked":"TheCursedMod:SaltUponWound","floor":13},{"not_picked":["TheCursedMod:Stretching","TheCursedMod:FleshFromBone"],"picked":"TheCursedMod:CircleOfFocus","floor":14},{"not_picked":["TheCursedMod:AntiAging","TheCursedMod:Neurasthenia"],"picked":"TheCursedMod:VoidForm","floor":16},{"not_picked":["TheCursedMod:WearCloak","TheCursedMod:FleshFromBone"],"picked":"TheCursedMod:CursedShiv","floor":18},{"not_picked":["TheCursedMod:Wield","TheCursedMod:CursedArmor+1"],"picked":"TheCursedMod:Torture","floor":21},{"not_picked":["TheCursedMod:TacticalStrike","TheCursedMod:AbyssShockwave"],"picked":"TheCursedMod:Evocation","floor":22},{"not_picked":["TheCursedMod:CircleOfFocus","TheCursedMod:CursedAmulet+1"],"picked":"TheCursedMod:ReleasedStrength+1","floor":24},{"not_picked":["TheCursedMod:CursedBlade","TheCursedMod:TacticalStrike+1"],"picked":"TheCursedMod:Stigma+1","floor":25},{"not_picked":["TheCursedMod:ShockAndAwe","TheCursedMod:EmpowerCircles"],"picked":"TheCursedMod:Torture+1","floor":28},{"not_picked":["TheCursedMod:RavingStaff","TheCursedMod:WearCloak"],"picked":"TheCursedMod:CircleOfCorruption","floor":31},{"not_picked":["TheCursedMod:ForbiddenAlchemy","TheCursedMod:Neurasthenia"],"picked":"TheCursedMod:DarkBarrier","floor":33},{"not_picked":["TheCursedMod:Wield+1","TheCursedMod:ManaBullet+1"],"picked":"TheCursedMod:ReleasedStrength+1","floor":35},{"not_picked":["TheCursedMod:RapidMovement+1","TheCursedMod:CircleOfFlame","TheCursedMod:SpitefulPlan+1"],"picked":"SKIP","floor":39},{"not_picked":["TheCursedMod:CursedSpellbook","TheCursedMod:BlessingInDisguise"],"picked":"TheCursedMod:SaltUponWound+1","floor":41},{"not_picked":["TheCursedMod:ReleasedKnowledge","TheCursedMod:SoulCrush+1"],"picked":"TheCursedMod:CircleOfCorruption+1","floor":42},{"not_picked":["TheCursedMod:SmokeScreen+1","TheCursedMod:Obscuration+1"],"picked":"TheCursedMod:SurpriseAttack+1","floor":44},{"not_picked":["TheCursedMod:CursedShiv+1","TheCursedMod:CursedMace","TheCursedMod:CursedStaff"],"picked":"SKIP","floor":45},{"not_picked":["TheCursedMod:CircleOfCorruption+1","TheCursedMod:CircleOfFlame+1"],"picked":"TheCursedMod:Hemoplague+1","floor":46},{"not_picked":["TheCursedMod:HellfireBreathing+1","TheCursedMod:Stretching+1"],"picked":"TheCursedMod:Stigma","floor":47},{"not_picked":["TheCursedMod:CursedBoomerang+1","TheCursedMod:CursedShiv+1"],"picked":"TheCursedMod:Mangle+1","floor":48},{"not_picked":["TheCursedMod:CircleOfFocus+1","TheCursedMod:SmokeScreen+1"],"picked":"TheCursedMod:VitalStrike+1","floor":54}],"player_experience":184666,"relics_obtained":[{"floor":6,"key":"Smiling Mask"},{"floor":9,"key":"Bronze Scales"},{"floor":11,"key":"Regal Pillow"},{"floor":14,"key":"WingedGreaves"},{"floor":24,"key":"Whetstone"},{"floor":42,"key":"Letter Opener"},{"floor":42,"key":"Blue Candle"},{"floor":43,"key":"Bag of Marbles"},{"floor":47,"key":"Centennial Puzzle"},{"floor":47,"key":"Juzu Bracelet"},{"floor":54,"key":"Vajra"},{"floor":54,"key":"Boot"}],"event_choices":[{"damage_healed":0,"gold_gain":100,"player_choice":"Gold","damage_taken":0,"max_hp_gain":0,"max_hp_loss":0,"event_name":"Wheel of Change","floor":2,"gold_loss":0},{"damage_healed":0,"gold_gain":0,"player_choice":"Box","damage_taken":0,"relics_obtained":["Art of War"],"max_hp_gain":0,"max_hp_loss":0,"event_name":"Big Fish","floor":10,"gold_loss":0,"cards_obtained":["Regret"]},{"damage_healed":0,"gold_gain":0,"player_choice":"Ignored","damage_taken":0,"max_hp_gain":0,"max_hp_loss":0,"event_name":"Golden Wing","floor":12,"gold_loss":0},{"cards_removed":["TheCursedMod:Stretching"],"damage_healed":5,"gold_gain":0,"player_choice":"Offered Common","damage_taken":0,"max_hp_gain":0,"max_hp_loss":0,"event_name":"Bonfire Elementals","floor":20,"gold_loss":0},{"cards_removed":["TheCursedMod:Stretching"],"damage_healed":5,"gold_gain":0,"player_choice":"Offered Special","damage_taken":0,"max_hp_gain":0,"max_hp_loss":0,"event_name":"Bonfire Elementals","floor":20,"gold_loss":0},{"damage_healed":0,"gold_gain":275,"player_choice":"Desecrate","damage_taken":0,"max_hp_gain":0,"max_hp_loss":0,"event_name":"Golden Shrine","floor":27,"gold_loss":0,"cards_obtained":["Regret"]},{"damage_healed":0,"gold_gain":99,"player_choice":"Stole From Cult","damage_taken":0,"max_hp_gain":0,"max_hp_loss":0,"event_name":"Nest","floor":30,"gold_loss":0},{"damage_healed":0,"gold_gain":0,"player_choice":"Paid","damage_taken":0,"relics_obtained":["Red Mask"],"max_hp_gain":0,"max_hp_loss":0,"event_name":"Tomb of Lord Red Mask","floor":37,"gold_loss":14},{"damage_healed":0,"gold_gain":0,"player_choice":"Ignored","damage_taken":0,"max_hp_gain":0,"max_hp_loss":0,"event_name":"Fountain of Cleansing","floor":38,"gold_loss":0}],"is_beta":false,"boss_relics":[{"not_picked":["SacredBark","Tiny House"],"picked":"Empty Cage"},{"not_picked":["Busted Crown","Runic Pyramid"],"picked":"Black Star"}],"items_purged_floors":[],"is_endless":false,"potions_floor_spawned":[3,5,13,14,24,28,31,41,42,44,45,47,48],"ascension_level":1}}