{"host":"wshey5htrz8rni6u","time":1612756099,"event":{"mods":["2.2 Compatiblity","BaseMod","Best Route Mod","Block Reminder","Colored Map","Colored Powertips","Current Relic Mod","Curses Come First","Dark Map","Key Reminder","Minty Spire (QoL Compilation)","Potion Indicator Mod","Quick Restart","Random Character Button","Relic Sorter","Relic Stats","StSLib","SuperFastMode","Unceasing Turn Reminder"],"gold_per_floor":[111,111,61,61,136,167,182,34,82,82,97,97,27,46,46,146,146,156,81,81,97,97,97],"floor_reached":22,"language":"ENG","playtime":3734,"items_purged":["Strike_G"],"score":182,"play_id":"a58e8154-c217-4a22-83e0-cd452858c51d","local_time":"20210207194819","is_ascension_mode":false,"campfire_choices":[{"floor":10,"key":"REST"},{"data":"Neutralize","floor":12,"key":"SMITH"},{"data":"Calculated Gamble","floor":15,"key":"SMITH"}],"circlet_count":0,"master_deck":["Defend_G","Defend_G","Defend_G","Defend_G","Survivor","Neutralize+1","Calculated Gamble+1","Riddle With Holes","Footwork","Backflip","Dagger Throw","Skewer","Die Die Die","Blade Dance","Dagger Throw","Tactician","Tools of the Trade","Quick Slash+1","Shame","Eviscerate"],"relics":["Ring of the Serpent","Lizard Tail","Peace Pipe","Regal Pillow","Kunai"],"acts_visited":["Exordium","TheCity"],"potions_floor_usage":[22],"damage_taken":[{"damage":3,"enemies":"Jaw Worm","floor":1,"turns":7},{"damage":43,"enemies":"3 Sentries","floor":6,"turns":18},{"damage":0,"enemies":"2 Louse","floor":7,"turns":3},{"damage":0,"enemies":"Small Slimes","floor":11,"turns":3},{"damage":2,"enemies":"Looter","floor":14,"turns":2},{"damage":17,"enemies":"Slime Boss","floor":16,"turns":12},{"damage":5,"enemies":"3 Byrds","floor":18,"turns":5},{"damage":5,"enemies":"Shell Parasite","floor":21,"turns":6},{"damage":0,"enemies":"Masked Bandits","floor":22,"turns":2}],"seed_played":"6369565194346261603","potions_obtained":[{"floor":6,"key":"PowerPotion"},{"floor":7,"key":"Ancient Potion"},{"floor":18,"key":"SkillPotion"}],"is_trial":false,"path_per_floor":["M","?","?","?","?","E","M","$","T","R","M","R","$","M","R","B",null,"M","?","?","M","?"],"character_chosen":"THE_SILENT","items_purchased":["Skewer","Blade Dance","Dagger Throw"],"campfire_rested":1,"item_purchase_floors":[8,13,13],"current_hp_per_floor":[60,53,53,46,35,27,27,27,27,60,60,60,60,58,58,41,63,58,58,58,53,53,53],"gold":97,"neow_bonus":"TRANSFORM_TWO_CARDS","is_daily":false,"chose_seed":false,"campfire_upgraded":2,"win_rate":0.0,"timestamp":1612756099,"path_taken":["M","?","?","?","?","E","M","$","T","R","M","R","?","M","R","BOSS","M","?","?","M","?"],"items_purchased_type":["Card","Card","Card"],"build_version":"2020-12-13","purchased_purges":1,"victory":false,"max_hp_per_floor":[63,63,63,63,63,63,63,63,63,63,63,63,63,63,63,63,63,63,63,63,63,63,63],"relic_stats":{"Peace Pipe":0,"Lizard Tail":31,"Regal Pillow":15,"counters":[9,58],"Kunai":[4],"obtain_stats":[{"Peace Pipe":6,"Lizard Tail":2,"Regal Pillow":9,"Kunai":20,"Ring of the Serpent":17,"Ring of the Snake":0},{"Peace Pipe":2,"Lizard Tail":1,"Regal Pillow":3,"Kunai":7,"Ring of the Serpent":6,"Ring of the Snake":0},{"Peace Pipe":25,"Lizard Tail":7,"Regal Pillow":28,"Kunai":50,"Ring of the Serpent":45,"Ring of the Snake":0}]},"card_choices":[{"not_picked":["Bane","Deflect"],"picked":"Footwork","floor":1},{"not_picked":["Underhanded Strike","Expertise"],"picked":"Backflip","floor":6},{"not_picked":["Calculated Gamble","Distraction"],"picked":"Dagger Throw","floor":7},{"not_picked":["Backflip","Deflect"],"picked":"Die Die Die","floor":11},{"not_picked":["Finisher","Expertise"],"picked":"Tactician","floor":14},{"not_picked":["Bullet Time","Adrenaline"],"picked":"Tools of the Trade","floor":16},{"not_picked":["Sucker Punch","Masterful Stab"],"picked":"Quick Slash+1","floor":18},{"not_picked":["Underhanded Strike+1","All Out Attack"],"picked":"Eviscerate","floor":21}],"player_experience":7434,"relics_obtained":[{"floor":6,"key":"Peace Pipe"},{"floor":9,"key":"Regal Pillow"}],"event_choices":[{"damage_healed":0,"gold_gain":0,"player_choice":"Success","damage_taken":7,"relics_obtained":["Lizard Tail"],"max_hp_gain":0,"max_hp_loss":0,"event_name":"Scrap Ooze","floor":2,"gold_loss":0},{"cards_removed":["Strike_G"],"damage_healed":0,"gold_gain":0,"player_choice":"Card Removal","damage_taken":0,"max_hp_gain":0,"max_hp_loss":0,"event_name":"The Cleric","floor":3,"gold_loss":50},{"cards_removed":["Strike_G"],"damage_healed":0,"gold_gain":0,"player_choice":"Card Removal","damage_taken":7,"max_hp_gain":0,"max_hp_loss":0,"event_name":"Golden Wing","floor":4,"gold_loss":0},{"damage_healed":0,"gold_gain":75,"player_choice":"Gather Gold","damage_taken":11,"max_hp_gain":0,"max_hp_loss":0,"event_name":"World of Goop","floor":5,"gold_loss":0},{"cards_removed":["Defend_G"],"damage_healed":0,"gold_gain":0,"player_choice":"Gave Gold","damage_taken":0,"max_hp_gain":0,"max_hp_loss":0,"event_name":"Beggar","floor":19,"gold_loss":75},{"damage_healed":0,"gold_gain":0,"player_choice":"Stole Relic","damage_taken":0,"relics_obtained":["Kunai"],"max_hp_gain":0,"max_hp_loss":0,"event_name":"Addict","floor":20,"gold_loss":0,"cards_obtained":["Shame"]},{"damage_healed":0,"gold_gain":0,"player_choice":"Fought Bandits","damage_taken":0,"max_hp_gain":0,"max_hp_loss":0,"event_name":"Masked Bandits","floor":22,"gold_loss":0}],"is_beta":false,"boss_relics":[{"not_picked":["Runic Pyramid","Sozu"],"picked":"Ring of the Serpent"}],"items_purged_floors":[8],"is_endless":false,"potions_floor_spawned":[6,7,18],"killed_by":"Masked Bandits","ascension_level":0}}