{"host":"3a1ypf1irl30q4k8","time":1612792011,"event":{"mods":["AchievementEnabler","BaseMod","Bestiary","Minty Spire (QoL Compilation)","Relic Stats","ojb\u0027s Better Paths Mod","ojb\u0027s Info Mod"],"gold_per_floor":[117,132,132,152,172,172,200,211,238,238,238,238,51,81,81,183,183,201,226,2,2,17,50,2,32,56,81,81,97,97,115,115,213,213,229,27,77,77,96,96,116,116,116,116,130,169,188,213,213,213,213],"floor_reached":50,"language":"ENG","playtime":2567,"items_purged":["Injury"],"score":738,"play_id":"40544064-23ac-4b74-9a68-f27f60b98602","local_time":"20210208134651","is_ascension_mode":true,"campfire_choices":[{"data":"Whirlwind","floor":6.0,"key":"SMITH"},{"data":"Anger","floor":10.0,"key":"SMITH"},{"floor":12.0,"key":"REST"},{"data":"Seeing Red","floor":15.0,"key":"SMITH"},{"data":"Second Wind","floor":28.0,"key":"SMITH"},{"data":"Immolate","floor":30,"key":"SMITH"},{"floor":32,"key":"REST"},{"floor":40,"key":"RECALL"},{"floor":42,"key":"REST"},{"data":"Corruption","floor":44,"key":"SMITH"},{"floor":49,"key":"REST"}],"circlet_count":0,"master_deck":["Strike_R","Strike_R","Strike_R","Defend_R","Defend_R","Defend_R","Defend_R","Bash","Anger+1","Armaments","Whirlwind+1","Reckless Charge","Perfected Strike","Sever Soul","Metallicize","Seeing Red+1","Burning Pact","Immolate+1","Warcry+1","Headbutt+1","Regret","Second Wind+1","Flex+1","Corruption+1","Shrug It Off+1","Thunderclap+1","Regret","Reaper","Disarm+1","Flex+1"],"relics":["Runic Pyramid","Sundial","Bag of Preparation","Chemical X","Akabeko","Cursed Key","Red Skull","Oddly Smooth Stone","Nunchaku","Vajra","PreservedInsect","Orichalcum","Mark of Pain","OrangePellets","CaptainsWheel","CeramicFish"],"acts_visited":["Exordium","TheCity","TheBeyond"],"potions_floor_usage":[31,33,35,45,46,50,50],"damage_taken":[{"damage":11.0,"enemies":"Cultist","floor":1.0,"turns":4.0},{"damage":9.0,"enemies":"Jaw Worm","floor":2.0,"turns":3.0},{"damage":3.0,"enemies":"Small Slimes","floor":4.0,"turns":4.0},{"damage":9.0,"enemies":"2 Fungi Beasts","floor":5.0,"turns":3.0},{"damage":45.0,"enemies":"Lagavulin","floor":7.0,"turns":6.0},{"damage":8.0,"enemies":"Large Slime","floor":8.0,"turns":4.0},{"damage":7.0,"enemies":"3 Sentries","floor":14.0,"turns":2.0},{"damage":45.0,"enemies":"The Guardian","floor":16.0,"turns":8.0},{"damage":0.0,"enemies":"2 Thieves","floor":18.0,"turns":1.0},{"damage":0.0,"enemies":"Chosen","floor":22.0,"turns":1.0},{"damage":0.0,"enemies":"Slavers","floor":23.0,"turns":1.0},{"damage":0.0,"enemies":"Gremlin Leader","floor":25.0,"turns":3.0},{"damage":7.0,"enemies":"Slavers","floor":27.0,"turns":4.0},{"damage":0,"enemies":"Centurion and Healer","floor":29,"turns":1},{"damage":9,"enemies":"Snake Plant","floor":31,"turns":2},{"damage":16,"enemies":"Collector","floor":33,"turns":4},{"damage":7,"enemies":"3 Darklings","floor":35,"turns":3},{"damage":12,"enemies":"Mind Bloom Boss Battle","floor":37,"turns":3},{"damage":4,"enemies":"3 Shapes","floor":39,"turns":5},{"damage":2,"enemies":"Spire Growth","floor":41,"turns":4},{"damage":19,"enemies":"Jaw Worm Horde","floor":45,"turns":3},{"damage":26,"enemies":"Reptomancer","floor":46,"turns":3},{"damage":30,"enemies":"4 Shapes","floor":47,"turns":5},{"damage":27,"enemies":"3 Darklings","floor":48,"turns":2},{"damage":68,"enemies":"Awakened One","floor":50,"turns":8}],"seed_played":"7921423299583969140","potions_obtained":[{"floor":4.0,"key":"FairyPotion"},{"floor":7.0,"key":"Strength Potion"},{"floor":8.0,"key":"EntropicBrew"},{"floor":22.0,"key":"Strength Potion"},{"floor":23.0,"key":"Ancient Potion"},{"floor":31,"key":"Energy Potion"},{"floor":33,"key":"Swift Potion"},{"floor":37,"key":"Block Potion"},{"floor":45,"key":"DistilledChaos"},{"floor":46,"key":"Weak Potion"},{"floor":47,"key":"Energy Potion"}],"is_trial":false,"path_per_floor":["M","M","?","M","M","R","E","M","T","R","?","R","$","E","R","B",null,"M","T","$","?","M","E","$","E","T","E","R","M","R","M","R","B",null,"M","$","?","?","M","R","M","R","T","R","M","E","M","M","R","B"],"character_chosen":"IRONCLAD","items_purchased":["Chemical X","Seeing Red","Oddly Smooth Stone","Energy Potion","OrangePellets","AttackPotion"],"campfire_rested":4,"item_purchase_floors":[13,13,20,24,36,36],"current_hp_per_floor":[69,60,60,57,48,48,3,24,24,24,24,48,48,41,41,12,63,63,63,63,63,63,63,63,63,63,56,56,56,56,47,71,55,74,67,67,55,55,51,51,49,71,71,71,52,26,4,37,59,0,0],"gold":213,"neow_bonus":"BOSS_RELIC","is_daily":false,"chose_seed":false,"campfire_upgraded":6,"win_rate":0.0,"timestamp":1612792011,"path_taken":["M","M","?","M","M","R","E","M","T","R","?","R","$","E","R","BOSS","M","?","$","?","M","E","?","E","T","E","R","?","R","M","R","BOSS","M","$","?","?","M","R","M","R","T","R","M","E","M","M","R","BOSS"],"items_purchased_type":["Relic","Card","Relic","Potion","Relic","Potion"],"build_version":"2020-12-22","purchased_purges":1,"victory":false,"max_hp_per_floor":[80,80,80,80,80,80,80,80,80,80,80,80,80,80,80,80,80,80,80,80,80,80,80,80,80,80,80,80,80,80,80,80,80,80,80,80,80,76,76,76,76,76,76,76,76,76,76,76,76,76,76],"relic_stats":{"OrangePellets":[3],"Nunchaku":[11],"counters":[25,87],"Sundial":[4],"CeramicFish":27,"PreservedInsect":111,"Bag of Preparation":[38],"Chemical X":[20],"Orichalcum":[84],"Cursed Key":3,"obtain_stats":[{"CeramicFish":46,"Oddly Smooth Stone":20,"Vajra":25,"PreservedInsect":26,"Bag of Preparation":9,"Orichalcum":27,"Cursed Key":17,"Burning Blood":0,"Akabeko":14,"OrangePellets":36,"Nunchaku":23,"CaptainsWheel":37,"Sundial":7,"Mark of Pain":34,"Chemical X":13,"Red Skull":19,"Runic Pyramid":0},{"CeramicFish":22,"Oddly Smooth Stone":9,"Vajra":12,"PreservedInsect":12,"Bag of Preparation":6,"Orichalcum":13,"Cursed Key":8,"Burning Blood":0,"Akabeko":7,"OrangePellets":17,"Nunchaku":11,"CaptainsWheel":18,"Sundial":5,"Mark of Pain":16,"Chemical X":6,"Red Skull":9,"Runic Pyramid":0},{"CeramicFish":72,"Oddly Smooth Stone":35,"Vajra":40,"PreservedInsect":40,"Bag of Preparation":24,"Orichalcum":44,"Cursed Key":34,"Burning Blood":0,"Akabeko":26,"OrangePellets":54,"Nunchaku":37,"CaptainsWheel":57,"Sundial":20,"Mark of Pain":51,"Chemical X":24,"Red Skull":35,"Runic Pyramid":0}]},"card_choices":[{"not_picked":["Sword Boomerang","Pommel Strike"],"picked":"Anger","floor":1.0},{"not_picked":["Shockwave","Clothesline"],"picked":"Armaments","floor":2.0},{"not_picked":["Rampage","Dual Wield"],"picked":"Whirlwind","floor":4.0},{"not_picked":["Clothesline","Battle Trance"],"picked":"Reckless Charge","floor":5.0},{"not_picked":["Limit Break","Entrench"],"picked":"Perfected Strike","floor":7.0},{"not_picked":["Headbutt","Cleave"],"picked":"Sever Soul","floor":8.0},{"not_picked":["Iron Wave","Wild Strike"],"picked":"Burning Pact","floor":14.0},{"not_picked":["Limit Break","Barricade"],"picked":"Immolate","floor":16.0},{"not_picked":["Pommel Strike+1","Wild Strike"],"picked":"Warcry+1","floor":18.0},{"not_picked":["Evolve","Cleave"],"picked":"Headbutt+1","floor":22.0},{"not_picked":["Heavy Blade","Wild Strike","Blood for Blood"],"picked":"SKIP","floor":23.0},{"not_picked":["Perfected Strike+1","Pummel","Iron Wave"],"picked":"SKIP","floor":25.0},{"not_picked":["Rage","Armaments"],"picked":"Second Wind","floor":27.0},{"not_picked":["Clothesline","Brutality"],"picked":"Flex+1","floor":29},{"not_picked":["Cleave","Heavy Blade+1","Uppercut"],"picked":"SKIP","floor":31},{"not_picked":["Demon Form","Immolate"],"picked":"Corruption","floor":33},{"not_picked":["Flex","Uppercut+1","Twin Strike"],"picked":"SKIP","floor":35},{"not_picked":["Cleave","Power Through"],"picked":"Shrug It Off+1","floor":37},{"not_picked":["Bloodletting","Warcry+1"],"picked":"Thunderclap+1","floor":39},{"not_picked":["Pommel Strike","Infernal Blade+1","Reckless Charge+1"],"picked":"SKIP","floor":41},{"not_picked":["Armaments","Clothesline+1","Rampage"],"picked":"SKIP","floor":45},{"not_picked":["Battle Trance","Headbutt+1"],"picked":"Reaper","floor":46},{"not_picked":["Second Wind","Clothesline"],"picked":"Disarm+1","floor":47},{"not_picked":["Cleave","Warcry+1"],"picked":"Flex+1","floor":48}],"player_experience":1363349,"relics_obtained":[{"floor":7.0,"key":"Sundial"},{"floor":9.0,"key":"Bag of Preparation"},{"floor":14.0,"key":"Akabeko"},{"floor":19.0,"key":"Red Skull"},{"floor":23.0,"key":"Nunchaku"},{"floor":25.0,"key":"Vajra"},{"floor":26.0,"key":"PreservedInsect"},{"floor":27.0,"key":"Orichalcum"},{"floor":37,"key":"CaptainsWheel"},{"floor":46,"key":"CeramicFish"}],"event_choices":[{"damage_healed":0.0,"max_hp_gain":0.0,"max_hp_loss":0.0,"gold_gain":0.0,"event_name":"NoteForYourself","player_choice":"Ignored","floor":3.0,"gold_loss":0.0,"damage_taken":0.0},{"damage_healed":0.0,"max_hp_gain":0.0,"max_hp_loss":0.0,"gold_gain":0.0,"cards_transformed":["Strike_R"],"event_name":"Transmorgrifier","player_choice":"Transformed","floor":11.0,"gold_loss":0.0,"damage_taken":0.0,"cards_obtained":["Metallicize"]},{"cards_removed":["Strike_R"],"damage_healed":0.0,"max_hp_gain":0.0,"max_hp_loss":0.0,"gold_gain":0.0,"event_name":"Back to Basics","player_choice":"Elegance","floor":21.0,"gold_loss":0.0,"damage_taken":0.0},{"damage_healed":0,"gold_gain":0,"player_choice":"Fight","damage_taken":0,"max_hp_gain":0,"max_hp_loss":0,"event_name":"MindBloom","floor":37,"gold_loss":0},{"damage_healed":0,"gold_gain":0,"player_choice":"Max HP","damage_taken":0,"max_hp_gain":0,"max_hp_loss":4,"event_name":"Winding Halls","floor":38,"gold_loss":0}],"is_beta":false,"boss_relics":[{"not_picked":["Snecko Eye","Runic Dome"],"picked":"Cursed Key"},{"not_picked":["Coffee Dripper","Velvet Choker"],"picked":"Mark of Pain"}],"items_purged_floors":[20],"is_endless":false,"potions_floor_spawned":[4,7,8,22,23,31,33,37,45,46,47],"killed_by":"Awakened One","ascension_level":5}}