{"host":"irqc27v15f1jtd2t","time":1612760133,"event":{"mods":["AchievementEnabler","BaseMod","BetterRewards","Colored Map","Custom Start","Downfall","Hermit","Minty Spire (QoL Compilation)","Replay The Spire","StSLib","The Bug Knight","The Cursed","The Disciple"],"gold_per_floor":[99,111,124,140,9,9,9,9,20,32,64,64,89,107,118,219,219,119,134,134,134,147,176,176,76,76,101,115,132,32,50,60,156,156,156,169,179,190,190,190,190,190,200,200,216,216,246,261,272,272,272,272],"floor_reached":50,"language":"ENG","playtime":5754,"items_purged":[],"score":655,"play_id":"ae8e59b0-fb02-479b-85a5-4378995ec92c","local_time":"20210207215533","is_ascension_mode":false,"campfire_choices":[{"data":"Guardian:CurlUp","floor":1,"key":"SMITH"},{"data":"Guardian:Recover","floor":8,"key":"SMITH"},{"data":"Guardian:SpikerProtocol","floor":12,"key":"SMITH"},{"floor":18,"key":"RECALL"},{"data":"Guardian:StasisStrike","floor":25,"key":"SMITH"},{"data":"Guardian:FloatingOrbs","floor":30,"key":"SMITH"},{"data":"Guardian:BaubleBeam","floor":35,"key":"SMITH"},{"data":"Guardian:TimeSifter","floor":40,"key":"SMITH"},{"data":"Guardian:StasisField","floor":42,"key":"SMITH"},{"data":"expansioncontent:Hexaburn","floor":46,"key":"SMITH"}],"circlet_count":0,"master_deck":["Guardian:Strike_Guardian","Guardian:Strike_Guardian","Guardian:Strike_Guardian","Guardian:Strike_Guardian","Guardian:Defend_Guardian","Guardian:Defend_Guardian","Guardian:Defend_Guardian","Guardian:Defend_Guardian","Guardian:CurlUp+1","Guardian:TwinSlam","Guardian:Recover+1","Guardian:VentSteam+1","Guardian:FloatingOrbs+1","Guardian:SpikerProtocol+1","Guardian:Incinerate","Guardian:BaubleBeam+1","Guardian:ShieldSpikes","Guardian:BodySlam","Guardian:ConstructionForm","Guardian:GuardianWhirl","Guardian:WalkerClaw+1","Guardian:StasisStrike+1","Guardian:StasisField+1","Guardian:Harden+1","Guardian:PrismaticBarrier","Guardian:Harden","Guardian:TimeSifter+1","Guardian:ArmoredProtocol+1","expansioncontent:Hexaburn+1","Replay:SS_forest_2","Guardian:Gem_Crimson","Guardian:BodySlam"],"relics":["Guardian:ModeShifter","Chameleon Ring","Turnip","bronze:MakeshiftBattery","downfall:HeartBlessingGreen","Nloth\u0027s Gift","ReplayTheSpireMod:Shallot","Pen Nib","downfall:HeartBlessingRed","ReplayTheSpireMod:Ring of Challenge","ReplayTheSpireMod:Ring of Addiction","Potion Belt","White Beast Statue","Oddly Smooth Stone","downfall:HeartBlessingBlue","Busted Crown","Mercury Hourglass","Pantograph"],"acts_visited":["Exordium","TheCity","TheBeyond"],"potions_floor_usage":[14,15,16,16,27,28,29,31,32,33,33,36,37,43,43,45,48,49,50,50],"damage_taken":[{"damage":2,"enemies":"2 Louse","floor":2,"turns":4},{"damage":1,"enemies":"Cultist","floor":3,"turns":5},{"damage":0,"enemies":"Small Slimes","floor":4,"turns":5},{"damage":0,"enemies":"downfall:FleeingMerchant","floor":5,"turns":4},{"damage":30,"enemies":"Gremlin Gang","floor":9,"turns":6},{"damage":6,"enemies":"Large Slime","floor":10,"turns":5},{"damage":12,"enemies":"Lagavulin","floor":11,"turns":9},{"damage":13,"enemies":"Replay:BlueRogue","floor":13,"turns":5},{"damage":1,"enemies":"2 Fungi Beasts","floor":14,"turns":4},{"damage":0,"enemies":"3 Louse","floor":15,"turns":3},{"damage":16,"enemies":"WA_ARCHETYPE_RETAIN","floor":16,"turns":9},{"damage":2,"enemies":"Shell Parasite","floor":19,"turns":5},{"damage":0,"enemies":"3 Byrds","floor":22,"turns":5},{"damage":5,"enemies":"HollowMod:Nosk","floor":23,"turns":9},{"damage":0,"enemies":"Book of Stabbing","floor":27,"turns":4},{"damage":0,"enemies":"Centurion and Healer","floor":28,"turns":6},{"damage":0,"enemies":"Shelled Parasite and Fungi","floor":29,"turns":2},{"damage":0,"enemies":"Snake Plant","floor":31,"turns":4},{"damage":0,"enemies":"Centurion and Healer","floor":32,"turns":6},{"damage":0,"enemies":"IC_MUSHROOM_ARCHETYPE","floor":33,"turns":7},{"damage":0,"enemies":"3 Darklings","floor":36,"turns":7},{"damage":0,"enemies":"Orb Walker","floor":37,"turns":4},{"damage":0,"enemies":"Spire Growth","floor":38,"turns":5},{"damage":0,"enemies":"Jaw Worm Horde","floor":43,"turns":5},{"damage":0,"enemies":"4 Shapes","floor":45,"turns":5},{"damage":5,"enemies":"Nemesis","floor":47,"turns":3},{"damage":12,"enemies":"Spire Growth","floor":48,"turns":5},{"damage":3,"enemies":"Sphere and 2 Shapes","floor":49,"turns":5},{"damage":123,"enemies":"SI_POISON_ARCHETYPE","floor":50,"turns":5}],"seed_played":"7287758643761915636","potions_obtained":[{"floor":3,"key":"BlessingOfTheForge"},{"floor":9,"key":"EssenceOfSteel"},{"floor":13,"key":"Languid Potion"},{"floor":14,"key":"AttackPotion"},{"floor":16,"key":"EssenceOfSteel"},{"floor":22,"key":"Milkshake"},{"floor":26,"key":"Ancient Potion"},{"floor":26,"key":"SkillPotion"},{"floor":26,"key":"champ:CounterPotion"},{"floor":27,"key":"Guardian:DefensiveModePotion"},{"floor":28,"key":"ColorlessPotion"},{"floor":29,"key":"Swift Potion"},{"floor":31,"key":"PowerPotion"},{"floor":32,"key":"Ancient Potion"},{"floor":33,"key":"PowerPotion"},{"floor":36,"key":"AttackPotion"},{"floor":37,"key":"FearPotion"},{"floor":38,"key":"Energy Potion"},{"floor":43,"key":"LiquidBronze"},{"floor":45,"key":"Strength Potion"},{"floor":47,"key":"Guardian:AcceleratePotion"},{"floor":48,"key":"champ:CounterPotion"},{"floor":49,"key":"Regen Potion"}],"is_trial":false,"path_per_floor":["R","M","M","M","$","?","T","R","M","M","E","R","E","M","M","B",null,"R_BF","M","T","?","M","E","T","R","?","E","M","M","R","M","M","B",null,"R","M","M","M","?","R","T","R","M","?","M","R","E","M","M","B"],"character_chosen":"GUARDIAN","items_purchased":["Guardian:Gem_Blue","Guardian:SpikerProtocol"],"campfire_rested":0,"item_purchase_floors":[5,5],"current_hp_per_floor":[88,86,85,85,85,85,85,85,55,49,37,37,24,23,23,7,88,88,86,86,86,86,81,81,81,81,81,81,81,91,91,91,91,98,98,98,98,98,98,98,96,96,96,91,91,91,86,74,71,0,0,0],"gold":272,"neow_bonus":"TEN_PERCENT_HP_BONUS","is_daily":false,"chose_seed":false,"campfire_upgraded":9,"win_rate":0.0,"timestamp":1612760133,"path_taken":["R","M","M","M","$","?","T","R","M","M","E","R","E","M","M","BOSS","R_BF","M","?","?","?","E","T","R","?","E","M","M","R","M","M","BOSS","R","M","M","M","?","R","T","R","M","?","M","R","E","M","M","BOSS"],"items_purchased_type":["Card","Card"],"build_version":"2020-12-22","purchased_purges":0,"victory":false,"max_hp_per_floor":[88,88,88,88,88,88,88,88,88,88,88,88,88,88,88,88,88,88,88,88,88,88,88,88,88,88,88,88,88,98,98,98,98,98,98,98,98,98,98,98,96,96,96,96,96,96,96,96,96,96,96,96],"card_choices":[{"not_picked":["Guardian:Suspension","Guardian:Gem_Yellow"],"picked":"Guardian:Recover","floor":2},{"not_picked":["Guardian:TemporalShield","Guardian:TemporalStrike"],"picked":"Guardian:VentSteam","floor":3},{"not_picked":["Guardian:Suspension","Guardian:Incinerate"],"picked":"Guardian:FloatingOrbs","floor":4},{"not_picked":["Guardian:RefractedBeam","Guardian:ChargeCore"],"picked":"Guardian:Gem_White","floor":5},{"not_picked":["Guardian:ShieldCharger","Guardian:Suspension"],"picked":"Guardian:Incinerate","floor":9},{"not_picked":["Guardian:PrimingBeam","Guardian:WalkerClaw"],"picked":"Guardian:BaubleBeam","floor":10},{"not_picked":["Guardian:SpikerProtocol","Guardian:PiercingHide"],"picked":"Guardian:Gem_White","floor":11},{"not_picked":["Guardian:Gem_White","Guardian:WalkerClaw"],"picked":"Guardian:Gem_Blue","floor":13},{"not_picked":["Guardian:MultiBeam","Guardian:CrystalBeam"],"picked":"Guardian:ShieldSpikes","floor":14},{"not_picked":["Guardian:ShieldCharger","Guardian:Gem_Lightblue"],"picked":"Guardian:BodySlam","floor":15},{"not_picked":["Guardian:SphericShield","Guardian:StasisField"],"picked":"Guardian:ConstructionForm","floor":16},{"not_picked":["Guardian:PiercingHide+1","Guardian:Incinerate"],"picked":"Guardian:GuardianWhirl","floor":19},{"not_picked":["Guardian:CrystalBeam","Guardian:Planning"],"picked":"Guardian:WalkerClaw+1","floor":22},{"not_picked":["Guardian:Suspension","Guardian:ChargeCore"],"picked":"Guardian:StasisStrike","floor":23},{"not_picked":["Guardian:StasisStrike","Guardian:ArmoredProtocol"],"picked":"Guardian:StasisField","floor":27},{"not_picked":["Guardian:Suspension","Guardian:VentSteam"],"picked":"Guardian:Harden+1","floor":28},{"not_picked":["Guardian:VentSteam","Guardian:PiercingHide"],"picked":"Guardian:PrismaticBarrier","floor":29},{"not_picked":["Guardian:PiercingHide","Guardian:MultiBeam"],"picked":"Guardian:Harden","floor":31},{"not_picked":["Guardian:Gem_White","Guardian:Gem_Yellow"],"picked":"Guardian:Gem_Fragmented","floor":32},{"not_picked":["Guardian:StasisStrike","Guardian:AncientConstruct"],"picked":"Guardian:TimeSifter","floor":33},{"not_picked":[],"picked":"Guardian:ArmoredProtocol+1","floor":36},{"not_picked":["Guardian:ChargeCore"],"picked":"SKIP","floor":37},{"not_picked":["Guardian:Preprogram"],"picked":"SKIP","floor":38},{"not_picked":["Guardian:CrystalBeam+1"],"picked":"SKIP","floor":43},{"not_picked":["expansioncontent:LastStand","expansioncontent:PolyBeam"],"picked":"expansioncontent:Hexaburn","floor":44},{"not_picked":["expansioncontent:HyperBeam","expansioncontent:InvincibleStrength"],"picked":"Replay:SS_forest_2","floor":44},{"not_picked":[],"picked":"Guardian:Gem_Orange","floor":45},{"not_picked":[],"picked":"Guardian:Gem_Crimson","floor":47},{"not_picked":[],"picked":"Guardian:BodySlam","floor":48},{"not_picked":["Guardian:Planning+1"],"picked":"SKIP","floor":49}],"player_experience":431538,"relics_obtained":[{"floor":7,"key":"Mirror"},{"floor":11,"key":"Chameleon Ring"},{"floor":13,"key":"Turnip"},{"floor":23,"key":"ReplayTheSpireMod:Shallot"},{"floor":24,"key":"Pen Nib"},{"floor":26,"key":"ReplayTheSpireMod:Ring of Challenge"},{"floor":26,"key":"ReplayTheSpireMod:Ring of Addiction"},{"floor":26,"key":"Potion Belt"},{"floor":26,"key":"White Beast Statue"},{"floor":27,"key":"Oddly Smooth Stone"},{"floor":41,"key":"Mercury Hourglass"},{"floor":47,"key":"Pantograph"}],"event_choices":[],"is_beta":false,"boss_relics":[{"not_picked":["Philosopher\u0027s Stone","Guardian:StasisSlotReductionRelic"],"picked":"bronze:MakeshiftBattery"},{"not_picked":["Calling Bell","Black Star"],"picked":"Busted Crown"}],"items_purged_floors":[],"is_endless":false,"potions_floor_spawned":[3,9,13,14,16,22,27,28,29,31,32,33,36,37,38,43,45,47,48,49],"killed_by":"SI_POISON_ARCHETYPE","ascension_level":0}}