{"host":"tetq3wi5anb97imq","time":1612824562,"event":{"mods":["BaseMod","Block Reminder","Minty Spire (QoL Compilation)","Quick Restart","StSLib","SuperFastMode"],"gold_per_floor":[113,113,113,113,113,146,146,180,232,261,278,58,58,87,87,87,87],"floor_reached":16,"language":"ENG","playtime":235,"items_purged":[],"score":348,"play_id":"513416fd-98ff-47e0-b065-18cec227cbf5","local_time":"20210208204922","is_ascension_mode":true,"campfire_choices":[{"data":"Dagger Spray","floor":7.0,"key":"SMITH"},{"floor":13.0,"key":"REST"},{"data":"Poisoned Stab","floor":15.0,"key":"SMITH"}],"circlet_count":0,"master_deck":["AscendersBane","Strike_G","Strike_G","Strike_G","Strike_G","Defend_G","Defend_G","Defend_G","Defend_G","Defend_G","Survivor","Neutralize","Dagger Throw","Dagger Spray+1","Poisoned Stab+1","PiercingWail","Dash","Good Instincts","Wraith Form v2+1"],"relics":["Ring of the Snake","NeowsBlessing","Happy Flower","The Courier","WingedGreaves","Blood Vial","Art of War","White Beast Statue","Toolbox","Frozen Egg 2"],"acts_visited":["Exordium"],"potions_floor_usage":[16],"damage_taken":[{"damage":0.0,"enemies":"Cultist","floor":1.0,"turns":1.0},{"damage":0.0,"enemies":"3 Sentries","floor":6.0,"turns":1.0},{"damage":0.0,"enemies":"Lagavulin","floor":8.0,"turns":1.0},{"damage":34.0,"enemies":"3 Sentries","floor":10.0,"turns":9.0},{"damage":0.0,"enemies":"Jaw Worm","floor":11.0,"turns":3.0},{"damage":9.0,"enemies":"Lagavulin","floor":14.0,"turns":5.0},{"damage":0,"enemies":"The Guardian","floor":16,"turns":2}],"seed_played":"3737307448950506632","potions_obtained":[{"floor":10.0,"key":"SteroidPotion"},{"floor":11.0,"key":"LiquidBronze"},{"floor":14.0,"key":"GamblersBrew"}],"is_trial":false,"path_per_floor":["M","?","?","?","?","E","R","E","T","E","M","$","R","E","R","B"],"character_chosen":"THE_SILENT","items_purchased":["Toolbox","Good Instincts"],"campfire_rested":1,"item_purchase_floors":[12,12],"current_hp_per_floor":[59,59,48,48,48,48,48,48,48,16,18,18,37,30,30,32,32],"gold":87,"neow_bonus":"THREE_ENEMY_KILL","is_daily":false,"chose_seed":false,"campfire_upgraded":2,"win_rate":0.0,"timestamp":1612824562,"path_taken":["M","?","?","?","?","E","R","E","T","E","M","$","R","E","R","BOSS"],"items_purchased_type":["Relic","Card"],"build_version":"2020-12-22","purchased_purges":0,"victory":false,"max_hp_per_floor":[66,66,66,66,66,66,66,66,66,66,66,66,66,66,66,66,66],"card_choices":[{"not_picked":["Dodge and Roll","Terror"],"picked":"Dagger Throw","floor":1.0},{"not_picked":["Deadly Poison","PiercingWail"],"picked":"Dagger Spray","floor":6.0},{"not_picked":["Well Laid Plans","Skewer"],"picked":"Poisoned Stab","floor":8.0},{"not_picked":["Calculated Gamble","Acrobatics"],"picked":"PiercingWail","floor":10.0},{"not_picked":["Flying Knee","Backflip"],"picked":"Dash","floor":11.0},{"not_picked":["Predator","Underhanded Strike"],"picked":"Wraith Form v2+1","floor":14.0}],"player_experience":1654064,"relics_obtained":[{"floor":6.0,"key":"WingedGreaves"},{"floor":8.0,"key":"Blood Vial"},{"floor":9.0,"key":"Art of War"},{"floor":10.0,"key":"White Beast Statue"},{"floor":14.0,"key":"Frozen Egg 2"}],"event_choices":[{"damage_healed":0.0,"max_hp_gain":0.0,"max_hp_loss":0.0,"gold_gain":0.0,"event_name":"Big Fish","player_choice":"Box","floor":2.0,"gold_loss":0.0,"damage_taken":0.0,"relics_obtained":["Happy Flower"],"cards_obtained":["Regret"]},{"damage_healed":0.0,"max_hp_gain":0.0,"max_hp_loss":0.0,"gold_gain":0.0,"event_name":"Scrap Ooze","player_choice":"Success","floor":3.0,"gold_loss":0.0,"damage_taken":11.0,"relics_obtained":["The Courier"]},{"cards_removed":["Regret"],"damage_healed":0.0,"max_hp_gain":0.0,"max_hp_loss":0.0,"gold_gain":0.0,"event_name":"Living Wall","player_choice":"Forget","floor":4.0,"gold_loss":0.0,"damage_taken":0.0},{"cards_removed":["Strike_G"],"damage_healed":0.0,"max_hp_gain":0.0,"max_hp_loss":0.0,"gold_gain":0.0,"event_name":"Bonfire Elementals","player_choice":"Offered Basic","floor":5.0,"gold_loss":0.0,"damage_taken":0.0}],"is_beta":false,"boss_relics":[],"items_purged_floors":[],"is_endless":false,"potions_floor_spawned":[10,11,14],"killed_by":"The Guardian","ascension_level":20}}