{"host":"hf83sijwe64ts2lm","time":1612745768,"event":{"mods":["2.2 Compatiblity","BaseMod","Better Altar","Better Match","Better Note","Better Sensory Stone","Better Skull","Better Third Choice","Colored Map","Colored Powertips","Highlight Path","Hubris","Infinite Spire","Minty Spire (QoL Compilation)","Quick Restart","Rare Cards Sparkle","Relic Stats","Reliquary","Replay The Spire","Shop Mod","Spicy Shops","Spire Arcade","StSLib","Thieving Mod"],"gold_per_floor":[111,111,123,143,158,190,190,215,242,269,269,269,269,289,299,346,346,346,346],"floor_reached":18,"language":"ENG","playtime":451,"items_purged":[],"score":165,"play_id":"c5c8583f-6868-4e45-a3a8-3efe5cb28f32","local_time":"20210207195608","is_ascension_mode":true,"campfire_choices":[{"floor":7,"key":"REST"},{"floor":13,"key":"RECALL"},{"data":"Massacre","floor":17,"key":"SMITH"}],"circlet_count":0,"master_deck":["Strike_R","Strike_R","Strike_R","Strike_R","Strike_R","Defend_R","Defend_R","Defend_R+1","Defend_R","Bash","Reaper","Infernal Blade","hubris:Envy","Anger","hubris:CleavingFinish","Flex","Spot Weakness+1","Massacre+1","Hemokinesis","Pummel","Wild Strike"],"relics":["Burning Blood","Ring of Fury","Ring of Panic","War Paint","hubris:OldNail","reliquary:WeakTea"],"acts_visited":["Exordium"],"potions_floor_usage":[4,5,8,8,14],"damage_taken":[{"damage":19,"enemies":"2 Louse","floor":1,"turns":3},{"damage":8,"enemies":"Jaw Worm","floor":3,"turns":3},{"damage":0,"enemies":"Cultist","floor":4,"turns":1},{"damage":6,"enemies":"Gremlin Gang","floor":5,"turns":3},{"damage":46,"enemies":"Gremlin Nob","floor":6,"turns":5},{"damage":16,"enemies":"3 Sentries","floor":8,"turns":4},{"damage":8,"enemies":"Gremlin Nob","floor":10,"turns":3},{"damage":2,"enemies":"Looter","floor":14,"turns":2},{"damage":9,"enemies":"Blue Slaver","floor":15,"turns":2},{"damage":101,"enemies":"Fading Forest","floor":18,"turns":10}],"seed_played":"3121552080207621012","potions_obtained":[{"floor":1,"key":"Elixir"},{"floor":3,"key":"SteroidPotion"},{"floor":4,"key":"Strength Potion"},{"floor":6,"key":"SteroidPotion"},{"floor":10,"key":"Adrenaline Potion"}],"is_trial":false,"path_per_floor":["M","?","M","M","M","E","R","E","T","E","PTL","PTL","R","M","M","T","R","B"],"character_chosen":"IRONCLAD","items_purchased":[],"campfire_rested":1,"item_purchase_floors":[],"current_hp_per_floor":[69,69,73,79,80,40,64,66,66,72,72,72,72,76,77,77,77,0,0],"gold":346,"neow_bonus":"ONE_RANDOM_RARE_CARD","is_daily":false,"chose_seed":false,"campfire_upgraded":1,"win_rate":0.0,"timestamp":1612745768,"path_taken":["M","?","M","M","M","E","R","E","T","E","PTL","PTL","R","M","M","?","R","BOSS"],"items_purchased_type":[],"build_version":"2020-12-22","purchased_purges":0,"victory":false,"max_hp_per_floor":[80,80,80,80,80,80,80,80,80,80,80,80,80,80,80,80,80,80,80],"relic_stats":{"counters":[10,36],"War Paint":["Defend_R","Spot Weakness"],"obtain_stats":[{"Ring of Fury":2,"reliquary:WeakTea":16,"Ring of Panic":2,"War Paint":8,"Burning Blood":0,"hubris:OldNail":10,"reliquary:FerryPass":6},{"Ring of Fury":1,"reliquary:WeakTea":9,"Ring of Panic":1,"War Paint":6,"Burning Blood":0,"hubris:OldNail":7,"reliquary:FerryPass":5},{"Ring of Fury":3,"reliquary:WeakTea":26,"Ring of Panic":3,"War Paint":19,"Burning Blood":0,"hubris:OldNail":22,"reliquary:FerryPass":15}],"Burning Blood":48},"card_choices":[{"not_picked":["Clash","Searing Blow"],"picked":"Infernal Blade","floor":1},{"not_picked":["Shrug It Off","Wild Strike"],"picked":"Anger","floor":3},{"not_picked":["Replay:Undeath\u0027s Touch","True Grit"],"picked":"hubris:CleavingFinish","floor":4},{"not_picked":["Bloodletting","Heavy Blade"],"picked":"Flex","floor":5},{"not_picked":["Shrug It Off","Eclipse"],"picked":"Spot Weakness","floor":6},{"not_picked":["Uppercut","Twin Strike"],"picked":"Massacre","floor":8},{"not_picked":["Warcry","Havoc"],"picked":"Hemokinesis","floor":10},{"not_picked":["Shrug It Off","Flex"],"picked":"Pummel","floor":14},{"not_picked":["Perfected Strike","Body Slam"],"picked":"Wild Strike","floor":15}],"player_experience":155670,"relics_obtained":[{"floor":2,"key":"Ring of Fury"},{"floor":2,"key":"Ring of Panic"},{"floor":6,"key":"reliquary:FerryPass"},{"floor":8,"key":"War Paint"},{"floor":10,"key":"hubris:OldNail"},{"floor":16,"key":"reliquary:WeakTea"}],"event_choices":[],"is_beta":false,"boss_relics":[],"items_purged_floors":[],"is_endless":false,"potions_floor_spawned":[1,3,4,6,10],"killed_by":"Fading Forest","ascension_level":5}}