{"host":"iwx63wjdqe91ab4t","time":1612746281,"event":{"mods":["AchievementEnabler","Act Like it!","Aspiration","BaseMod","BetterRewards","Downfall","Friendly Minions","Hermit","Hubris","Infinite Spire","Jorbs\u0027s Wanderer Trilogy","Marisa????????","Mimic Mod","Minty Spire (QoL Compilation)","Quick Restart","Reliquary","Replay The Spire","StSLib","The Bug Knight","The Construct","The Cursed","The Disciple","The Hierophant","The Jungle","The Necromancer","The Runesmith","The Servant 0.9.4"],"gold_per_floor":[99,99,99,99,99,112,112,112,16,16,16,28,28,28,43,145,195,195,208,224,224,224,224,224,224],"floor_reached":23,"language":"ENG","playtime":1116,"items_purged":[],"score":184,"play_id":"4568ea31-de59-4304-b1bc-7067aeb4232b","local_time":"20210207190441","is_ascension_mode":true,"campfire_choices":[{"floor":1,"key":"DIG"},{"data":"hexamod:HeatShield","floor":8,"key":"SMITH"},{"data":"hexamod:RainOfEmbers","floor":10,"key":"SMITH"},{"data":"hexamod:FlamesFromBeyond","floor":13,"key":"SMITH"}],"circlet_count":0,"master_deck":["hexamod:Strike","hexamod:Strike","hexamod:Defend+1","hexamod:Sear","hexamod:Float","hexamod:FlamesFromBeyond+1","hexamod:SoulSteal","hexamod:Hexaguard","hexamod:HeatShield+1","hexamod:RainOfEmbers+1","Doppelganger","All Out Attack","Finisher","hexamod:FlamesFromBeyond+1","hexamod:WildfireWeapon","hexamod:HeatMetal","hexamod:FlamesFromBeyond","hexamod:SuperheatedStrike","hexamod:Firestarter+1"],"relics":["hexamod:SpiritBrand","downfall:HeartsMalice","Regal Pillow","Omamori","reliquary:RosewoodLute","Tiny House"],"acts_visited":["Exordium","TheCity"],"potions_floor_usage":[15,16,16,19],"damage_taken":[{"damage":0,"enemies":"Small Slimes","floor":2,"turns":1},{"damage":0,"enemies":"Cultist","floor":3,"turns":1},{"damage":0,"enemies":"2 Louse","floor":4,"turns":1},{"damage":1,"enemies":"Red Slaver","floor":6,"turns":3},{"damage":0,"enemies":"downfall:FleeingMerchant","floor":9,"turns":4},{"damage":0,"enemies":"2 Fungi Beasts","floor":12,"turns":3},{"damage":0,"enemies":"Exordium Thugs","floor":15,"turns":3},{"damage":26,"enemies":"IC_STATUS_ARCHETYPE","floor":16,"turns":6},{"damage":14,"enemies":"Shell Parasite","floor":19,"turns":5},{"damage":24,"enemies":"3 Byrds","floor":20,"turns":3},{"damage":19,"enemies":"downfall:LadyInBlue","floor":23,"turns":9}],"seed_played":"-7991755603805218070","potions_obtained":[{"floor":6,"key":"SpeedPotion"},{"floor":12,"key":"Adrenaline Potion"},{"floor":15,"key":"ColorlessPotion"},{"floor":17,"key":"DistilledChaos"}],"is_trial":false,"path_per_floor":["R","M","M","M","?","M","T","R","$","R","?","M","R","?","M","B",null,"R","M","M","?","?","?"],"character_chosen":"THE_SPIRIT","items_purchased":["hexamod:RainOfEmbers"],"campfire_rested":0,"item_purchase_floors":[9],"current_hp_per_floor":[70,70,70,70,70,69,69,69,69,69,69,69,69,62,62,36,75,75,61,37,10,10,0,0,0],"gold":224,"neow_bonus":"THREE_ENEMY_KILL","is_daily":false,"chose_seed":false,"campfire_upgraded":3,"win_rate":0.0,"timestamp":1612746281,"path_taken":["R","M","M","M","?","?","T","R","$","R","?","?","R","?","M","BOSS","R","M","M","?","?","?"],"items_purchased_type":["Card"],"build_version":"2020-12-22","purchased_purges":0,"victory":false,"max_hp_per_floor":[70,70,70,70,70,70,70,70,70,70,70,70,70,70,70,70,75,75,75,75,75,75,75,75,75],"card_choices":[{"not_picked":["hexamod:GhostShield","hexamod:AdvancingGuard"],"picked":"hexamod:FlamesFromBeyond","floor":2},{"not_picked":["hexamod:RetreatToShadows","hexamod:GhostOfSpireFuture"],"picked":"hexamod:SoulSteal","floor":3},{"not_picked":["hexamod:Again","hexamod:NightmareStrike"],"picked":"hexamod:Hexaguard","floor":4},{"not_picked":["hexamod:InspiringFlames","hexamod:BurningTouch"],"picked":"hexamod:HeatShield","floor":6},{"not_picked":["hexamod:GhostOfSpireFuture","hexamod:BacktrackSmack","hexamod:NightmareGuise"],"picked":"SKIP","floor":9},{"not_picked":["hexamod:GhostLash","hexamod:GhostOfSpirePast"],"picked":"hexamod:FlamesFromBeyond","floor":12},{"not_picked":["hexamod:GhostOfSpireFuture","hexamod:ChargedBarrage","hexamod:SwordOfDarkness"],"picked":"SKIP","floor":15},{"not_picked":["hexamod:TurnItUp","hexamod:ForkedFlame"],"picked":"hexamod:WildfireWeapon","floor":16},{"not_picked":["hexamod:DynamicBlow","hexamod:NightmareStrike"],"picked":"hexamod:HeatMetal","floor":17},{"not_picked":["hexamod:HauntingEcho+1","hexamod:InspiringFlames"],"picked":"hexamod:SuperheatedStrike","floor":19},{"not_picked":["hexamod:EmpoweredFlame","hexamod:GhostLash"],"picked":"hexamod:Firestarter+1","floor":20}],"player_experience":274118,"relics_obtained":[{"floor":1,"key":"Regal Pillow"},{"floor":7,"key":"Omamori"}],"event_choices":[{"damage_healed":0,"gold_gain":0,"player_choice":"Forge","damage_taken":0,"max_hp_gain":0,"max_hp_loss":0,"event_name":"Accursed Blacksmith","floor":5,"gold_loss":0,"cards_upgraded":["hexamod:FlamesFromBeyond"]},{"damage_healed":0,"gold_gain":0,"player_choice":"Success","damage_taken":7,"relics_obtained":["reliquary:RosewoodLute"],"max_hp_gain":0,"max_hp_loss":0,"event_name":"Scrap Ooze","floor":14,"gold_loss":0}],"is_beta":false,"boss_relics":[{"not_picked":["reliquary:Ember","Runesmith:UraniumAnvil"],"picked":"Tiny House"}],"items_purged_floors":[],"is_endless":false,"potions_floor_spawned":[6,12,15],"killed_by":"downfall:LadyInBlue","ascension_level":1}}