{"host":"cfcn10u57yqishn5","time":1612754997,"event":{"mods":["2.2 Compatiblity","BaseMod","Block Reminder","Card Forge","Curses Come First","GifTheSpireLib","Minty Spire (QoL Compilation)","Reliquary","StSLib","The Animator","The Blue Laboratory","The Cursed","The Judge"],"gold_per_floor":[117,131,154,170,188,188,188,200,200,44,44,59,77,95,95,95,95],"floor_reached":16,"language":"ENG","playtime":1579,"items_purged":[],"score":96,"play_id":"f21d97e9-8bc0-459c-a60b-cafac8f3de1f","local_time":"20210207222957","is_ascension_mode":false,"campfire_choices":[{"data":"WordoMod:InduceTrauma","floor":6.0,"key":"SMITH"},{"data":"WordoMod:EndOfTheWorld","floor":11.0,"key":"SMITH"},{"data":"WordoMod:IllWill","floor":15,"key":"SMITH"}],"circlet_count":0,"master_deck":["WordoMod:StrikeCard","WordoMod:StrikeCard","WordoMod:StrikeCard","WordoMod:StrikeCard","WordoMod:DefendCard","WordoMod:DefendCard","WordoMod:DefendCard","WordoMod:DefendCard","WordoMod:Accursed","WordoMod:IllWill+1","WordoMod:BurdenOfSin","WordoMod:Accursed","WordoMod:InduceTrauma+1","WordoMod:EndOfTheWorld+1","TheCursedMod:Dregs","WordoMod:Repent","WordoMod:CurseBuckler"],"relics":["WordoMod:Obsidian","WordoMod:Effigy","NeowsBlessing","Boot","reliquary:QuartzCube","Sling"],"acts_visited":["Exordium"],"potions_floor_usage":[],"damage_taken":[{"damage":0.0,"enemies":"Cultist","floor":1.0,"turns":1.0},{"damage":0.0,"enemies":"Small Slimes","floor":2.0,"turns":1.0},{"damage":0.0,"enemies":"2 Louse","floor":4.0,"turns":1.0},{"damage":7.0,"enemies":"2 Fungi Beasts","floor":5.0,"turns":3.0},{"damage":11.0,"enemies":"Exordium Wildlife","floor":8.0,"turns":4.0},{"damage":0.0,"enemies":"3 Louse","floor":12.0,"turns":4.0},{"damage":7.0,"enemies":"Blue Slaver","floor":13.0,"turns":2.0},{"damage":0,"enemies":"Exordium Thugs","floor":14,"turns":4},{"damage":53,"enemies":"Slime Boss","floor":16,"turns":15}],"seed_played":"-1930305331640022959","potions_obtained":[{"floor":4.0,"key":"Swift Potion"}],"is_trial":false,"path_per_floor":["M","M","T","M","M","R","?","M","T","$","R","M","M","M","R","B"],"character_chosen":"JUDGE_CLASS","items_purchased":["Sling"],"campfire_rested":0,"item_purchase_floors":[10],"current_hp_per_floor":[75,75,75,75,68,68,68,57,57,57,57,57,50,50,50,0,0],"gold":95,"neow_bonus":"THREE_ENEMY_KILL","is_daily":false,"chose_seed":false,"campfire_upgraded":3,"win_rate":0.0,"timestamp":1612754997,"path_taken":["M","M","?","M","?","R","?","M","T","$","R","M","M","M","R","BOSS"],"items_purchased_type":["Relic"],"build_version":"2020-12-22","purchased_purges":0,"victory":false,"max_hp_per_floor":[75,75,75,75,75,75,75,75,75,75,75,75,75,75,75,75,75],"card_choices":[{"not_picked":["WordoMod:Cleanse","WordoMod:ScatterAshes"],"picked":"WordoMod:BurdenOfSin","floor":1.0},{"not_picked":["WordoMod:Malice","WordoMod:BoundlessGreed","WordoMod:Contagion"],"picked":"SKIP","floor":2.0},{"not_picked":["Decay","Shame"],"picked":"WordoMod:Accursed","floor":4.0},{"not_picked":["WordoMod:BoundlessGreed","WordoMod:MementoMori","WordoMod:Resurrection"],"picked":"SKIP","floor":4.0},{"not_picked":["WordoMod:Spite","WordoMod:WipingAllOut"],"picked":"WordoMod:InduceTrauma","floor":5.0},{"not_picked":["WordoMod:Malice","WordoMod:BoundlessGreed"],"picked":"WordoMod:EndOfTheWorld","floor":8.0},{"not_picked":["Parasite","WordoMod:Infected"],"picked":"TheCursedMod:Dregs","floor":12.0},{"not_picked":["WordoMod:SoulSpear","WordoMod:GivesYouHell"],"picked":"WordoMod:Repent","floor":12.0},{"not_picked":["WordoMod:FamousTechnique","WordoMod:BurdenOfSin"],"picked":"WordoMod:CurseBuckler","floor":13},{"not_picked":["WordoMod:Exorcism","WordoMod:Vulgarity","WordoMod:BreakChains"],"picked":"SKIP","floor":14}],"player_experience":232962,"relics_obtained":[{"floor":3.0,"key":"Boot"},{"floor":9.0,"key":"reliquary:QuartzCube"}],"event_choices":[{"damage_healed":0.0,"max_hp_gain":0.0,"max_hp_loss":0.0,"gold_gain":0.0,"event_name":"Match and Keep!","player_choice":"0 cards matched","floor":7.0,"gold_loss":0.0,"damage_taken":0.0,"cards_obtained":[]}],"is_beta":false,"boss_relics":[],"items_purged_floors":[],"is_endless":false,"potions_floor_spawned":[4,5,14],"killed_by":"Slime Boss","ascension_level":0}}