{"host":"ecsunv2cvp1nq2km","time":1612764194,"event":{"mods":["BaseMod","Downfall","Googly Eyes","Hermit","Lobotomy","Minty Spire (QoL Compilation)","Replay The Spire","Robot Space Explorer","StSLib","The Animator","The Dragon Tamer"],"gold_per_floor":[15,25,75,87,99,152,164,176,212,224,251,296,308,340,352,494,506,531,587,599,611,643,698,735,778,861,108,108,140,174,354,354,503,566,599,599,645,682,758,814,853,910,937,937,985,993,993],"floor_reached":46,"language":"ZHS","playtime":4814,"items_purged":[],"score":803,"play_id":"0741e506-4d66-4a28-b24c-1aebf83eaf22","local_time":"20210208140314","is_ascension_mode":false,"campfire_choices":[{"data":"Adrenaline","floor":8.0,"key":"SMITH"},{"floor":10.0,"key":"RECALL"},{"data":"Glass Knife","floor":15.0,"key":"SMITH"},{"floor":28.0,"key":"REST"},{"floor":32.0,"key":"REST"},{"floor":44,"key":"REST"}],"circlet_count":0,"master_deck":["Strike_G","Strike_G","Strike_G","Strike_G+1","Strike_G","Defend_G+1","Defend_G","Defend_G","Defend_G","Defend_G+1","Survivor","Neutralize","Blur","Cloak And Dagger","Voices","Injury","Adrenaline+1","Voices","Poisoned Stab","Escape Plan","downfall:Icky","Glass Knife+1","ReplayTheSpireMod:Faulty Equipment","After Image+1","Blur","Finisher","Doubt","ReplayTheSpireMod:Speed Training","Acrobatics+1","Cloak And Dagger","Decay","Dagger Spray","Crow Ritual","Quick Slash+1","Toxin Wave","Fluid Movement","Fluid Movement","Choke+1","Dramatic Entrance+1","Blur+1","Doubt","Choke+1","Spreading Infection","Looming Evil","Bullet Time","Deflect","Backstab+1","Dark Shackles","Atom Bomb+1","Languid","Skewer+1","Predator+1","ReplayTheSpireMod:Splinters","Dash+1","Spreading Infection","Cloak And Dagger+1","Decay","Injury","Injury","downfall:Malfunctioning","downfall:Bewildered","animator:Curse_Nutcracker","Glass Knife+1","Flying Knee+1","Slice+1"],"relics":["Ring of the Snake","StoneCalendar","ReplayTheSpireMod:Ring of Addiction","Chameleon Ring","Toy Ornithopter","Ring of Greed","Blue Doll","MawBank","Golden Idol","Regal Pillow","Replay:Kaleidoscope","Simple Rune","Orichalcum","ChewingGum","Red Mask","Enchiridion","ReplayTheSpireMod:Lightbulb","Smiling Mask","Molten Egg 2","Nunchaku","Replay:Bandana","Tiny House","Replay:Baseball","Replay:Bottled Steam","Sundial"],"acts_visited":["Exordium","TheCity","TheBeyond"],"potions_floor_usage":[41,42,42,42,42,42,42,45],"damage_taken":[{"damage":2.0,"enemies":"Small Slimes","floor":1.0,"turns":4.0},{"damage":3.0,"enemies":"2 Louse","floor":2.0,"turns":3.0},{"damage":16.0,"enemies":"Gremlin Nob","floor":6.0,"turns":4.0},{"damage":0.0,"enemies":"Jaw Worm","floor":11.0,"turns":4.0},{"damage":0.0,"enemies":"Lagavulin","floor":12.0,"turns":6.0},{"damage":4.0,"enemies":"Exordium Thugs","floor":14.0,"turns":4.0},{"damage":45.0,"enemies":"The Guardian","floor":16.0,"turns":13.0},{"damage":0.0,"enemies":"Chosen","floor":18.0,"turns":6.0},{"damage":11.0,"enemies":"Masked Bandits","floor":19.0,"turns":5.0},{"damage":0.0,"enemies":"Spheric Guardian","floor":22.0,"turns":1.0},{"damage":28.0,"enemies":"Replay:Snechameleon","floor":23.0,"turns":21.0},{"damage":2.0,"enemies":"3 Cultists","floor":24.0,"turns":5.0},{"damage":4.0,"enemies":"Gremlin Leader","floor":25.0,"turns":7.0},{"damage":6.0,"enemies":"Snecko","floor":29.0,"turns":5.0},{"damage":12.0,"enemies":"Centurion and Healer","floor":30.0,"turns":5.0},{"damage":53.0,"enemies":"Champ","floor":33.0,"turns":14.0},{"damage":0.0,"enemies":"Orb Walker","floor":35.0,"turns":4.0},{"damage":2.0,"enemies":"3 Darklings","floor":37.0,"turns":7.0},{"damage":16.0,"enemies":"Spire Growth","floor":38.0,"turns":5.0},{"damage":16.0,"enemies":"R_Hoarder","floor":40.0,"turns":6.0},{"damage":24,"enemies":"Transient","floor":41,"turns":5},{"damage":42,"enemies":"Giant Head","floor":42,"turns":9},{"damage":5,"enemies":"Jaw Worm Horde","floor":45,"turns":4},{"damage":58,"enemies":"R_Hoarder","floor":46,"turns":9}],"seed_played":"-7872603019342684087","potions_obtained":[{"floor":3.0,"key":"Fire Potion"},{"floor":3.0,"key":"Elixir"},{"floor":3.0,"key":"Poison Potion"},{"floor":11.0,"key":"Dexterity Potion"},{"floor":12.0,"key":"Fire Potion"},{"floor":16.0,"key":"Fire Potion"},{"floor":18.0,"key":"CunningPotion"},{"floor":19.0,"key":"Languid Potion"},{"floor":25.0,"key":"Poison Potion"},{"floor":33.0,"key":"AttackPotion"},{"floor":34.0,"key":"DistilledChaos"},{"floor":38.0,"key":"SteroidPotion"},{"floor":39.0,"key":"Reflective Coating"},{"floor":39.0,"key":"Strength Potion"},{"floor":40.0,"key":"Fire Potion"},{"floor":41,"key":"ColorlessPotion"},{"floor":42,"key":"champ:CounterPotion"}],"is_trial":false,"path_per_floor":["M","M","?","?","?","E","T","R","T","R","M","E","$","M","R","B",null,"M","?","$","?","M","E","M","E","T","$","R","M","M","?","R","B",null,"M","?","M","M","?","E","M","E","T","R","M","E"],"character_chosen":"THE_SILENT","items_purchased":["Nunchaku","Replay:Bandana","Crow Ritual","Quick Slash+1","Toxin Wave","Fluid Movement","Choke+1","Dramatic Entrance+1"],"campfire_rested":3,"item_purchase_floors":[27,27,27,27,27,27,27,27],"current_hp_per_floor":[68,65,65,65,65,59,59,59,59,59,64,68,68,64,64,19,68,66,60,60,44,49,26,24,20,20,20,54,48,36,17,50,2,65,65,65,61,47,47,36,17,33,33,63,58,0,0],"gold":993,"neow_bonus":"ONE_RARE_RELIC","is_daily":false,"chose_seed":false,"campfire_upgraded":2,"win_rate":0.0,"timestamp":1612764194,"path_taken":["M","M","?","?","?","E","?","R","T","R","?","E","?","M","R","BOSS","M","?","?","?","M","E","M","E","T","?","R","M","M","?","R","BOSS","M","?","?","?","?","E","?","E","T","R","M","E"],"items_purchased_type":["Relic","Relic","Card","Card","Card","Card","Card","Card"],"build_version":"2020-12-22","purchased_purges":0,"victory":false,"max_hp_per_floor":[70,70,70,70,70,70,70,70,70,68,68,68,68,68,68,68,68,66,66,66,66,66,66,66,66,66,64,64,64,62,62,62,60,65,65,65,63,63,63,63,63,63,63,63,63,63,63],"card_choices":[{"not_picked":["Deflect","Prepared"],"picked":"Blur","floor":1.0},{"not_picked":["Expertise","Deflect"],"picked":"Cloak And Dagger","floor":2.0},{"not_picked":["ReplayTheSpireMod:Scrap Shanks","Backflip"],"picked":"Adrenaline","floor":6.0},{"not_picked":["Bouncing Flask","Cloak And Dagger"],"picked":"Poisoned Stab","floor":11.0},{"not_picked":["Deadly Poison","Cloak And Dagger"],"picked":"Escape Plan","floor":12.0},{"not_picked":["Crippling Poison","Dodge and Roll"],"picked":"Glass Knife","floor":14.0},{"not_picked":["Wraith Form v2","Die Die Die"],"picked":"After Image","floor":16.0},{"not_picked":["Eviscerate","Acrobatics"],"picked":"Blur","floor":18.0},{"not_picked":["Tactician","Blade Dance"],"picked":"Finisher","floor":19.0},{"not_picked":["Slice","Setup"],"picked":"ReplayTheSpireMod:Speed Training","floor":22.0},{"not_picked":["Tactician","Calculated Gamble"],"picked":"Acrobatics+1","floor":23.0},{"not_picked":["Tactician","ReplayTheSpireMod:Exploit Weakness"],"picked":"Cloak And Dagger","floor":24.0},{"not_picked":["PiercingWail","Backflip+1"],"picked":"Dagger Spray","floor":25.0},{"not_picked":["Prepared","Deflect"],"picked":"Blur+1","floor":29.0},{"not_picked":["Dagger Spray+1","ReplayTheSpireMod:Exploit Weakness"],"picked":"Choke+1","floor":30.0},{"not_picked":["Corpse Explosion","Poison Darts"],"picked":"Bullet Time","floor":33.0},{"not_picked":["Crippling Poison","Catalyst"],"picked":"Deflect","floor":34.0},{"not_picked":["PiercingWail+1","Outmaneuver"],"picked":"Backstab+1","floor":35.0},{"not_picked":["ReplayTheSpireMod:Scrap Shanks","Concentrate"],"picked":"Skewer+1","floor":37.0},{"not_picked":["Distraction","Backflip"],"picked":"Predator+1","floor":38.0},{"not_picked":["Blade Dance","Dodge and Roll"],"picked":"Dash+1","floor":39.0},{"not_picked":["Underhanded Strike+1","Well Laid Plans+1"],"picked":"Cloak And Dagger+1","floor":40.0},{"not_picked":["Outmaneuver+1","Catalyst"],"picked":"Glass Knife+1","floor":41},{"not_picked":["ReplayTheSpireMod:Scrap Shanks+1","Terror+1"],"picked":"Flying Knee+1","floor":42},{"not_picked":["Sucker Punch+1","Deadly Poison+1"],"picked":"Slice+1","floor":45}],"player_experience":386180,"relics_obtained":[{"floor":3.0,"key":"ReplayTheSpireMod:Ring of Addiction"},{"floor":3.0,"key":"Chameleon Ring"},{"floor":3.0,"key":"Toy Ornithopter"},{"floor":3.0,"key":"Ring of Greed"},{"floor":3.0,"key":"Blue Doll"},{"floor":3.0,"key":"MawBank"},{"floor":6.0,"key":"Regal Pillow"},{"floor":7.0,"key":"Replay:Kaleidoscope"},{"floor":9.0,"key":"Simple Rune"},{"floor":12.0,"key":"Orichalcum"},{"floor":19.0,"key":"Red Mask"},{"floor":21.0,"key":"Enchiridion"},{"floor":23.0,"key":"ReplayTheSpireMod:Lightbulb"},{"floor":25.0,"key":"Smiling Mask"},{"floor":26.0,"key":"Molten Egg 2"},{"floor":39.0,"key":"Replay:Baseball"},{"floor":40.0,"key":"Replay:Bottled Steam"},{"floor":42,"key":"Sundial"}],"event_choices":[{"damage_healed":0.0,"max_hp_gain":0.0,"max_hp_loss":0.0,"gold_gain":0.0,"event_name":"Golden Idol","player_choice":"Take Wound","floor":4.0,"gold_loss":0.0,"damage_taken":0.0,"relics_obtained":["Golden Idol"],"cards_obtained":["Injury"]},{"damage_healed":0.0,"max_hp_gain":0.0,"max_hp_loss":0.0,"gold_gain":0.0,"event_name":"Masked Bandits","player_choice":"Fought Bandits","floor":19.0,"gold_loss":0.0,"damage_taken":0.0},{"damage_healed":0.0,"max_hp_gain":0.0,"max_hp_loss":0.0,"gold_gain":0.0,"event_name":"Cursed Tome","player_choice":"Obtained Book","floor":21.0,"gold_loss":0.0,"damage_taken":16.0},{"damage_healed":0.0,"max_hp_gain":0.0,"max_hp_loss":0.0,"gold_gain":180.0,"event_name":"Knowing Skull","player_choice":"GOLD GOLD ","floor":31.0,"potions_obtained":[],"gold_loss":0.0,"damage_taken":19.0,"cards_obtained":[]},{"damage_healed":0.0,"max_hp_gain":0.0,"max_hp_loss":0.0,"gold_gain":0.0,"event_name":"Match and Keep!","player_choice":"2 cards matched","floor":36.0,"gold_loss":0.0,"damage_taken":0.0,"cards_obtained":["Dark Shackles","Atom Bomb"]}],"is_beta":false,"boss_relics":[{"not_picked":["Fusion Hammer","Ring of Chaos"],"picked":"ChewingGum"},{"not_picked":["Pandora\u0027s Box","Ring of the Serpent"],"picked":"Tiny House"}],"items_purged_floors":[],"is_endless":false,"potions_floor_spawned":[11,12,16,18,19,25,33,38,40,41,42],"killed_by":"R_Hoarder","ascension_level":0}}