{"host":"2i0myh7fqij2ti1z","time":1612770310,"event":{"mods":["Aspiration","BaseMod","Better Third Choice","Colored Powertips","Conspire","Evolution","FoggyMod","GifTheSpireLib","Highlight Path","Hubris","Minty Spire (QoL Compilation)","Permanent Neow","Quick Restart","Random Character Button","Random Character Mod","Replay The Spire","Shop Mod","Spicy Shops","StSLib","Stuff the Spire","Wandering Minibosses","óô»ðÖ¸ÄÏ"],"gold_per_floor":[109,109,109,109,133,160,160,187,213,243,318,318,268,299,299,403,503,519,519,203,103,553,579,559,589,589,618,618,335,335,360,415,515,515,532,532,532,584,584,584],"floor_reached":39,"language":"ENG","playtime":1551,"items_purged":["Strike_R","Defend_R","Defend_R"],"score":957,"play_id":"b6ebea76-cb2f-4aee-81cf-3cda55c766e4","local_time":"20210208154510","is_ascension_mode":true,"campfire_choices":[{"data":"Double Tap","floor":7.0,"key":"SMITH"},{"data":"Bash","floor":12.0,"key":"SMITH"},{"data":"Iron Wave","floor":15.0,"key":"SMITH"},{"data":"Intimidate","floor":28.0,"key":"SMITH"}],"circlet_count":0,"master_deck":["AscendersBane","Run Through","Iron Wave+1","Bash+1","Double Tap+1","Reaper","Intimidate+1","Disarm+1","Limit Break+1","Feed+1","Metallicize+1"],"relics":["Burning Blood","EVO:Axolotl","aspiration:Nostalgia","Replay:M_SmolderingBlood","Black Star","Juzu Bracelet","hubris:Towel","StuffTheSpire:Gunfinga","StuffTheSpire:DarkSteelAnvil","hubris:FunFungus","Matryoshka","Mummified Hand","Replay:Wax Seal","Akabeko","Onion Ring","Replay:Accelerometer","conspire:BottledYoYo","Lantern","Replay:Wanted Poster","Du-Vu Doll","Paper Frog","HornCleat","ReplayTheSpireMod:Lightbulb","StuffTheSpire:Experiment12","Molten Egg 2","Replay:Bottled Snecko","StuffTheSpire:Mouthbags","Ice Cream","Orichalcum","Unceasing Top","Toxic Egg 2","aspiration:Lifesprig","Pandora\u0027s Box","hubris:MedicalManual"],"acts_visited":["Exordium","TheCity","TheBeyond"],"potions_floor_usage":[],"damage_taken":[{"damage":12.0,"enemies":"2 Louse","floor":1.0,"turns":3.0},{"damage":40.0,"enemies":"3 Sentries","floor":6.0,"turns":8.0},{"damage":25.0,"enemies":"Lagavulin","floor":8.0,"turns":4.0},{"damage":10.0,"enemies":"3 Sentries","floor":10.0,"turns":3.0},{"damage":20.0,"enemies":"Lagavulin","floor":14.0,"turns":3.0},{"damage":36.0,"enemies":"The Guardian","floor":16.0,"turns":5.0},{"damage":0.0,"enemies":"3 Byrds","floor":18.0,"turns":4.0},{"damage":11.0,"enemies":"Book of Stabbing","floor":23.0,"turns":3.0},{"damage":11.0,"enemies":"Slavers","floor":25.0,"turns":2.0},{"damage":0.0,"enemies":"Gremlin Leader","floor":27.0,"turns":3.0},{"damage":2.0,"enemies":"conspire:SneckoGhost","floor":31.0,"turns":2.0},{"damage":3.0,"enemies":"hubris:MusketHawk","floor":33.0,"turns":3.0},{"damage":6.0,"enemies":"3 Darklings","floor":35.0,"turns":3.0},{"damage":6.0,"enemies":"2 Orb Walkers","floor":38.0,"turns":3.0}],"seed_played":"4480556945973632282","potions_obtained":[{"floor":6.0,"key":"BlessingOfTheForge"},{"floor":8.0,"key":"Adrenaline Potion"},{"floor":10.0,"key":"EssenceOfSteel"},{"floor":18.0,"key":"LiquidBronze"},{"floor":24.0,"key":"LiquidMemories"},{"floor":25.0,"key":"BloodPotion"}],"is_trial":false,"path_per_floor":["M","?","?","?","T","E","R","E","T","E","?","R","?","E","R","B",null,"M","?","$","$","?","E","?","E","T","E","R","$","?","E","R","B",null,"M","?","?","?","M"],"character_chosen":"IRONCLAD","items_purchased":["Paper Frog","Disarm"],"campfire_rested":0,"item_purchase_floors":[20,29],"current_hp_per_floor":[66,66,66,66,66,32,32,13,13,9,69,69,69,55,55,26,67,80,80,80,80,34,58,58,75,75,80,80,80,80,80,80,80,80,85,85,85,90,90,90],"gold":584,"neow_bonus":"NOSTALGIA","is_daily":false,"chose_seed":false,"campfire_upgraded":4,"win_rate":0.0,"timestamp":1612770310,"path_taken":["M","?","?","?","?","E","R","E","T","E","?","R","?","E","R","BOSS","M","?","?","$","?","E","?","E","T","E","R","?","?","E","R","BOSS","M","?","?","?","?"],"items_purchased_type":["Relic","Card"],"build_version":"2020-12-22","purchased_purges":3,"victory":false,"max_hp_per_floor":[80,80,80,80,80,80,80,80,80,80,80,80,80,80,80,80,80,80,80,80,80,80,80,80,80,80,80,80,80,80,80,80,80,80,85,85,85,90,90,90],"card_choices":[{"not_picked":["Rampage","BowlingBash","ReplayTheSpireMod:Strike From Hell"],"picked":"SKIP","floor":1.0},{"not_picked":["Crescendo","Swivel"],"picked":"Double Tap","floor":6.0},{"not_picked":["Headbutt","Iron Wave","StuffTheSpire:Pyroclast"],"picked":"SKIP","floor":8.0},{"not_picked":["Dual Wield","Sword Boomerang"],"picked":"ReachHeaven","floor":10.0},{"not_picked":["Massacre","Halt","FollowUp"],"picked":"SKIP","floor":14.0},{"not_picked":["Demonic Infusion","Eclipse"],"picked":"Reaper","floor":16.0},{"not_picked":["Flex+1","Heavy Blade+1"],"picked":"Metallicize+1","floor":18.0},{"not_picked":["Power Through","Reckless Charge"],"picked":"Metallicize+1","floor":23.0},{"not_picked":["Body Slam+1","Pummel+1"],"picked":"Intimidate","floor":25.0},{"not_picked":["Perfected Strike+1","Evolve","Shrug It Off"],"picked":"SKIP","floor":27.0},{"not_picked":["ReplayTheSpireMod:LeadingStrike+1","Feel No Pain","Rampage+1"],"picked":"SKIP","floor":31.0},{"not_picked":["Reaper+1","Impervious+1"],"picked":"Limit Break+1","floor":33.0},{"not_picked":["Entrench+1","ReplayTheSpireMod:Strike From Hell+1","Heavy Blade+1"],"picked":"SKIP","floor":35.0}],"player_experience":327787,"relics_obtained":[{"floor":5.0,"key":"StuffTheSpire:Gunfinga"},{"floor":6.0,"key":"StuffTheSpire:DarkSteelAnvil"},{"floor":6.0,"key":"hubris:FunFungus"},{"floor":8.0,"key":"Matryoshka"},{"floor":8.0,"key":"Mummified Hand"},{"floor":9.0,"key":"Replay:Wax Seal"},{"floor":9.0,"key":"Akabeko"},{"floor":10.0,"key":"Onion Ring"},{"floor":10.0,"key":"Replay:Accelerometer"},{"floor":14.0,"key":"conspire:BottledYoYo"},{"floor":14.0,"key":"Lantern"},{"floor":23.0,"key":"HornCleat"},{"floor":23.0,"key":"ReplayTheSpireMod:Lightbulb"},{"floor":25.0,"key":"StuffTheSpire:Experiment12"},{"floor":25.0,"key":"Molten Egg 2"},{"floor":26.0,"key":"Replay:Bottled Snecko"},{"floor":26.0,"key":"StuffTheSpire:Mouthbags"},{"floor":27.0,"key":"Ice Cream"},{"floor":27.0,"key":"Orichalcum"},{"floor":31.0,"key":"Toxic Egg 2"},{"floor":31.0,"key":"aspiration:Lifesprig"},{"floor":38.0,"key":"hubris:MedicalManual"}],"event_choices":[{"cards_removed":["Defend_R"],"damage_healed":0.0,"max_hp_gain":0.0,"max_hp_loss":0.0,"gold_gain":0.0,"event_name":"Purifier","player_choice":"Purged","floor":2.0,"gold_loss":0.0,"damage_taken":0.0},{"cards_removed":["Defend_R"],"damage_healed":0.0,"max_hp_gain":0.0,"max_hp_loss":0.0,"gold_gain":0.0,"event_name":"Living Wall","player_choice":"Forget","floor":3.0,"gold_loss":0.0,"damage_taken":0.0},{"damage_healed":0.0,"max_hp_gain":0.0,"max_hp_loss":0.0,"gold_gain":0.0,"event_name":"conspire:Investor","player_choice":"Leave","floor":4.0,"gold_loss":0.0,"damage_taken":0.0},{"damage_healed":0.0,"max_hp_gain":0.0,"max_hp_loss":0.0,"gold_gain":75.0,"event_name":"betterThird:BetterGoop","player_choice":"Gold","floor":11.0,"gold_loss":0.0,"damage_taken":11.0},{"cards_removed":["Strike_R"],"damage_healed":0.0,"max_hp_gain":0.0,"max_hp_loss":0.0,"gold_gain":0.0,"event_name":"The Cleric","player_choice":"Card Removal","floor":13.0,"gold_loss":50.0,"damage_taken":0.0},{"damage_healed":0.0,"max_hp_gain":0.0,"max_hp_loss":0.0,"gold_gain":450.0,"event_name":"Knowing Skull","player_choice":"GOLD GOLD GOLD GOLD GOLD ","floor":22.0,"potions_obtained":[],"gold_loss":0.0,"damage_taken":46.0,"cards_obtained":[]},{"damage_healed":0.0,"max_hp_gain":0.0,"max_hp_loss":0.0,"gold_gain":0.0,"event_name":"The Woman in Blue","player_choice":"Bought 1 Potion","floor":24.0,"gold_loss":0.0,"damage_taken":0.0},{"cards_removed":["Metallicize"],"damage_healed":0.0,"max_hp_gain":0.0,"max_hp_loss":0.0,"gold_gain":0.0,"event_name":"WeMeetAgain","player_choice":"Gave Card","floor":30.0,"gold_loss":0.0,"damage_taken":0.0,"relics_obtained":["Unceasing Top"]},{"cards_removed":["ReachHeaven"],"damage_healed":0.0,"max_hp_gain":0.0,"max_hp_loss":0.0,"gold_gain":0.0,"event_name":"Falling","player_choice":"Removed Attack","floor":36.0,"gold_loss":0.0,"damage_taken":0.0},{"damage_healed":0.0,"max_hp_gain":0.0,"max_hp_loss":0.0,"gold_gain":0.0,"event_name":"Mysterious Sphere","player_choice":"Fight","floor":38.0,"gold_loss":0.0,"damage_taken":0.0},{"damage_healed":0,"gold_gain":0,"player_choice":"Ignored","damage_taken":0,"max_hp_gain":0,"max_hp_loss":0,"event_name":"Tomb of Lord Red Mask","floor":39,"gold_loss":0}],"is_beta":false,"boss_relics":[{"not_picked":["conspire:RoyalGoblet","conspire:SpecialSausage"],"picked":"Replay:Wanted Poster"},{"not_picked":["Ooze Armor","Fusion Hammer"],"picked":"Pandora\u0027s Box"}],"items_purged_floors":[20,21,29],"is_endless":false,"potions_floor_spawned":[6,8,10,18,25,27,35],"ascension_level":10}}