{"host":"3j2m8n0ywf988fwb","time":1612754049,"event":{"mods":["2.2 Compatiblity","AchievementEnabler","Act Like it!","Aspiration","Astrologer","BaseMod","Better Altar","Better Match","Better Note","Better Sensory Stone","Better Skull","Better Third Choice","CCEM2","ChefMod","Colored Map","Colored Powertips","Conspire","Dark Map","Energized Spire","GifTheSpireLib","Halation","Hallownest","Highlight Path","Hubris","Infinite Spire","Jedi Mod","Marisa????????","Marked Mod","Mimic Mod","Minty Spire (QoL Compilation)","Monster B Gone","Random Character Button","Relic Filter Mod","Relic Stats","Reliquary","Replay The Spire","Robot Space Explorer","Shade Mod","Shop Mod","Somnambulant","StS++","StSLib","Stuff the Spire","The Bug Knight","The Elementalist","The Hierophant","The Runesmith","TheBandit","TheFirefly","Unceasing Turn Reminder","Weighted Paths","everything is the same but u backflip on backflip"],"gold_per_floor":[10,10,29,43,63,88,88,113,138,138,63,90,108,108,108,211,211,229,199,199,299,13,48,48,66,66,66,91,91,13,24,24,127,127,143,143,33,53,53,53,53,53],"floor_reached":41,"language":"ENG","playtime":2081,"items_purged":["Decay","Injury"],"score":545,"play_id":"fbfed2b5-85fc-476a-be3d-7722012ac9e6","local_time":"20210207211409","is_ascension_mode":true,"campfire_choices":[{"data":"UnstableBomb","floor":7,"key":"SMITH"},{"data":"OortCloud","floor":10,"key":"SMITH"},{"floor":15,"key":"REST"},{"floor":24,"key":"REST"},{"data":"UnstableBomb","floor":27,"key":"SMITH"},{"data":"UnstableBomb","floor":29,"key":"SMITH"},{"data":"EarthLightRay","floor":32,"key":"SMITH"}],"circlet_count":0,"master_deck":["Strike_MRS","Strike_MRS","Strike_MRS","Strike_MRS","Defend_MRS","Defend_MRS","Defend_MRS","Defend_MRS","MasterSpark","UpSweep","UnstableBomb+1","UnstableBomb","NonDirectionalLaser","DeepEcoloBomb","GrandCross","OortCloud+1","GrandCross","EarthLightRay+1","CasketOfStar+1","UnstableBomb+1","GravityBeat","Acceleration","MagicAbsorber","MagicAbsorber","GravityBeat+1","GravityBeat+1","UnstableBomb+1","EnergyFlow+1","BlazeAway+1","TreasureHunter","OrrerysSun+1","ChargeUpSpray+1"],"relics":["BewitchedHakkero","CCEMRelics:WarHorn","aspiration:HatOfInfinitePower","StuffTheSpire:Experiment12","ReplayTheSpireMod:TigerMarble","Simple Rune","Frozen Egg 2","Philosopher\u0027s Stone","Replay:Rubber Ducky","halation:NonexistentMirror","MealTicket","hubris:CrystalStatue","conspire:GlowingRock","Bloody Idol"],"acts_visited":["Exordium","TheCity","TheBeyond"],"potions_floor_usage":[8,25],"damage_taken":[{"damage":0,"enemies":"2 Louse","floor":1,"turns":3},{"damage":0,"enemies":"Cultist","floor":3,"turns":3},{"damage":3,"enemies":"Jaw Worm","floor":4,"turns":3},{"damage":12,"enemies":"Looter","floor":5,"turns":3},{"damage":4,"enemies":"Gremlin Nob","floor":6,"turns":3},{"damage":23,"enemies":"3 Sentries","floor":8,"turns":5},{"damage":12,"enemies":"Lagavulin","floor":12,"turns":4},{"damage":0,"enemies":"Blue Slaver","floor":13,"turns":1},{"damage":0,"enemies":"Fading Forest","floor":16,"turns":11},{"damage":10,"enemies":"Shell Parasite","floor":18,"turns":4},{"damage":37,"enemies":"Book of Stabbing","floor":23,"turns":5},{"damage":0,"enemies":"3 Byrds","floor":25,"turns":4},{"damage":23,"enemies":"Slavers","floor":28,"turns":4},{"damage":0,"enemies":"Snecko","floor":31,"turns":3},{"damage":57,"enemies":"Automaton","floor":33,"turns":7},{"damage":29,"enemies":"3 Darklings","floor":35,"turns":3},{"damage":0,"enemies":"3 Shapes","floor":38,"turns":4},{"damage":61,"enemies":"Giant Head","floor":41,"turns":8}],"seed_played":"-8341617858103408091","potions_obtained":[{"floor":4,"key":"PowerPotion"},{"floor":5,"key":"SkillPotion"},{"floor":12,"key":"Elixir"},{"floor":16,"key":"Death Potion"},{"floor":19,"key":"StSpp:SecondWindPotion"},{"floor":19,"key":"Languid Potion"},{"floor":33,"key":"jedi:wingpotion"},{"floor":38,"key":"Flashbang"}],"is_trial":false,"path_per_floor":["M","?","M","M","M","E","R","E","T","R","$","E","M","?","R","B",null,"M","?","AVR","?","$","E","R","M","T","R","E","R","$","M","R","B",null,"M","?","$","M","?","$","E"],"character_chosen":"MARISA","items_purchased":["GravityBeat","Acceleration","halation:NonexistentMirror","MagicAbsorber","EnergyFlow+1","OrrerysSun+1","ChargeUpSpray"],"campfire_rested":2,"item_purchase_floors":[22,22,22,22,30,37,37],"current_hp_per_floor":[75,75,75,72,60,56,56,33,33,33,33,25,25,25,47,61,75,65,65,65,65,65,32,54,58,58,58,41,41,56,56,56,5,75,46,8,23,34,34,49,0,0],"gold":53,"neow_bonus":"ONE_RARE_RELIC","is_daily":false,"chose_seed":false,"campfire_upgraded":5,"win_rate":0.0,"timestamp":1612754049,"path_taken":["M","?","M","M","?","E","R","E","T","R","$","E","M","?","R","BOSS","M","?","AVR","?","$","E","R","M","T","R","E","R","?","?","R","BOSS","M","?","$","?","?","?","E"],"items_purchased_type":["Card","Card","Relic","Card","Card","Card","Card"],"build_version":"2020-12-22","purchased_purges":2,"victory":false,"max_hp_per_floor":[75,75,75,75,75,75,75,75,75,75,75,75,75,75,75,75,75,75,75,75,75,75,75,75,75,75,75,75,75,75,75,75,75,75,75,75,75,75,75,75,75,75],"relic_stats":{"counters":[18,78],"Bloody Idol":5,"MealTicket":45,"obtain_stats":[{"hubris:CrystalStatue":26,"Blue Candle":18,"Frozen Egg 2":14,"Replay:Rubber Ducky":20,"StuffTheSpire:Experiment12":8,"halation:NonexistentMirror":22,"conspire:GlowingRock":28,"Bloody Idol":36,"Simple Rune":12,"Philosopher\u0027s Stone":17,"MealTicket":23,"ReplayTheSpireMod:TigerMarble":9,"MiniHakkero":0,"BewitchedHakkero":34,"CCEMRelics:WarHorn":0,"aspiration:HatOfInfinitePower":6},{"hubris:CrystalStatue":12,"Blue Candle":10,"Frozen Egg 2":8,"Replay:Rubber Ducky":10,"StuffTheSpire:Experiment12":6,"halation:NonexistentMirror":10,"conspire:GlowingRock":13,"Bloody Idol":16,"Simple Rune":7,"Philosopher\u0027s Stone":9,"MealTicket":11,"ReplayTheSpireMod:TigerMarble":6,"MiniHakkero":0,"BewitchedHakkero":15,"CCEMRelics:WarHorn":0,"aspiration:HatOfInfinitePower":5},{"hubris:CrystalStatue":49,"Blue Candle":37,"Frozen Egg 2":25,"Replay:Rubber Ducky":40,"StuffTheSpire:Experiment12":20,"halation:NonexistentMirror":40,"conspire:GlowingRock":53,"Bloody Idol":66,"Simple Rune":24,"Philosopher\u0027s Stone":36,"MealTicket":45,"ReplayTheSpireMod:TigerMarble":20,"MiniHakkero":0,"BewitchedHakkero":63,"CCEMRelics:WarHorn":0,"aspiration:HatOfInfinitePower":15}]},"card_choices":[{"not_picked":["LuminesStrike","AlicesGift"],"picked":"UnstableBomb","floor":1},{"not_picked":["StarlightTyphoon","SporeBomb"],"picked":"UnstableBomb","floor":3},{"not_picked":["SatelliteIllusion","LuminesStrike"],"picked":"NonDirectionalLaser","floor":4},{"not_picked":["FairyDestructionRay","GravityBeat"],"picked":"DeepEcoloBomb","floor":5},{"not_picked":["SporeBomb","DC"],"picked":"GrandCross","floor":6},{"not_picked":["Orbital","ChargingUp"],"picked":"OortCloud","floor":8},{"not_picked":["SporeBomb","ManaConvection"],"picked":"GrandCross","floor":12},{"not_picked":["GrandCross","Orbital"],"picked":"EarthLightRay","floor":13},{"not_picked":["BlazingStar","AbsoluteMagnitude"],"picked":"CasketOfStar+1","floor":16},{"not_picked":["LuminesStrike","ShootingEcho"],"picked":"UnstableBomb","floor":18},{"not_picked":["MysteriousBeam+1","WitchLeyline","WitchOfGreed+1"],"picked":"SKIP","floor":23},{"not_picked":["FinalSpark","ShootingEcho"],"picked":"GravityBeat+1","floor":25},{"not_picked":["ShootingEcho","Occultation"],"picked":"UnstableBomb","floor":28},{"not_picked":["StarlightTyphoon","MagicAbsorber"],"picked":"BlazeAway+1","floor":31},{"not_picked":["EscapeVelocity+1","CollectingQuirk"],"picked":"TreasureHunter","floor":33},{"not_picked":["DarkSpark+1","Orbital+1","WitchLeyline+1"],"picked":"SKIP","floor":35},{"not_picked":["IllusionStar","GravityBeat","MeteoricShower"],"picked":"SKIP","floor":38}],"player_experience":1080331,"relics_obtained":[{"floor":6,"key":"aspiration:HatOfInfinitePower"},{"floor":8,"key":"StuffTheSpire:Experiment12"},{"floor":9,"key":"ReplayTheSpireMod:TigerMarble"},{"floor":12,"key":"Simple Rune"},{"floor":23,"key":"MealTicket"},{"floor":26,"key":"hubris:CrystalStatue"},{"floor":28,"key":"conspire:GlowingRock"}],"event_choices":[{"damage_healed":0,"gold_gain":0,"player_choice":"Cursed","damage_taken":0,"max_hp_gain":0,"max_hp_loss":0,"event_name":"Wheel of Change","floor":2,"gold_loss":0,"cards_obtained":["Decay"]},{"damage_healed":0,"gold_gain":0,"player_choice":"Bought 2 Potions","damage_taken":0,"max_hp_gain":0,"max_hp_loss":0,"event_name":"The Woman in Blue","floor":19,"gold_loss":0},{"damage_healed":0,"gold_gain":100,"player_choice":"Pray","damage_taken":0,"max_hp_gain":0,"max_hp_loss":0,"event_name":"Golden Shrine","floor":21,"gold_loss":0},{"damage_healed":0,"gold_gain":0,"player_choice":"Random: Violet","damage_taken":0,"max_hp_gain":0,"max_hp_loss":0,"event_name":"betterThird:BetterPortal","floor":36,"gold_loss":0},{"damage_healed":0,"gold_gain":0,"player_choice":" Idol ","damage_taken":38,"relics_obtained":["Bloody Idol"],"max_hp_gain":46,"max_hp_loss":8,"event_name":"betterAltar:BetterAltar","floor":36,"potions_obtained":[],"relics_lost":[],"gold_loss":0}],"is_beta":false,"boss_relics":[{"not_picked":["aspiration:RunicSpoon","jedi:battlestandard"],"picked":"Philosopher\u0027s Stone"},{"not_picked":["StuffTheSpire:RunicConfusion","energizedSpire:DeadBattery"],"picked":"BewitchedHakkero"}],"items_purged_floors":[11,20],"is_endless":false,"potions_floor_spawned":[4,5,12,16,23,33,38],"killed_by":"Giant Head","ascension_level":1}}