{"host":"agga6lej02o7kt08","time":1607546109,"event":{"gold_per_floor":[117,117,128,147,72,89,122,141,141,141,171,182,182,208,208,304,304,319,348,348,362,362,390,390,415,415],"floor_reached":25,"playtime":1644,"items_purged":["ats:Powerful Strike","ats:Powerful Strike"],"score":508,"play_id":"36dcc0be-ed8d-4430-ac35-287baeba0a7a","local_time":"20201210053509","is_ascension_mode":true,"campfire_choices":[{"data":"ats:Emotion Absorption","floor":15,"key":"SMITH"},{"data":"ats:Blood Oath","floor":24,"key":"SMITH"}],"neow_cost":"NONE","seed_source_timestamp":734550870379600,"circlet_count":0,"master_deck":["ats:Armor Crushing Shot","ats:Defend Up","ats:Defend Up","ats:Emotion Absorption+1","ats:Emotion Absorption+1","ats:Composite Medical Shells","REME_ProfessionalPlagiarism","ats:Thorns","ats:Soul Absorption","ats:Echo Reverb","ats:Assault Order","ats:Hook Shot+1","ats:Blood Oath+1","ats:Roar Of Ursus+1","ats:Explosion Area Strengthen+1"],"relics":["ats:Sanity","REME_ComplimentaryCards","ReplayTheSpireMod:Shallot","REME_PuzzleBoxRelic","Orichalcum","Centennial Puzzle","Red Mask","Nloth\u0027s Gift","Golden Egg","Empty Cage","aspiration:HiddenCompartment","ats:Gyao"],"potions_floor_usage":[6,8,11,11,14,16,19],"damage_taken":[{"damage":0,"enemies":"Cultist","floor":1,"turns":3},{"damage":0,"enemies":"Jaw Worm","floor":3,"turns":3},{"damage":0,"enemies":"Small Slimes","floor":4,"turns":3},{"damage":27,"enemies":"Gremlin Gang","floor":6,"turns":7},{"damage":0,"enemies":"Gremlin Nob","floor":7,"turns":2},{"damage":15,"enemies":"Exordium Thugs","floor":8,"turns":9},{"damage":4,"enemies":"Lagavulin","floor":11,"turns":8},{"damage":0,"enemies":"3 Louse","floor":12,"turns":3},{"damage":0,"enemies":"Blue Slaver","floor":13,"turns":3},{"damage":9,"enemies":"3 Sentries","floor":14,"turns":8},{"damage":9,"enemies":"Hexaghost","floor":16,"turns":9},{"damage":10,"enemies":"Chosen","floor":18,"turns":6},{"damage":11,"enemies":"Masked Bandits","floor":19,"turns":5},{"damage":0,"enemies":"Shell Parasite","floor":21,"turns":3},{"damage":23,"enemies":"Slavers","floor":23,"turns":6},{"damage":4,"enemies":"REME_1_Revenger","floor":25,"turns":4}],"seed_played":"-8544487660780532418","potions_obtained":[{"floor":4,"key":"Block Potion"},{"floor":7,"key":"Swift Potion"},{"floor":10,"key":"Regen Potion"},{"floor":10,"key":"Death Potion"},{"floor":11,"key":"Fire Potion"},{"floor":14,"key":"Doom Potion"},{"floor":16,"key":"SpeedPotion"},{"floor":19,"key":"SteroidPotion"},{"floor":23,"key":"Energy Potion"}],"is_trial":false,"path_per_floor":["M","?","M","M","$","M","E","M","T","?","E","M","M","E","R","B",null,"M","?","?","M","AVR","E","R","E"],"character_chosen":"DOCTOR_CLASS","items_purchased":[],"campfire_rested":0,"item_purchase_floors":[],"current_hp_per_floor":[72,72,72,72,72,45,45,30,30,30,46,51,51,42,42,37,69,59,48,48,48,48,38,38,37,37],"gold":415,"neow_bonus":"TEN_PERCENT_HP_BONUS","is_prod":false,"is_daily":false,"chose_seed":false,"campfire_upgraded":2,"win_rate":0,"timestamp":1607546109,"path_taken":["M","?","?","M","$","M","E","M","T","?","E","M","?","E","R","BOSS","M","?","?","?","AVR","E","R","E"],"build_version":"2020-11-30","purchased_purges":2,"victory":false,"max_hp_per_floor":[79,79,79,79,79,79,79,79,79,79,79,79,79,79,79,79,79,79,79,79,79,79,79,79,79,79],"card_choices":[{"not_picked":["ats:Defend Order","ats:Magnetic Hammer","ats:Ignite"],"picked":"SKIP","floor":1},{"not_picked":["ats:Shadow Raid","ats:Consecutive Shot: Auto","ats:Attack Strengthen"],"picked":"SKIP","floor":3},{"not_picked":["ats:Flexible Camouflage","ats:Defend Order","ats:Durian"],"picked":"SKIP","floor":4},{"not_picked":["ats:Overload","ats:Support Order","ats:Assault Order"],"picked":"SKIP","floor":6},{"not_picked":["ats:Volcano","ats:Poison Spread","ats:Revitalization"],"picked":"SKIP","floor":7},{"not_picked":["ats:Revitalization","ats:Poison Spread","ats:Very Hot Blade"],"picked":"ats:Thorns","floor":8},{"not_picked":["ats:Attack Strengthen","ats:Assault Order","ats:Rapid Magazine"],"picked":"SKIP","floor":11},{"not_picked":["ats:Composite Medical Shells","ats:Attack Strengthen","ats:Very Hot Blade"],"picked":"SKIP","floor":12},{"not_picked":["ats:Flexible Camouflage","ats:Curse Doll"],"picked":"ats:Soul Absorption","floor":14},{"not_picked":["ats:Roar Of Ursus","ats:Beaten Up"],"picked":"ats:Echo Reverb","floor":16},{"not_picked":["ats:Mental Burst","ats:Just Like an Apocalypse"],"picked":"ats:Assault Order","floor":18},{"not_picked":["ats:Shell Defense","ats:Revitalization+1"],"picked":"ats:Hook Shot+1","floor":19},{"not_picked":["ats:Overload","ats:Chain Hook"],"picked":"ats:Blood Oath","floor":21},{"not_picked":["ats:Composite Medical Shells","ats:Encircling Forest"],"picked":"ats:Roar Of Ursus","floor":23},{"not_picked":["ats:Consecutive Shot: Auto","ats:Roar Of Ursus"],"picked":"ats:Explosion Area Strengthen+1","floor":25}],"player_experience":1080832,"relics_obtained":[{"floor":7,"key":"ReplayTheSpireMod:Shallot"},{"floor":9,"key":"REME_PuzzleBoxRelic"},{"floor":11,"key":"Orichalcum"},{"floor":14,"key":"Centennial Puzzle"},{"floor":19,"key":"Red Mask"},{"floor":23,"key":"aspiration:HiddenCompartment"},{"floor":25,"key":"ats:Gyao"}],"event_choices":[{"damage_healed":0,"gold_gain":0,"cards_transformed":["ats:Defend Up"],"player_choice":"Transformed","damage_taken":0,"max_hp_gain":0,"max_hp_loss":0,"event_name":"Transmorgrifier","floor":2,"gold_loss":0,"cards_obtained":["ats:Composite Medical Shells"]},{"damage_healed":0,"gold_gain":0,"player_choice":"Got Potions","damage_taken":0,"max_hp_gain":0,"max_hp_loss":0,"event_name":"Lab","floor":10,"gold_loss":0},{"damage_healed":0,"gold_gain":0,"player_choice":"Fought Bandits","damage_taken":0,"max_hp_gain":0,"max_hp_loss":0,"event_name":"Masked Bandits","floor":19,"gold_loss":0},{"damage_healed":0,"gold_gain":0,"player_choice":"Traded Relic","damage_taken":0,"relics_obtained":["Nloth\u0027s Gift"],"max_hp_gain":0,"max_hp_loss":0,"event_name":"N\u0027loth","floor":20,"relics_lost":["SacredBark"],"gold_loss":0}],"is_beta":false,"boss_relics":[{"not_picked":["aspiration:SecretTechniqueScroll","hubris:GrandSneckoEye"],"picked":"SacredBark"}],"items_purged_floors":[5,22],"is_endless":false,"potions_floor_spawned":[4,7,11,13,14,16,19,23],"killed_by":"REME_1_Revenger","ascension_level":8}}