{"host":"7t8rqoeeopyy0nh0","time":1607554875,"event":{"gold_per_floor":[117,131,131,141,159,185,196,222,222,256,271,306,306,320,320,425,425,445,61,74,107,126,126,126,126,126],"floor_reached":25,"playtime":1249,"items_purged":["Strike_G","Well Laid Plans"],"score":469,"play_id":"bd7314c0-4de2-4057-b4d2-ba6748ab6944","local_time":"20201209180115","is_ascension_mode":true,"campfire_choices":[{"data":"Catalyst","floor":13,"key":"SMITH"},{"data":"Backstab","floor":15,"key":"SMITH"},{"data":"Neutralize","floor":23,"key":"SMITH"}],"neow_cost":"","seed_source_timestamp":393339778031700,"circlet_count":0,"master_deck":["Strike_G","Defend_G","Defend_G","Defend_G","Defend_G","Survivor","Neutralize+1","Backstab+1","Quick Slash","Noxious Fumes","Noxious Fumes","Dagger Spray","Expertise","Catalyst+1","Pot Of Greed","Pot Of Greed","PiercingWail","Replay:Bag of Tricks","Well Laid Plans+1","Deadly Poison","Caltrops","Conserve Battery","ReplayTheSpireMod:Book of Names","Pot Of Greed"],"relics":["Ring of the Snake","Meat on the Bone","Centennial Puzzle","Grinning Jar","TungstenRod","Akabeko","Happy Flower","Empty Cage","PrismaticShard","Red Mask"],"potions_floor_usage":[5,6,8,10,21,25],"damage_taken":[{"damage":0,"enemies":"2 Louse","floor":1,"turns":3},{"damage":2,"enemies":"Cultist","floor":2,"turns":4},{"damage":7,"enemies":"Jaw Worm","floor":4,"turns":4},{"damage":7,"enemies":"3 Louse","floor":5,"turns":2},{"damage":18,"enemies":"Lagavulin","floor":6,"turns":6},{"damage":7,"enemies":"Large Slime","floor":7,"turns":5},{"damage":14,"enemies":"3 Sentries","floor":8,"turns":5},{"damage":7,"enemies":"Replay:BlueRogue","floor":10,"turns":6},{"damage":11,"enemies":"Exordium Thugs","floor":11,"turns":4},{"damage":19,"enemies":"3 Sentries","floor":12,"turns":5},{"damage":3,"enemies":"Blue Slaver","floor":14,"turns":4},{"damage":31,"enemies":"Slime Boss","floor":16,"turns":8},{"damage":15,"enemies":"Shell Parasite","floor":18,"turns":5},{"damage":11,"enemies":"3 Byrds","floor":20,"turns":4},{"damage":20,"enemies":"Masked Bandits","floor":21,"turns":5},{"damage":1,"enemies":"Centurion and Healer","floor":22,"turns":7},{"damage":30,"enemies":"Gremlin Leader","floor":25,"turns":2}],"seed_played":"-2876587591630784742","potions_obtained":[{"floor":1,"key":"PowerPotion"},{"floor":2,"key":"Fire Potion"},{"floor":6,"key":"Explosive Potion"},{"floor":7,"key":"Weak Potion"},{"floor":16,"key":"Strength Potion"},{"floor":18,"key":"GhostInAJar"},{"floor":21,"key":"hexamod:EctoCoolerPotion"}],"is_trial":false,"path_per_floor":["M","M","?","M","M","E","M","E","T","E","M","E","R","M","R","B",null,"M","$","M","?","M","R","?","E"],"character_chosen":"THE_SILENT","items_purchased":["Meat on the Bone","Backstab","Quick Slash","Noxious Fumes","Deadly Poison","Caltrops","PrismaticShard"],"campfire_rested":0,"item_purchase_floors":[0,0,0,0,19,19,19],"current_hp_per_floor":[49,47,47,40,45,39,44,42,42,47,36,29,29,38,38,19,57,42,42,43,35,46,46,30,0,0],"gold":126,"neow_bonus":"","is_prod":false,"is_daily":false,"chose_seed":false,"campfire_upgraded":3,"win_rate":0,"timestamp":1607554875,"path_taken":["M","M","?","M","M","E","M","E","T","E","?","E","R","M","R","BOSS","M","$","M","?","M","R","?","E"],"build_version":"2020-11-30","purchased_purges":2,"victory":false,"max_hp_per_floor":[70,70,70,70,70,70,70,70,70,70,70,70,70,70,70,70,70,70,70,70,70,70,70,70,70,70],"card_choices":[{"not_picked":["ReplayTheSpireMod:Exploit Weakness","Dodge and Roll"],"picked":"Expertise","floor":1},{"not_picked":["ReplayTheSpireMod:Tripwire","Quick Slash","Masterful Stab"],"picked":"SKIP","floor":2},{"not_picked":["Setup","ReplayTheSpireMod:The Works"],"picked":"Catalyst","floor":4},{"not_picked":["Slice","Draining Mist","Blade Dance"],"picked":"SKIP","floor":5},{"not_picked":["Prepared","Bouncing Flask","Underhanded Strike"],"picked":"SKIP","floor":6},{"not_picked":["hubris:SlightOfHand","Quick Slash","Sucker Punch"],"picked":"SKIP","floor":7},{"not_picked":["Endless Agony","Escape Plan","Dagger Spray"],"picked":"SKIP","floor":8},{"not_picked":["Hidden Blade","Backflip","Slice"],"picked":"SKIP","floor":10},{"not_picked":["Sucker Punch","hubris:Counter"],"picked":"PiercingWail","floor":11},{"not_picked":["Finisher","Prepared"],"picked":"Well Laid Plans","floor":12},{"not_picked":["Dagger Throw","hubris:TrickCloak","Fluid Movement"],"picked":"SKIP","floor":14},{"not_picked":["Doppelganger","Poison Darts"],"picked":"Replay:Bag of Tricks","floor":16},{"not_picked":["Concentrate","hubris:Sniper+1"],"picked":"Well Laid Plans+1","floor":18},{"not_picked":["sneckomod:UnknownCommonAttack+1","hubris:SlightOfHand+1"],"picked":"Conserve Battery","floor":20},{"not_picked":["Rupture+1","Cold Snap+1","Chaos+1"],"picked":"SKIP","floor":22},{"not_picked":["ReplayTheSpireMod:??????????????????????","infinitespire:NeuralNetwork"],"picked":"ReplayTheSpireMod:Book of Names","floor":24}],"player_experience":315340,"relics_obtained":[{"floor":6,"key":"Centennial Puzzle"},{"floor":8,"key":"Grinning Jar"},{"floor":9,"key":"TungstenRod"},{"floor":10,"key":"Akabeko"},{"floor":12,"key":"Happy Flower"},{"floor":21,"key":"Red Mask"}],"event_choices":[{"cards_removed":["Strike_G"],"damage_healed":0,"gold_gain":0,"player_choice":"Purged","damage_taken":0,"max_hp_gain":0,"max_hp_loss":0,"event_name":"Purifier","floor":3,"gold_loss":0},{"damage_healed":0,"gold_gain":0,"player_choice":"Fought Bandits","damage_taken":0,"max_hp_gain":0,"max_hp_loss":0,"event_name":"Masked Bandits","floor":21,"gold_loss":0}],"is_beta":false,"boss_relics":[{"not_picked":["Replay:Bronze Core","SacredBark"],"picked":"Empty Cage"}],"items_purged_floors":[0,19],"is_endless":false,"potions_floor_spawned":[1,2,6,7,16,18,21],"killed_by":"Gremlin Leader","ascension_level":8}}