{"host":"n4f6h2mlrt4e12he","time":1607549242,"event":{"gold_per_floor":[114,114,114,132,132,175,175,199,199,233,252,288,366,366,366,366,366],"floor_reached":16,"playtime":830,"items_purged":[],"score":222,"play_id":"ea40d2e9-9b48-4077-b9a7-b69cf99428a3","local_time":"20201209162722","is_ascension_mode":true,"campfire_choices":[{"data":"Body Slam","floor":7,"key":"SMITH"},{"data":"Ghostly Armor","floor":15,"key":"SMITH"}],"neow_cost":"NONE","seed_source_timestamp":2388081745637500,"circlet_count":0,"master_deck":["AscendersBane","Strike_R+1","Strike_R+1","Strike_R+1","Strike_R","Strike_R","Defend_R","Defend_R+1","Defend_R","Defend_R","Bash","Cleave+1","Injury","Body Slam+1","Flame Barrier","Ghostly Armor+1","Iron Wave","Carnage"],"relics":["Burning Blood","NeowsBlessing","Golden Idol","Eternal Feather","Darkstone Periapt","Whetstone"],"potions_floor_usage":[12,16],"damage_taken":[{"damage":0,"enemies":"2 Louse","floor":1,"turns":1},{"damage":0,"enemies":"Jaw Worm","floor":4,"turns":1},{"damage":0,"enemies":"Lagavulin","floor":6,"turns":1},{"damage":5,"enemies":"Small Slimes","floor":8,"turns":3},{"damage":12,"enemies":"3 Sentries","floor":10,"turns":7},{"damage":0,"enemies":"3 Louse","floor":11,"turns":2},{"damage":65,"enemies":"Gremlin Nob","floor":12,"turns":6},{"damage":40,"enemies":"The Guardian","floor":16,"turns":17}],"seed_played":"7062600572345587598","potions_obtained":[{"floor":4,"key":"Swift Potion"},{"floor":11,"key":"Swift Potion"}],"is_trial":false,"path_per_floor":["M","?","?","M","?","E","R","M","T","E","M","E","?","?","R","B"],"character_chosen":"IRONCLAD","items_purchased":[],"campfire_rested":0,"item_purchase_floors":[],"current_hp_per_floor":[78,78,78,80,64,70,79,80,80,74,80,21,21,21,30,0,0],"gold":366,"neow_bonus":"THREE_ENEMY_KILL","is_prod":false,"is_daily":false,"chose_seed":false,"campfire_upgraded":2,"win_rate":0,"timestamp":1607549242,"path_taken":["M","?","?","M","?","E","R","M","T","E","M","E","?","?","R","BOSS"],"build_version":"2020-11-30","purchased_purges":0,"victory":false,"max_hp_per_floor":[80,80,80,80,80,80,80,80,80,80,80,80,80,80,80,80,80],"card_choices":[{"not_picked":["Feel No Pain","Twin Strike"],"picked":"Cleave","floor":1},{"not_picked":["Dark Embrace","Shrug It Off"],"picked":"Body Slam","floor":4},{"not_picked":["Searing Blow","Cleave"],"picked":"Flame Barrier","floor":6},{"not_picked":["Metallicize","Whirlwind"],"picked":"Ghostly Armor","floor":8},{"not_picked":["Wild Strike","Clothesline","Sever Soul"],"picked":"SKIP","floor":10},{"not_picked":["Flex","True Grit"],"picked":"Iron Wave","floor":11},{"not_picked":["Dark Embrace","True Grit"],"picked":"Carnage","floor":12}],"player_experience":1311231,"relics_obtained":[{"floor":6,"key":"Eternal Feather"},{"floor":10,"key":"Darkstone Periapt"},{"floor":12,"key":"Whetstone"}],"event_choices":[{"damage_healed":0,"gold_gain":0,"player_choice":"Take Wound","damage_taken":0,"relics_obtained":["Golden Idol"],"max_hp_gain":0,"max_hp_loss":0,"event_name":"Golden Idol","floor":2,"gold_loss":0,"cards_obtained":["Injury"]},{"damage_healed":0,"gold_gain":0,"player_choice":"Grow","damage_taken":0,"max_hp_gain":0,"max_hp_loss":0,"event_name":"Living Wall","floor":3,"gold_loss":0,"cards_upgraded":["Cleave"]},{"damage_healed":0,"gold_gain":0,"player_choice":"Entered Light","damage_taken":16,"max_hp_gain":0,"max_hp_loss":0,"event_name":"Shining Light","floor":5,"gold_loss":0,"cards_upgraded":["Defend_R","Strike_R"]},{"damage_healed":0,"gold_gain":78,"player_choice":"Gained Gold","damage_taken":0,"max_hp_gain":0,"max_hp_loss":0,"event_name":"Golden Wing","floor":13,"gold_loss":0},{"damage_healed":0,"gold_gain":0,"player_choice":"Ignored","damage_taken":0,"max_hp_gain":0,"max_hp_loss":0,"event_name":"Liars Game","floor":14,"gold_loss":0}],"is_beta":false,"boss_relics":[],"items_purged_floors":[],"is_endless":false,"potions_floor_spawned":[4,11],"killed_by":"The Guardian","ascension_level":11}}