{"host":"7bu9q13m6bmpbxjk","time":1607507817,"event":{"gold_per_floor":[109,33,33,48,58,91,91,103,103,103,118,144,160,235,235,340,340,352,366,127,127,127],"floor_reached":21,"playtime":991,"items_purged":[],"score":181,"play_id":"88fa62ac-4b5d-4bb5-92f1-c62365f621d6","local_time":"20201209105657","is_ascension_mode":false,"campfire_choices":[{"data":"PathToVictory","floor":7,"key":"SMITH"},{"data":"PathToVictory","floor":10,"key":"SMITH"},{"floor":15,"key":"REST"}],"neow_cost":"NONE","seed_source_timestamp":11079237786600,"circlet_count":0,"master_deck":["Strike_P","Strike_P","Strike_P","Defend_P","Defend_P","Defend_P","Eruption","Vigilance","BattleHymn","WindmillStrike","WreathOfFlame","PathToVictory+1","PathToVictory+1","EmptyFist","Protect","ClearTheMind","Alpha"],"relics":["PureWater","NeowsBlessing","Calipers","Kunai","Mummified Hand","Empty Cage","Bottled Lightning"],"potions_floor_usage":[11,11],"damage_taken":[{"damage":0,"enemies":"2 Louse","floor":1,"turns":1},{"damage":0,"enemies":"Jaw Worm","floor":4,"turns":1},{"damage":0,"enemies":"Cultist","floor":5,"turns":1},{"damage":18,"enemies":"3 Sentries","floor":6,"turns":7},{"damage":2,"enemies":"Blue Slaver","floor":8,"turns":3},{"damage":0,"enemies":"Gremlin Gang","floor":11,"turns":1},{"damage":13,"enemies":"Exordium Thugs","floor":13,"turns":5},{"damage":35,"enemies":"Slime Boss","floor":16,"turns":5},{"damage":37,"enemies":"Spheric Guardian","floor":18,"turns":7},{"damage":6,"enemies":"Chosen","floor":19,"turns":5},{"damage":29,"enemies":"Snake Plant","floor":21,"turns":4}],"seed_played":"2649887049664977536","potions_obtained":[{"floor":4,"key":"Explosive Potion"},{"floor":5,"key":"LiquidMemories"},{"floor":6,"key":"LiquidBronze"},{"floor":18,"key":"CultistPotion"}],"is_trial":false,"path_per_floor":["M","$","?","M","M","E","R","M","T","R","M","T","M","?","R","B",null,"M","M","$","M"],"character_chosen":"WATCHER","items_purchased":["WindmillStrike","Bottled Lightning"],"campfire_rested":1,"item_purchase_floors":[2,20],"current_hp_per_floor":[72,72,60,60,60,42,42,40,40,40,40,40,27,16,37,2,72,35,29,29,0,0],"gold":127,"neow_bonus":"THREE_ENEMY_KILL","is_prod":false,"is_daily":false,"chose_seed":false,"campfire_upgraded":2,"win_rate":0,"timestamp":1607507817,"path_taken":["M","$","?","M","M","E","R","M","T","R","M","?","?","?","R","BOSS","M","M","$","M"],"build_version":"2020-11-30","purchased_purges":0,"victory":false,"max_hp_per_floor":[72,72,72,72,72,72,72,72,72,72,72,72,72,72,72,72,72,72,72,72,72,72],"relic_stats":{"counters":[11,40],"Mummified Hand":[7],"Kunai":[4],"obtain_stats":[{"Calipers":3,"NeowsBlessing":0,"Mummified Hand":9,"Kunai":6,"Bottled Lightning":20,"PureWater":0,"Empty Cage":17},{"Calipers":1,"NeowsBlessing":0,"Mummified Hand":5,"Kunai":4,"Bottled Lightning":10,"PureWater":0,"Empty Cage":8},{"Calipers":1,"NeowsBlessing":0,"Mummified Hand":13,"Kunai":10,"Bottled Lightning":36,"PureWater":0,"Empty Cage":24}]},"card_choices":[{"not_picked":["Evaluate","Perseverance"],"picked":"BattleHymn","floor":1},{"not_picked":["FlurryOfBlows","FlyingSleeves"],"picked":"WreathOfFlame","floor":4},{"not_picked":["Halt","Wallop"],"picked":"PathToVictory","floor":5},{"not_picked":["JustLucky","InnerPeace"],"picked":"PathToVictory","floor":6},{"not_picked":["Adaptation","SignatureMove"],"picked":"EmptyFist","floor":8},{"not_picked":["Nirvana","Halt"],"picked":"Protect","floor":11},{"not_picked":["EmptyBody","SashWhip"],"picked":"ClearTheMind","floor":13},{"not_picked":["DeusExMachina","LessonLearned"],"picked":"Alpha","floor":16},{"not_picked":["Conclude","WheelKick","CrushJoints"],"picked":"SKIP","floor":18},{"not_picked":["WheelKick","FollowUp","Sanctity+1"],"picked":"SKIP","floor":19}],"player_experience":499274,"relics_obtained":[{"floor":6,"key":"Kunai"},{"floor":9,"key":"Mummified Hand"}],"event_choices":[{"damage_healed":0,"gold_gain":0,"player_choice":"Success","damage_taken":12,"relics_obtained":["Calipers"],"max_hp_gain":0,"max_hp_loss":0,"event_name":"Scrap Ooze","floor":3,"gold_loss":0},{"damage_healed":0,"gold_gain":75,"player_choice":"Gather Gold","damage_taken":11,"max_hp_gain":0,"max_hp_loss":0,"event_name":"World of Goop","floor":14,"gold_loss":0}],"is_beta":false,"boss_relics":[{"not_picked":["Snecko Eye","VioletLotus"],"picked":"Empty Cage"}],"items_purged_floors":[],"is_endless":false,"potions_floor_spawned":[4,5,6,8,18],"killed_by":"Snake Plant","ascension_level":0}}