{"host":"udyc8f81k2jocuhg","time":1607524123,"event":{"gold_per_floor":[110,120,120,139,157,157,190,190,214,246,259,287,304,324,324,324,324],"floor_reached":16,"playtime":733,"items_purged":[],"score":261,"play_id":"0a7e7847-8a01-43ca-a43a-5485ee88b6f2","local_time":"20201209152843","is_ascension_mode":true,"campfire_choices":[{"data":"Neutralize","floor":6,"key":"SMITH"},{"data":"Poisoned Stab","floor":8,"key":"SMITH"},{"data":"Dodge and Roll","floor":15,"key":"SMITH"}],"neow_cost":"TEN_PERCENT_HP_LOSS","seed_source_timestamp":133604304545600,"circlet_count":0,"master_deck":["AscendersBane","Strike_G","Strike_G","Strike_G","Strike_G","Strike_G","Defend_G","Defend_G","Defend_G","Defend_G","Defend_G","Survivor","Neutralize+1","Poisoned Stab+1","Cloak And Dagger","Caltrops","Poisoned Stab","Dodge and Roll+1","Blade Dance","ReplayTheSpireMod:Speed Training"],"special_seed":0,"relics":["Ring of the Snake","StuffTheSpire:DarkSteelAnvil","conspire:BottledYoYo","StuffTheSpire:Experiment12","Rawhide","Replay:Kaleidoscope"],"potions_floor_usage":[10,16,16],"damage_taken":[{"damage":0,"enemies":"Jaw Worm","floor":1,"turns":5},{"damage":0,"enemies":"Small Slimes","floor":2,"turns":4},{"damage":1,"enemies":"Cultist","floor":4,"turns":4},{"damage":0,"enemies":"Looter","floor":5,"turns":4},{"damage":30,"enemies":"3 Sentries","floor":7,"turns":11},{"damage":0,"enemies":"Gremlin Nob","floor":10,"turns":3},{"damage":0,"enemies":"Exordium Wildlife","floor":11,"turns":3},{"damage":7,"enemies":"Lagavulin","floor":12,"turns":5},{"damage":3,"enemies":"Exordium Thugs","floor":13,"turns":5},{"damage":0,"enemies":"Blue Slaver","floor":14,"turns":4},{"damage":19,"enemies":"Slime Boss","floor":16,"turns":7}],"seed_played":"3763393056412783118","potions_obtained":[{"floor":1,"key":"Explosive Potion"},{"floor":2,"key":"SteroidPotion"},{"floor":12,"key":"SneckoOil"}],"is_trial":false,"path_per_floor":["M","M","$","M","M","R","E","R","T","E","M","E","M","M","R","B"],"character_chosen":"THE_SILENT","items_purchased":[],"campfire_rested":0,"item_purchase_floors":[],"current_hp_per_floor":[59,59,59,58,58,58,28,28,28,28,28,21,18,18,18,0,0],"gold":324,"neow_bonus":"ONE_RARE_RELIC","is_prod":false,"is_daily":false,"chose_seed":false,"campfire_upgraded":3,"win_rate":0,"timestamp":1607524123,"path_taken":["M","M","$","M","M","R","E","R","T","E","M","E","M","M","R","BOSS"],"build_version":"2020-11-30","purchased_purges":0,"victory":false,"max_hp_per_floor":[60,60,60,60,60,60,60,60,60,60,60,60,60,60,60,60,60],"relic_stats":{"counters":[11,55],"obtain_stats":[{"StuffTheSpire:Experiment12":9,"StuffTheSpire:DarkSteelAnvil":0,"Rawhide":10,"conspire:BottledYoYo":7,"Replay:Kaleidoscope":12,"Ring of the Snake":0},{"StuffTheSpire:Experiment12":5,"StuffTheSpire:DarkSteelAnvil":0,"Rawhide":6,"conspire:BottledYoYo":5,"Replay:Kaleidoscope":8,"Ring of the Snake":0},{"StuffTheSpire:Experiment12":28,"StuffTheSpire:DarkSteelAnvil":0,"Rawhide":31,"conspire:BottledYoYo":28,"Replay:Kaleidoscope":39,"Ring of the Snake":0}],"Ring of the Snake":[22]},"card_choices":[{"not_picked":["Eviscerate","Sucker Punch"],"picked":"Poisoned Stab","floor":1},{"not_picked":["Replay:Poison Smokescreen","Dagger Throw"],"picked":"Cloak And Dagger","floor":2},{"not_picked":["Underhanded Strike","Tactician"],"picked":"Caltrops","floor":4},{"not_picked":["StuffTheSpire:ClusterCrunch","StuffTheSpire:MirrorStance"],"picked":"Poisoned Stab","floor":5},{"not_picked":["ReplayTheSpireMod:Tripwire","Underhanded Strike"],"picked":"Dodge and Roll","floor":7},{"not_picked":["StuffTheSpire:ClusterCrunch","StuffTheSpire:BrimstoneBlast"],"picked":"Blade Dance","floor":10},{"not_picked":["Poisoned Stab","Riddle With Holes","Acrobatics"],"picked":"SKIP","floor":11},{"not_picked":["Backstab","Pace","Draining Mist"],"picked":"SKIP","floor":12},{"not_picked":["Cloak And Dagger","Slice"],"picked":"ReplayTheSpireMod:Speed Training","floor":13},{"not_picked":["Poison Darts","Hidden Blade","StuffTheSpire:BumpUp"],"picked":"SKIP","floor":14}],"player_experience":1903404,"relics_obtained":[{"floor":7,"key":"conspire:BottledYoYo"},{"floor":9,"key":"StuffTheSpire:Experiment12"},{"floor":10,"key":"Rawhide"},{"floor":12,"key":"Replay:Kaleidoscope"}],"event_choices":[],"is_beta":false,"boss_relics":[],"items_purged_floors":[],"is_endless":false,"potions_floor_spawned":[1,2,4,12],"killed_by":"Slime Boss","ascension_level":15}}