{"host":"fq1bpa5mgr3rtgnr","time":1607514282,"event":{"gold_per_floor":[116,66,66,66,66,102,115,155,155,171,204,204,223,223,223,344,344,358,379,379,379,395,438,479,514,514,537,568,640,676,676,676,795,795,810,829,850,913,913,944,944,982,1007,1007,1059,1112,25,34,34,34,34,34,34,83,83],"floor_reached":56,"playtime":3560,"items_purged":[],"score":2151,"play_id":"8fb60854-5732-4803-9126-4522c7153adf","local_time":"20201209064442","is_ascension_mode":true,"campfire_choices":[{"data":"Burning Pact","floor":15.0,"key":"SMITH"},{"data":"Corruption","floor":32.0,"key":"SMITH"},{"data":"Inflame","floor":41,"key":"SMITH"},{"data":"Strike_R","floor":44,"key":"PURGE"},{"floor":49,"key":"RECALL"},{"data":"Defend_R","floor":52,"key":"PURGE"}],"neow_cost":"NONE","seed_source_timestamp":183010320251200,"circlet_count":0,"master_deck":["Strike_R","Strike_R","Defend_R","Defend_R","Defend_R","Bash","Sentinel","Thunderclap","Inflame+1","Disarm","Immolate","Burning Pact+1","Second Wind","Double Tap","Corruption+1","Metallicize","Shockwave+1","Ghostly","Ghostly","Ghostly","Ghostly","Ghostly","Intimidate","True Grit+1","Cleave+1","Sever Soul+1","Feel No Pain","Bloodletting+1","Shrug It Off+1","Writhe","Offering+1","Clash+1","Feel No Pain","Dual Wield+1","Clothesline+1","Madness+1","Madness+1","Bludgeon+1","Pommel Strike+1","Shrug It Off+1","Transmutation+1","Bloodletting+1"],"special_seed":0,"relics":["Burning Blood","NeowsBlessing","Golden Idol","Mummified Hand","Juzu Bracelet","Akabeko","Pear","Matryoshka","Black Star","Toxic Egg 2","WingedGreaves","The Courier","Pantograph","Thread and Needle","Torii","Eternal Feather","Nunchaku","Lantern","Mango","Molten Egg 2","Bag of Preparation","Sundial","Meat on the Bone","Ancient Tea Set","Sozu","Ginger","Pocketwatch","Bronze Scales","Peace Pipe","Art of War","Vajra","CeramicFish","Anchor","Bag of Marbles","Strawberry","Blood Vial","Dead Branch","Sling","Du-Vu Doll","Pen Nib","Boot","Calipers"],"potions_floor_usage":[55],"damage_taken":[{"damage":0.0,"enemies":"Jaw Worm","floor":1.0,"turns":1.0},{"damage":0.0,"enemies":"Gremlin Nob","floor":6.0,"turns":1.0},{"damage":0.0,"enemies":"2 Louse","floor":7.0,"turns":1.0},{"damage":39.0,"enemies":"3 Sentries","floor":8.0,"turns":10.0},{"damage":0.0,"enemies":"Small Slimes","floor":10.0,"turns":1.0},{"damage":16.0,"enemies":"Gremlin Nob","floor":11.0,"turns":3.0},{"damage":12.0,"enemies":"Exordium Wildlife","floor":13.0,"turns":5.0},{"damage":36.0,"enemies":"Slime Boss","floor":16.0,"turns":6.0},{"damage":24.0,"enemies":"Chosen","floor":18.0,"turns":5.0},{"damage":5.0,"enemies":"Shell Parasite","floor":19.0,"turns":3.0},{"damage":0.0,"enemies":"Cultist and Chosen","floor":22.0,"turns":7.0},{"damage":27.0,"enemies":"Book of Stabbing","floor":23.0,"turns":9.0},{"damage":31.0,"enemies":"Slavers","floor":24.0,"turns":7.0},{"damage":5.0,"enemies":"Gremlin Leader","floor":25.0,"turns":7.0},{"damage":1.0,"enemies":"Snecko","floor":27.0,"turns":7.0},{"damage":0.0,"enemies":"Book of Stabbing","floor":28.0,"turns":7.0},{"damage":0.0,"enemies":"Slavers","floor":30.0,"turns":3.0},{"damage":8.0,"enemies":"Collector","floor":33.0,"turns":8.0},{"damage":0.0,"enemies":"3 Darklings","floor":35.0,"turns":4.0},{"damage":1.0,"enemies":"3 Shapes","floor":36.0,"turns":2.0},{"damage":1.0,"enemies":"Writhing Mass","floor":37.0,"turns":6.0},{"damage":4.0,"enemies":"Mind Bloom Boss Battle","floor":38.0,"turns":6.0},{"damage":6,"enemies":"Giant Head","floor":40,"turns":9},{"damage":1,"enemies":"Nemesis","floor":42,"turns":7},{"damage":2,"enemies":"Giant Head","floor":46,"turns":6},{"damage":11,"enemies":"Awakened One","floor":50,"turns":6},{"damage":1,"enemies":"Shield and Spear","floor":54,"turns":2},{"damage":3,"enemies":"The Heart","floor":55,"turns":3}],"seed_played":"-2614959467025229555","potions_obtained":[{"floor":1.0,"key":"GamblersBrew"},{"floor":10.0,"key":"PowerPotion"},{"floor":11.0,"key":"EssenceOfSteel"},{"floor":16.0,"key":"SteroidPotion"},{"floor":23.0,"key":"BloodPotion"},{"floor":25.0,"key":"PowerPotion"},{"floor":27.0,"key":"LiquidMemories"},{"floor":28.0,"key":"Swift Potion"}],"is_trial":false,"path_per_floor":["M","?","?","$","?","E","M","E","T","M","E","?","M","T","R","B",null,"M","M","?","?","M","E","E","E","T","M","E","T","E","?","R","B",null,"M","M","M","?","?","E","R","E","T","R","T","E","$","?","R","B",null,"R","$","E","B",null],"character_chosen":"IRONCLAD","items_purchased":["Bag of Marbles","Strawberry","Blood Vial","Dead Branch","Sling","Du-Vu Doll","Pen Nib"],"campfire_rested":0,"item_purchase_floors":[47,47,47,47,47,47,47],"current_hp_per_floor":[78,78,78,78,58,64,70,37,37,43,43,48,42,42,42,12,74,56,57,47,40,46,25,10,11,11,16,36,36,42,42,60,64,66,66,66,66,66,58,58,66,66,66,66,66,66,73,73,73,68,72,73,73,73,73],"gold":83,"neow_bonus":"THREE_ENEMY_KILL","is_prod":false,"is_daily":false,"chose_seed":false,"campfire_upgraded":3,"win_rate":0,"timestamp":1607514282,"path_taken":["M","?","?","$","?","E","M","E","T","M","E","?","M","?","R","BOSS","M","M","?","?","M","E","E","E","T","M","E","?","E","?","R","BOSS","M","M","M","?","?","E","R","E","T","R","?","E","$","?","R","BOSS","R","$","E","BOSS"],"build_version":"2020-11-30","purchased_purges":0,"victory":true,"max_hp_per_floor":[80,80,80,80,80,80,80,80,80,80,90,95,95,95,95,95,95,95,95,47,52,52,52,52,52,52,52,66,66,66,66,66,66,66,66,66,66,66,66,66,66,66,66,66,66,66,73,73,73,73,73,73,73,73,73],"relic_stats":{"Torii":7,"CeramicFish":27,"Juzu Bracelet":1,"Bag of Preparation":[24],"Ginger":[6],"Boot":[0],"Burning Blood":133,"Sozu":5,"Blood Vial":0,"Nunchaku":[15],"Mummified Hand":[98],"Sundial":[4],"Pantograph":6,"counters":[28,142],"Golden Idol":238,"Dead Branch":[107],"Eternal Feather":27,"Pen Nib":[4],"Peace Pipe":2,"Bronze Scales":[87],"Black Star":9,"Art of War":[1],"obtain_stats":[{"Lantern":28,"Calipers":54,"Torii":25,"CeramicFish":46,"Vajra":45,"Mango":28,"Juzu Bracelet":8,"Bag of Preparation":29,"Ginger":38,"Ancient Tea Set":31,"Sling":47,"Boot":54,"Burning Blood":0,"Sozu":34,"Blood Vial":47,"Nunchaku":26,"Matryoshka":14,"Mummified Hand":6,"Sundial":30,"Pantograph":24,"Strawberry":47,"WingedGreaves":23,"Toxic Egg 2":23,"Pear":11,"NeowsBlessing":0,"Golden Idol":5,"Dead Branch":47,"Thread and Needle":25,"Eternal Feather":26,"The Courier":24,"Pen Nib":47,"Akabeko":9,"Peace Pipe":42,"Du-Vu Doll":47,"Anchor":46,"Bronze Scales":40,"Molten Egg 2":29,"Black Star":17,"Art of War":42,"Bag of Marbles":47,"Meat on the Bone":30,"Pocketwatch":40},{"Lantern":16,"Calipers":27,"Torii":14,"CeramicFish":25,"Vajra":24,"Mango":16,"Juzu Bracelet":4,"Bag of Preparation":16,"Ginger":22,"Ancient Tea Set":17,"Sling":25,"Boot":27,"Burning Blood":0,"Sozu":18,"Blood Vial":25,"Nunchaku":14,"Matryoshka":7,"Mummified Hand":2,"Sundial":17,"Pantograph":13,"Strawberry":25,"WingedGreaves":12,"Toxic Egg 2":12,"Pear":6,"NeowsBlessing":0,"Golden Idol":1,"Dead Branch":25,"Thread and Needle":14,"Eternal Feather":14,"The Courier":13,"Pen Nib":25,"Akabeko":4,"Peace Pipe":24,"Du-Vu Doll":25,"Anchor":25,"Bronze Scales":23,"Molten Egg 2":16,"Black Star":8,"Art of War":24,"Bag of Marbles":25,"Meat on the Bone":17,"Pocketwatch":23},{"Lantern":80,"Calipers":139,"Torii":66,"CeramicFish":131,"Vajra":125,"Mango":80,"Juzu Bracelet":13,"Bag of Preparation":80,"Ginger":109,"Ancient Tea Set":83,"Sling":131,"Boot":139,"Burning Blood":0,"Sozu":91,"Blood Vial":131,"Nunchaku":66,"Matryoshka":22,"Mummified Hand":2,"Sundial":83,"Pantograph":59,"Strawberry":131,"WingedGreaves":52,"Toxic Egg 2":52,"Pear":17,"NeowsBlessing":0,"Golden Idol":1,"Dead Branch":131,"Thread and Needle":66,"Eternal Feather":66,"The Courier":59,"Pen Nib":131,"Akabeko":13,"Peace Pipe":125,"Du-Vu Doll":131,"Anchor":131,"Bronze Scales":118,"Molten Egg 2":80,"Black Star":28,"Art of War":125,"Bag of Marbles":131,"Meat on the Bone":83,"Pocketwatch":118}],"Meat on the Bone":0,"Pocketwatch":[3]},"card_choices":[{"not_picked":["Reckless Charge","Armaments"],"picked":"Sentinel","floor":1.0},{"not_picked":["Flex","True Grit"],"picked":"Inflame","floor":6.0},{"not_picked":["Rampage","Blood for Blood"],"picked":"Disarm","floor":7.0},{"not_picked":["Double Tap","Bludgeon"],"picked":"Immolate","floor":8.0},{"not_picked":["Shrug It Off","Perfected Strike"],"picked":"Burning Pact","floor":10.0},{"not_picked":["Power Through","Heavy Blade"],"picked":"Second Wind","floor":11.0},{"not_picked":["Battle Trance","Flame Barrier"],"picked":"Double Tap","floor":13.0},{"not_picked":["Double Tap","Limit Break"],"picked":"Corruption","floor":16.0},{"not_picked":["Intimidate","Twin Strike"],"picked":"Metallicize","floor":18.0},{"not_picked":["Thunderclap","Clothesline"],"picked":"Shockwave+1","floor":19.0},{"not_picked":["Twin Strike+1","Bloodletting"],"picked":"Intimidate","floor":22.0},{"not_picked":["Warcry+1","Cleave"],"picked":"True Grit+1","floor":23.0},{"not_picked":["Armaments+1","Hemokinesis"],"picked":"Cleave+1","floor":24.0},{"not_picked":["Shrug It Off+1","Demon Form"],"picked":"Sever Soul+1","floor":25.0},{"not_picked":["Inflame","Perfected Strike"],"picked":"Feel No Pain","floor":27.0},{"not_picked":["Bludgeon","Searing Blow+1"],"picked":"Bloodletting+1","floor":28.0},{"not_picked":["Wild Strike+1","Cleave+1"],"picked":"Shrug It Off+1","floor":30.0},{"not_picked":["Corruption","Exhume+1"],"picked":"Offering+1","floor":33.0},{"not_picked":["Entrench+1","Spot Weakness+1"],"picked":"Clash+1","floor":35.0},{"not_picked":["Seeing Red+1","Havoc+1"],"picked":"Feel No Pain","floor":36.0},{"not_picked":["Clash+1","Heavy Blade+1"],"picked":"Dual Wield+1","floor":37.0},{"not_picked":["Wild Strike+1","Rupture+1"],"picked":"Clothesline+1","floor":38.0},{"not_picked":["Iron Wave+1","Intimidate+1"],"picked":"Bludgeon+1","floor":40},{"not_picked":["Searing Blow+1","Sentinel+1"],"picked":"Pommel Strike+1","floor":42},{"not_picked":["Power Through+1","Reckless Charge+1"],"picked":"Shrug It Off+1","floor":46},{"not_picked":["Jack Of All Trades+1","The Bomb+1"],"picked":"Transmutation+1","floor":48},{"not_picked":["Flex+1","Warcry+1"],"picked":"Bloodletting+1","floor":54}],"player_experience":314105,"relics_obtained":[{"floor":6.0,"key":"Mummified Hand"},{"floor":8.0,"key":"Juzu Bracelet"},{"floor":9.0,"key":"Akabeko"},{"floor":11.0,"key":"Pear"},{"floor":14.0,"key":"Matryoshka"},{"floor":23.0,"key":"Toxic Egg 2"},{"floor":23.0,"key":"WingedGreaves"},{"floor":24.0,"key":"The Courier"},{"floor":24.0,"key":"Pantograph"},{"floor":25.0,"key":"Thread and Needle"},{"floor":25.0,"key":"Torii"},{"floor":26.0,"key":"Eternal Feather"},{"floor":26.0,"key":"Nunchaku"},{"floor":28.0,"key":"Lantern"},{"floor":28.0,"key":"Mango"},{"floor":29.0,"key":"Molten Egg 2"},{"floor":29.0,"key":"Bag of Preparation"},{"floor":30.0,"key":"Sundial"},{"floor":30.0,"key":"Meat on the Bone"},{"floor":38.0,"key":"Ginger"},{"floor":40,"key":"Pocketwatch"},{"floor":40,"key":"Bronze Scales"},{"floor":42,"key":"Peace Pipe"},{"floor":42,"key":"Art of War"},{"floor":45,"key":"Vajra"},{"floor":46,"key":"CeramicFish"},{"floor":46,"key":"Anchor"},{"floor":54,"key":"Boot"},{"floor":54,"key":"Calipers"}],"event_choices":[{"cards_removed":["Strike_R"],"damage_healed":0.0,"max_hp_gain":0.0,"max_hp_loss":0.0,"gold_gain":0.0,"event_name":"The Cleric","player_choice":"Card Removal","floor":2.0,"gold_loss":50.0,"damage_taken":0.0},{"damage_healed":0.0,"max_hp_gain":0.0,"max_hp_loss":0.0,"gold_gain":0.0,"cards_transformed":["Strike_R"],"event_name":"Living Wall","player_choice":"Change","floor":3.0,"gold_loss":0.0,"damage_taken":0.0,"cards_obtained":["Thunderclap"]},{"damage_healed":0.0,"max_hp_gain":0.0,"max_hp_loss":0.0,"gold_gain":0.0,"event_name":"Golden Idol","player_choice":"Take Damage","floor":5.0,"gold_loss":0.0,"damage_taken":20.0,"relics_obtained":["Golden Idol"]},{"damage_healed":0.0,"max_hp_gain":5.0,"max_hp_loss":0.0,"gold_gain":0.0,"event_name":"Big Fish","player_choice":"Donut","floor":12.0,"gold_loss":0.0,"damage_taken":0.0},{"damage_healed":0.0,"max_hp_gain":0.0,"max_hp_loss":48.0,"gold_gain":0.0,"event_name":"Ghosts","player_choice":"Became a Ghost","floor":20.0,"gold_loss":0.0,"damage_taken":0.0,"cards_obtained":["Ghostly","Ghostly","Ghostly","Ghostly","Ghostly"]},{"damage_healed":0.0,"max_hp_gain":5.0,"max_hp_loss":0.0,"gold_gain":0.0,"event_name":"Forgotten Altar","player_choice":"Shed Blood","floor":21.0,"gold_loss":0.0,"damage_taken":12.0},{"damage_healed":0.0,"max_hp_gain":0.0,"max_hp_loss":0.0,"gold_gain":0.0,"event_name":"The Mausoleum","player_choice":"Opened","floor":31.0,"gold_loss":0.0,"damage_taken":0.0,"relics_obtained":["Ancient Tea Set"],"cards_obtained":["Writhe"]},{"damage_healed":0.0,"max_hp_gain":0.0,"max_hp_loss":0.0,"gold_gain":0.0,"event_name":"MindBloom","player_choice":"Fight","floor":38.0,"gold_loss":0.0,"damage_taken":0.0},{"damage_healed":0.0,"max_hp_gain":0.0,"max_hp_loss":0.0,"gold_gain":0.0,"event_name":"Winding Halls","player_choice":"Embrace Madness","floor":39.0,"gold_loss":0.0,"damage_taken":8.0,"cards_obtained":["Madness","Madness"]},{"damage_healed":0,"gold_gain":0,"player_choice":"Memory 1","damage_taken":0,"max_hp_gain":0,"max_hp_loss":0,"event_name":"SensoryStone","floor":48,"gold_loss":0}],"is_beta":false,"boss_relics":[{"not_picked":["Velvet Choker","SacredBark"],"picked":"Black Star"},{"not_picked":["Busted Crown","Astrolabe"],"picked":"Sozu"}],"items_purged_floors":[],"is_endless":false,"potions_floor_spawned":[1,10,11,16,23,25,27,28,36,38,40,42,54],"ascension_level":7}}