{"host":"gk9qdtkqd8dwfeg2","time":1607522292,"event":{"gold_per_floor":[115,115,115,40,52,52,52,86,86,86,86,97,109,137,137,137,137],"floor_reached":16,"playtime":414,"items_purged":["Strike_R"],"score":246,"play_id":"892674b0-81cc-45dc-b1a8-03a5c8d510fe","local_time":"20201209215812","is_ascension_mode":true,"campfire_choices":[{"data":"Berserk","floor":6,"key":"SMITH"},{"floor":10,"key":"REST"},{"data":"ReplayTheSpireMod:LeadingStrike","floor":15,"key":"SMITH"}],"neow_cost":"TEN_PERCENT_HP_LOSS","seed_source_timestamp":518375918887600,"circlet_count":0,"master_deck":["AscendersBane","Strike_R","Strike_R","Strike_R","Defend_R","Defend_R","Bash","Berserk+1","Sever Soul","Shrug It Off","ReplayTheSpireMod:LeadingStrike+1"],"relics":["Burning Blood","testmod-TestBox","testmod-CrystalShield","Gensokyo:NagashiBinaDoll","Happy Flower","Red Skull","Lizard Tail"],"potions_floor_usage":[16],"damage_taken":[{"damage":0,"enemies":"Gensokyo:3_Fairies","floor":1,"turns":4},{"damage":0,"enemies":"Gensokyo:2_Kodama","floor":5,"turns":6},{"damage":51,"enemies":"Gensokyo:Aya","floor":8,"turns":6},{"damage":0,"enemies":"Gensokyo:Python","floor":12,"turns":3},{"damage":20,"enemies":"Gensokyo:2_Rabbits","floor":13,"turns":6},{"damage":0,"enemies":"Gensokyo:Mamizou","floor":14,"turns":8},{"damage":0,"enemies":"Gensokyo:Yukari","floor":16,"turns":1}],"seed_played":"5395520270723121537","potions_obtained":[{"floor":1,"key":"BloodPotion"},{"floor":8,"key":"Strength Potion"}],"is_trial":false,"path_per_floor":["M","?","?","$","M","R","?","E","T","R","?","M","M","E","R","B"],"character_chosen":"IRONCLAD","items_purchased":[],"campfire_rested":1,"item_purchase_floors":[],"current_hp_per_floor":[68,68,68,68,68,68,68,23,23,43,43,49,35,41,41,41,41],"gold":137,"neow_bonus":"TRANSFORM_TWO_CARDS","is_prod":false,"is_daily":false,"chose_seed":false,"campfire_upgraded":2,"win_rate":0,"timestamp":1607522292,"path_taken":["M","?","?","$","?","R","?","E","T","R","?","M","M","E","R","BOSS"],"build_version":"2020-11-30","purchased_purges":1,"victory":false,"max_hp_per_floor":[68,68,68,68,68,68,68,68,68,68,68,68,68,68,68,68,68],"card_choices":[{"not_picked":["Inflame","Rupture"],"picked":"Shrug It Off","floor":1},{"not_picked":["Run Through","Anger","Perfected Strike"],"picked":"SKIP","floor":5},{"not_picked":["Replay:Undeath\u0027s Touch","Spot Weakness","ReplayTheSpireMod:Strike From Hell"],"picked":"SKIP","floor":8},{"not_picked":["ReplayTheSpireMod:LeadingStrike","Twin Strike","Thunderclap"],"picked":"SKIP","floor":12},{"not_picked":["Twin Strike","Thunderclap"],"picked":"ReplayTheSpireMod:LeadingStrike","floor":12},{"not_picked":["Disarm","Run Through","Headbutt"],"picked":"SKIP","floor":13},{"not_picked":["Pummel","Reckless Charge","Anger"],"picked":"SKIP","floor":14}],"player_experience":994645,"relics_obtained":[{"floor":8,"key":"Happy Flower"},{"floor":9,"key":"Red Skull"},{"floor":14,"key":"Lizard Tail"}],"event_choices":[],"is_beta":false,"boss_relics":[],"items_purged_floors":[4],"is_endless":false,"potions_floor_spawned":[1,8,12],"killed_by":"Gensokyo:Yukari","ascension_level":20}}