{"host":"jpcy2bclvs7juczu","time":1607529720,"event":{"gold_per_floor":[119,119,139,149,74,74,86,86,111,149,149,176,194,228,228,309,309,333,356,132,159,49,49,83,103,103,124,29,48,73,92,92,178,178,201,30,30,30,50,77,104,104,104,130,130,163,195,248,260,272,284,296,308,21,52,52],"floor_reached":57,"playtime":3988,"items_purged":[],"score":3279,"play_id":"0a492481-d7d4-408d-a176-c4836ffe2f64","local_time":"20201209110200","is_ascension_mode":true,"campfire_choices":[{"data":"Limit Break","floor":8.0,"key":"SMITH"},{"data":"Uppercut","floor":11.0,"key":"SMITH"},{"data":"Barricade","floor":15.0,"key":"SMITH"},{"floor":23.0,"key":"RECALL"},{"floor":32.0,"key":"REST"},{"floor":42.0,"key":"REST"},{"floor":45.0,"key":"REST"},{"floor":49,"key":"REST"},{"floor":53,"key":"REST"}],"neow_cost":"NONE","seed_source_timestamp":5871036393255853756,"circlet_count":0,"master_deck":["AscendersBane","Bash","Impervious+1","Pommel Strike","Cleave","Inflame","Limit Break+1","Iron Wave","Dark Embrace","Demon Form","Armaments+1","Dropkick","Heavy Blade","Power Through+1","Exhume","Body Slam","Uppercut+1","Barricade+1","Offering","Evolve","Whirlwind","Ghostly","Ghostly","Ghostly","Shockwave+1","Power Through","Shrug It Off","Shrug It Off","Burning Pact","Reaper","Disarm","Entrench+1","Second Wind","Sword Boomerang","Entrench","Corruption","Entrench","Reaper","Power Through"],"special_seed":0,"relics":["Pandora\u0027s Box","CeramicFish","Oddly Smooth Stone","Self Forming Clay","War Paint","Fusion Hammer","Medical Kit","Ancient Tea Set","Darkstone Periapt","Lizard Tail","Bottled Tornado","Black Star","Orrery","Ginger","Nunchaku","Smiling Mask","MawBank","Dead Branch","Mummified Hand","Lee\u0027s Waffle","Ice Cream","Vajra"],"potions_floor_usage":[48,56],"damage_taken":[{"damage":0.0,"enemies":"2 Louse","floor":1.0,"turns":2.0},{"damage":2.0,"enemies":"Jaw Worm","floor":3.0,"turns":4.0},{"damage":1.0,"enemies":"Cultist","floor":4.0,"turns":3.0},{"damage":7.0,"enemies":"2 Fungi Beasts","floor":7.0,"turns":3.0},{"damage":20.0,"enemies":"3 Sentries","floor":10.0,"turns":6.0},{"damage":26.0,"enemies":"Gremlin Nob","floor":12.0,"turns":4.0},{"damage":0.0,"enemies":"Lots of Slimes","floor":13.0,"turns":1.0},{"damage":23.0,"enemies":"3 Sentries","floor":14.0,"turns":9.0},{"damage":10.0,"enemies":"Slime Boss","floor":16.0,"turns":9.0},{"damage":18.0,"enemies":"3 Byrds","floor":18.0,"turns":4.0},{"damage":0.0,"enemies":"Chosen","floor":19.0,"turns":5.0},{"damage":6.0,"enemies":"Book of Stabbing","floor":24.0,"turns":6.0},{"damage":8.0,"enemies":"Centurion and Healer","floor":25.0,"turns":7.0},{"damage":8.0,"enemies":"Snecko","floor":27.0,"turns":6.0},{"damage":1.0,"enemies":"Snake Plant","floor":29.0,"turns":4.0},{"damage":1.0,"enemies":"Gremlin Leader","floor":30.0,"turns":8.0},{"damage":0.0,"enemies":"Cultist and Chosen","floor":31.0,"turns":7.0},{"damage":1.0,"enemies":"Champ","floor":33.0,"turns":10.0},{"damage":0.0,"enemies":"3 Shapes","floor":35.0,"turns":5.0},{"damage":12.0,"enemies":"3 Darklings","floor":39.0,"turns":6.0},{"damage":1.0,"enemies":"Reptomancer","floor":40.0,"turns":7.0},{"damage":24.0,"enemies":"4 Shapes","floor":41.0,"turns":10.0},{"damage":1.0,"enemies":"Spire Growth","floor":44.0,"turns":6.0},{"damage":1.0,"enemies":"Giant Head","floor":46.0,"turns":8.0},{"damage":11.0,"enemies":"Sphere and 2 Shapes","floor":47.0,"turns":10.0},{"damage":48,"enemies":"Reptomancer","floor":48,"turns":7},{"damage":8,"enemies":"Awakened One","floor":50,"turns":31},{"damage":9,"enemies":"Time Eater","floor":51,"turns":7},{"damage":12,"enemies":"Shield and Spear","floor":55,"turns":4},{"damage":6,"enemies":"The Heart","floor":56,"turns":17}],"seed_played":"4193757104799303389","potions_obtained":[{"floor":3.0,"key":"BlessingOfTheForge"},{"floor":4.0,"key":"ColorlessPotion"},{"floor":10.0,"key":"FairyPotion"},{"floor":14.0,"key":"Block Potion"},{"floor":18.0,"key":"BloodPotion"},{"floor":19.0,"key":"GamblersBrew"},{"floor":29.0,"key":"BloodPotion"},{"floor":30.0,"key":"HeartOfIron"},{"floor":31.0,"key":"EssenceOfSteel"},{"floor":39.0,"key":"ElixirPotion"}],"is_trial":false,"path_per_floor":["M","?","M","M","$","?","M","R","T","E","R","E","M","E","R","B",null,"M","M","$","?","?","R","E","M","T","M","$","M","E","M","R","B",null,"M","$","?","?","M","E","M","R","T","M","R","E","M","E","R","B","B",null,"R","$","E","B",null],"character_chosen":"IRONCLAD","items_purchased":["Power Through","Medical Kit","Block Potion","Shrug It Off","Burning Pact","Orrery","Entrench","Dexterity Potion","Power Through","Lee\u0027s Waffle"],"campfire_rested":5,"item_purchase_floors":[5,20,20,28,28,36,36,54,54,54],"current_hp_per_floor":[68,68,66,65,65,65,58,58,58,38,38,12,12,14,14,4,57,39,39,54,37,37,37,31,23,23,15,15,14,20,20,31,30,35,35,35,35,35,35,34,35,35,35,34,35,35,35,35,35,35,34,35,35,42,42,36],"gold":52,"neow_bonus":"BOSS_RELIC","is_prod":false,"is_daily":false,"chose_seed":false,"campfire_upgraded":3,"win_rate":0,"timestamp":1607529720,"path_taken":["M","?","M","M","$","?","M","R","T","E","R","E","?","E","R","BOSS","M","M","$","?","?","R","E","M","T","M","$","?","E","M","R","BOSS","M","$","?","?","M","E","M","R","T","M","R","E","M","E","R","BOSS","BOSS","R","$","E","BOSS"],"build_version":"2020-11-30","purchased_purges":0,"victory":true,"max_hp_per_floor":[75,75,75,75,75,75,75,75,75,75,75,75,75,75,75,75,75,75,75,75,37,37,37,37,37,37,37,37,37,37,37,37,37,37,37,37,35,35,35,35,35,35,35,35,35,35,35,35,35,35,35,35,35,42,42,42],"relic_stats":{"Darkstone Periapt":0,"Lee\u0027s Waffle":7,"counters":[30,216],"Self Forming Clay":[162],"CeramicFish":207,"Dead Branch":[224],"Ginger":[7],"War Paint":["Impervious","Power Through"],"Medical Kit":[126],"Smiling Mask":0,"MawBank":96,"Lizard Tail":17,"Nunchaku":[10],"Mummified Hand":[61],"Pandora\u0027s Box":["Impervious","Wild Strike","Pommel Strike","Cleave","Inflame","Limit Break","Iron Wave","Dark Embrace","Demon Form"],"Black Star":4,"obtain_stats":[{"Darkstone Periapt":24,"Ice Cream":55,"Lee\u0027s Waffle":54,"Self Forming Clay":12,"CeramicFish":9,"Dead Branch":48,"Oddly Smooth Stone":10,"Vajra":55,"Ginger":40,"War Paint":14,"Bottled Tornado":30,"Medical Kit":20,"Ancient Tea Set":22,"Smiling Mask":46,"MawBank":46,"Burning Blood":0,"Lizard Tail":26,"Nunchaku":40,"Mummified Hand":48,"Orrery":36,"Pandora\u0027s Box":0,"Fusion Hammer":17,"Black Star":34},{"Darkstone Periapt":12,"Ice Cream":29,"Lee\u0027s Waffle":28,"Self Forming Clay":6,"CeramicFish":4,"Dead Branch":26,"Oddly Smooth Stone":5,"Vajra":29,"Ginger":21,"War Paint":8,"Bottled Tornado":16,"Medical Kit":11,"Ancient Tea Set":11,"Smiling Mask":24,"MawBank":24,"Burning Blood":0,"Lizard Tail":13,"Nunchaku":21,"Mummified Hand":26,"Orrery":19,"Pandora\u0027s Box":0,"Fusion Hammer":9,"Black Star":18},{"Darkstone Periapt":56,"Ice Cream":199,"Lee\u0027s Waffle":195,"Self Forming Clay":22,"CeramicFish":12,"Dead Branch":157,"Oddly Smooth Stone":18,"Vajra":199,"Ginger":116,"War Paint":32,"Bottled Tornado":81,"Medical Kit":50,"Ancient Tea Set":50,"Smiling Mask":140,"MawBank":140,"Burning Blood":0,"Lizard Tail":63,"Nunchaku":116,"Mummified Hand":157,"Orrery":103,"Pandora\u0027s Box":0,"Fusion Hammer":41,"Black Star":98}]},"card_choices":[{"not_picked":["Iron Wave","Dark Embrace"],"picked":"Armaments","floor":1.0},{"not_picked":["Pommel Strike","Clash"],"picked":"Dropkick","floor":3.0},{"not_picked":["Havoc","Armaments"],"picked":"Heavy Blade","floor":4.0},{"not_picked":["Perfected Strike","Intimidate","Rage"],"picked":"SKIP","floor":7.0},{"not_picked":["Sever Soul","Bludgeon"],"picked":"Uppercut","floor":10.0},{"not_picked":["Hemokinesis","Searing Blow","Clothesline"],"picked":"SKIP","floor":12.0},{"not_picked":["Clothesline","Ghostly Armor","True Grit"],"picked":"SKIP","floor":13.0},{"not_picked":["Metallicize","Thunderclap"],"picked":"Barricade","floor":14.0},{"not_picked":["Exhume","Limit Break"],"picked":"Offering","floor":16.0},{"not_picked":["Clash","Perfected Strike+1"],"picked":"Evolve","floor":18.0},{"not_picked":["Twin Strike","Anger"],"picked":"Whirlwind","floor":19.0},{"not_picked":["Pummel","Double Tap"],"picked":"Shockwave+1","floor":24.0},{"not_picked":["Headbutt","Thunderclap"],"picked":"Power Through","floor":25.0},{"not_picked":["Body Slam","Havoc"],"picked":"Shrug It Off","floor":27.0},{"not_picked":["Fire Breathing","True Grit","Warcry"],"picked":"SKIP","floor":29.0},{"not_picked":["Searing Blow+1","Clash","Headbutt"],"picked":"SKIP","floor":30.0},{"not_picked":["Shrug It Off","Clothesline","Reckless Charge"],"picked":"SKIP","floor":31.0},{"not_picked":["Immolate","Berserk"],"picked":"Reaper","floor":33.0},{"not_picked":["Rampage","Rupture+1"],"picked":"Disarm","floor":35.0},{"not_picked":["Spot Weakness","Anger+1"],"picked":"Entrench+1","floor":36.0},{"not_picked":["Sever Soul","Flame Barrier"],"picked":"Second Wind","floor":36.0},{"not_picked":["Metallicize","Berserk"],"picked":"Sword Boomerang","floor":36.0},{"not_picked":["Clash","Fire Breathing","Hemokinesis+1"],"picked":"SKIP","floor":39.0},{"not_picked":["Flex","Shrug It Off","Ghostly Armor"],"picked":"SKIP","floor":40.0},{"not_picked":["Combust+1","Anger"],"picked":"Corruption","floor":41.0},{"not_picked":["Metallicize+1","Flex"],"picked":"Entrench","floor":44.0},{"not_picked":["Spot Weakness+1","Heavy Blade","Twin Strike"],"picked":"SKIP","floor":46.0},{"not_picked":["Clash+1","Twin Strike+1","Cleave+1"],"picked":"SKIP","floor":47.0},{"not_picked":["Anger","Thunderclap"],"picked":"Reaper","floor":48},{"not_picked":["Clothesline","Pommel Strike","Wild Strike"],"picked":"SKIP","floor":55}],"player_experience":1467771,"relics_obtained":[{"floor":9.0,"key":"CeramicFish"},{"floor":10.0,"key":"Oddly Smooth Stone"},{"floor":12.0,"key":"Self Forming Clay"},{"floor":14.0,"key":"War Paint"},{"floor":24.0,"key":"Darkstone Periapt"},{"floor":26.0,"key":"Lizard Tail"},{"floor":30.0,"key":"Bottled Tornado"},{"floor":40.0,"key":"Ginger"},{"floor":40.0,"key":"Nunchaku"},{"floor":46.0,"key":"Smiling Mask"},{"floor":46.0,"key":"MawBank"},{"floor":48,"key":"Dead Branch"},{"floor":48,"key":"Mummified Hand"},{"floor":55,"key":"Ice Cream"},{"floor":55,"key":"Vajra"}],"event_choices":[{"damage_healed":0.0,"max_hp_gain":0.0,"max_hp_loss":0.0,"gold_gain":0.0,"event_name":"Living Wall","player_choice":"Grow","floor":2.0,"gold_loss":0.0,"damage_taken":0.0,"cards_upgraded":["Armaments"]},{"damage_healed":0.0,"max_hp_gain":0.0,"max_hp_loss":0.0,"gold_gain":0.0,"event_name":"Match and Keep!","player_choice":"2 cards matched","floor":6.0,"gold_loss":0.0,"damage_taken":0.0,"cards_obtained":["Exhume","Body Slam"]},{"damage_healed":0.0,"max_hp_gain":0.0,"max_hp_loss":38.0,"gold_gain":0.0,"event_name":"Ghosts","player_choice":"Became a Ghost","floor":21.0,"gold_loss":0.0,"damage_taken":0.0,"cards_obtained":["Ghostly","Ghostly","Ghostly"]},{"damage_healed":0.0,"max_hp_gain":0.0,"max_hp_loss":0.0,"gold_gain":0.0,"event_name":"WeMeetAgain","player_choice":"Paid Gold","floor":22.0,"gold_loss":110.0,"damage_taken":0.0,"relics_obtained":["Ancient Tea Set"]},{"damage_healed":0.0,"max_hp_gain":0.0,"max_hp_loss":2.0,"gold_gain":0.0,"event_name":"Winding Halls","player_choice":"Max HP","floor":37.0,"gold_loss":0.0,"damage_taken":0.0},{"cards_removed":["Wild Strike"],"damage_healed":0.0,"max_hp_gain":0.0,"max_hp_loss":0.0,"gold_gain":0.0,"event_name":"Falling","player_choice":"Removed Attack","floor":38.0,"gold_loss":0.0,"damage_taken":0.0}],"is_beta":false,"boss_relics":[{"not_picked":["SlaversCollar","SacredBark"],"picked":"Fusion Hammer"},{"not_picked":["Coffee Dripper","Velvet Choker"],"picked":"Black Star"}],"items_purged_floors":[],"is_endless":false,"potions_floor_spawned":[3,4,10,13,14,18,19,29,30,31,39,40,44],"ascension_level":20}}