{"host":"xeomgo6joa8vwt8r","time":1607489767,"event":{"gold_per_floor":[111,127,127,127,143,143,172,182,230,80,114,114,140,159,159,264,264,279,279,279,297,324,357,357,357],"floor_reached":24,"playtime":2099,"items_purged":[],"score":353,"play_id":"e23a9ad4-ff3e-41a6-9cb3-95fe29924839","local_time":"20201208235607","is_ascension_mode":true,"campfire_choices":[{"floor":12.0,"key":"REST"},{"floor":15.0,"key":"REST"}],"neow_cost":"","seed_source_timestamp":0,"circlet_count":0,"master_deck":["hermit:Strike_Hermit+1","hermit:Strike_Hermit","hermit:Strike_Hermit","hermit:Strike_Hermit","hermit:Defend_Hermit","hermit:Defend_Hermit","hermit:Defend_Hermit","hermit:Defend_Hermit","hermit:Snapshot","hermit:Covet","Apotheosis+1","hermit:EyeOfTheStorm","hermit:BigShot+1","hermit:Deadeye","hermit:BigShot","hermit:Gestalt","hermit:Maintenance","hermit:Scavenge","hermit:FatalDesire","Blind"],"special_seed":0,"relics":["hermit:Momento","DemoMod:Relodestone","Ginger","DemoMod:AgedBell","aspiration:Lifesprig","Orrery","hubris:BundleOfHerbs","Bag of Marbles","Empty Cage","hubris:Towel","PrismaticShard","DemoMod:GlassGuonStoneRelic","CaptainsWheel"],"potions_floor_usage":[],"damage_taken":[{"damage":0.0,"enemies":"Cultist","floor":1.0,"turns":4.0},{"damage":1.0,"enemies":"Jaw Worm","floor":2.0,"turns":5.0},{"damage":17.0,"enemies":"Small Slimes","floor":5.0,"turns":3.0},{"damage":9.0,"enemies":"Lagavulin","floor":7.0,"turns":5.0},{"damage":2.0,"enemies":"Blue Slaver","floor":8.0,"turns":3.0},{"damage":2.0,"enemies":"3 Sentries","floor":11.0,"turns":7.0},{"damage":38.0,"enemies":"Gremlin Nob","floor":13.0,"turns":5.0},{"damage":8.0,"enemies":"2 Fungi Beasts","floor":14.0,"turns":4.0},{"damage":5.0,"enemies":"Hexaghost","floor":16.0,"turns":10.0},{"damage":48.0,"enemies":"3 Byrds","floor":18.0,"turns":7.0},{"damage":0.0,"enemies":"Chosen","floor":21.0,"turns":5.0},{"damage":1.0,"enemies":"3 Cultists","floor":22.0,"turns":7.0},{"damage":14.0,"enemies":"Slavers","floor":23.0,"turns":7.0},{"damage":0,"enemies":"Snake Plant","floor":24,"turns":1}],"seed_played":"6313756007489279573","potions_obtained":[{"floor":7.0,"key":"ColorlessPotion"},{"floor":8.0,"key":"ColorlessPotion"},{"floor":21.0,"key":"EssenceOfSteel"}],"is_trial":false,"path_per_floor":["M","M","?","?","M","?","E","M","T","$","E","R","E","M","R","B",null,"M","?","?","M","M","E","M"],"character_chosen":"HERMIT","items_purchased":["Apotheosis","Ginger","Orrery"],"campfire_rested":2,"item_purchase_floors":[0,0,10],"current_hp_per_floor":[42,41,26,48,31,31,22,20,20,20,18,40,8,5,27,28,75,27,27,19,19,18,4,4,4],"gold":357,"neow_bonus":"","is_prod":false,"is_daily":false,"chose_seed":false,"campfire_upgraded":0,"win_rate":0,"timestamp":1607489767,"path_taken":["M","M","?","?","M","?","E","M","T","?","E","R","E","M","R","BOSS","M","?","?","M","M","E","M"],"build_version":"2020-11-30","purchased_purges":0,"victory":false,"max_hp_per_floor":[75,75,75,75,75,75,75,75,75,75,75,75,75,75,75,75,75,75,75,75,75,75,75,75,75],"card_choices":[{"not_picked":["hermit:LowProfile","hermit:WideOpen"],"picked":"hermit:EyeOfTheStorm","floor":1.0},{"not_picked":["hermit:Spite","hermit:Misfire"],"picked":"hermit:BigShot","floor":2.0},{"not_picked":["hermit:EyeOfTheStorm","hermit:LowProfile"],"picked":"hermit:Coalescence","floor":5.0},{"not_picked":["hermit:Coalescence","hermit:FinalCanter","hermit:ItchyTrigger"],"picked":"SKIP","floor":7.0},{"not_picked":["hermit:WideOpen","hermit:HoleUp","hermit:HighCaliber"],"picked":"SKIP","floor":8.0},{"not_picked":["hermit:Shortfuse","hermit:WideOpen"],"picked":"hermit:Deadeye","floor":10.0},{"not_picked":["hermit:Horror","hermit:BodyArmor"],"picked":"hermit:BigShot","floor":10.0},{"not_picked":["hermit:OverwhelmingPower","hermit:Coalescence"],"picked":"hermit:Gestalt","floor":10.0},{"not_picked":["hermit:Manifest","hermit:LuckOfTheDraw"],"picked":"hermit:Maintenance","floor":10.0},{"not_picked":["hermit:Coalescence","hermit:BodyArmor","hermit:Snipe"],"picked":"SKIP","floor":11.0},{"not_picked":["hermit:Shortfuse","hermit:Brawl"],"picked":"hermit:Scavenge","floor":13.0},{"not_picked":["hermit:FlashPowder","hermit:Misfire"],"picked":"hermit:Quickdraw","floor":14.0},{"not_picked":["hermit:Gambit","hermit:Reprieve"],"picked":"hermit:FatalDesire","floor":16.0},{"not_picked":["hermit:CalledShot","hermit:Virtue","hermit:Gestalt"],"picked":"SKIP","floor":18.0},{"not_picked":["Ghostly Armor","DemoMod:StickyCrossBow","Crippling Poison+1"],"picked":"SKIP","floor":21.0},{"not_picked":["DemoMod:Ejector","Wild Strike"],"picked":"Blind","floor":22.0},{"not_picked":["Beam Cell+1","Seeing Red","theWildCard:SeveringSlash"],"picked":"SKIP","floor":23.0}],"player_experience":95451,"relics_obtained":[{"floor":7.0,"key":"DemoMod:AgedBell"},{"floor":9.0,"key":"aspiration:Lifesprig"},{"floor":11.0,"key":"hubris:BundleOfHerbs"},{"floor":13.0,"key":"Bag of Marbles"},{"floor":20.0,"key":"PrismaticShard"},{"floor":23.0,"key":"CaptainsWheel"}],"event_choices":[{"damage_healed":0.0,"max_hp_gain":0.0,"max_hp_loss":0.0,"gold_gain":0.0,"event_name":"Shining Light","player_choice":"Entered Light","floor":3.0,"gold_loss":0.0,"damage_taken":15.0,"cards_upgraded":["hermit:BigShot","hermit:Strike_Hermit"]}],"is_beta":false,"boss_relics":[{"not_picked":["Astrolabe","aspiration:WatcherSkillbook"],"picked":"Empty Cage"}],"items_purged_floors":[],"is_endless":false,"potions_floor_spawned":[7,8,21],"killed_by":"Snake Plant","ascension_level":1}}