{"host":"jm9833yuloeli2yd","time":1607537363,"event":{"gold_per_floor":[362,376,396,6,20,53,53,87,136,136,53,87,2,16,16,90,90,103,122,37,37,53,80,90,90,90],"floor_reached":25,"playtime":780,"items_purged":["Strike_B"],"score":486,"play_id":"bfcf3762-4221-4772-98ca-38ceaccb0288","local_time":"20201209130923","is_ascension_mode":true,"campfire_choices":[{"data":"Sweeping Beam","floor":7.0,"key":"SMITH"},{"floor":10.0,"key":"REST"},{"floor":15.0,"key":"REST"}],"neow_cost":"TEN_PERCENT_HP_LOSS","seed_source_timestamp":762867829134000,"circlet_count":0,"master_deck":["AscendersBane","Strike_B","Strike_B","Strike_B","Defend_B","Defend_B","Defend_B","Defend_B","Zap","Dualcast","Compile Driver","Sweeping Beam+1","Compile Driver","Ball Lightning","Ball Lightning","Auto Shields","Reinforced Body","Chill","Steam","Echo Form","Coolheaded+1","Undo","Glacier","Fusion"],"special_seed":0,"relics":["Cracked Core","Symbiotic Virus","Bottled Flame","Question Card","Oddly Smooth Stone","Boot","Snecko Eye","Pear","White Beast Statue","Bag of Marbles"],"potions_floor_usage":[25,25],"damage_taken":[{"damage":14.0,"enemies":"Jaw Worm","floor":1.0,"turns":4.0},{"damage":0.0,"enemies":"Small Slimes","floor":2.0,"turns":2.0},{"damage":3.0,"enemies":"2 Louse","floor":3.0,"turns":2.0},{"damage":19.0,"enemies":"Exordium Thugs","floor":5.0,"turns":4.0},{"damage":2.0,"enemies":"Lagavulin","floor":6.0,"turns":4.0},{"damage":24.0,"enemies":"3 Sentries","floor":8.0,"turns":5.0},{"damage":10.0,"enemies":"Lagavulin","floor":12.0,"turns":6.0},{"damage":0.0,"enemies":"Blue Slaver","floor":14.0,"turns":2.0},{"damage":12.0,"enemies":"Slime Boss","floor":16.0,"turns":5.0},{"damage":9.0,"enemies":"Chosen","floor":18.0,"turns":4.0},{"damage":0.0,"enemies":"Spheric Guardian","floor":19.0,"turns":3.0},{"damage":0.0,"enemies":"Snecko","floor":22.0,"turns":5.0},{"damage":37.0,"enemies":"Slavers","floor":23.0,"turns":7.0},{"damage":2.0,"enemies":"Snake Plant","floor":24.0,"turns":5.0},{"damage":21,"enemies":"Gremlin Leader","floor":25,"turns":5}],"seed_played":"-7731390527390704940","potions_obtained":[{"floor":2.0,"key":"SkillPotion"},{"floor":5.0,"key":"FocusPotion"},{"floor":8.0,"key":"DuplicationPotion"},{"floor":19.0,"key":"PowerPotion"},{"floor":22.0,"key":"Swift Potion"},{"floor":23.0,"key":"LiquidBronze"}],"is_trial":false,"path_per_floor":["M","M","M","$","M","E","R","E","T","R","$","E","$","M","R","B",null,"M","M","?","T","M","E","M","E"],"character_chosen":"DEFECT","items_purchased":["Symbiotic Virus","Ball Lightning","LiquidMemories","DuplicationPotion"],"campfire_rested":2,"item_purchase_floors":[4,4,11,13],"current_hp_per_floor":[50,50,47,47,28,26,26,2,2,21,21,11,11,11,30,18,53,44,44,54,54,54,17,15,0,0],"gold":90,"neow_bonus":"TWO_FIFTY_GOLD","is_prod":false,"is_daily":false,"chose_seed":false,"campfire_upgraded":1,"win_rate":0,"timestamp":1607537363,"path_taken":["M","M","M","$","M","E","R","E","T","R","$","E","$","M","R","BOSS","M","M","?","?","?","E","M","E"],"build_version":"2020-11-30","purchased_purges":1,"victory":false,"max_hp_per_floor":[64,64,64,64,64,64,64,64,64,64,64,64,64,64,64,64,64,64,64,74,74,74,74,74,74,74],"card_choices":[{"not_picked":["Gash","Leap"],"picked":"Compile Driver","floor":1.0},{"not_picked":["Coolheaded","Go for the Eyes"],"picked":"Sweeping Beam","floor":2.0},{"not_picked":["Melter","Redo"],"picked":"Compile Driver","floor":3.0},{"not_picked":["Compile Driver","Fusion"],"picked":"Ball Lightning","floor":5.0},{"not_picked":["Gash","Recycle"],"picked":"Auto Shields","floor":6.0},{"not_picked":["Steam Power","Storm"],"picked":"Reinforced Body","floor":8.0},{"not_picked":["Hologram","Barrage","Coolheaded"],"picked":"Chill","floor":12.0},{"not_picked":["Leap","Scrape","Beam Cell"],"picked":"Steam","floor":14.0},{"not_picked":["All For One","Seek","Fission"],"picked":"Echo Form","floor":16.0},{"not_picked":["FTL","Go for the Eyes","Loop"],"picked":"Coolheaded+1","floor":18.0},{"not_picked":["Compile Driver","Cold Snap","Redo"],"picked":"Undo","floor":19.0},{"not_picked":["Rebound","Beam Cell","Gash+1","Go for the Eyes"],"picked":"SKIP","floor":22.0},{"not_picked":["Coolheaded","Conserve Battery+1","Double Energy+1"],"picked":"Glacier","floor":23.0},{"not_picked":["Static Discharge","Coolheaded","Double Energy"],"picked":"Fusion","floor":24.0}],"player_experience":982883,"relics_obtained":[{"floor":6.0,"key":"Bottled Flame"},{"floor":8.0,"key":"Question Card"},{"floor":9.0,"key":"Oddly Smooth Stone"},{"floor":12.0,"key":"Boot"},{"floor":21.0,"key":"White Beast Statue"},{"floor":23.0,"key":"Bag of Marbles"}],"event_choices":[{"damage_healed":0.0,"max_hp_gain":0.0,"max_hp_loss":0.0,"gold_gain":0.0,"event_name":"Addict","player_choice":"Obtained Relic","floor":20.0,"gold_loss":85.0,"damage_taken":0.0,"relics_obtained":["Pear"]}],"is_beta":false,"boss_relics":[{"not_picked":["Empty Cage","Philosopher\u0027s Stone"],"picked":"Snecko Eye"}],"items_purged_floors":[4],"is_endless":false,"potions_floor_spawned":[2,5,8,19,22,23,24],"killed_by":"Gremlin Leader","ascension_level":20}}