{"host":"3fg0b0yrknwgx30i","time":1607552906,"event":{"gold_per_floor":[110,22,32,32,52,78,78,78,78,108,21,35,35,50,50,147,147,164,164,85,100,156,184,184,198,250,250,250,279,279,279],"floor_reached":30,"playtime":1346,"items_purged":["Strike_R"],"score":301,"play_id":"645500a4-38a6-4d9c-8e15-67656400fc05","local_time":"20201209172826","is_ascension_mode":false,"campfire_choices":[{"data":"Dark Embrace","floor":8.0,"key":"SMITH"},{"data":"Feed","floor":13.0,"key":"SMITH"},{"floor":15.0,"key":"REST"},{"floor":24,"key":"REST"},{"data":"Infernal Blade","floor":27,"key":"SMITH"}],"neow_cost":"NONE","seed_source_timestamp":1218750221374800,"circlet_count":0,"master_deck":["Strike_R+1","Strike_R+1","Strike_R+1","Strike_R+1","Defend_R+1","Defend_R+1","Defend_R+1","Defend_R+1","Bash","Feel No Pain","Dark Embrace+1","True Grit","Warcry","Hemokinesis","Whirlwind","Feed+1","True Grit","Offering","ReplayTheSpireMod:Muscle Training","Intimidate","Inflame","Second Wind","ReplayTheSpireMod:Stacked","Flex+1","Infernal Blade+1","Infernal Blade+1"],"special_seed":0,"relics":["Burning Blood","White Beast Statue","Smiling Mask","Simple Rune","Prayer Wheel","SacredBark","MealTicket","King of Hearts","Oddly Smooth Stone","MutagenicStrength","PreservedInsect"],"potions_floor_usage":[21,23,23,23,29,29],"damage_taken":[{"damage":9.0,"enemies":"Cultist","floor":1.0,"turns":3.0},{"damage":14.0,"enemies":"2 Louse","floor":3.0,"turns":3.0},{"damage":10.0,"enemies":"Small Slimes","floor":5.0,"turns":4.0},{"damage":20.0,"enemies":"Lagavulin","floor":6.0,"turns":7.0},{"damage":22.0,"enemies":"3 Sentries","floor":10.0,"turns":10.0},{"damage":11.0,"enemies":"Red Slaver","floor":12.0,"turns":5.0},{"damage":10.0,"enemies":"Exordium Wildlife","floor":14.0,"turns":3.0},{"damage":42.0,"enemies":"Slime Boss","floor":16.0,"turns":11.0},{"damage":41.0,"enemies":"Spheric Guardian","floor":18.0,"turns":7.0},{"damage":8,"enemies":"Shell Parasite","floor":21,"turns":6},{"damage":50,"enemies":"Slavers","floor":23,"turns":6},{"damage":11,"enemies":"Snecko","floor":25,"turns":5},{"damage":35,"enemies":"Gremlin Leader","floor":29,"turns":5},{"damage":13,"enemies":"Centurion and Healer","floor":30,"turns":4}],"seed_played":"-5957791825888042644","potions_obtained":[{"floor":1.0,"key":"SteroidPotion"},{"floor":3.0,"key":"Dexterity Potion"},{"floor":5.0,"key":"DistilledChaos"},{"floor":6.0,"key":"EssenceOfSteel"},{"floor":10.0,"key":"Explosive Potion"},{"floor":12.0,"key":"Explosive Potion"},{"floor":14.0,"key":"Explosive Potion"},{"floor":16.0,"key":"SpeedPotion"},{"floor":18.0,"key":"FearPotion"},{"floor":21,"key":"Dexterity Potion"},{"floor":22,"key":"Languid Potion"},{"floor":22,"key":"Reflective Coating"},{"floor":23,"key":"GamblersBrew"},{"floor":25,"key":"ColorlessPotion"},{"floor":29,"key":"ElixirPotion"}],"is_trial":false,"path_per_floor":["M","$","M","?","M","E","?","R","T","E","$","M","R","M","R","B",null,"M","?","$","M","?","E","R","M","T","R","?","E","M"],"character_chosen":"IRONCLAD","items_purchased":["Dark Embrace","True Grit","Whirlwind","Inflame"],"campfire_rested":2,"item_purchase_floors":[2,2,11,20],"current_hp_per_floor":[77,77,69,62,58,44,44,44,44,28,28,23,23,23,48,12,84,53,53,53,55,55,15,43,42,42,42,42,13,0,0],"gold":279,"neow_bonus":"RANDOM_EVENT","is_prod":false,"is_daily":false,"chose_seed":false,"campfire_upgraded":3,"win_rate":0,"timestamp":1607552906,"path_taken":["M","$","?","?","M","E","?","R","T","E","$","M","R","?","R","BOSS","M","?","$","M","?","E","R","M","T","R","?","E","M"],"build_version":"2020-11-30","purchased_purges":1,"victory":false,"max_hp_per_floor":[80,80,80,80,80,80,80,80,80,80,80,80,80,84,84,84,84,88,88,88,92,92,96,96,100,100,100,100,100,100,100],"card_choices":[{"not_picked":["Clothesline","Power Through"],"picked":"Feel No Pain","floor":1.0},{"not_picked":["Perfected Strike","Twin Strike"],"picked":"Warcry","floor":3.0},{"not_picked":["Spot Weakness","Dual Wield"],"picked":"Hemokinesis","floor":5.0},{"not_picked":["Run Through","Disarm","Searing Blow"],"picked":"SKIP","floor":6.0},{"not_picked":["Clothesline","Shrug It Off","Life Link"],"picked":"SKIP","floor":10.0},{"not_picked":["Pommel Strike","Inflame"],"picked":"Feed","floor":12.0},{"not_picked":["Clash","Pommel Strike","Sword Boomerang"],"picked":"SKIP","floor":12.0},{"not_picked":["Anger","Heavy Blade"],"picked":"True Grit","floor":14.0},{"not_picked":["Shrug It Off","Flex","Run Through"],"picked":"SKIP","floor":14.0},{"not_picked":["Hemogenesis","Demonic Infusion"],"picked":"Offering","floor":16.0},{"not_picked":["Clothesline","Replay:Undeath\u0027s Touch"],"picked":"ReplayTheSpireMod:Muscle Training","floor":18.0},{"not_picked":["Headbutt+1","Heavy Blade+1"],"picked":"Intimidate","floor":18.0},{"not_picked":["Searing Blow+1","Twin Strike+1"],"picked":"Second Wind","floor":21},{"not_picked":["Iron Wave+1","Pommel Strike"],"picked":"ReplayTheSpireMod:Stacked","floor":21},{"not_picked":["Shrug It Off","Clothesline+1"],"picked":"Flex+1","floor":22},{"not_picked":["Corruption","Whirlwind"],"picked":"Infernal Blade","floor":23},{"not_picked":["Bloodletting","Inflame"],"picked":"Infernal Blade+1","floor":25},{"not_picked":["Combust+1","Iron Wave","Clothesline"],"picked":"SKIP","floor":25},{"not_picked":["Dual Wield","Clash","ReplayTheSpireMod:Muscle Training"],"picked":"SKIP","floor":29}],"player_experience":92963,"relics_obtained":[{"floor":6.0,"key":"Smiling Mask"},{"floor":9.0,"key":"Simple Rune"},{"floor":10.0,"key":"Prayer Wheel"},{"floor":22,"key":"MealTicket"},{"floor":23,"key":"King of Hearts"},{"floor":26,"key":"Oddly Smooth Stone"},{"floor":29,"key":"PreservedInsect"}],"event_choices":[{"damage_healed":0.0,"max_hp_gain":0.0,"max_hp_loss":0.0,"gold_gain":0.0,"event_name":"Big Fish","player_choice":"Box","floor":0.0,"gold_loss":0.0,"damage_taken":0.0,"relics_obtained":["White Beast Statue"],"cards_obtained":["Regret"]},{"cards_removed":["Regret"],"damage_healed":0.0,"max_hp_gain":0.0,"max_hp_loss":0.0,"gold_gain":0.0,"event_name":"Golden Wing","player_choice":"Card Removal","floor":4.0,"gold_loss":0.0,"damage_taken":7.0},{"damage_healed":0.0,"max_hp_gain":0.0,"max_hp_loss":0.0,"gold_gain":0.0,"event_name":"Match and Keep!","player_choice":"0 cards matched","floor":7.0,"gold_loss":0.0,"damage_taken":0.0,"cards_obtained":[]},{"damage_healed":0.0,"max_hp_gain":0.0,"max_hp_loss":0.0,"gold_gain":0.0,"event_name":"Back to Basics","player_choice":"Simplicity","floor":19.0,"gold_loss":0.0,"damage_taken":0.0,"cards_upgraded":["Strike_R","Strike_R","Strike_R","Strike_R","Defend_R","Defend_R","Defend_R","Defend_R"]},{"damage_healed":0,"gold_gain":0,"player_choice":"Inject Mutagens","damage_taken":0,"relics_obtained":["MutagenicStrength"],"max_hp_gain":0,"max_hp_loss":0,"event_name":"Drug Dealer","floor":28,"gold_loss":0}],"is_beta":false,"boss_relics":[{"not_picked":["Astrolabe","Calling Bell"],"picked":"SacredBark"}],"items_purged_floors":[11],"is_endless":false,"potions_floor_spawned":[1,3,5,6,10,12,14,16,18,21,23,25,29],"killed_by":"Centurion and Healer","ascension_level":0}}