{"host":"y6s8mw1hb3jg98nz","time":1607499075,"event":{"gold_per_floor":[117,130,130,140,152,179,199,199,199,228,243,255,255,282,282,378,378,390,390,715,26,276,276,37,103,103,2,2,20,33,8,8,111,111,125,142,192,1,311,311,61,61,61,61,61,111,145,195,195,206,206,206],"floor_reached":53,"playtime":7692,"items_purged":["Regret"],"score":1280,"play_id":"414cf3d8-418a-4f8a-b26a-f065e336d1ae","local_time":"20201209180115","is_ascension_mode":false,"campfire_choices":[{"data":"Anger","floor":8,"key":"SMITH"},{"floor":13,"key":"REST"},{"floor":15,"key":"REST"},{"data":"Anger","floor":23,"key":"SMITH"},{"data":"Perfected Strike","floor":28,"key":"SMITH"},{"floor":32,"key":"REST"},{"floor":40,"key":"REST"},{"data":"Anger","floor":44,"key":"SMITH"},{"floor":49,"key":"REST"},{"floor":51,"key":"REST"}],"neow_cost":"","seed_source_timestamp":337406273769300,"circlet_count":0,"master_deck":["Strike_R+3","Strike_R","Strike_R","Strike_R+1","Strike_R","Defend_R","Defend_R","Defend_R+1","Defend_R","Bash","Perfected Strike+1","Flame Barrier+1","Metallicize+1","Anger+1","Twin Strike","Feed","Iron Wave","Anger+1","Impervious","Cleave+1","Demonic Infusion+1","Headbutt+1","Exhume+1","Shrug It Off+1","True Grit+1","Rampage+1","Rampage+1","Entrench+1","Rampage+1","Immolate+1","Sword Boomerang+1","Anger+1","Secret Technique+1","Panacea+1","expansioncontent:DefensiveMode+1","Parasite","Anger+1","Anger+1","Headbutt+1","Writhe","Heavy Blade+1"],"relics":["Burning Blood","Replay:Accelerometer","ReplayTheSpireMod:Spearhead","halation:PinkSoulGem","Lantern","Bottled Flame","Red Skull","Gremlin Food","Astrolabe","SsserpentHead","Toxic Egg 2","OrangePellets","Membership Card","halation:Jellyphish","halation:WeightlessCrab","Golden Egg","halation:LoveArrow","Gremlin Horn","Pear","ReplayTheSpireMod:ShopPack","Simple Rune","Lee\u0027s Waffle","aspiration:Nostalgia","PureWater","Orichalcum","Darkstone Periapt"],"potions_floor_usage":[10,14,16,16,30,33],"damage_taken":[{"damage":0,"enemies":"2 Louse","floor":1,"turns":3},{"damage":0,"enemies":"Small Slimes","floor":2,"turns":3},{"damage":7,"enemies":"Jaw Worm","floor":4,"turns":4},{"damage":7,"enemies":"3 Louse","floor":5,"turns":6},{"damage":6,"enemies":"Replay:BlueRogue","floor":6,"turns":4},{"damage":0,"enemies":"Exordium Wildlife","floor":7,"turns":3},{"damage":45,"enemies":"Gremlin Nob","floor":10,"turns":5},{"damage":6,"enemies":"Lots of Slimes","floor":11,"turns":4},{"damage":7,"enemies":"Looter","floor":12,"turns":3},{"damage":12,"enemies":"Replay:BlueRogue","floor":14,"turns":5},{"damage":24,"enemies":"Hexaghost","floor":16,"turns":7},{"damage":10,"enemies":"3 Byrds","floor":18,"turns":8},{"damage":16,"enemies":"Shell Parasite","floor":25,"turns":7},{"damage":10,"enemies":"Cultist and Chosen","floor":29,"turns":6},{"damage":31,"enemies":"Centurion and Healer","floor":30,"turns":6},{"damage":58,"enemies":"Pondfish","floor":33,"turns":10},{"damage":48,"enemies":"3 Shapes","floor":35,"turns":3},{"damage":40,"enemies":"3 Darklings","floor":36,"turns":6},{"damage":9,"enemies":"Writhing Mass","floor":39,"turns":4},{"damage":60,"enemies":"R_Hoarder","floor":47,"turns":15},{"damage":45,"enemies":"4 Shapes","floor":50,"turns":2},{"damage":89,"enemies":"Donu and Deca","floor":52,"turns":10}],"seed_played":"-1684846152856951735","potions_obtained":[{"floor":6,"key":"SpeedPotion"},{"floor":7,"key":"PowerPotion"},{"floor":10,"key":"SteroidPotion"},{"floor":11,"key":"sneckomod:MuddlingPotion"},{"floor":14,"key":"Fruit Juice"},{"floor":25,"key":"LiquidMemories"},{"floor":30,"key":"Adrenaline Potion"},{"floor":36,"key":"sneckomod:MuddlingPotion"},{"floor":39,"key":"SpeedPotion"}],"is_trial":false,"path_per_floor":["M","M","?","M","M","E","M","R","T","E","M","M","R","E","R","B",null,"M","?","?","$","?","R","$","M","T","$","R","M","M","?","R","B",null,"M","M","?","$","M","R","$","PTL","PTL","R","T","?","E","?","R","M","R","B",null],"character_chosen":"IRONCLAD","items_purchased":["ReplayTheSpireMod:Spearhead","True Grit","Toxic Egg 2","OrangePellets","Exhume+1","Shrug It Off+1","Membership Card","True Grit+1","halation:Jellyphish","Golden Egg","Rampage","Pear","ReplayTheSpireMod:ShopPack","Simple Rune","Lee\u0027s Waffle","aspiration:Nostalgia","Anger"],"campfire_rested":6,"item_purchase_floors":[0,0,21,21,21,21,24,24,24,27,27,38,38,41,41,41,41],"current_hp_per_floor":[80,80,80,79,78,78,80,80,80,41,44,46,71,70,91,73,91,90,90,90,90,90,90,90,83,83,83,83,79,54,54,83,31,97,58,24,24,34,31,64,117,117,117,117,117,117,63,98,123,87,124,41],"gold":206,"neow_bonus":"","is_prod":false,"is_daily":false,"chose_seed":false,"campfire_upgraded":4,"win_rate":0,"timestamp":1607499075,"path_taken":["M","M","?","M","M","E","M","R","T","E","M","M","R","E","R","BOSS","M","?","?","$","?","R","$","?","T","?","R","M","M","?","R","BOSS","M","M","?","$","M","R","?","PTL","PTL","R","T","?","E","?","R","M","R","BOSS"],"build_version":"2020-11-30","purchased_purges":1,"victory":true,"max_hp_per_floor":[80,80,80,80,80,80,80,80,80,80,83,86,86,91,91,91,91,94,94,94,94,94,94,94,97,97,97,97,97,97,97,97,97,97,100,100,100,110,110,110,117,117,117,117,117,117,117,123,123,126,126,126],"relic_stats":{"Darkstone Periapt":6,"SsserpentHead":450,"OrangePellets":[3],"Lee\u0027s Waffle":53,"Gremlin Horn":[4,4],"counters":[38,190],"Astrolabe":["Cleave","Demonic Infusion","Brutality"],"Orichalcum":[78],"obtain_stats":[{"Darkstone Periapt":47,"Replay:Accelerometer":0,"Golden Egg":27,"Lantern":6,"aspiration:Lifesprig":25,"Gremlin Horn":37,"halation:WeightlessCrab":26,"Bag of Preparation":47,"Replay:Mystery Machine":9,"Boot":52,"Burning Blood":0,"Old Coin":39,"SsserpentHead":19,"Dream Catcher":11,"WingedGreaves":30,"Toxic Egg 2":12,"Electric Blood":50,"Red Skull":10,"Gremlin Food":14,"Lee\u0027s Waffle":41,"Pear":38,"NeowsBlessing":0,"aspiration:Nostalgia":41,"Astrolabe":17,"Oddly Smooth Stone":29,"Pen Nib":25,"Omamori":25,"Orichalcum":45,"halation:LoveArrow":34,"OrangePellets":23,"ReplayTheSpireMod:Spearhead":0,"Bottled Flame":9,"Ornamental Fan":7,"Shuriken":28,"halation:Jellyphish":24,"Simple Rune":41,"Black Star":19,"Bag of Marbles":36,"Membership Card":24,"Champion Belt":35,"PureWater":41,"halation:PinkSoulGem":3,"Unceasing Top":33,"ReplayTheSpireMod:ShopPack":38},{"Darkstone Periapt":36,"Replay:Accelerometer":16,"Golden Egg":29,"Lantern":21,"aspiration:Lifesprig":28,"Gremlin Horn":34,"halation:WeightlessCrab":29,"Bag of Preparation":35,"Replay:Mystery Machine":6,"Boot":37,"Burning Blood":0,"Old Coin":34,"SsserpentHead":28,"Dream Catcher":7,"WingedGreaves":30,"Toxic Egg 2":7,"Electric Blood":36,"Red Skull":23,"Gremlin Food":26,"Lee\u0027s Waffle":35,"Pear":34,"NeowsBlessing":0,"aspiration:Nostalgia":35,"Astrolabe":27,"Oddly Smooth Stone":29,"Pen Nib":12,"Omamori":12,"Orichalcum":35,"halation:LoveArrow":32,"OrangePellets":10,"ReplayTheSpireMod:Spearhead":16,"Bottled Flame":22,"Ornamental Fan":6,"Shuriken":13,"halation:Jellyphish":28,"Simple Rune":35,"Black Star":8,"Bag of Marbles":33,"Membership Card":28,"Champion Belt":32,"PureWater":35,"halation:PinkSoulGem":18,"Unceasing Top":31,"ReplayTheSpireMod:ShopPack":34},{"Darkstone Periapt":178,"Replay:Accelerometer":66,"Golden Egg":128,"Lantern":86,"aspiration:Lifesprig":121,"Gremlin Horn":159,"halation:WeightlessCrab":128,"Bag of Preparation":163,"Replay:Mystery Machine":15,"Boot":180,"Burning Blood":0,"Old Coin":159,"SsserpentHead":121,"Dream Catcher":19,"WingedGreaves":134,"Toxic Egg 2":19,"Electric Blood":178,"Red Skull":94,"Gremlin Food":106,"Lee\u0027s Waffle":163,"Pear":159,"NeowsBlessing":0,"aspiration:Nostalgia":163,"Astrolabe":113,"Oddly Smooth Stone":128,"Pen Nib":49,"Omamori":49,"Orichalcum":163,"halation:LoveArrow":150,"OrangePellets":39,"ReplayTheSpireMod:Spearhead":66,"Bottled Flame":89,"Ornamental Fan":15,"Shuriken":55,"halation:Jellyphish":121,"Simple Rune":163,"Black Star":28,"Bag of Marbles":153,"Membership Card":121,"Champion Belt":150,"PureWater":163,"halation:PinkSoulGem":72,"Unceasing Top":140,"ReplayTheSpireMod:ShopPack":159}],"Burning Blood":182},"card_choices":[{"not_picked":["ReplayTheSpireMod:Strike From Hell","Life Link"],"picked":"Perfected Strike","floor":1},{"not_picked":["Hemokinesis","Body Slam"],"picked":"Flame Barrier","floor":2},{"not_picked":["Burning Pact","ReplayTheSpireMod:Muscle Training"],"picked":"Metallicize","floor":4},{"not_picked":["Warcry","True Grit"],"picked":"Run Through","floor":5},{"not_picked":["Feed","Clash"],"picked":"Anger","floor":6},{"not_picked":["Havoc","Replay:Undeath\u0027s Touch"],"picked":"Twin Strike","floor":7},{"not_picked":["Demon Form","True Grit"],"picked":"Feed","floor":10},{"not_picked":["Defy Death","Perfected Strike"],"picked":"Iron Wave","floor":11},{"not_picked":["True Grit","ReplayReversal"],"picked":"Flex","floor":12},{"not_picked":["Body Slam","Clothesline"],"picked":"Anger","floor":14},{"not_picked":["Eclipse","Limit Break"],"picked":"Impervious","floor":16},{"not_picked":["Twin Strike","Heavy Blade"],"picked":"Headbutt+1","floor":18},{"not_picked":["Brutality","Sever Soul+1"],"picked":"Inflame","floor":25},{"not_picked":["Clothesline","Sentinel+1"],"picked":"Entrench+1","floor":29},{"not_picked":["Shrug It Off+1","Body Slam"],"picked":"Rampage+1","floor":30},{"not_picked":["Brutality","Fiend Fire"],"picked":"Immolate","floor":33},{"not_picked":["Entrench+1","Clothesline"],"picked":"Sword Boomerang+1","floor":35},{"not_picked":["Evolve+1","ReplayTheSpireMod:Strike From Hell+1"],"picked":"Anger","floor":36},{"not_picked":["Crow Ritual","ReplayTheSpireMod:Necrogeddon"],"picked":"Secret Technique","floor":38},{"not_picked":["ReplayTheSpireMod:Private Reserves","Impatience"],"picked":"Panacea","floor":38},{"not_picked":["expansioncontent:Hexaburn","Purity"],"picked":"expansioncontent:DefensiveMode","floor":38},{"not_picked":["Second Wind+1","Perfected Strike"],"picked":"Anger+1","floor":39},{"not_picked":["Body Slam","Sentinel+1"],"picked":"Headbutt+1","floor":47},{"not_picked":["Twin Strike+1","Feel No Pain+1"],"picked":"Heavy Blade+1","floor":50}],"player_experience":125305,"relics_obtained":[{"floor":6,"key":"Lantern"},{"floor":9,"key":"Bottled Flame"},{"floor":10,"key":"Red Skull"},{"floor":14,"key":"Gremlin Food"},{"floor":26,"key":"halation:WeightlessCrab"},{"floor":45,"key":"Orichalcum"},{"floor":47,"key":"Darkstone Periapt"}],"event_choices":[{"damage_healed":0,"gold_gain":0,"player_choice":"Trade","damage_taken":0,"relics_obtained":["SsserpentHead"],"max_hp_gain":0,"max_hp_loss":0,"event_name":"FaceTrader","floor":19,"gold_loss":0},{"damage_healed":0,"gold_gain":275,"player_choice":"Desecrate","damage_taken":0,"max_hp_gain":0,"max_hp_loss":0,"event_name":"Golden Shrine","floor":20,"gold_loss":0,"cards_obtained":["Regret"]},{"damage_healed":0,"gold_gain":250,"player_choice":"Bet on Owner","damage_taken":0,"max_hp_gain":0,"max_hp_loss":0,"event_name":"The Joust","floor":22,"gold_loss":50},{"cards_removed":["Brutality"],"damage_healed":0,"gold_gain":0,"player_choice":"Gave Gold","damage_taken":0,"max_hp_gain":0,"max_hp_loss":0,"event_name":"Beggar","floor":31,"gold_loss":75},{"damage_healed":0,"gold_gain":0,"player_choice":"Gave Potion","damage_taken":0,"relics_obtained":["Gremlin Horn"],"max_hp_gain":0,"max_hp_loss":0,"event_name":"WeMeetAgain","floor":37,"gold_loss":0},{"cards_removed":["Inflame"],"damage_healed":0,"gold_gain":0,"player_choice":"Removed Power","damage_taken":0,"max_hp_gain":0,"max_hp_loss":0,"event_name":"Falling","floor":46,"gold_loss":0},{"damage_healed":29,"gold_gain":0,"player_choice":"Writhe","damage_taken":0,"max_hp_gain":0,"max_hp_loss":0,"event_name":"Winding Halls","floor":48,"gold_loss":0,"cards_obtained":["Writhe"]}],"is_beta":false,"boss_relics":[{"not_picked":["Philosopher\u0027s Stone","halation:ForbiddenBikini"],"picked":"Astrolabe"},{"not_picked":["Replay:Wanted Poster","Busted Crown"],"picked":"halation:LoveArrow"}],"items_purged_floors":[21],"is_endless":false,"potions_floor_spawned":[6,7,10,11,14,25,30,36,39],"ascension_level":0}}