{"host":"zekcc3vicrep0och","time":1607541001,"event":{"gold_per_floor":[111,111,129,94,113,113,113],"floor_reached":6,"playtime":360,"items_purged":[],"score":61,"play_id":"813ba29f-306e-4c42-bd69-bef4bbc2a1c5","local_time":"20201209221001","is_ascension_mode":true,"campfire_choices":[],"neow_cost":"CURSE","seed_source_timestamp":46501226256000,"circlet_count":0,"master_deck":["AscendersBane","Strike_P","Strike_P","Strike_P","Strike_P","Defend_P","Defend_P","Defend_P","Defend_P","Eruption","Vigilance","Decay","CutThroughFate","Indignation","Perseverance"],"special_seed":0,"relics":["PureWater","GoldenEye","MealTicket"],"potions_floor_usage":[6],"damage_taken":[{"damage":4.0,"enemies":"Small Slimes","floor":1.0,"turns":4.0},{"damage":5.0,"enemies":"Jaw Worm","floor":3.0,"turns":6.0},{"damage":6,"enemies":"Cultist","floor":5,"turns":5},{"damage":31,"enemies":"Gremlin Nob","floor":6,"turns":5}],"seed_played":"5070993398822018032","potions_obtained":[{"floor":1.0,"key":"Strength Potion"}],"is_trial":false,"path_per_floor":["M","?","M","?","M","E"],"character_chosen":"WATCHER","items_purchased":[],"campfire_rested":0,"item_purchase_floors":[],"current_hp_per_floor":[57,45,40,57,51,20,20],"gold":113,"neow_bonus":"ONE_RARE_RELIC","is_prod":false,"is_daily":false,"chose_seed":false,"campfire_upgraded":0,"win_rate":0,"timestamp":1607541001,"path_taken":["M","?","M","?","M","E"],"build_version":"2020-11-30","purchased_purges":0,"victory":false,"max_hp_per_floor":[68,68,68,68,68,68,68],"relic_stats":{"counters":[4,20],"MealTicket":0,"GoldenEye":[18],"obtain_stats":[{"MealTicket":2,"PureWater":0,"GoldenEye":0},{"MealTicket":1,"PureWater":0,"GoldenEye":0},{"MealTicket":4,"PureWater":0,"GoldenEye":0}]},"card_choices":[{"not_picked":["Consecrate","PathToVictory"],"picked":"CutThroughFate","floor":1.0},{"not_picked":["Consecrate","BowlingBash"],"picked":"Indignation","floor":3.0},{"not_picked":["Worship","JustLucky"],"picked":"Perseverance","floor":5}],"player_experience":391815,"relics_obtained":[],"event_choices":[{"damage_healed":0.0,"max_hp_gain":0.0,"max_hp_loss":0.0,"gold_gain":0.0,"event_name":"Scrap Ooze","player_choice":"Success","floor":2.0,"gold_loss":0.0,"damage_taken":12.0,"relics_obtained":["MealTicket"]},{"damage_healed":17.0,"max_hp_gain":0.0,"max_hp_loss":0.0,"gold_gain":0.0,"event_name":"The Cleric","player_choice":"Healed","floor":4.0,"gold_loss":35.0,"damage_taken":0.0}],"is_beta":false,"boss_relics":[],"items_purged_floors":[],"is_endless":false,"potions_floor_spawned":[1],"killed_by":"Gremlin Nob","ascension_level":14}}