{"host":"i0avyit1s6jb1siw","time":1607530366,"event":{"gold_per_floor":[116,116,129,129,139,139,165,165,165,165,176,205,205,238,238,309,309,323,107,117,135,135,135,149,160,160,225,200,200,211,243,243,322,322,336,350,400,412,481,514,245,275,275,335,385,397,414,123,123,123,123,123,123,37,72,72,72],"floor_reached":56,"playtime":1955,"items_purged":["Defend_P","Strike_P+1","Languid"],"score":2002,"play_id":"1997fa26-fbee-415e-b73d-04082cff844f","local_time":"20201209171246","is_ascension_mode":true,"campfire_choices":[{"data":"Eruption","floor":6.0,"key":"SMITH"},{"data":"CarveReality","floor":10.0,"key":"SMITH"},{"floor":13.0,"key":"REST"},{"data":"Strike_P","floor":15.0,"key":"PURGE"},{"floor":23.0,"key":"REST"},{"floor":29.0,"key":"REST"},{"floor":32.0,"key":"REST"},{"floor":49,"key":"RECALL"},{"data":"MentalFortress","floor":53,"key":"SMITH"}],"neow_cost":"NONE","seed_source_timestamp":51027165313700,"circlet_count":0,"master_deck":["AscendersBane","Strike_P+1","Defend_P","Defend_P","Eruption+1","Vigilance","CrushJoints+1","CarveReality+1","MentalFortress","Establishment","Study+1","Tantrum","ClearTheMind","DeceiveReality+1","Meditate+1","Vault","Scrawl","LikeWater+1","SpiritShield","MentalFortress+1"],"special_seed":0,"relics":["PureWater","NeowsBlessing","Replay:Bottled Flurry","Dota2Spire:OrchidMalevolence","Whetstone","Dota2Spire:ShivaGuard","Runic Pyramid","SsserpentHead","Replay:Wax Seal","Cursed Key","Sundial","ClockworkSouvenir","Replay:Purple Gloves","ReplayTheSpireMod:Lightbulb","Dota2Spire:UrnOfShadows","Incense Burner"],"potions_floor_usage":[42,50,56],"damage_taken":[{"damage":0.0,"enemies":"2 Louse","floor":1.0,"turns":1.0},{"damage":0.0,"enemies":"Small Slimes","floor":3.0,"turns":1.0},{"damage":0.0,"enemies":"Cultist","floor":5.0,"turns":1.0},{"damage":17.0,"enemies":"Gremlin Nob","floor":7.0,"turns":3.0},{"damage":7.0,"enemies":"Exordium Wildlife","floor":11.0,"turns":2.0},{"damage":11.0,"enemies":"Replay:BlueRogue","floor":12.0,"turns":2.0},{"damage":0.0,"enemies":"Lagavulin","floor":14.0,"turns":3.0},{"damage":39.0,"enemies":"Fading Forest","floor":16.0,"turns":13.0},{"damage":0.0,"enemies":"Spheric Guardian","floor":18.0,"turns":3.0},{"damage":30.0,"enemies":"2 Thieves","floor":20.0,"turns":3.0},{"damage":24.0,"enemies":"Snake Plant","floor":21.0,"turns":3.0},{"damage":0.0,"enemies":"Centurion and Healer","floor":24.0,"turns":4.0},{"damage":23.0,"enemies":"Shelled Parasite and Fungi","floor":25.0,"turns":3.0},{"damage":2.0,"enemies":"Sentry and Sphere","floor":27.0,"turns":4.0},{"damage":0.0,"enemies":"Snecko","floor":30.0,"turns":3.0},{"damage":10.0,"enemies":"Slavers","floor":31.0,"turns":5.0},{"damage":8.0,"enemies":"Champ","floor":33.0,"turns":8.0},{"damage":0.0,"enemies":"3 Shapes","floor":35.0,"turns":5.0},{"damage":0.0,"enemies":"3 Darklings","floor":36.0,"turns":5.0},{"damage":0.0,"enemies":"Transient","floor":38.0,"turns":7.0},{"damage":0.0,"enemies":"Maw","floor":39.0,"turns":5.0},{"damage":0.0,"enemies":"Giant Head","floor":40.0,"turns":5.0},{"damage":4,"enemies":"Reptomancer","floor":42,"turns":6},{"damage":34,"enemies":"4 Shapes","floor":44,"turns":4},{"damage":0,"enemies":"Writhing Mass","floor":46,"turns":7},{"damage":0,"enemies":"Maw","floor":47,"turns":6},{"damage":7,"enemies":"Donu and Deca","floor":50,"turns":8},{"damage":12,"enemies":"Time Eater","floor":51,"turns":10},{"damage":0,"enemies":"Shield and Spear","floor":55,"turns":7},{"damage":64,"enemies":"The Heart","floor":56,"turns":9}],"seed_played":"5980290612558360872","potions_obtained":[{"floor":1.0,"key":"Fire Potion"},{"floor":14.0,"key":"Reflective Coating"},{"floor":20.0,"key":"ColorlessPotion"},{"floor":25.0,"key":"Reflective Coating"},{"floor":27.0,"key":"PowerPotion"},{"floor":30.0,"key":"EntropicBrew"},{"floor":42,"key":"Dexterity Potion"},{"floor":46,"key":"Strength Potion"}],"is_trial":false,"path_per_floor":["M","?","M","?","M","R","E","?","T","R","M","E","R","E","R","B",null,"M","$","M","M","?","R","M","M","T","M","?","R","M","E","R","B",null,"M","M","?","M","M","E","$","E","T","M","?","M","M","$","R","B","B",null,"R","$","E","B"],"character_chosen":"WATCHER","items_purchased":["Study+1","Tantrum","ClockworkSouvenir","Dota2Spire:UrnOfShadows","Ancient Potion"],"campfire_rested":4,"item_purchase_floors":[19,19,41,48,54],"current_hp_per_floor":[61,66,66,59,59,59,42,42,42,42,35,24,45,45,45,26,61,61,61,31,7,7,28,28,5,5,3,3,24,24,14,35,27,62,62,62,62,62,62,62,62,58,58,24,24,24,24,24,24,17,5,56,56,56,56,0,0],"gold":72,"neow_bonus":"THREE_ENEMY_KILL","is_prod":false,"is_daily":false,"chose_seed":false,"campfire_upgraded":3,"win_rate":0,"timestamp":1607530366,"path_taken":["M","?","M","?","M","R","E","?","T","R","M","E","R","E","R","BOSS","M","$","?","M","?","R","M","M","T","?","?","R","M","E","R","BOSS","M","M","?","M","?","E","$","E","T","?","?","M","M","$","R","BOSS","BOSS","R","$","E","BOSS"],"build_version":"2020-11-30","purchased_purges":3,"victory":false,"max_hp_per_floor":[68,73,73,73,73,73,73,73,73,73,73,73,73,73,73,73,73,73,73,73,73,73,73,73,73,73,73,73,73,73,73,73,73,73,73,73,73,73,73,73,73,73,73,73,73,73,73,73,73,73,73,73,73,73,73,73,73],"card_choices":[{"not_picked":["Replay:DivineShield","Protect"],"picked":"CrushJoints","floor":1.0},{"not_picked":["Consecrate","SashWhip","FollowUp"],"picked":"SKIP","floor":3.0},{"not_picked":["SashWhip","ThirdEye","Wish"],"picked":"SKIP","floor":5.0},{"not_picked":["Consecrate","BattleHymn"],"picked":"CarveReality","floor":7.0},{"not_picked":["SashWhip","CutThroughFate","Replay:Anticipation"],"picked":"SKIP","floor":11.0},{"not_picked":["SpiritShield","CrushJoints","PathToVictory"],"picked":"SKIP","floor":12.0},{"not_picked":["SashWhip","SandsOfTime"],"picked":"MentalFortress","floor":14.0},{"not_picked":["LessonLearned","Wish"],"picked":"Establishment","floor":16.0},{"not_picked":["Evaluate","BowlingBash","Replay:ManipulateFuture"],"picked":"SKIP","floor":18.0},{"not_picked":["Replay:Vibes","ThirdEye+1"],"picked":"ClearTheMind","floor":20.0},{"not_picked":["ThirdEye","Conclude","ReachHeaven"],"picked":"SKIP","floor":21.0},{"not_picked":["Evaluate","Replay:AtTheReady","SandsOfTime"],"picked":"SKIP","floor":24.0},{"not_picked":["Replay:Cycle","Worship+1","JustLucky"],"picked":"SKIP","floor":25.0},{"not_picked":["Replay:DivineShield","Evaluate"],"picked":"DeceiveReality+1","floor":27.0},{"not_picked":["Wallop","ClearTheMind"],"picked":"Meditate","floor":30.0},{"not_picked":["Prostrate","Replay:BluntJabs"],"picked":"Vault","floor":31.0},{"not_picked":["Alpha","ConjureBlade"],"picked":"Scrawl","floor":33.0},{"not_picked":["Replay:Battleflow","Vengeance","Replay:BluntJabs"],"picked":"SKIP","floor":35.0},{"not_picked":["ThirdEye","PathToVictory+1","Perseverance+1"],"picked":"SKIP","floor":36.0},{"not_picked":["Replay:Cycle","PathToVictory","ReachHeaven"],"picked":"SKIP","floor":38.0},{"not_picked":["FlyingSleeves+1","BowlingBash+1","Replay:Anticipation"],"picked":"SKIP","floor":39.0},{"not_picked":["SignatureMove","Swivel"],"picked":"LikeWater+1","floor":40.0},{"not_picked":["CrushJoints","Swivel"],"picked":"SpiritShield","floor":42},{"not_picked":["CrushJoints+1","Replay:DivineShield+1"],"picked":"MentalFortress","floor":44},{"not_picked":["Fasting2+1","Evaluate","Consecrate"],"picked":"SKIP","floor":46},{"not_picked":["Halt+1","ThirdEye","Replay:Battleflow+1"],"picked":"SKIP","floor":47},{"not_picked":["Halt+1","BattleHymn+1","ReachHeaven"],"picked":"SKIP","floor":55}],"player_experience":2055893,"relics_obtained":[{"floor":7.0,"key":"Replay:Bottled Flurry"},{"floor":9.0,"key":"Dota2Spire:OrchidMalevolence"},{"floor":12.0,"key":"Whetstone"},{"floor":14.0,"key":"Dota2Spire:ShivaGuard"},{"floor":31.0,"key":"Replay:Wax Seal"},{"floor":40.0,"key":"Sundial"},{"floor":42,"key":"Replay:Purple Gloves"},{"floor":43,"key":"ReplayTheSpireMod:Lightbulb"},{"floor":55,"key":"Incense Burner"}],"event_choices":[{"damage_healed":0.0,"max_hp_gain":5.0,"max_hp_loss":0.0,"gold_gain":0.0,"event_name":"Big Fish","player_choice":"Donut","floor":2.0,"gold_loss":0.0,"damage_taken":0.0},{"cards_removed":["Defend_P"],"damage_healed":0.0,"max_hp_gain":0.0,"max_hp_loss":0.0,"gold_gain":0.0,"event_name":"Golden Wing","player_choice":"Card Removal","floor":4.0,"gold_loss":0.0,"damage_taken":7.0},{"damage_healed":0.0,"max_hp_gain":0.0,"max_hp_loss":0.0,"gold_gain":0.0,"event_name":"Accursed Blacksmith","player_choice":"Forge","floor":8.0,"gold_loss":0.0,"damage_taken":0.0,"cards_upgraded":["CrushJoints"]},{"damage_healed":0.0,"max_hp_gain":0.0,"max_hp_loss":0.0,"gold_gain":0.0,"event_name":"FaceTrader","player_choice":"Trade","floor":22.0,"gold_loss":0.0,"damage_taken":0.0,"relics_obtained":["SsserpentHead"]},{"cards_removed":["Strike_P"],"damage_healed":0.0,"max_hp_gain":0.0,"max_hp_loss":0.0,"gold_gain":0.0,"event_name":"Beggar","player_choice":"Gave Gold","floor":28.0,"gold_loss":75.0,"damage_taken":0.0},{"damage_healed":0.0,"max_hp_gain":0.0,"max_hp_loss":0.0,"gold_gain":0.0,"event_name":"SecretPortal","player_choice":"Ignored","floor":37.0,"gold_loss":0.0,"damage_taken":0.0},{"damage_healed":0,"gold_gain":0,"player_choice":"Upgraded","damage_taken":0,"max_hp_gain":0,"max_hp_loss":0,"event_name":"Upgrade Shrine","floor":45,"gold_loss":0,"cards_upgraded":["Meditate"]}],"is_beta":false,"boss_relics":[{"not_picked":["SacredBark","ChewingGum"],"picked":"Runic Pyramid"},{"not_picked":["Painkiller Herb","Tiny House"],"picked":"Cursed Key"}],"items_purged_floors":[19,41,48],"is_endless":false,"potions_floor_spawned":[1,7,14,20,25,27,30,35,42,46],"killed_by":"The Heart","ascension_level":20}}