{"host":"4qkvkh7pd9qr2mca","time":1607555360,"event":{"gold_per_floor":[119,136,136,156,38,69,69,96,96,126,126,12,32,92,92,166,166,182,182,201,201,227,252,252,262,308,341,351,531,76,104,104,176,176,187,187,199,199,214,243,57,57,102,115,147,147,17,44,44,44,44],"floor_reached":52,"playtime":2021,"items_purged":["Defend_R","Strike_R","Bloodletting+1","Cleave+1"],"score":1972,"play_id":"62bb8fc8-3b49-461d-902d-02a621fcf563","local_time":"20201210000920","is_ascension_mode":true,"campfire_choices":[{"data":"True Grit","floor":7.0,"key":"SMITH"},{"data":"Limit Break","floor":11.0,"key":"SMITH"},{"floor":15.0,"key":"REST"},{"floor":24.0,"key":"REST"},{"data":"Uppercut","floor":32,"key":"SMITH"},{"data":"1","floor":42,"key":"LIFT"},{"data":"2","floor":46,"key":"LIFT"},{"data":"3","floor":49,"key":"LIFT"}],"neow_cost":"NONE","seed_source_timestamp":0,"circlet_count":0,"master_deck":["AscendersBane","Bash+1","True Grit+1","Spot Weakness","Metallicize","Feel No Pain","Infernal Blade","Limit Break+1","Sword Boomerang","Battle Trance","Blood for Blood","Reaper","Ghostly Armor","Disarm","Uppercut+1","Limit Break+1","Whirlwind+1","Battle Trance+1","Bloodletting+1","Fiend Fire+1","Rampage+1","Feel No Pain","Second Wind+1","Berserk","Double Tap+1","True Grit+1","Inflame","Dark Shackles+1","Power Through+1","Seeing Red+1"],"special_seed":0,"relics":["Burning Blood","Akabeko","Tiny Chest","Ice Cream","Matryoshka","Red Skull","Pen Nib","Busted Crown","Toxic Egg 2","Anchor","Molten Egg 2","Smiling Mask","Orichalcum","Dream Catcher","Mummified Hand","Incense Burner","Pandora\u0027s Box","Girya","Bag of Preparation","Letter Opener","CeramicFish","Centennial Puzzle"],"potions_floor_usage":[33,40,50,51],"damage_taken":[{"damage":4.0,"enemies":"Small Slimes","floor":1.0,"turns":3.0},{"damage":3.0,"enemies":"2 Louse","floor":2.0,"turns":3.0},{"damage":2.0,"enemies":"Jaw Worm","floor":4.0,"turns":4.0},{"damage":11.0,"enemies":"3 Sentries","floor":6.0,"turns":16.0},{"damage":30.0,"enemies":"Gremlin Nob","floor":8.0,"turns":4.0},{"damage":7.0,"enemies":"3 Sentries","floor":10.0,"turns":6.0},{"damage":11.0,"enemies":"Looter","floor":13.0,"turns":2.0},{"damage":28.0,"enemies":"Lagavulin Event","floor":14.0,"turns":5.0},{"damage":19.0,"enemies":"Hexaghost","floor":16.0,"turns":6.0},{"damage":21.0,"enemies":"3 Byrds","floor":18.0,"turns":4.0},{"damage":16.0,"enemies":"Spheric Guardian","floor":20.0,"turns":4.0},{"damage":39.0,"enemies":"Slavers","floor":23.0,"turns":5.0},{"damage":23.0,"enemies":"3 Cultists","floor":25.0,"turns":5.0},{"damage":7.0,"enemies":"Gremlin Leader","floor":27.0,"turns":8.0},{"damage":78,"enemies":"Centurion and Healer","floor":28,"turns":9},{"damage":13,"enemies":"Book of Stabbing","floor":31,"turns":5},{"damage":89,"enemies":"Champ","floor":33,"turns":9},{"damage":0,"enemies":"3 Darklings","floor":35,"turns":1},{"damage":1,"enemies":"Orb Walker","floor":37,"turns":2},{"damage":7,"enemies":"3 Darklings","floor":39,"turns":4},{"damage":12,"enemies":"Giant Head","floor":40,"turns":5},{"damage":9,"enemies":"Writhing Mass","floor":44,"turns":5},{"damage":20,"enemies":"Nemesis","floor":45,"turns":5},{"damage":3,"enemies":"Transient","floor":48,"turns":6},{"damage":27,"enemies":"Time Eater","floor":50,"turns":7},{"damage":30,"enemies":"Awakened One","floor":51,"turns":4}],"seed_played":"4624612516415835659","potions_obtained":[{"floor":2.0,"key":"Energy Potion"},{"floor":4.0,"key":"Explosive Potion"},{"floor":14.0,"key":"Regen Potion"},{"floor":16.0,"key":"GamblersBrew"},{"floor":18.0,"key":"Dexterity Potion"},{"floor":25.0,"key":"Swift Potion"},{"floor":33,"key":"DistilledChaos"},{"floor":44,"key":"AttackPotion"}],"is_trial":false,"path_per_floor":["M","M","?","M","$","E","R","E","T","E","R","$","M","?","R","B",null,"M","?","M","?","T","E","R","M","T","E","M","?","$","E","R","B",null,"M","T","M","T","M","E","$","R","T","M","E","R","$","M","R","B","B",null],"character_chosen":"IRONCLAD","items_purchased":["Feel No Pain","Battle Trance","Blood for Blood","Mummified Hand","Whirlwind+1","Battle Trance+1","Inflame","Dark Shackles+1","Power Through+1"],"campfire_rested":2,"item_purchase_floors":[5,12,12,30,30,30,41,41,47],"current_hp_per_floor":[70,73,73,75,75,70,70,46,46,45,45,45,40,18,40,27,63,56,56,56,35,35,30,54,63,63,79,68,49,49,70,70,15,64,70,70,80,80,80,74,74,74,74,80,78,78,78,80,80,80,56],"gold":44,"neow_bonus":"RANDOM_COMMON_RELIC","is_prod":false,"is_daily":false,"chose_seed":false,"campfire_upgraded":3,"win_rate":0,"timestamp":1607555360,"path_taken":["M","M","?","M","$","E","R","E","T","E","R","$","M","?","R","BOSS","M","?","M","?","?","E","R","M","T","E","?","?","$","E","R","BOSS","M","?","M","?","M","E","$","R","T","M","E","R","$","M","R","BOSS","BOSS"],"build_version":"2020-11-30","purchased_purges":4,"victory":true,"max_hp_per_floor":[75,75,75,75,75,75,75,75,75,75,75,75,75,75,75,75,75,75,75,75,80,80,80,80,80,80,80,80,80,80,80,80,80,80,80,80,80,80,80,80,80,80,80,80,80,80,80,80,80,80,80],"card_choices":[{"not_picked":["Thunderclap","Dual Wield"],"picked":"True Grit","floor":1.0},{"not_picked":["Havoc","Anger"],"picked":"Spot Weakness","floor":2.0},{"not_picked":["Evolve","Clothesline"],"picked":"Metallicize","floor":4.0},{"not_picked":["Twin Strike","Fire Breathing"],"picked":"Infernal Blade","floor":6.0},{"not_picked":["Seeing Red","Metallicize"],"picked":"Limit Break","floor":8.0},{"not_picked":["Havoc","Sever Soul"],"picked":"Sword Boomerang","floor":10.0},{"not_picked":["Clash","Clothesline","Second Wind"],"picked":"SKIP","floor":13.0},{"not_picked":["Immolate","Exhume"],"picked":"Reaper","floor":16.0},{"not_picked":[],"picked":"Ghostly Armor","floor":18.0},{"not_picked":[],"picked":"Uppercut","floor":20.0},{"not_picked":["Thunderclap+1"],"picked":"SKIP","floor":23.0},{"not_picked":["Anger+1"],"picked":"SKIP","floor":25.0},{"not_picked":[],"picked":"Limit Break+1","floor":27},{"not_picked":["Flex+1"],"picked":"SKIP","floor":28},{"not_picked":[],"picked":"Bloodletting+1","floor":31},{"not_picked":[],"picked":"Fiend Fire+1","floor":33},{"not_picked":["Clothesline+1"],"picked":"SKIP","floor":35},{"not_picked":[],"picked":"True Grit+1","floor":37},{"not_picked":["Clothesline+1"],"picked":"SKIP","floor":39},{"not_picked":["Anger+1"],"picked":"SKIP","floor":40},{"not_picked":["Anger+1"],"picked":"SKIP","floor":44},{"not_picked":["Havoc+1"],"picked":"SKIP","floor":45},{"not_picked":[],"picked":"Seeing Red+1","floor":48}],"player_experience":223743,"relics_obtained":[{"floor":6.0,"key":"Tiny Chest"},{"floor":8.0,"key":"Ice Cream"},{"floor":9.0,"key":"Matryoshka"},{"floor":10.0,"key":"Red Skull"},{"floor":14.0,"key":"Pen Nib"},{"floor":22.0,"key":"Toxic Egg 2"},{"floor":22.0,"key":"Anchor"},{"floor":23.0,"key":"Molten Egg 2"},{"floor":26.0,"key":"Smiling Mask"},{"floor":26.0,"key":"Orichalcum"},{"floor":27,"key":"Dream Catcher"},{"floor":31,"key":"Incense Burner"},{"floor":36,"key":"Girya"},{"floor":38,"key":"Bag of Preparation"},{"floor":40,"key":"Letter Opener"},{"floor":43,"key":"CeramicFish"},{"floor":45,"key":"Centennial Puzzle"}],"event_choices":[{"damage_healed":0.0,"max_hp_gain":0.0,"max_hp_loss":0.0,"gold_gain":0.0,"event_name":"Living Wall","player_choice":"Grow","floor":3.0,"gold_loss":0.0,"damage_taken":0.0,"cards_upgraded":["Bash"]},{"damage_healed":0.0,"max_hp_gain":0.0,"max_hp_loss":0.0,"gold_gain":0.0,"event_name":"Dead Adventurer","player_choice":"Searched \u00272\u0027 times","floor":14.0,"gold_loss":0.0,"damage_taken":0.0},{"damage_healed":0.0,"max_hp_gain":0.0,"max_hp_loss":0.0,"gold_gain":0.0,"event_name":"The Library","player_choice":"Read","floor":19.0,"gold_loss":0.0,"damage_taken":0.0,"cards_obtained":["Disarm"]},{"damage_healed":0.0,"max_hp_gain":5.0,"max_hp_loss":0.0,"gold_gain":0.0,"event_name":"Forgotten Altar","player_choice":"Shed Blood","floor":21.0,"gold_loss":0.0,"damage_taken":26.0},{"damage_healed":0,"gold_gain":180,"player_choice":"GOLD GOLD ","damage_taken":19,"max_hp_gain":0,"max_hp_loss":0,"event_name":"Knowing Skull","floor":29,"potions_obtained":[],"gold_loss":0,"cards_obtained":[]}],"is_beta":false,"boss_relics":[{"not_picked":["SacredBark","Black Star"],"picked":"Busted Crown"},{"not_picked":["Coffee Dripper","Black Blood"],"picked":"Pandora\u0027s Box"}],"items_purged_floors":[5,30,41,47],"is_endless":false,"potions_floor_spawned":[2,4,14,16,18,20,25,33,39,44,48],"ascension_level":20}}