{"host":"2lo6hma6kymb0g9i","time":1607502669,"event":{"gold_per_floor":[113,125,137,212,228,259,259,290,290,317,332,64,80,100,100,204,204,214,229,244,244,260,294,294,324,324,364,364,364],"floor_reached":28,"playtime":4219,"items_purged":[],"score":332,"play_id":"dffd38e9-fb1d-41f9-bcf7-86478a033f8e","local_time":"20201209173109","is_ascension_mode":true,"campfire_choices":[{"floor":7,"key":"REST"},{"floor":15,"key":"REST"},{"floor":24,"key":"REST"}],"neow_cost":"NONE","seed_source_timestamp":9900936540200,"circlet_count":0,"master_deck":["Survivor","Neutralize","Tools of the Trade","Poisoned Stab","PiercingWail","Flying Knee","Dagger Throw","Choke","Slice","Dash","Slice","Underhanded Strike","Infinite Blades+1","PiercingWail","Corpse Explosion","Storm of Steel","Slice","Dash","Accuracy+1","Dodge and Roll","Prepared","Burst","Acrobatics","Distraction","Calculated Gamble","Deadly Poison","Backflip+1","Poisoned Stab+1","Glass Knife","PiercingWail+1","Deadly Poison","Expertise","Prepared+1"],"relics":["Ring of the Snake","Frozen Egg 2","Strawberry","Matryoshka","Pocketwatch","HornCleat","Pandora\u0027s Box","Question Card","Snake Skull","Lantern","Eternal Feather","CeramicFish"],"potions_floor_usage":[10,16,16,20,25,27,28],"damage_taken":[{"damage":0,"enemies":"2 Louse","floor":1,"turns":3},{"damage":0,"enemies":"Small Slimes","floor":2,"turns":3},{"damage":0,"enemies":"Cultist","floor":3,"turns":5},{"damage":4,"enemies":"Large Slime","floor":5,"turns":8},{"damage":38,"enemies":"Lagavulin","floor":6,"turns":7},{"damage":21,"enemies":"Gremlin Nob","floor":8,"turns":5},{"damage":18,"enemies":"Lagavulin","floor":10,"turns":5},{"damage":5,"enemies":"Gremlin Gang","floor":11,"turns":3},{"damage":0,"enemies":"Exordium Thugs","floor":13,"turns":3},{"damage":0,"enemies":"Looter","floor":14,"turns":3},{"damage":23,"enemies":"The Guardian","floor":16,"turns":13},{"damage":17,"enemies":"2 Thieves","floor":18,"turns":4},{"damage":0,"enemies":"Chosen","floor":19,"turns":4},{"damage":17,"enemies":"Snake Plant","floor":20,"turns":4},{"damage":17,"enemies":"Shelled Parasite and Fungi","floor":22,"turns":4},{"damage":20,"enemies":"Gremlin Leader","floor":23,"turns":7},{"damage":17,"enemies":"Book of Stabbing","floor":25,"turns":4},{"damage":9,"enemies":"Slavers","floor":27,"turns":5},{"damage":4,"enemies":"Chosen and Byrds","floor":28,"turns":3}],"seed_played":"2515859249470021672","potions_obtained":[{"floor":1,"key":"SkillPotion"},{"floor":6,"key":"CultistPotion"},{"floor":8,"key":"Explosive Potion"},{"floor":11,"key":"BlessingOfTheForge"},{"floor":16,"key":"SneckoOil"},{"floor":18,"key":"FearPotion"},{"floor":25,"key":"Explosive Potion"},{"floor":27,"key":"AttackPotion"}],"is_trial":false,"path_per_floor":["M","M","M","?","M","E","R","E","T","E","M","$","M","M","R","B",null,"M","M","M","?","M","E","R","E","T","E","M"],"character_chosen":"THE_SILENT","items_purchased":["Underhanded Strike","HornCleat"],"campfire_rested":3,"item_purchase_floors":[12,12],"current_hp_per_floor":[70,70,70,59,55,17,38,24,24,6,1,1,1,1,24,1,77,60,60,43,43,26,6,29,12,12,3,0,0],"gold":364,"neow_bonus":"ONE_RANDOM_RARE_CARD","is_prod":false,"is_daily":false,"chose_seed":false,"campfire_upgraded":0,"win_rate":0,"timestamp":1607502669,"path_taken":["M","M","M","?","M","E","R","E","T","E","M","$","M","M","R","BOSS","M","M","M","?","M","E","R","E","T","E","?"],"build_version":"2020-11-30","purchased_purges":0,"victory":false,"max_hp_per_floor":[70,70,70,70,70,70,70,77,77,77,77,77,77,77,77,77,77,77,77,77,77,77,77,77,77,77,77,77,77],"card_choices":[{"not_picked":["Outmaneuver","Dagger Throw"],"picked":"Poisoned Stab","floor":1},{"not_picked":["Acrobatics","Skewer"],"picked":"PiercingWail","floor":2},{"not_picked":["Cloak And Dagger","Riddle With Holes"],"picked":"Flying Knee","floor":3},{"not_picked":["Well Laid Plans","PiercingWail"],"picked":"Dagger Throw","floor":5},{"not_picked":["Dodge and Roll","Reflex"],"picked":"Choke","floor":6},{"not_picked":["Night Terror","Dodge and Roll"],"picked":"Slice","floor":8},{"not_picked":["Caltrops+1","Calculated Gamble"],"picked":"Dash","floor":10},{"not_picked":["Deflect","Predator"],"picked":"Slice","floor":11},{"not_picked":["Bane","Blade Dance"],"picked":"Infinite Blades+1","floor":13},{"not_picked":["Prepared","Riddle With Holes"],"picked":"PiercingWail","floor":14},{"not_picked":["Venomology","Doppelganger"],"picked":"Corpse Explosion","floor":16},{"not_picked":["Terror","PiercingWail"],"picked":"Deadly Poison","floor":18},{"not_picked":["Sucker Punch","Quick Slash"],"picked":"Backflip+1","floor":19},{"not_picked":["Well Laid Plans+1","Bane"],"picked":"Poisoned Stab+1","floor":20},{"not_picked":["Endless Agony","Prepared+1"],"picked":"PiercingWail+1","floor":22},{"not_picked":["Dagger Throw","Finisher"],"picked":"Deadly Poison","floor":23},{"not_picked":["Dagger Spray","Endless Agony","Skewer+1"],"picked":"Expertise","floor":25},{"not_picked":["Slice","Accuracy+1","Eviscerate+1"],"picked":"Prepared+1","floor":27}],"player_experience":718159,"relics_obtained":[{"floor":6,"key":"Frozen Egg 2"},{"floor":8,"key":"Strawberry"},{"floor":9,"key":"Matryoshka"},{"floor":10,"key":"Pocketwatch"},{"floor":23,"key":"Question Card"},{"floor":25,"key":"Snake Skull"},{"floor":26,"key":"Lantern"},{"floor":26,"key":"Eternal Feather"},{"floor":27,"key":"CeramicFish"}],"event_choices":[{"damage_healed":0,"gold_gain":75,"player_choice":"Gather Gold","damage_taken":11,"max_hp_gain":0,"max_hp_loss":0,"event_name":"World of Goop","floor":4,"gold_loss":0},{"damage_healed":0,"gold_gain":0,"player_choice":"1 cards matched","damage_taken":0,"max_hp_gain":0,"max_hp_loss":0,"event_name":"Match and Keep!","floor":21,"gold_loss":0,"cards_obtained":["Glass Knife"]}],"is_beta":false,"boss_relics":[{"not_picked":["Empty Cage","Philosopher\u0027s Stone"],"picked":"Pandora\u0027s Box"}],"items_purged_floors":[],"is_endless":false,"potions_floor_spawned":[1,6,8,11,14,16,18,25,27],"killed_by":"Chosen and Byrds","ascension_level":2}}