{"host":"ja297la2wpvv1dvv","time":1607556815,"event":{"gold_per_floor":[15,27,37,37,112,112,147,147,147,147,160,160,178,195,195,296,296,313,6,6,17,36,64,64,84,110,110,125,138,172,188,188,289,289,300,319,5,5,18,46,46,61,61,76,96,76,76,90,90,90],"floor_reached":51,"playtime":6767,"items_purged":[],"score":825,"play_id":"7ae2e515-8e91-434c-9158-bff2a5865af0","local_time":"20201209173335","is_ascension_mode":false,"campfire_choices":[{"data":"Bash","floor":6,"key":"SMITH"},{"floor":8,"key":"REST"},{"data":"Cleave","floor":10,"key":"SMITH"},{"data":"Barricade","floor":15,"key":"SMITH"},{"data":"Demon Form","floor":24,"key":"SMITH"},{"data":"Heavy Blade","floor":32,"key":"SMITH"},{"floor":41,"key":"REST"},{"floor":47,"key":"REST"},{"floor":49,"key":"REST"}],"neow_cost":"NO_GOLD","seed_source_timestamp":45919851816900,"circlet_count":0,"master_deck":["Strike_R","Strike_R","Strike_R","Strike_R","Strike_R","Defend_R+1","Defend_R","Defend_R","Bash+1","Pommel Strike","Battle Trance","Cleave+1","Armaments+1","Spot Weakness+1","Parasite","Shrug It Off+1","Barricade+1","Feed","Clothesline","Bandage Up+1","Shockwave+1","True Grit+1","Thunderclap","Demon Form+1","Armaments+1","RitualDagger","Heavy Blade+1","Clash+1","Entrench+1","Dropkick","Double Tap+1","Heavy Blade","Heavy Blade","Perfected Strike","Flex+1","Fire Breathing+1","Heavy Blade","Flame Barrier+1","Berserk"],"relics":["Burning Blood","Champion Belt","Toxic Egg 2","Happy Flower","Vajra","Snecko Eye","HandDrill","War Paint","Nunchaku","Pocketwatch","Fusion Hammer","Ginger","MealTicket","Bird Faced Urn"],"potions_floor_usage":[16,16,16,16,16,16,16,21,23,23,30,31,33,33,33,50,50],"damage_taken":[{"damage":4,"enemies":"Cultist","floor":1,"turns":4},{"damage":2,"enemies":"Small Slimes","floor":2,"turns":4},{"damage":3,"enemies":"Jaw Worm","floor":3,"turns":4},{"damage":34,"enemies":"Lagavulin","floor":7,"turns":7},{"damage":0,"enemies":"2 Fungi Beasts","floor":11,"turns":2},{"damage":0,"enemies":"Lots of Slimes","floor":13,"turns":1},{"damage":2,"enemies":"Blue Slaver","floor":14,"turns":3},{"damage":13,"enemies":"Hexaghost","floor":16,"turns":6},{"damage":18,"enemies":"3 Byrds","floor":18,"turns":6},{"damage":0,"enemies":"Chosen","floor":21,"turns":3},{"damage":11,"enemies":"Snake Plant","floor":22,"turns":5},{"damage":22,"enemies":"Slavers","floor":23,"turns":6},{"damage":1,"enemies":"3 Cultists","floor":25,"turns":4},{"damage":18,"enemies":"Centurion and Healer","floor":28,"turns":6},{"damage":0,"enemies":"Snecko","floor":29,"turns":3},{"damage":14,"enemies":"Gremlin Leader","floor":30,"turns":5},{"damage":35,"enemies":"Cultist and Chosen","floor":31,"turns":6},{"damage":0,"enemies":"Automaton","floor":33,"turns":5},{"damage":15,"enemies":"Orb Walker","floor":35,"turns":4},{"damage":31,"enemies":"3 Darklings","floor":36,"turns":4},{"damage":7,"enemies":"Jaw Worm Horde","floor":39,"turns":3},{"damage":48,"enemies":"Reptomancer","floor":40,"turns":4},{"damage":3,"enemies":"Maw","floor":42,"turns":5},{"damage":5,"enemies":"Transient","floor":44,"turns":5},{"damage":54,"enemies":"Sphere and 2 Shapes","floor":45,"turns":5},{"damage":12,"enemies":"Maw","floor":48,"turns":5},{"damage":65,"enemies":"Time Eater","floor":50,"turns":7}],"seed_played":"3529538500540872379","potions_obtained":[{"floor":11,"key":"Block Potion"},{"floor":13,"key":"EntropicBrew"},{"floor":14,"key":"Energy Potion"},{"floor":20,"key":"HeartOfIron"},{"floor":20,"key":"Explosive Potion"},{"floor":22,"key":"Fire Potion"},{"floor":25,"key":"FearPotion"},{"floor":29,"key":"Fire Potion"},{"floor":30,"key":"HeartOfIron"},{"floor":31,"key":"SkillPotion"},{"floor":42,"key":"Strength Potion"},{"floor":44,"key":"FearPotion"},{"floor":46,"key":"HeartOfIron"},{"floor":48,"key":"FairyPotion"}],"is_trial":false,"path_per_floor":["M","M","M","?","?","R","E","R","T","R","M","?","M","M","R","B",null,"M","$","?","M","M","E","R","M","T","?","M","M","E","M","R","B",null,"M","M","$","?","M","E","R","M","T","M","M","?","R","M","R","B",null],"character_chosen":"IRONCLAD","items_purchased":["HandDrill","Bandage Up+1","Shockwave+1","Ginger"],"campfire_rested":4,"item_purchase_floors":[19,19,19,37],"current_hp_per_floor":[80,80,80,62,51,51,23,47,47,47,53,73,79,80,80,73,80,68,68,68,84,84,71,71,76,76,70,64,70,62,59,59,65,90,87,68,68,68,76,34,61,73,73,82,49,49,78,76,99,42],"gold":90,"neow_bonus":"ONE_RARE_RELIC","is_prod":false,"is_daily":false,"chose_seed":false,"campfire_upgraded":5,"win_rate":0.0,"timestamp":1607556815,"path_taken":["M","M","M","?","?","R","E","R","T","R","M","?","?","M","R","BOSS","M","$","?","?","M","E","R","M","T","?","M","M","E","M","R","BOSS","M","M","$","?","M","E","R","M","T","M","M","?","R","M","R","BOSS"],"build_version":"2020-11-30","purchased_purges":0,"victory":true,"max_hp_per_floor":[80,80,80,80,80,80,80,80,80,80,80,80,80,80,80,80,80,80,80,80,84,84,87,87,87,87,87,87,87,87,90,90,90,90,90,90,90,90,93,93,93,96,96,96,99,99,99,99,99,99],"card_choices":[{"not_picked":["Anger","Infernal Blade"],"picked":"Pommel Strike","floor":1},{"not_picked":["Burning Pact","Disarm"],"picked":"Battle Trance","floor":2},{"not_picked":["Pummel","Bloodletting"],"picked":"Cleave","floor":3},{"not_picked":["Bloodletting+1","Anger"],"picked":"Armaments+1","floor":7},{"not_picked":["Inflame","Disarm+1"],"picked":"Spot Weakness+1","floor":11},{"not_picked":["Anger","Inflame"],"picked":"Shrug It Off+1","floor":13},{"not_picked":["Anger","Wild Strike"],"picked":"Barricade","floor":14},{"not_picked":["Exhume+1","Barricade"],"picked":"Feed","floor":16},{"not_picked":["Havoc+1","Battle Trance+1"],"picked":"Clothesline","floor":18},{"not_picked":["Cleave","Headbutt"],"picked":"True Grit+1","floor":21},{"not_picked":["Clothesline","Wild Strike"],"picked":"Thunderclap","floor":22},{"not_picked":["Pummel+1","Wild Strike+1"],"picked":"Demon Form","floor":23},{"not_picked":["Inflame+1","Pommel Strike"],"picked":"Armaments+1","floor":25},{"not_picked":["True Grit+1","Iron Wave"],"picked":"Heavy Blade","floor":28},{"not_picked":["Spot Weakness+1","Second Wind+1"],"picked":"Clash+1","floor":29},{"not_picked":["Dark Embrace","Sever Soul"],"picked":"Entrench+1","floor":30},{"not_picked":["Offering+1","Anger"],"picked":"Dropkick","floor":31},{"not_picked":["Corruption","Brutality"],"picked":"Double Tap+1","floor":33},{"not_picked":["Flex+1","Spot Weakness+1"],"picked":"Heavy Blade","floor":35},{"not_picked":["Armaments+1","Sever Soul+1"],"picked":"Heavy Blade","floor":36},{"not_picked":["Infernal Blade+1","Headbutt"],"picked":"Perfected Strike","floor":39},{"not_picked":["Whirlwind+1","Perfected Strike+1"],"picked":"Flex+1","floor":40},{"not_picked":["Shockwave+1","Headbutt+1"],"picked":"Fire Breathing+1","floor":42},{"not_picked":["Warcry+1","Havoc+1"],"picked":"Heavy Blade","floor":44},{"not_picked":["Armaments+1","Clothesline+1"],"picked":"Flame Barrier+1","floor":45},{"not_picked":["Clothesline","Flame Barrier+1"],"picked":"Berserk","floor":48}],"player_experience":122751,"relics_obtained":[{"floor":7,"key":"Happy Flower"},{"floor":9,"key":"Vajra"},{"floor":23,"key":"War Paint"},{"floor":26,"key":"Nunchaku"},{"floor":30,"key":"Pocketwatch"},{"floor":40,"key":"MealTicket"},{"floor":43,"key":"Bird Faced Urn"}],"event_choices":[{"damage_healed":0,"gold_gain":0,"player_choice":"Success","damage_taken":18,"relics_obtained":["Toxic Egg 2"],"max_hp_gain":0,"max_hp_loss":0,"event_name":"Scrap Ooze","floor":4,"gold_loss":0},{"damage_healed":0,"gold_gain":75,"player_choice":"Gather Gold","damage_taken":11,"max_hp_gain":0,"max_hp_loss":0,"event_name":"World of Goop","floor":5,"gold_loss":0},{"damage_healed":20,"gold_gain":0,"player_choice":"Healed and dodged fight","damage_taken":0,"max_hp_gain":0,"max_hp_loss":0,"event_name":"Mushrooms","floor":12,"gold_loss":0,"cards_obtained":["Parasite"]},{"damage_healed":0,"gold_gain":0,"player_choice":"Got Potions","damage_taken":0,"max_hp_gain":0,"max_hp_loss":0,"event_name":"Lab","floor":20,"gold_loss":0},{"damage_healed":0,"gold_gain":0,"player_choice":"Joined the Cult","damage_taken":6,"max_hp_gain":0,"max_hp_loss":0,"event_name":"Nest","floor":27,"gold_loss":0,"cards_obtained":["RitualDagger"]},{"cards_removed":["Defend_R"],"damage_healed":0,"gold_gain":0,"player_choice":"Removed Skill","damage_taken":0,"max_hp_gain":0,"max_hp_loss":0,"event_name":"Falling","floor":38,"gold_loss":0},{"damage_healed":0,"gold_gain":0,"player_choice":"Bought 1 Potion","damage_taken":0,"max_hp_gain":0,"max_hp_loss":0,"event_name":"The Woman in Blue","floor":46,"gold_loss":0}],"is_beta":false,"boss_relics":[{"not_picked":["Coffee Dripper","Ectoplasm"],"picked":"Snecko Eye"},{"not_picked":["Busted Crown","Calling Bell"],"picked":"Fusion Hammer"}],"items_purged_floors":[],"is_endless":false,"potions_floor_spawned":[11,13,14,22,25,29,30,31,42,44,48],"ascension_level":0}}