{"host":"dntw6kil9p09eemm","time":1607511049,"event":{"gold_per_floor":[115,115,135,210,210,210,226,226,252,177,188,288,299,318,318,415,415,415,415],"floor_reached":18,"playtime":1093,"items_purged":["Strike_B"],"score":152,"play_id":"0021d0df-38a9-45b1-a3a0-77cebd73f899","local_time":"20201209195049","is_ascension_mode":false,"campfire_choices":[{"data":"Redo","floor":6,"key":"SMITH"},{"data":"Sunder","floor":8,"key":"SMITH"},{"data":"Dualcast","floor":15,"key":"SMITH"}],"neow_cost":"","seed_source_timestamp":31216478012800,"circlet_count":0,"master_deck":["Strike_B","Strike_B","Strike_B","Defend_B","Defend_B","Defend_B","Defend_B","Zap+1","Dualcast+1","Redo+1","CherryBlossoms","VoidDream","Sunder+1","UniverseFragment","Steam Power","LaLuna","Beam Cell","Woodsman","QueenOfHatred","Turbo","PunishingBird"],"relics":["Cracked Core","CogitoBucket","Bronze Scales","BackwardClock","Ectoplasm"],"potions_floor_usage":[14,16],"damage_taken":[{"damage":1,"enemies":"Jaw Worm","floor":1,"turns":4},{"damage":0,"enemies":"Cultist","floor":3,"turns":4},{"damage":1,"enemies":"2 Louse","floor":7,"turns":2},{"damage":0,"enemies":"Large Slime","floor":11,"turns":5},{"damage":0,"enemies":"Red Slaver","floor":13,"turns":1},{"damage":6,"enemies":"Gremlin Gang","floor":14,"turns":3},{"damage":70,"enemies":"Slime Boss","floor":16,"turns":11},{"damage":114,"enemies":"Shell Parasite","floor":18,"turns":3}],"seed_played":"7919116665641444309","potions_obtained":[{"floor":3,"key":"Explosive Potion"},{"floor":7,"key":"Swift Potion"},{"floor":11,"key":"Weak Potion"}],"is_trial":false,"path_per_floor":["M","?","M","?","?","R","M","R","T","$","M","?","M","M","R","B",null,"M"],"character_chosen":"DEFECT","items_purchased":[],"campfire_rested":0,"item_purchase_floors":[],"current_hp_per_floor":[74,74,74,63,63,63,62,62,62,62,62,62,62,75,75,59,75,0,0],"gold":415,"neow_bonus":"","is_prod":false,"is_daily":false,"chose_seed":false,"campfire_upgraded":3,"win_rate":0,"timestamp":1607511049,"path_taken":["M","?","?","?","?","R","M","R","T","$","?","?","?","M","R","BOSS","M"],"build_version":"2020-11-30","purchased_purges":1,"victory":false,"max_hp_per_floor":[75,75,75,75,75,75,75,75,75,75,75,75,75,75,75,75,75,75,75],"card_choices":[{"not_picked":["Barrage","Beam Cell"],"picked":"Redo","floor":1},{"not_picked":["CrumblingArmor","OldLady"],"picked":"CherryBlossoms","floor":1},{"not_picked":["OldLady","Porccubus"],"picked":"VoidDream","floor":3},{"not_picked":["Gash","Creative AI"],"picked":"Sunder","floor":3},{"not_picked":["Bloodbath","NakedNest"],"picked":"UniverseFragment","floor":7},{"not_picked":["Darkness","Stack"],"picked":"Steam Power","floor":7},{"not_picked":["Wellcheers","BeautyBeast","OSAHOGD"],"picked":"Singing Bowl","floor":11},{"not_picked":["Bloodbath","FairyFestival"],"picked":"LaLuna","floor":11},{"not_picked":["Sweeping Beam","Streamline"],"picked":"Beam Cell","floor":11},{"not_picked":["Bloodbath","OldLady"],"picked":"Woodsman","floor":13},{"not_picked":["Auto Shields","Hello World","Heatsinks"],"picked":"SKIP","floor":13},{"not_picked":["CrumblingArmor","MeatLantern"],"picked":"QueenOfHatred","floor":14},{"not_picked":["Barrage","Leap"],"picked":"Turbo","floor":14},{"not_picked":["Murderer","Mercenary"],"picked":"PunishingBird","floor":16}],"player_experience":82025,"relics_obtained":[{"floor":9,"key":"Bronze Scales"}],"event_choices":[{"damage_healed":0,"gold_gain":0,"player_choice":"Bought 0 Potions","damage_taken":0,"max_hp_gain":0,"max_hp_loss":0,"event_name":"The Woman in Blue","floor":2,"gold_loss":0},{"damage_healed":0,"gold_gain":75,"player_choice":"Gather Gold","damage_taken":11,"max_hp_gain":0,"max_hp_loss":0,"event_name":"World of Goop","floor":4,"gold_loss":0},{"damage_healed":0,"gold_gain":0,"player_choice":"Upgraded","damage_taken":0,"max_hp_gain":0,"max_hp_loss":0,"event_name":"Upgrade Shrine","floor":5,"gold_loss":0,"cards_upgraded":["Zap"]},{"damage_healed":0,"gold_gain":100,"player_choice":"Pray","damage_taken":0,"max_hp_gain":0,"max_hp_loss":0,"event_name":"Golden Shrine","floor":12,"gold_loss":0}],"is_beta":false,"boss_relics":[{"not_picked":["Velvet Choker","Runic Dome"],"picked":"Ectoplasm"}],"items_purged_floors":[10],"is_endless":false,"potions_floor_spawned":[3,7,11],"killed_by":"Shell Parasite","ascension_level":0}}