{"host":"u2dm6glrpyjr66v9","time":1607508848,"event":{"gold_per_floor":[110,129,129,129,147,147,160,194,194,206,206,206,222,497,497,593,593,612,631,95,109,109,109,73,73,73,107,122,122,122,154,154,251,251,267,267,285,285,285],"floor_reached":38,"playtime":968,"items_purged":[],"score":414,"play_id":"49fa5b36-17c0-4c69-983c-4807a534f7d6","local_time":"20201209191408","is_ascension_mode":false,"campfire_choices":[{"data":"Static Discharge","floor":6,"key":"SMITH"},{"data":"Genetic Algorithm","floor":11,"key":"SMITH"},{"floor":15,"key":"REST"},{"floor":23,"key":"RECALL"},{"data":"Creative AI","floor":30,"key":"SMITH"},{"floor":32,"key":"REST"}],"neow_cost":"NONE","seed_source_timestamp":1188901182502100,"circlet_count":0,"master_deck":["Strike_B","Strike_B","Strike_B","Strike_B","Defend_B","Defend_B","Defend_B","Defend_B","Zap","Dualcast","Genetic Algorithm","Melter","Static Discharge+1","Rebound","Conserve Battery","Genetic Algorithm+1","Creative AI+1","Electrodynamics","Static Discharge","White Noise","Sunder","Hologram+1","Self Repair","Writhe","Barrage","BootSequence","Machine Learning","Ball Lightning","Amplify","Ball Lightning","Madness","Madness","Capacitor+1"],"relics":["Cracked Core","NeowsBlessing","Omamori","Bird Faced Urn","Inserter","Nunchaku","Blood Vial","HandDrill","Lantern","Letter Opener","Anchor","MealTicket","Philosopher\u0027s Stone"],"potions_floor_usage":[16,16,33,33,33],"damage_taken":[{"damage":0,"enemies":"Small Slimes","floor":1,"turns":1},{"damage":0,"enemies":"2 Louse","floor":2,"turns":1},{"damage":0,"enemies":"Cultist","floor":5,"turns":1},{"damage":10,"enemies":"Looter","floor":7,"turns":2},{"damage":30,"enemies":"Gremlin Nob","floor":8,"turns":3},{"damage":7,"enemies":"Blue Slaver","floor":10,"turns":3},{"damage":13,"enemies":"Lots of Slimes","floor":13,"turns":4},{"damage":31,"enemies":"Hexaghost","floor":16,"turns":7},{"damage":23,"enemies":"Shell Parasite","floor":18,"turns":4},{"damage":5,"enemies":"3 Byrds","floor":19,"turns":1},{"damage":18,"enemies":"3 Cultists","floor":21,"turns":3},{"damage":33,"enemies":"Book of Stabbing","floor":27,"turns":5},{"damage":18,"enemies":"Snake Plant","floor":28,"turns":4},{"damage":40,"enemies":"Slavers","floor":31,"turns":5},{"damage":30,"enemies":"Collector","floor":33,"turns":9},{"damage":0,"enemies":"3 Shapes","floor":35,"turns":4},{"damage":18,"enemies":"Orb Walker","floor":37,"turns":4},{"damage":66,"enemies":"2 Orb Walkers","floor":38,"turns":3}],"seed_played":"-3013256253924250964","potions_obtained":[{"floor":2,"key":"PotionOfCapacity"},{"floor":5,"key":"Swift Potion"},{"floor":7,"key":"PowerPotion"},{"floor":19,"key":"BlessingOfTheForge"},{"floor":28,"key":"Block Potion"},{"floor":31,"key":"DistilledChaos"},{"floor":37,"key":"PotionOfCapacity"}],"is_trial":false,"path_per_floor":["M","M","?","?","M","R","M","E","T","M","R","?","M","?","R","B",null,"M","M","$","M","?","R","$","?","T","E","M","?","R","E","R","B",null,"M","?","M","?"],"character_chosen":"DEFECT","items_purchased":["Sunder","Nunchaku","Blood Vial","HandDrill","Self Repair"],"campfire_rested":2,"item_purchase_floors":[20,20,20,20,24],"current_hp_per_floor":[75,75,75,75,75,75,65,35,35,28,28,28,17,17,39,24,75,58,57,57,49,49,49,49,49,49,39,42,42,42,27,49,48,75,75,66,58,0,0],"gold":285,"neow_bonus":"THREE_ENEMY_KILL","is_prod":false,"is_daily":false,"chose_seed":false,"campfire_upgraded":3,"win_rate":0.0,"timestamp":1607508848,"path_taken":["M","M","?","?","M","R","M","E","T","?","R","?","M","?","R","BOSS","M","M","$","?","?","R","$","?","T","E","M","?","R","E","R","BOSS","M","?","M","?"],"build_version":"2020-11-30","purchased_purges":0,"victory":false,"max_hp_per_floor":[75,75,75,75,75,75,75,75,75,75,75,75,75,75,75,75,75,75,75,75,75,75,75,75,75,75,75,75,75,75,75,75,75,75,75,75,75,75,75],"card_choices":[{"not_picked":["Go for the Eyes","Sweeping Beam"],"picked":"Genetic Algorithm","floor":1},{"not_picked":["Sweeping Beam","Leap"],"picked":"Melter","floor":2},{"not_picked":["Conserve Battery","Cold Snap"],"picked":"Static Discharge","floor":5},{"not_picked":["Sweeping Beam","Chaos"],"picked":"Rebound","floor":7},{"not_picked":["Compile Driver","Streamline"],"picked":"Conserve Battery","floor":8},{"not_picked":["Force Field","Barrage"],"picked":"Genetic Algorithm","floor":10},{"not_picked":["Beam Cell","Coolheaded"],"picked":"Creative AI","floor":13},{"not_picked":["Fission","Reboot"],"picked":"Electrodynamics","floor":16},{"not_picked":["Sweeping Beam","Force Field"],"picked":"Static Discharge","floor":18},{"not_picked":["Conserve Battery","Gash"],"picked":"White Noise","floor":19},{"not_picked":["Compile Driver+1","Coolheaded"],"picked":"Hologram+1","floor":21},{"not_picked":["Beam Cell+1","Doom and Gloom"],"picked":"Barrage","floor":27},{"not_picked":["Coolheaded","Compile Driver+1"],"picked":"BootSequence","floor":28},{"not_picked":["Stack","Hologram"],"picked":"Ball Lightning","floor":31},{"not_picked":["Buffer","Seek"],"picked":"Amplify","floor":33},{"not_picked":["Hologram+1","Cold Snap+1"],"picked":"Ball Lightning","floor":35},{"not_picked":["Redo","Streamline+1"],"picked":"Capacitor+1","floor":37}],"player_experience":38486,"relics_obtained":[{"floor":8,"key":"Omamori"},{"floor":26,"key":"Letter Opener"},{"floor":27,"key":"Anchor"},{"floor":31,"key":"MealTicket"}],"event_choices":[{"damage_healed":0,"gold_gain":0,"player_choice":"Leave","damage_taken":0,"max_hp_gain":0,"max_hp_loss":0,"event_name":"The Cleric","floor":3,"gold_loss":0},{"damage_healed":0,"gold_gain":0,"player_choice":"Ignored","damage_taken":0,"max_hp_gain":0,"max_hp_loss":0,"event_name":"NoteForYourself","floor":4,"gold_loss":0},{"damage_healed":0,"gold_gain":0,"player_choice":"Box","damage_taken":0,"relics_obtained":["Bird Faced Urn"],"max_hp_gain":0,"max_hp_loss":0,"event_name":"Big Fish","floor":12,"gold_loss":0,"cards_obtained":["Regret"]},{"damage_healed":0,"gold_gain":275,"player_choice":"Desecrate","damage_taken":0,"max_hp_gain":0,"max_hp_loss":0,"event_name":"Golden Shrine","floor":14,"gold_loss":0,"cards_obtained":["Regret"]},{"damage_healed":0,"gold_gain":0,"player_choice":"Ignored","damage_taken":0,"max_hp_gain":0,"max_hp_loss":0,"event_name":"Beggar","floor":22,"gold_loss":0},{"damage_healed":0,"gold_gain":0,"player_choice":"Opened","damage_taken":0,"relics_obtained":["Lantern"],"max_hp_gain":0,"max_hp_loss":0,"event_name":"The Mausoleum","floor":25,"gold_loss":0,"cards_obtained":["Writhe"]},{"damage_healed":0,"gold_gain":0,"player_choice":"Read","damage_taken":0,"max_hp_gain":0,"max_hp_loss":0,"event_name":"The Library","floor":29,"gold_loss":0,"cards_obtained":["Machine Learning"]},{"damage_healed":0,"gold_gain":0,"player_choice":"Embrace Madness","damage_taken":9,"max_hp_gain":0,"max_hp_loss":0,"event_name":"Winding Halls","floor":36,"gold_loss":0,"cards_obtained":["Madness","Madness"]},{"damage_healed":0,"gold_gain":0,"player_choice":"Fight","damage_taken":0,"max_hp_gain":0,"max_hp_loss":0,"event_name":"Mysterious Sphere","floor":38,"gold_loss":0}],"is_beta":false,"boss_relics":[{"not_picked":["FrozenCore","Calling Bell"],"picked":"Inserter"},{"not_picked":["Cursed Key","SacredBark"],"picked":"Philosopher\u0027s Stone"}],"items_purged_floors":[],"is_endless":false,"potions_floor_spawned":[2,5,7,19,28,31,37],"killed_by":"2 Orb Walkers","ascension_level":0}}