{"host":"og6lam4kt3nibbw0","time":1607472312,"event":{"gold_per_floor":[114,130,55,55,55,55,80,80,105,115,15,25,63,82,91,171,171,199,199,114,142,17,17,27,27,27],"floor_reached":25,"playtime":686,"items_purged":["Defend_G","Strike_G","Defend_G"],"score":472,"play_id":"95ab9ee9-a225-4c52-bd88-6a83cfc1b51f","local_time":"20201209090512","is_ascension_mode":true,"campfire_choices":[{"data":"Neutralize","floor":6.0,"key":"SMITH"},{"data":"Dagger Throw","floor":8.0,"key":"SMITH"},{"floor":15.0,"key":"REST"},{"floor":23.0,"key":"REST"}],"neow_cost":"NONE","seed_source_timestamp":2107268655265899,"circlet_count":0,"master_deck":["AscendersBane","Strike_G+1","Strike_G","Strike_G","Defend_G","Defend_G","Defend_G","Survivor","Neutralize+1","Caltrops+1","Backflip","Dagger Throw+1","Quick Slash","Poisoned Stab","Catalyst","Outmaneuver","Backstab","After Image","Poisoned Stab","Bane+1"],"special_seed":0,"relics":["Ring of the Snake","NeowsBlessing","PreservedInsect","Dream Catcher","CeramicFish","HoveringKite","Molten Egg 2"],"potions_floor_usage":[],"damage_taken":[{"damage":0.0,"enemies":"Small Slimes","floor":1.0,"turns":1.0},{"damage":0.0,"enemies":"2 Louse","floor":2.0,"turns":1.0},{"damage":0.0,"enemies":"Lagavulin","floor":7.0,"turns":1.0},{"damage":0.0,"enemies":"Cultist","floor":10.0,"turns":3.0},{"damage":9.0,"enemies":"3 Louse","floor":12.0,"turns":4.0},{"damage":17.0,"enemies":"3 Sentries","floor":13.0,"turns":5.0},{"damage":1.0,"enemies":"Looter","floor":14.0,"turns":4.0},{"damage":6.0,"enemies":"Hexaghost","floor":16.0,"turns":9.0},{"damage":19.0,"enemies":"Spheric Guardian","floor":18.0,"turns":5.0},{"damage":21.0,"enemies":"Shell Parasite","floor":21.0,"turns":4.0},{"damage":29.0,"enemies":"Cultist and Chosen","floor":24.0,"turns":7.0},{"damage":6,"enemies":"Book of Stabbing","floor":25,"turns":1}],"seed_played":"1894752694923116914","potions_obtained":[{"floor":1.0,"key":"FearPotion"},{"floor":2.0,"key":"Strength Potion"},{"floor":16.0,"key":"DistilledChaos"},{"floor":18.0,"key":"Regen Potion"}],"is_trial":false,"path_per_floor":["M","M","$","?","?","R","E","R","T","M","$","M","E","M","R","B",null,"M","?","?","M","$","R","M","E"],"character_chosen":"THE_SILENT","items_purchased":[],"campfire_rested":2,"item_purchase_floors":[],"current_hp_per_floor":[59,59,59,39,39,39,39,39,39,39,39,30,13,12,31,25,56,37,37,37,16,16,35,6,0,0],"gold":27,"neow_bonus":"THREE_ENEMY_KILL","is_prod":false,"is_daily":false,"chose_seed":false,"campfire_upgraded":2,"win_rate":0,"timestamp":1607472312,"path_taken":["M","M","$","?","?","R","E","R","T","M","$","M","E","?","R","BOSS","M","?","?","M","$","R","M","E"],"build_version":"2020-11-30","purchased_purges":3,"victory":false,"max_hp_per_floor":[66,66,66,66,66,66,66,66,66,66,66,66,66,66,66,66,66,66,66,66,66,66,66,66,66,66],"card_choices":[{"not_picked":["Flying Knee","Setup"],"picked":"Caltrops","floor":1.0},{"not_picked":["Blade Dance","PiercingWail"],"picked":"Backflip","floor":2.0},{"not_picked":["Dodge and Roll","Doppelganger"],"picked":"Dagger Throw","floor":7.0},{"not_picked":["Blade Dance","Setup"],"picked":"Quick Slash","floor":10.0},{"not_picked":["Setup","Dash"],"picked":"Poisoned Stab","floor":12.0},{"not_picked":["Heel Hook","Caltrops"],"picked":"Catalyst","floor":13.0},{"not_picked":["Choke","Acrobatics"],"picked":"Outmaneuver","floor":14.0},{"not_picked":["Endless Agony","Quick Slash"],"picked":"Backstab","floor":15.0},{"not_picked":["Bullet Time","Corpse Explosion"],"picked":"After Image","floor":16.0},{"not_picked":["Choke","Terror"],"picked":"Poisoned Stab","floor":18.0},{"not_picked":["All Out Attack+1","Terror"],"picked":"Bane+1","floor":21.0},{"not_picked":["Distraction","Dagger Throw+1","Endless Agony+1"],"picked":"SKIP","floor":24.0}],"player_experience":748606,"relics_obtained":[{"floor":7.0,"key":"PreservedInsect"},{"floor":9.0,"key":"Dream Catcher"},{"floor":13.0,"key":"CeramicFish"}],"event_choices":[{"damage_healed":0.0,"max_hp_gain":0.0,"max_hp_loss":0.0,"gold_gain":0.0,"event_name":"Shining Light","player_choice":"Entered Light","floor":4.0,"gold_loss":0.0,"damage_taken":20.0,"cards_upgraded":["Caltrops","Strike_G"]},{"cards_removed":["Strike_G"],"damage_healed":0.0,"max_hp_gain":0.0,"max_hp_loss":0.0,"gold_gain":0.0,"event_name":"Purifier","player_choice":"Purged","floor":5.0,"gold_loss":0.0,"damage_taken":0.0},{"damage_healed":0.0,"max_hp_gain":0.0,"max_hp_loss":0.0,"gold_gain":0.0,"event_name":"Vampires","player_choice":"Ignored","floor":19.0,"gold_loss":0.0,"damage_taken":0.0},{"damage_healed":0.0,"max_hp_gain":0.0,"max_hp_loss":0.0,"gold_gain":0.0,"event_name":"Addict","player_choice":"Obtained Relic","floor":20.0,"gold_loss":85.0,"damage_taken":0.0,"relics_obtained":["Molten Egg 2"]}],"is_beta":false,"boss_relics":[{"not_picked":["Snecko Eye","Sozu"],"picked":"HoveringKite"}],"items_purged_floors":[3,11,22],"is_endless":false,"potions_floor_spawned":[1,2,16,18],"killed_by":"Book of Stabbing","ascension_level":20}}