{"host":"knghpd923z1q8993","time":1607529685,"event":{"gold_per_floor":[113,113,38,52,66,94,94,94,121,121,21,35,63,119,119,224,224,243,243,243,243,243,275,200,200,200,219,233,262,10,25,25,129,129,139,489,489,489,508,536,536,50,50,85,104,104,120,146,146,146],"floor_reached":51,"playtime":6667,"items_purged":["Strike_G","Strike_G"],"score":846,"play_id":"f9f369c6-8509-4b6a-a049-198a089bc346","local_time":"20201209170125","is_ascension_mode":true,"campfire_choices":[{"data":"Neutralize","floor":8.0,"key":"SMITH"},{"data":"Glass Knife","floor":15.0,"key":"SMITH"},{"data":"All Out Attack","floor":25.0,"key":"SMITH"},{"data":"Leg Sweep","floor":32.0,"key":"SMITH"},{"floor":41,"key":"REST"},{"floor":46,"key":"REST"},{"floor":49,"key":"REST"}],"neow_cost":"NONE","seed_source_timestamp":0,"circlet_count":0,"master_deck":["Strike_G","Strike_G","Defend_G","Defend_G+1","Survivor","Neutralize+1","Slice","Deflect","Terror+1","Deadly Poison","Glass Knife+1","Leg Sweep+1","All Out Attack+1","A Thousand Cuts+1","Caltrops+1","PiercingWail+1","Deflect+1","Backstab","Crippling Poison+1","Deadly Poison+1","Wraith Form v2+1","Crippling Poison+1","A Thousand Cuts+1","Infinite Blades+1","Blade Dance+1","Chrysalis+1","Mayhem+1","Metamorphosis+1","Prepared+1","Malaise+1","Burst+1","Footwork+1","Terror+1","Escape Plan+1","Bane+1"],"special_seed":0,"relics":["Ring of the Snake","MealTicket","Anchor","Juzu Bracelet","Frozen Egg 2","Philosopher\u0027s Stone","Nloth\u0027s Gift","Toxic Egg 2","Mercury Hourglass","Question Card","Darkstone Periapt","Paper Crane","Fusion Hammer","Old Coin","Ninja Scroll","Shuriken","Vajra","Gremlin Horn","Pen Nib"],"potions_floor_usage":[36,50,50,50],"damage_taken":[{"damage":3.0,"enemies":"Jaw Worm","floor":1.0,"turns":4.0},{"damage":0.0,"enemies":"Cultist","floor":4.0,"turns":5.0},{"damage":0.0,"enemies":"2 Louse","floor":5.0,"turns":3.0},{"damage":6.0,"enemies":"3 Sentries","floor":6.0,"turns":5.0},{"damage":7.0,"enemies":"Large Slime","floor":12.0,"turns":7.0},{"damage":5.0,"enemies":"Lagavulin","floor":13.0,"turns":5.0},{"damage":4.0,"enemies":"3 Sentries","floor":14.0,"turns":11.0},{"damage":1.0,"enemies":"Hexaghost","floor":16.0,"turns":9.0},{"damage":7.0,"enemies":"2 Thieves","floor":18.0,"turns":4.0},{"damage":4.0,"enemies":"Gremlin Leader","floor":23.0,"turns":6.0},{"damage":0.0,"enemies":"Shell Parasite","floor":27.0,"turns":1.0},{"damage":0.0,"enemies":"Cultist and Chosen","floor":28.0,"turns":4.0},{"damage":11.0,"enemies":"Book of Stabbing","floor":29.0,"turns":4.0},{"damage":1.0,"enemies":"Centurion and Healer","floor":31.0,"turns":4.0},{"damage":18.0,"enemies":"Automaton","floor":33.0,"turns":8.0},{"damage":1,"enemies":"3 Shapes","floor":35,"turns":4},{"damage":26,"enemies":"Mind Bloom Boss Battle","floor":36,"turns":5},{"damage":0,"enemies":"Orb Walker","floor":39,"turns":3},{"damage":30,"enemies":"Giant Head","floor":40,"turns":7},{"damage":0,"enemies":"Reptomancer","floor":44,"turns":4},{"damage":21,"enemies":"Jaw Worm Horde","floor":45,"turns":3},{"damage":0,"enemies":"Transient","floor":47,"turns":5},{"damage":2,"enemies":"Awakened One","floor":50,"turns":8}],"seed_played":"5958961659503632097","potions_obtained":[{"floor":2.0,"key":"Dexterity Potion"},{"floor":2.0,"key":"ColorlessPotion"},{"floor":2.0,"key":"PowerPotion"},{"floor":6.0,"key":"Poison Potion"},{"floor":12.0,"key":"Energy Potion"},{"floor":14.0,"key":"BlessingOfTheForge"},{"floor":18.0,"key":"LiquidMemories"},{"floor":33.0,"key":"Dexterity Potion"},{"floor":35,"key":"CunningPotion"},{"floor":40,"key":"Fire Potion"},{"floor":47,"key":"LiquidBronze"}],"is_trial":false,"path_per_floor":["M","?","$","M","M","E","?","R","T","?","$","M","E","?","R","B",null,"M","?","?","?","?","E","?","R","T","M","M","E","$","M","R","B",null,"M","?","?","?","M","E","R","$","T","E","M","R","M","T","R","B",null],"character_chosen":"THE_SILENT","items_purchased":["Paper Crane","Shuriken","Burst+1","Footwork+1"],"campfire_rested":3,"item_purchase_floors":[30,42,42,42],"current_hp_per_floor":[67,67,67,69,70,64,50,50,50,50,65,60,57,55,55,56,70,63,50,50,50,50,46,46,46,46,46,46,35,50,49,49,31,75,74,48,48,38,38,8,30,45,45,45,24,46,46,46,68,66],"gold":146,"neow_bonus":"RANDOM_COMMON_RELIC","is_prod":false,"is_daily":false,"chose_seed":false,"campfire_upgraded":4,"win_rate":0,"timestamp":1607529685,"path_taken":["M","?","$","M","?","E","?","R","T","?","$","M","E","?","R","BOSS","M","?","?","?","?","E","?","R","T","M","M","E","$","M","R","BOSS","M","?","?","?","M","E","R","$","T","E","M","R","M","?","R","BOSS"],"build_version":"2020-11-30","purchased_purges":2,"victory":true,"max_hp_per_floor":[70,70,70,70,70,70,70,70,70,70,70,70,70,70,70,70,70,70,75,75,75,75,75,75,75,75,75,75,75,75,75,75,75,75,75,75,75,75,75,75,75,75,75,75,75,75,75,75,75,75],"card_choices":[{"not_picked":["Deflect","Blur"],"picked":"Slice","floor":1.0},{"not_picked":["Finisher","Quick Slash"],"picked":"Deflect","floor":4.0},{"not_picked":["Endless Agony","Quick Slash"],"picked":"Terror","floor":5.0},{"not_picked":["Finisher","Backflip"],"picked":"Deadly Poison","floor":6.0},{"not_picked":["Calculated Gamble","Poisoned Stab"],"picked":"Glass Knife","floor":12.0},{"not_picked":["Predator","Bane"],"picked":"Leg Sweep","floor":13.0},{"not_picked":["Leg Sweep","Blade Dance"],"picked":"All Out Attack","floor":14.0},{"not_picked":["Unload","Doppelganger"],"picked":"A Thousand Cuts+1","floor":16.0},{"not_picked":["Dodge and Roll","Prepared"],"picked":"Caltrops+1","floor":18.0},{"not_picked":["Finisher","Heel Hook"],"picked":"Backstab","floor":23.0},{"not_picked":["Eviscerate","Infinite Blades+1","Prepared+1"],"picked":"Crippling Poison+1","floor":27.0},{"not_picked":["Slice","Bane","Dash"],"picked":"Deadly Poison+1","floor":28.0},{"not_picked":["Choke","Well Laid Plans+1","Bullet Time+1"],"picked":"Wraith Form v2+1","floor":29.0},{"not_picked":["Quick Slash","Dodge and Roll+1","Acrobatics+1"],"picked":"Crippling Poison+1","floor":31.0},{"not_picked":["Envenom+1","Venomology+1","Malaise+1"],"picked":"A Thousand Cuts+1","floor":33.0},{"not_picked":["Dodge and Roll+1","Noxious Fumes+1","Bane"],"picked":"Infinite Blades+1","floor":35},{"not_picked":["Sucker Punch","Underhanded Strike","PiercingWail+1"],"picked":"Blade Dance+1","floor":36},{"not_picked":["The Bomb+1","Swift Strike","Flash of Steel"],"picked":"Chrysalis+1","floor":38},{"not_picked":["PanicButton+1","Purity+1","Blind+1"],"picked":"Mayhem+1","floor":38},{"not_picked":["Forethought+1","Mind Blast","Finesse+1"],"picked":"Metamorphosis+1","floor":38},{"not_picked":["Reflex+1","Leg Sweep+1","Dagger Spray"],"picked":"Prepared+1","floor":39},{"not_picked":["Well Laid Plans+1","Bullet Time+1","Noxious Fumes+1"],"picked":"Malaise+1","floor":40},{"not_picked":["Reflex+1","Choke+1","Expertise+1"],"picked":"Terror+1","floor":44},{"not_picked":["Bane+1","Slice","Poisoned Stab+1"],"picked":"Escape Plan+1","floor":45},{"not_picked":["Slice","Deadly Poison+1","Dagger Spray"],"picked":"Bane+1","floor":47}],"player_experience":40906,"relics_obtained":[{"floor":6.0,"key":"MealTicket"},{"floor":9.0,"key":"Anchor"},{"floor":13.0,"key":"Juzu Bracelet"},{"floor":14.0,"key":"Frozen Egg 2"},{"floor":23.0,"key":"Mercury Hourglass"},{"floor":26.0,"key":"Question Card"},{"floor":29.0,"key":"Darkstone Periapt"},{"floor":36,"key":"Old Coin"},{"floor":40,"key":"Ninja Scroll"},{"floor":43,"key":"Vajra"},{"floor":44,"key":"Gremlin Horn"},{"floor":48,"key":"Pen Nib"}],"event_choices":[{"damage_healed":0.0,"max_hp_gain":0.0,"max_hp_loss":0.0,"gold_gain":0.0,"event_name":"Lab","player_choice":"Got Potions","floor":2.0,"gold_loss":0.0,"damage_taken":0.0},{"damage_healed":0.0,"max_hp_gain":0.0,"max_hp_loss":0.0,"gold_gain":0.0,"event_name":"Shining Light","player_choice":"Entered Light","floor":7.0,"gold_loss":0.0,"damage_taken":14.0,"cards_upgraded":["Terror","Defend_G"]},{"cards_removed":["Strike_G"],"damage_healed":0.0,"max_hp_gain":0.0,"max_hp_loss":0.0,"gold_gain":0.0,"event_name":"Living Wall","player_choice":"Forget","floor":10.0,"gold_loss":0.0,"damage_taken":0.0},{"damage_healed":0.0,"max_hp_gain":0.0,"max_hp_loss":0.0,"gold_gain":0.0,"event_name":"Dead Adventurer","player_choice":"Searched \u00271\u0027 times","floor":14.0,"gold_loss":0.0,"damage_taken":0.0},{"damage_healed":0.0,"max_hp_gain":5.0,"max_hp_loss":0.0,"gold_gain":0.0,"event_name":"Forgotten Altar","player_choice":"Shed Blood","floor":19.0,"gold_loss":0.0,"damage_taken":18.0},{"damage_healed":0.0,"max_hp_gain":0.0,"max_hp_loss":0.0,"gold_gain":0.0,"event_name":"N\u0027loth","player_choice":"Traded Relic","floor":20.0,"relics_lost":["Blood Vial"],"gold_loss":0.0,"damage_taken":0.0,"relics_obtained":["Nloth\u0027s Gift"]},{"damage_healed":0.0,"max_hp_gain":0.0,"max_hp_loss":0.0,"gold_gain":0.0,"event_name":"The Mausoleum","player_choice":"Opened","floor":21.0,"gold_loss":0.0,"damage_taken":0.0,"relics_obtained":["Toxic Egg 2"]},{"damage_healed":0.0,"max_hp_gain":0.0,"max_hp_loss":0.0,"gold_gain":0.0,"cards_transformed":["Defend_G","Defend_G"],"event_name":"Drug Dealer","player_choice":"Became Test Subject","floor":22.0,"gold_loss":0.0,"damage_taken":0.0,"cards_obtained":["PiercingWail","Deflect"]},{"cards_removed":["Defend_G"],"damage_healed":0.0,"max_hp_gain":0.0,"max_hp_loss":0.0,"gold_gain":0.0,"event_name":"Beggar","player_choice":"Gave Gold","floor":24.0,"gold_loss":75.0,"damage_taken":0.0},{"damage_healed":0,"gold_gain":0,"player_choice":"Fight","damage_taken":0,"max_hp_gain":0,"max_hp_loss":0,"event_name":"MindBloom","floor":36,"gold_loss":0},{"damage_healed":0,"gold_gain":0,"player_choice":"Ignored","damage_taken":0,"max_hp_gain":0,"max_hp_loss":0,"event_name":"Tomb of Lord Red Mask","floor":37,"gold_loss":0},{"damage_healed":0,"gold_gain":0,"player_choice":"Memory 3","damage_taken":10,"max_hp_gain":0,"max_hp_loss":0,"event_name":"SensoryStone","floor":38,"gold_loss":0}],"is_beta":false,"boss_relics":[{"not_picked":["Tiny House","SlaversCollar"],"picked":"Philosopher\u0027s Stone"},{"not_picked":["SacredBark","Snecko Eye"],"picked":"Fusion Hammer"}],"items_purged_floors":[3,11],"is_endless":false,"potions_floor_spawned":[6,12,13,14,18,28,31,33,35,40,47],"ascension_level":2}}