{"host":"ormi09wwzv7sq47a","time":1607515618,"event":{"gold_per_floor":[113,113,113,38,51,51,67,67,121,121,121,121,154,169,169,169,169],"floor_reached":16,"playtime":428,"items_purged":["Defend_B"],"score":167,"play_id":"08d08c71-db72-462a-ba90-47e23b008594","local_time":"20201209090658","is_ascension_mode":true,"campfire_choices":[{"data":"Zap","floor":6,"key":"SMITH"},{"data":"Dualcast","floor":8,"key":"SMITH"},{"data":"Reinforced Body","floor":10,"key":"SMITH"},{"floor":15,"key":"REST"}],"neow_cost":"NONE","seed_source_timestamp":2126714790470100,"circlet_count":0,"master_deck":["AscendersBane","Strike_B","Strike_B","Strike_B","Defend_B","Defend_B","Defend_B","Zap+1","Dualcast+1","Reinforced Body+1","Gash","Hologram","Beam Cell"],"relics":["Cracked Core","Golden Idol","Ginger","Oddly Smooth Stone"],"potions_floor_usage":[13],"damage_taken":[{"damage":0,"enemies":"Small Slimes","floor":1,"turns":3},{"damage":6,"enemies":"2 Louse","floor":5,"turns":3},{"damage":0,"enemies":"Jaw Worm","floor":7,"turns":4},{"damage":6,"enemies":"Lagavulin","floor":13,"turns":5},{"damage":0,"enemies":"2 Fungi Beasts","floor":14,"turns":3},{"damage":76,"enemies":"Slime Boss","floor":16,"turns":10}],"seed_played":"8243051664118848279","potions_obtained":[{"floor":1,"key":"SpeedPotion"},{"floor":13,"key":"FairyPotion"}],"is_trial":false,"path_per_floor":["M","?","?","$","M","R","M","R","T","R","?","?","E","M","R","B"],"character_chosen":"DEFECT","items_purchased":[],"campfire_rested":1,"item_purchase_floors":[],"current_hp_per_floor":[71,71,76,76,70,70,70,70,70,70,50,25,19,19,43,0,0],"gold":169,"neow_bonus":"TEN_PERCENT_HP_BONUS","is_prod":false,"is_daily":false,"chose_seed":false,"campfire_upgraded":3,"win_rate":0,"timestamp":1607515618,"path_taken":["M","?","?","$","M","R","M","R","T","R","?","?","E","?","R","BOSS"],"build_version":"2020-11-30","purchased_purges":1,"victory":false,"max_hp_per_floor":[78,78,83,83,83,83,83,83,83,83,83,83,83,83,83,83,83],"relic_stats":{"counters":[6,28],"Golden Idol":10,"Ginger":[2],"obtain_stats":[{"Golden Idol":11,"Oddly Smooth Stone":13,"Ginger":12,"Cracked Core":0},{"Golden Idol":3,"Oddly Smooth Stone":4,"Ginger":3,"Cracked Core":0},{"Golden Idol":10,"Oddly Smooth Stone":15,"Ginger":10,"Cracked Core":0}]},"card_choices":[{"not_picked":["Self Repair","Lockon"],"picked":"Reinforced Body","floor":1},{"not_picked":["Ball Lightning","Fusion"],"picked":"Gash","floor":5},{"not_picked":["Recycle","Compile Driver","Barrage"],"picked":"SKIP","floor":7},{"not_picked":["Steam","Turbo"],"picked":"Hologram","floor":13},{"not_picked":["Chaos","Multi-Cast"],"picked":"Beam Cell","floor":14}],"player_experience":711953,"relics_obtained":[{"floor":13,"key":"Oddly Smooth Stone"}],"event_choices":[{"cards_removed":["Strike_B"],"damage_healed":0,"gold_gain":0,"player_choice":"Forget","damage_taken":0,"max_hp_gain":0,"max_hp_loss":0,"event_name":"Living Wall","floor":2,"gold_loss":0},{"damage_healed":0,"gold_gain":0,"player_choice":"Donut","damage_taken":0,"max_hp_gain":5,"max_hp_loss":0,"event_name":"Big Fish","floor":3,"gold_loss":0},{"damage_healed":0,"gold_gain":0,"player_choice":"Take Damage","damage_taken":20,"relics_obtained":["Golden Idol"],"max_hp_gain":0,"max_hp_loss":0,"event_name":"Golden Idol","floor":11,"gold_loss":0},{"damage_healed":0,"gold_gain":0,"player_choice":"Success","damage_taken":25,"relics_obtained":["Ginger"],"max_hp_gain":0,"max_hp_loss":0,"event_name":"Scrap Ooze","floor":12,"gold_loss":0}],"is_beta":false,"boss_relics":[],"items_purged_floors":[4],"is_endless":false,"potions_floor_spawned":[1,13],"killed_by":"Slime Boss","ascension_level":14}}