{"host":"lreod2rejfd0az5i","time":1607551545,"event":{"gold_per_floor":[116,116,116,41,60,90,90,110,134,170,170,191,223,242,242,327,327,351,351,368,119,169,169,216,216,239,239,282,332,370,390,390,472,472,497,531,555,93,116,116,116,116,116,142,176,176,197,197,197,201],"floor_reached":51,"playtime":2725,"items_purged":["hubris:Greed","Delirium"],"score":1511,"play_id":"bcdd1d36-a832-4dd4-8968-75a9ff241379","local_time":"20201209150545","is_ascension_mode":true,"campfire_choices":[{"data":"Loop","floor":7,"key":"SMITH"},{"data":"Defragment","floor":11,"key":"SMITH"},{"data":"Chill","floor":15,"key":"SMITH"},{"data":"Blizzard","floor":23,"key":"SMITH"},{"data":"Buffer","floor":25,"key":"SMITH"},{"data":"Cold Snap","floor":27,"key":"SMITH"},{"floor":32,"key":"REST"},{"data":"Hologram","floor":40,"key":"SMITH"},{"data":"Electrodynamics","floor":42,"key":"SMITH"},{"data":"Storm","floor":49,"key":"SMITH"}],"neow_cost":"CURSE","seed_source_timestamp":522371412079200,"circlet_count":0,"master_deck":["AscendersBane","Mirror Shield+1","Strike_B","Strike_B","Strike_B","Defend_B+1","Defend_B+1","Defend_B","Zap","Dualcast","Buffer+1","Hologram+1","Beam Cell","Loop+1","Defragment+1","Chill+1","Cold Snap+1","Blizzard+1","Crystallizer","Amplify","Redo+1","Cold Snap+1","ReplayTheSpireMod:Dual Polarity+1","Mirror Shield+1","Electrodynamics+1","Electrodynamics","Seek+1","Storm+1","Reinforced Body+1","Capacitor+1"],"relics":["Cracked Core","Matryoshka","The Courier","Simple Rune","Replay:Bandana","aspiration:HiddenCompartment","HollowMod:PaleOreRelic","infinitespire:Cupcake","Ring of Peace","Chemical X","Toxic Egg 2","Replay:Baseball","hubris:ToyBattleship","Bottled Lightning","ReplayTheSpireMod:Ninjato","hubris:RunicObelisk","Runic Capacitor","Replay:Bottled Flurry","hubris:Towel","hubris:Spice","infinitespire:BottledMercury","Art of War"],"potions_floor_usage":[10,16,16,24,24,33,33,39,45,50],"damage_taken":[{"damage":0,"enemies":"Cultist","floor":1,"turns":3},{"damage":0,"enemies":"Small Slimes","floor":5,"turns":3},{"damage":17,"enemies":"HollowMod:MossKnight","floor":6,"turns":20},{"damage":0,"enemies":"2 Louse","floor":8,"turns":3},{"damage":0,"enemies":"Lagavulin","floor":10,"turns":6},{"damage":6,"enemies":"Gremlin Gang","floor":12,"turns":6},{"damage":0,"enemies":"3 Sentries","floor":13,"turns":7},{"damage":7,"enemies":"Exordium Wildlife","floor":14,"turns":5},{"damage":0,"enemies":"The Guardian","floor":16,"turns":8},{"damage":0,"enemies":"3 Byrds","floor":18,"turns":5},{"damage":0,"enemies":"Spheric Guardian","floor":20,"turns":6},{"damage":0,"enemies":"Gremlin Leader","floor":24,"turns":6},{"damage":0,"enemies":"Book of Stabbing","floor":28,"turns":6},{"damage":0,"enemies":"Slavers","floor":30,"turns":6},{"damage":0,"enemies":"Chosen and Byrds","floor":31,"turns":8},{"damage":0,"enemies":"Collector","floor":33,"turns":10},{"damage":0,"enemies":"3 Darklings","floor":35,"turns":6},{"damage":0,"enemies":"3 Shapes","floor":36,"turns":6},{"damage":0,"enemies":"Sphere and 2 Shapes","floor":37,"turns":10},{"damage":0,"enemies":"Transient","floor":39,"turns":6},{"damage":0,"enemies":"4 Shapes","floor":44,"turns":4},{"damage":0,"enemies":"Giant Head","floor":45,"turns":8},{"damage":0,"enemies":"Sphere and 2 Shapes","floor":47,"turns":5},{"damage":0,"enemies":"Replay:Hell Engine","floor":50,"turns":10}],"seed_played":"788199494625040875","potions_obtained":[{"floor":8,"key":"Venom Potion"},{"floor":10,"key":"Guardian:BlockOnCardUsePotion"},{"floor":13,"key":"FocusPotion"},{"floor":16,"key":"sneckomod:MuddlingPotion"},{"floor":18,"key":"DuplicationPotion"},{"floor":20,"key":"Block Potion"},{"floor":24,"key":"FocusPotion"},{"floor":31,"key":"FocusPotion"},{"floor":37,"key":"FearPotion"},{"floor":44,"key":"sneckomod:MuddlingPotion"},{"floor":47,"key":"Block Potion"}],"is_trial":false,"path_per_floor":["M","T","?","$","M","E","R","M","T","E","R","M","E","M","R","B",null,"M","?","M","$","?","R","E","R","T","R","E","?","E","M","R","B",null,"M","M","M","$","M","R","?","R","T","M","E","T","M","?","R","B",null],"character_chosen":"DEFECT","items_purchased":["Cold Snap+1","Chemical X","Runic Capacitor","Electrodynamics","Replay:Bottled Flurry"],"campfire_rested":1,"item_purchase_floors":[21,21,38,38,38],"current_hp_per_floor":[64,64,64,64,64,47,47,47,47,47,47,41,41,34,34,34,62,62,62,62,62,62,62,62,62,62,62,62,55,55,55,71,71,71,71,71,71,71,71,71,71,71,79,79,79,79,79,79,79,79],"gold":201,"neow_bonus":"THREE_RARE_CARDS","is_prod":false,"is_daily":false,"chose_seed":false,"campfire_upgraded":9,"win_rate":0,"timestamp":1607551545,"path_taken":["M","?","?","$","M","E","R","?","T","E","R","M","E","M","R","BOSS","M","?","M","$","?","R","E","R","T","R","E","?","E","M","R","BOSS","M","M","M","$","?","R","?","R","T","M","E","?","?","?","R","BOSS"],"build_version":"2020-11-30","purchased_purges":2,"victory":true,"max_hp_per_floor":[71,71,71,71,71,71,71,71,71,71,71,71,71,71,71,71,71,71,71,71,71,71,71,71,71,71,71,71,71,71,71,71,71,71,71,71,71,71,71,71,71,71,79,79,79,79,79,79,79,79],"relic_stats":{"counters":[24,160],"Art of War":[3],"Chemical X":[6],"obtain_stats":[{"infinitespire:BottledMercury":45,"ReplayTheSpireMod:Ninjato":30,"The Courier":6,"Runic Capacitor":38,"hubris:RunicObelisk":34,"hubris:Towel":41,"aspiration:HiddenCompartment":10,"Replay:Bandana":9,"Replay:Baseball":26,"Matryoshka":2,"hubris:Spice":43,"Ring of Peace":19,"Simple Rune":9,"hubris:ToyBattleship":26,"Replay:Bottled Flurry":38,"Art of War":46,"HollowMod:PaleOreRelic":13,"Chemical X":21,"Bottled Lightning":28,"Toxic Egg 2":24,"Cracked Core":0,"infinitespire:Cupcake":17},{"infinitespire:BottledMercury":22,"ReplayTheSpireMod:Ninjato":14,"The Courier":3,"Runic Capacitor":19,"hubris:RunicObelisk":16,"hubris:Towel":20,"aspiration:HiddenCompartment":5,"Replay:Bandana":4,"Replay:Baseball":12,"Matryoshka":1,"hubris:Spice":20,"Ring of Peace":10,"Simple Rune":4,"hubris:ToyBattleship":12,"Replay:Bottled Flurry":19,"Art of War":22,"HollowMod:PaleOreRelic":7,"Chemical X":11,"Bottled Lightning":13,"Toxic Egg 2":12,"Cracked Core":0,"infinitespire:Cupcake":9},{"infinitespire:BottledMercury":145,"ReplayTheSpireMod:Ninjato":88,"The Courier":26,"Runic Capacitor":128,"hubris:RunicObelisk":106,"hubris:Towel":134,"aspiration:HiddenCompartment":34,"Replay:Bandana":28,"Replay:Baseball":77,"Matryoshka":3,"hubris:Spice":134,"Ring of Peace":65,"Simple Rune":28,"hubris:ToyBattleship":77,"Replay:Bottled Flurry":128,"Art of War":145,"HollowMod:PaleOreRelic":47,"Chemical X":71,"Bottled Lightning":82,"Toxic Egg 2":77,"Cracked Core":0,"infinitespire:Cupcake":60}]},"card_choices":[{"not_picked":["Reboot","ReplayRNGCard"],"picked":"Buffer","floor":0},{"not_picked":["Streamline","Compile Driver"],"picked":"Hologram","floor":1},{"not_picked":["Ball Lightning","Barrage","Genetic Algorithm"],"picked":"SKIP","floor":5},{"not_picked":["Panic Button","Sweeping Beam"],"picked":"Loop","floor":6},{"not_picked":["Turbo","Cold Snap"],"picked":"Defragment","floor":8},{"not_picked":["Tempest","Rip and Tear"],"picked":"Chill","floor":10},{"not_picked":["Buffer","Coolheaded"],"picked":"Cold Snap","floor":12},{"not_picked":["Gash","Hologram"],"picked":"Blizzard","floor":13},{"not_picked":["Compile Driver","Conserve Battery"],"picked":"Crystallizer","floor":14},{"not_picked":["hubris:SpecializedCircuitry","Electrodynamics"],"picked":"Amplify","floor":16},{"not_picked":["Hello World","Hologram"],"picked":"Redo+1","floor":18},{"not_picked":["Time Bomb","Coolheaded","Beam Cell+1"],"picked":"SKIP","floor":20},{"not_picked":["Hologram+1","Leap+1","Sunder"],"picked":"SKIP","floor":24},{"not_picked":["Rip and Tear","Redo+1","All For One"],"picked":"SKIP","floor":28},{"not_picked":["Streamline","Double Energy+1"],"picked":"ReplayTheSpireMod:Dual Polarity+1","floor":30},{"not_picked":["Barrage+1","Gash","Double Energy+1"],"picked":"SKIP","floor":31},{"not_picked":["Meteor Strike","Multi-Cast+1"],"picked":"Mirror Shield+1","floor":33},{"not_picked":["conspire:Rain+1","Steam+1","Ball Lightning+1"],"picked":"SKIP","floor":35},{"not_picked":["Darkness+1","Beam Cell","Coolheaded+1"],"picked":"SKIP","floor":36},{"not_picked":["Conserve Battery+1","conspire:Rain+1","Ball Lightning"],"picked":"SKIP","floor":37},{"not_picked":["Sweeping Beam+1","FIFO Queue"],"picked":"Seek+1","floor":39},{"not_picked":["Cold Snap+1","Genetic Algorithm+1"],"picked":"Storm","floor":44},{"not_picked":["Barrage","Crystallizer+1"],"picked":"Reinforced Body+1","floor":45},{"not_picked":["Go for the Eyes+1","Glacier+1"],"picked":"Capacitor+1","floor":47}],"player_experience":832755,"relics_obtained":[{"floor":2,"key":"Matryoshka"},{"floor":6,"key":"The Courier"},{"floor":9,"key":"Simple Rune"},{"floor":9,"key":"Replay:Bandana"},{"floor":10,"key":"aspiration:HiddenCompartment"},{"floor":13,"key":"HollowMod:PaleOreRelic"},{"floor":19,"key":"Ring of Peace"},{"floor":24,"key":"Toxic Egg 2"},{"floor":26,"key":"Replay:Baseball"},{"floor":26,"key":"hubris:ToyBattleship"},{"floor":28,"key":"Bottled Lightning"},{"floor":30,"key":"ReplayTheSpireMod:Ninjato"},{"floor":43,"key":"hubris:Spice"},{"floor":45,"key":"infinitespire:BottledMercury"},{"floor":46,"key":"Art of War"}],"event_choices":[{"damage_healed":0,"gold_gain":0,"cards_transformed":["Strike_B"],"player_choice":"Transformed","damage_taken":0,"max_hp_gain":0,"max_hp_loss":0,"event_name":"Transmorgrifier","floor":3,"gold_loss":0,"cards_obtained":["Beam Cell"]},{"damage_healed":0,"gold_gain":50,"player_choice":"Stole From Cult","damage_taken":0,"max_hp_gain":0,"max_hp_loss":0,"event_name":"Nest","floor":22,"gold_loss":0},{"damage_healed":0,"gold_gain":50,"player_choice":"Touch","damage_taken":7,"max_hp_gain":0,"max_hp_loss":0,"event_name":"FaceTrader","floor":29,"gold_loss":0},{"cards_removed":["Defend_B"],"damage_healed":0,"gold_gain":0,"player_choice":"Removed Skill","damage_taken":0,"max_hp_gain":0,"max_hp_loss":0,"event_name":"Falling","floor":48,"gold_loss":0}],"is_beta":false,"boss_relics":[{"not_picked":["aspiration:SecretTechniqueScroll","conspire:RoyalGoblet"],"picked":"infinitespire:Cupcake"},{"not_picked":["Abe\u0027s Treasure","aspiration:FutureDiary"],"picked":"hubris:RunicObelisk"}],"items_purged_floors":[4,21],"is_endless":false,"potions_floor_spawned":[8,10,13,16,18,20,24,31,37,44,47],"ascension_level":17}}