{"host":"90jl2h70xtuoeg0i","time":1607478669,"event":{"gold_per_floor":[109,123,138,153,228,228,258,258,258,293,293,293,293,312,312,433,433,453,453,477,498,270,270,306,306,306,350,350,373,197,322,322,448,448,462,126,126,144,163,163,179,220,297,297,297,328,351,351,351,351,351,351,70,108,108],"floor_reached":56,"playtime":10358,"items_purged":[],"score":1800,"play_id":"8bb588ac-314d-4cf9-ae74-2cf85f1dad9e","local_time":"20201208205109","is_ascension_mode":true,"campfire_choices":[{"data":"All Out Attack","floor":6.0,"key":"SMITH"},{"floor":8.0,"key":"REST"},{"data":"Footwork","floor":11.0,"key":"SMITH"},{"data":"Dagger Spray","floor":13.0,"key":"SMITH"},{"data":"Predator","floor":15.0,"key":"SMITH"},{"data":"Well Laid Plans","floor":23.0,"key":"SMITH"},{"floor":25.0,"key":"REST"},{"floor":28.0,"key":"REST"},{"floor":32.0,"key":"REST"},{"floor":40.0,"key":"REST"},{"floor":44.0,"key":"RECALL"},{"floor":49.0,"key":"REST"},{"floor":52.0,"key":"REST"}],"neow_cost":"NONE","seed_source_timestamp":167319597442382,"circlet_count":0,"master_deck":["AscendersBane","Survivor","Neutralize","Predator+1","Dodge and Roll","Deflect","Calculated Gamble","Predator","Dodge and Roll","Malaise","Slice","Outmaneuver","Dagger Spray+1","All Out Attack+1","Footwork+1","Cloak And Dagger","Night Terror","Well Laid Plans+1","Cloak And Dagger","Apotheosis","Cloak And Dagger+1","Footwork+1","Thinking Ahead","PanicButton","Calculated Gamble+1","Glass Knife"],"special_seed":0,"relics":["Pandora\u0027s Box","Prayer Wheel","InkBottle","Pantograph","Golden Idol","Busted Crown","Bag of Marbles","Unceasing Top","HornCleat","MealTicket","Ice Cream","Pear","Fusion Hammer","DollysMirror","The Specimen","Ornamental Fan","Membership Card","Mercury Hourglass"],"potions_floor_usage":[55,55],"damage_taken":[{"damage":0.0,"enemies":"Small Slimes","floor":1.0,"turns":3.0},{"damage":4.0,"enemies":"2 Louse","floor":2.0,"turns":2.0},{"damage":5.0,"enemies":"Jaw Worm","floor":3.0,"turns":3.0},{"damage":6.0,"enemies":"Lots of Slimes","floor":4.0,"turns":3.0},{"damage":10.0,"enemies":"Gremlin Nob","floor":7.0,"turns":3.0},{"damage":14.0,"enemies":"Lagavulin","floor":10.0,"turns":5.0},{"damage":5.0,"enemies":"Large Slime","floor":14.0,"turns":3.0},{"damage":27.0,"enemies":"Slime Boss","floor":16.0,"turns":8.0},{"damage":0.0,"enemies":"Spheric Guardian","floor":18.0,"turns":3.0},{"damage":0.0,"enemies":"Shell Parasite","floor":20.0,"turns":4.0},{"damage":2.0,"enemies":"Centurion and Healer","floor":21.0,"turns":5.0},{"damage":54.0,"enemies":"Slavers","floor":24.0,"turns":8.0},{"damage":24.0,"enemies":"Book of Stabbing","floor":27.0,"turns":7.0},{"damage":0.0,"enemies":"Sentry and Sphere","floor":29.0,"turns":5.0},{"damage":22.0,"enemies":"Colosseum Slavers","floor":31.0,"turns":4.0},{"damage":6.0,"enemies":"Colosseum Nobs","floor":31.0,"turns":4.0},{"damage":2.0,"enemies":"Champ","floor":33.0,"turns":14.0},{"damage":16.0,"enemies":"Orb Walker","floor":35.0,"turns":3.0},{"damage":0.0,"enemies":"3 Shapes","floor":38.0,"turns":7.0},{"damage":13.0,"enemies":"Writhing Mass","floor":39.0,"turns":10.0},{"damage":1.0,"enemies":"Spire Growth","floor":41.0,"turns":8.0},{"damage":17.0,"enemies":"Nemesis","floor":42.0,"turns":11.0},{"damage":0.0,"enemies":"Reptomancer","floor":46.0,"turns":10.0},{"damage":0.0,"enemies":"Maw","floor":47.0,"turns":10.0},{"damage":15.0,"enemies":"Time Eater","floor":50.0,"turns":20.0},{"damage":37.0,"enemies":"Shield and Spear","floor":54.0,"turns":16.0},{"damage":50,"enemies":"The Heart","floor":55,"turns":12}],"seed_played":"6295115083657297602","potions_obtained":[{"floor":1.0,"key":"SteroidPotion"},{"floor":3.0,"key":"CultistPotion"},{"floor":16.0,"key":"FairyPotion"},{"floor":18.0,"key":"Energy Potion"},{"floor":24.0,"key":"Swift Potion"},{"floor":33.0,"key":"Dexterity Potion"},{"floor":39.0,"key":"Strength Potion"},{"floor":41.0,"key":"Energy Potion"}],"is_trial":false,"path_per_floor":["M","M","M","M","?","R","E","R","T","E","R","?","R","M","R","B",null,"M","?","M","M","$","R","E","R","T","E","R","M","$","?","R","B",null,"M","$","?","M","M","R","M","E","T","R","?","E","M","?","R","B",null,"R","$","E","B",null],"character_chosen":"THE_SILENT","items_purchased":["Bag of Marbles","Well Laid Plans","Apotheosis","DollysMirror","Thinking Ahead","Membership Card","Glass Knife","CultistPotion"],"campfire_rested":7,"item_purchase_floors":[22,22,30,36,36,53,53,53],"current_hp_per_floor":[63,59,54,48,37,37,27,48,48,34,34,34,34,29,29,27,56,56,56,56,54,54,54,19,38,38,14,33,33,48,30,52,73,75,59,74,64,64,51,73,72,55,55,55,55,55,55,55,71,56,67,71,71,34,9],"gold":108,"neow_bonus":"BOSS_RELIC","is_prod":false,"is_daily":false,"chose_seed":false,"campfire_upgraded":5,"win_rate":0,"timestamp":1607478669,"path_taken":["M","M","M","M","?","R","E","R","T","E","R","?","R","M","R","BOSS","M","?","?","M","$","R","E","R","T","E","R","M","$","?","R","BOSS","M","$","?","M","M","R","M","E","T","R","?","E","?","?","R","BOSS","R","$","E","BOSS"],"build_version":"2020-11-30","purchased_purges":0,"victory":true,"max_hp_per_floor":[70,70,70,70,70,70,70,70,70,70,70,65,65,65,65,65,65,65,65,65,65,65,65,65,65,65,65,65,65,65,75,75,75,75,75,75,75,75,75,75,75,75,75,75,75,75,75,71,71,71,71,71,71,71,71],"relic_stats":{"Busted Crown":56,"counters":[27,191],"Golden Idol":204,"Ornamental Fan":[112],"Pantograph":73,"Pandora\u0027s Box":["Predator","Dodge and Roll","Deflect","Calculated Gamble","Predator","Dodge and Roll","Malaise","Endless Agony","Slice","Outmaneuver"],"Prayer Wheel":10,"MealTicket":30,"obtain_stats":[{"Ice Cream":31,"Pear":31,"The Specimen":42,"Golden Idol":12,"Mercury Hourglass":54,"Busted Crown":17,"HornCleat":26,"DollysMirror":36,"Ornamental Fan":46,"Pantograph":10,"Pandora\u0027s Box":0,"Prayer Wheel":7,"MealTicket":27,"Fusion Hammer":34,"Bag of Marbles":22,"Membership Card":53,"InkBottle":9,"Unceasing Top":24,"Ring of the Snake":0},{"Ice Cream":16,"Pear":16,"The Specimen":22,"Golden Idol":6,"Mercury Hourglass":26,"Busted Crown":8,"HornCleat":12,"DollysMirror":18,"Ornamental Fan":23,"Pantograph":6,"Pandora\u0027s Box":0,"Prayer Wheel":5,"MealTicket":13,"Fusion Hammer":17,"Bag of Marbles":11,"Membership Card":25,"InkBottle":5,"Unceasing Top":12,"Ring of the Snake":0},{"Ice Cream":70,"Pear":70,"The Specimen":123,"Golden Idol":19,"Mercury Hourglass":179,"Busted Crown":30,"HornCleat":50,"DollysMirror":87,"Ornamental Fan":133,"Pantograph":19,"Pandora\u0027s Box":0,"Prayer Wheel":14,"MealTicket":57,"Fusion Hammer":84,"Bag of Marbles":42,"Membership Card":163,"InkBottle":14,"Unceasing Top":50,"Ring of the Snake":0}],"InkBottle":[92],"Unceasing Top":[20],"Mercury Hourglass":[36]},"card_choices":[{"not_picked":["Outmaneuver","Prepared"],"picked":"Dagger Spray","floor":1.0},{"not_picked":["Backflip","Poisoned Stab","Heel Hook"],"picked":"SKIP","floor":2.0},{"not_picked":["Choke","Infinite Blades","Bane"],"picked":"SKIP","floor":3.0},{"not_picked":["Quick Slash","Cloak And Dagger"],"picked":"All Out Attack","floor":4.0},{"not_picked":["Heel Hook","Deadly Poison"],"picked":"Footwork","floor":7.0},{"not_picked":["Bouncing Flask","Deadly Poison","Leg Sweep"],"picked":"SKIP","floor":10.0},{"not_picked":["Bouncing Flask","Backflip"],"picked":"Cloak And Dagger","floor":14.0},{"not_picked":["Blade Dance","Dagger Throw","Heel Hook"],"picked":"SKIP","floor":14.0},{"not_picked":["After Image","Malaise"],"picked":"Night Terror","floor":16.0},{"not_picked":["Deflect"],"picked":"SKIP","floor":18.0},{"not_picked":["Deadly Poison"],"picked":"SKIP","floor":18.0},{"not_picked":["Sucker Punch"],"picked":"SKIP","floor":20.0},{"not_picked":["Slice"],"picked":"SKIP","floor":20.0},{"not_picked":["Reflex"],"picked":"SKIP","floor":21.0},{"not_picked":["Backflip"],"picked":"SKIP","floor":21.0},{"not_picked":[],"picked":"Cloak And Dagger","floor":24.0},{"not_picked":["Leg Sweep"],"picked":"SKIP","floor":27.0},{"not_picked":["Storm of Steel"],"picked":"SKIP","floor":29.0},{"not_picked":["Outmaneuver"],"picked":"SKIP","floor":29.0},{"not_picked":[],"picked":"Cloak And Dagger+1","floor":31.0},{"not_picked":["Deadly Poison"],"picked":"SKIP","floor":35.0},{"not_picked":["Footwork"],"picked":"SKIP","floor":35.0},{"not_picked":[],"picked":"PanicButton","floor":37.0},{"not_picked":["Dagger Throw"],"picked":"SKIP","floor":38.0},{"not_picked":["Outmaneuver"],"picked":"SKIP","floor":38.0},{"not_picked":[],"picked":"Calculated Gamble+1","floor":39.0},{"not_picked":["Finisher"],"picked":"SKIP","floor":39.0},{"not_picked":["Sucker Punch"],"picked":"SKIP","floor":41.0},{"not_picked":["Well Laid Plans"],"picked":"SKIP","floor":41.0},{"not_picked":["Tactician"],"picked":"SKIP","floor":42.0},{"not_picked":["Prepared"],"picked":"SKIP","floor":46.0},{"not_picked":["Dagger Spray+1"],"picked":"SKIP","floor":47.0},{"not_picked":["Acrobatics"],"picked":"SKIP","floor":47.0},{"not_picked":["Dodge and Roll"],"picked":"SKIP","floor":54.0}],"player_experience":1184346,"relics_obtained":[{"floor":7.0,"key":"Prayer Wheel"},{"floor":9.0,"key":"InkBottle"},{"floor":10.0,"key":"Pantograph"},{"floor":24.0,"key":"Unceasing Top"},{"floor":26.0,"key":"HornCleat"},{"floor":27.0,"key":"MealTicket"},{"floor":31.0,"key":"Ice Cream"},{"floor":31.0,"key":"Pear"},{"floor":42.0,"key":"The Specimen"},{"floor":46.0,"key":"Ornamental Fan"},{"floor":54.0,"key":"Mercury Hourglass"}],"event_choices":[{"damage_healed":0.0,"max_hp_gain":0.0,"max_hp_loss":0.0,"gold_gain":75.0,"event_name":"World of Goop","player_choice":"Gather Gold","floor":5.0,"gold_loss":0.0,"damage_taken":11.0},{"damage_healed":0.0,"max_hp_gain":0.0,"max_hp_loss":5.0,"gold_gain":0.0,"event_name":"Golden Idol","player_choice":"Lose Max HP","floor":12.0,"gold_loss":0.0,"damage_taken":0.0,"relics_obtained":["Golden Idol"]},{"damage_healed":0.0,"max_hp_gain":0.0,"max_hp_loss":0.0,"gold_gain":0.0,"event_name":"The Woman in Blue","player_choice":"Bought 0 Potions","floor":19.0,"gold_loss":0.0,"damage_taken":0.0},{"damage_healed":0.0,"max_hp_gain":0.0,"max_hp_loss":0.0,"gold_gain":0.0,"event_name":"Colosseum","player_choice":"Fight","floor":31.0,"gold_loss":0.0,"damage_taken":0.0},{"damage_healed":0.0,"max_hp_gain":0.0,"max_hp_loss":0.0,"gold_gain":0.0,"event_name":"Colosseum","player_choice":"Fought Nobs","floor":31.0,"gold_loss":0.0,"damage_taken":0.0},{"damage_healed":0.0,"max_hp_gain":0.0,"max_hp_loss":0.0,"gold_gain":0.0,"event_name":"SensoryStone","player_choice":"Memory 3","floor":37.0,"gold_loss":0.0,"damage_taken":10.0},{"cards_removed":["Endless Agony"],"damage_healed":0.0,"max_hp_gain":0.0,"max_hp_loss":0.0,"gold_gain":0.0,"event_name":"Purifier","player_choice":"Purged","floor":45.0,"gold_loss":0.0,"damage_taken":0.0},{"damage_healed":0.0,"max_hp_gain":0.0,"max_hp_loss":4.0,"gold_gain":0.0,"event_name":"Winding Halls","player_choice":"Max HP","floor":48.0,"gold_loss":0.0,"damage_taken":0.0}],"is_beta":false,"boss_relics":[{"not_picked":["Black Star","WristBlade"],"picked":"Busted Crown"},{"not_picked":["Sozu","Cursed Key"],"picked":"Fusion Hammer"}],"items_purged_floors":[],"is_endless":false,"potions_floor_spawned":[1,3,16,18,20,24,33,39,41,42],"ascension_level":12}}