{"host":"omov159tyjzan9wn","time":1607550674,"event":{"gold_per_floor":[115,115,130,130,148,181,181,196,223,223,223,237,345,363,363,489,489,502,602,602,626,626,626,661,128,128,161,161,204,204,218,218,343,343,384,415,440,480,518,566,566],"floor_reached":40,"playtime":3873,"items_purged":["Pain"],"score":462,"play_id":"df03b4f7-204d-44cf-b2ca-1301d66177a0","local_time":"20201209215114","is_ascension_mode":false,"campfire_choices":[{"data":"PowerUp","floor":7.0,"key":"SMITH"},{"data":"PowerUp","floor":10.0,"key":"SMITH"},{"data":"MillisecondPulsars","floor":15.0,"key":"SMITH"},{"data":"ManaRampage","floor":23.0,"key":"SMITH"},{"floor":28.0,"key":"REST"},{"data":"DarkMatter","floor":30.0,"key":"SMITH"},{"floor":32.0,"key":"REST"}],"neow_cost":"NONE","seed_source_timestamp":1212685159224600,"circlet_count":0,"master_deck":["Strike_MRS","Strike_MRS","Defend_MRS","Defend_MRS","Defend_MRS","Defend_MRS","MasterSpark","UpSweep","MagicAbsorber","6A","LuminesStrike","PowerUp+1","PowerUp+1","NonDirectionalLaser","MillisecondPulsars+1","ChargeUpSpray","DarkMatter+1","ManaRampage+1","Acceleration+1","UnstableBomb+1","OpenUniverse","MilkyWay+1","WitchOfGreed","IllusionStar","Crescendo","EarthLightRay","NonDirectionalLaser+1","UltimateShortwave","DC+1","Robbery+1","MachineGunSpark","Parasite","MysteriousBeam"],"special_seed":0,"relics":["MiniHakkero","Golden Idol","Bronze Scales","Toy Ornithopter","ReplayTheSpireMod:Lightbulb","Black Star","WarpedTongs","Replay:Rubber Ducky","aspiration:SeaSaltIceCream","aspiration:Nostalgia","Replay:M_SmolderingBlood","hubris:SlimyHat","MerchantsRug","Coffee Dripper"],"potions_floor_usage":[40],"damage_taken":[{"damage":1.0,"enemies":"Jaw Worm","floor":1.0,"turns":3.0},{"damage":2.0,"enemies":"2 Louse","floor":3.0,"turns":3.0},{"damage":1.0,"enemies":"Cultist","floor":5.0,"turns":4.0},{"damage":20.0,"enemies":"3 Sentries","floor":6.0,"turns":9.0},{"damage":7.0,"enemies":"2 Fungi Beasts","floor":8.0,"turns":3.0},{"damage":0.0,"enemies":"Exordium Wildlife","floor":12.0,"turns":3.0},{"damage":0.0,"enemies":"2 Fungi Beasts","floor":14.0,"turns":2.0},{"damage":43.0,"enemies":"Fading Forest","floor":16.0,"turns":11.0},{"damage":29.0,"enemies":"Shell Parasite","floor":18.0,"turns":4.0},{"damage":5.0,"enemies":"3 Byrds","floor":21.0,"turns":4.0},{"damage":36.0,"enemies":"Slavers","floor":24.0,"turns":3.0},{"damage":5.0,"enemies":"Sentry and Sphere","floor":27.0,"turns":5.0},{"damage":30.0,"enemies":"3 Cultists","floor":29.0,"turns":5.0},{"damage":28.0,"enemies":"Cultist and Chosen","floor":31.0,"turns":5.0},{"damage":65.0,"enemies":"Champ","floor":33.0,"turns":9.0},{"damage":13.0,"enemies":"3 Darklings","floor":35.0,"turns":4.0},{"damage":0.0,"enemies":"3 Shapes","floor":36.0,"turns":4.0},{"damage":0.0,"enemies":"Jaw Worm Horde","floor":37.0,"turns":3.0},{"damage":38.0,"enemies":"Sphere and 2 Shapes","floor":38.0,"turns":4.0},{"damage":9,"enemies":"Writhing Mass","floor":39,"turns":3},{"damage":64,"enemies":"Giant Head","floor":40,"turns":7}],"seed_played":"4545186665038596384","potions_obtained":[{"floor":1.0,"key":"Weak Potion"},{"floor":3.0,"key":"SpeedPotion"},{"floor":4.0,"key":"EntropicBrew"},{"floor":4.0,"key":"FairyPotion"},{"floor":16.0,"key":"LiquidBronze"},{"floor":24.0,"key":"Fire Potion"},{"floor":27.0,"key":"Adrenaline Potion"},{"floor":29.0,"key":"FearPotion"},{"floor":33.0,"key":"AttackPotion"},{"floor":35.0,"key":"Venom Potion"},{"floor":35.0,"key":"Explosive Potion"},{"floor":36.0,"key":"Block Potion"},{"floor":37.0,"key":"Ancient Potion"},{"floor":39,"key":"AttackPotion"}],"is_trial":false,"path_per_floor":["M","?","M","?","M","E","R","M","T","R","?","M","?","M","R","B",null,"M","?","?","M","?","R","E","$","T","M","R","M","R","M","R","B",null,"M","M","M","M","M","E"],"character_chosen":"MARISA","items_purchased":["hubris:SlimyHat","MerchantsRug","Fruit Juice","WitchOfGreed","IllusionStar"],"campfire_rested":2,"item_purchase_floors":[25,25,25,25,25],"current_hp_per_floor":[74,56,54,54,53,33,33,26,26,26,85,85,64,64,64,58,85,56,56,56,51,51,51,15,25,25,20,47,22,22,3,30,3,90,81,90,90,59,50,0,0],"gold":566,"neow_bonus":"TRANSFORM_CARD","is_prod":false,"is_daily":false,"chose_seed":false,"campfire_upgraded":5,"win_rate":0.0,"timestamp":1607550674,"path_taken":["M","?","M","?","?","E","R","M","T","R","?","?","?","M","R","BOSS","M","?","?","M","?","R","E","$","T","M","R","M","R","?","R","BOSS","M","M","?","M","M","E"],"build_version":"2020-11-30","purchased_purges":1,"victory":false,"max_hp_per_floor":[75,75,75,75,75,75,75,75,75,75,85,85,85,85,85,85,85,85,85,85,85,85,85,85,90,90,90,90,90,90,90,90,90,90,90,90,90,90,90,90,90],"card_choices":[{"not_picked":["AsteroidBelt","MilkyWay"],"picked":"MagicAbsorber","floor":1.0},{"not_picked":["GravityBeat","AsteroidBelt"],"picked":"6A","floor":3.0},{"not_picked":["ManaConvection","Singularity"],"picked":"LuminesStrike","floor":5.0},{"not_picked":["LuminesStrike","DragonMeteor"],"picked":"PowerUp","floor":6.0},{"not_picked":["EnergyRecoil","MachineGunSpark"],"picked":"PowerUp","floor":8.0},{"not_picked":["WitchOfGreed","DarkMatter"],"picked":"NonDirectionalLaser","floor":12.0},{"not_picked":["GalacticHalo","GrandCross"],"picked":"MillisecondPulsars","floor":13.0},{"not_picked":["AsteroidBelt","BlazeAway"],"picked":"ChargeUpSpray","floor":13.0},{"not_picked":["RefractionSpark","ShootingEcho"],"picked":"DarkMatter","floor":14.0},{"not_picked":["SuperNova","TreasureHunter"],"picked":"ManaRampage","floor":16.0},{"not_picked":["LuminesStrike","MilkyWay"],"picked":"Acceleration+1","floor":18.0},{"not_picked":["PowerUp","ChargeUpSpray"],"picked":"UnstableBomb+1","floor":21.0},{"not_picked":["GrandCross","PowerUp+1"],"picked":"MilkyWay+1","floor":24.0},{"not_picked":["ReachHeaven","GrandCross"],"picked":"Crescendo","floor":27.0},{"not_picked":["UnstableBomb","Headbutt"],"picked":"EarthLightRay","floor":29.0},{"not_picked":["Swivel","IllusionStar"],"picked":"NonDirectionalLaser+1","floor":31.0},{"not_picked":["MillisecondPulsars","Feed"],"picked":"UltimateShortwave","floor":33.0},{"not_picked":["PowerUp","ChargeUpSpray+1"],"picked":"DC+1","floor":35.0},{"not_picked":["PowerUp","Orbital+1","WitchOfGreed"],"picked":"SKIP","floor":36.0},{"not_picked":["NonDirectionalLaser+1","MaximisePower"],"picked":"Robbery+1","floor":37.0},{"not_picked":["6A+1","MysteriousBeam+1"],"picked":"MachineGunSpark","floor":38.0},{"not_picked":["ShootingEcho+1","Headbutt+1"],"picked":"MysteriousBeam","floor":39}],"player_experience":44764,"relics_obtained":[{"floor":6.0,"key":"Bronze Scales"},{"floor":9.0,"key":"Toy Ornithopter"},{"floor":13.0,"key":"ReplayTheSpireMod:Lightbulb"},{"floor":24.0,"key":"Replay:Rubber Ducky"},{"floor":24.0,"key":"aspiration:SeaSaltIceCream"}],"event_choices":[{"damage_healed":0.0,"max_hp_gain":0.0,"max_hp_loss":0.0,"gold_gain":0.0,"event_name":"Golden Idol","player_choice":"Take Damage","floor":2.0,"gold_loss":0.0,"damage_taken":18.0,"relics_obtained":["Golden Idol"]},{"damage_healed":0.0,"max_hp_gain":0.0,"max_hp_loss":0.0,"gold_gain":0.0,"event_name":"Lab","player_choice":"Got Potions","floor":4.0,"gold_loss":0.0,"damage_taken":0.0},{"cards_removed":["EscapeVelocity"],"damage_healed":49.0,"max_hp_gain":10.0,"max_hp_loss":0.0,"gold_gain":0.0,"event_name":"Bonfire Elementals","player_choice":"Offered Rare","floor":11.0,"gold_loss":0.0,"damage_taken":0.0},{"damage_healed":0.0,"max_hp_gain":0.0,"max_hp_loss":0.0,"gold_gain":100.0,"event_name":"Golden Shrine","player_choice":"Pray","floor":19.0,"gold_loss":0.0,"damage_taken":0.0},{"damage_healed":0.0,"max_hp_gain":0.0,"max_hp_loss":0.0,"gold_gain":0.0,"event_name":"Accursed Blacksmith","player_choice":"Rummage","floor":20.0,"gold_loss":0.0,"damage_taken":0.0,"relics_obtained":["WarpedTongs"],"cards_obtained":["Pain"]},{"damage_healed":0.0,"max_hp_gain":0.0,"max_hp_loss":0.0,"gold_gain":0.0,"cards_transformed":["Strike_MRS"],"event_name":"Transmorgrifier","player_choice":"Transformed","floor":22.0,"gold_loss":0.0,"damage_taken":0.0,"cards_obtained":["OpenUniverse"]}],"is_beta":false,"boss_relics":[{"not_picked":["Velvet Choker","Kintsugi"],"picked":"Black Star"},{"not_picked":["aspiration:FutureDiary","Philosopher\u0027s Stone"],"picked":"Coffee Dripper"}],"items_purged_floors":[25],"is_endless":false,"potions_floor_spawned":[1,3,16,24,33,35,37],"killed_by":"Giant Head","ascension_level":0}}