{"host":"ktoxvvst1mwxww91","time":1607496036,"event":{"gold_per_floor":[119,139,139,139,139,139,159,184,207,207,217,242,242,242],"floor_reached":13,"playtime":206,"items_purged":[],"score":132,"play_id":"bec5e8a9-48c1-42bc-9156-7d7994d7e120","local_time":"20201209074036","is_ascension_mode":true,"campfire_choices":[{"data":"Neutralize","floor":6,"key":"SMITH"}],"neow_cost":"NONE","seed_source_timestamp":489973692877700,"circlet_count":0,"master_deck":["AscendersBane","Strike_G","Strike_G","Strike_G","Defend_G","Defend_G","Defend_G","Defend_G","Defend_G","Survivor","Neutralize+1","Catalyst","Catalyst","Dodge and Roll","Dagger Throw","Cloak And Dagger"],"relics":["Ring of the Snake","NeowsBlessing","PreservedInsect","Blue Candle","Dream Catcher","CeramicFish"],"potions_floor_usage":[8,10],"damage_taken":[{"damage":0,"enemies":"Cultist","floor":1,"turns":1},{"damage":0,"enemies":"Small Slimes","floor":2,"turns":1},{"damage":0,"enemies":"2 Louse","floor":7,"turns":1},{"damage":26,"enemies":"Gremlin Nob","floor":8,"turns":5},{"damage":0,"enemies":"Looter","floor":10,"turns":1},{"damage":0,"enemies":"2 Fungi Beasts","floor":11,"turns":5},{"damage":7,"enemies":"Gremlin Gang","floor":13,"turns":1}],"seed_played":"2739377534306953497","potions_obtained":[{"floor":1,"key":"SmokeBomb"},{"floor":2,"key":"SkillPotion"}],"is_trial":false,"path_per_floor":["M","M","?","?","?","R","M","E","T","M","M","T","M"],"character_chosen":"THE_SILENT","items_purchased":[],"campfire_rested":0,"item_purchase_floors":[],"current_hp_per_floor":[63,63,63,56,31,31,31,5,5,5,5,5,0,0],"gold":242,"neow_bonus":"THREE_ENEMY_KILL","is_prod":false,"is_daily":false,"chose_seed":false,"campfire_upgraded":1,"win_rate":0,"timestamp":1607496036,"path_taken":["M","?","?","?","?","R","M","E","T","M","M","?","M"],"build_version":"2020-11-30","purchased_purges":0,"victory":false,"max_hp_per_floor":[70,70,70,70,70,70,70,70,70,70,70,70,70,70],"card_choices":[{"not_picked":["Distraction","Tactician"],"picked":"Catalyst","floor":1},{"not_picked":["Finisher","Flechettes"],"picked":"Catalyst","floor":2},{"not_picked":["Quick Slash","Cloak And Dagger"],"picked":"Dagger Throw","floor":7},{"not_picked":["Sucker Punch","Reflex"],"picked":"Cloak And Dagger","floor":8},{"not_picked":["Underhanded Strike","Distraction","Accuracy"],"picked":"SKIP","floor":11}],"player_experience":999935,"relics_obtained":[{"floor":8,"key":"Blue Candle"},{"floor":9,"key":"Dream Catcher"},{"floor":12,"key":"CeramicFish"}],"event_choices":[{"damage_healed":0,"gold_gain":0,"cards_transformed":["Strike_G"],"player_choice":"Change","damage_taken":0,"max_hp_gain":0,"max_hp_loss":0,"event_name":"Living Wall","floor":3,"gold_loss":0,"cards_obtained":["Dodge and Roll"]},{"cards_removed":["Strike_G"],"damage_healed":0,"gold_gain":0,"player_choice":"Card Removal","damage_taken":7,"max_hp_gain":0,"max_hp_loss":0,"event_name":"Golden Wing","floor":4,"gold_loss":0},{"damage_healed":0,"gold_gain":0,"player_choice":"Success","damage_taken":25,"relics_obtained":["PreservedInsect"],"max_hp_gain":0,"max_hp_loss":0,"event_name":"Scrap Ooze","floor":5,"gold_loss":0}],"is_beta":false,"boss_relics":[],"items_purged_floors":[],"is_endless":false,"potions_floor_spawned":[1,2,10],"killed_by":"Gremlin Gang","ascension_level":11}}