{"host":"0ojbcjhl22e0lupc","time":1607550572,"event":{"gold_per_floor":[118,131,141,141,29,67,91,127,127,127,140,140,140,178,178,306,306,324,14,14,14,27,62,62,86,112,150,150,185,204,21,21,21,21],"floor_reached":33,"playtime":3607,"items_purged":[],"score":638,"play_id":"1d215be9-8941-4677-b6d9-57f987d5d0cb","local_time":"20201209164932","is_ascension_mode":true,"campfire_choices":[{"floor":10.0,"key":"RECALL"},{"floor":12.0,"key":"REST"},{"floor":15.0,"key":"REST"},{"floor":24,"key":"REST"}],"neow_cost":"CURSE","seed_source_timestamp":0,"circlet_count":0,"master_deck":["theForsaken:TheForsaken_Strike","theForsaken:TheForsaken_Strike","theForsaken:TheForsaken_Strike","theForsaken:TheForsaken_Strike","theForsaken:TheForsaken_Defend","theForsaken:TheForsaken_Defend","theForsaken:TheForsaken_Defend","theForsaken:TheForsaken_Defend","theForsaken:Smite","theForsaken:Penitence","ReplayTheSpireMod:Brewmster","theForsaken:StoreUp","theForsaken:SiphonStrike","Injury","theForsaken:DefensiveStance","theForsaken:FountainOfLife","theForsaken:Eulogy","theForsaken:HymnOfPatience","Forethought","theForsaken:FatRoll","theForsaken:Prudence","CurseOfTheBell","theForsaken:Preservation","theForsaken:QuickAttack","theForsaken:DarkBargain","Pot Of Greed","Pot Of Greed","Pot Of Greed","theForsaken:FatRoll","theForsaken:FatRoll","theForsaken:ScorchingSunlight+1","theForsaken:DarkBargain+1","theForsaken:DivineGuidance","Regret","ReplayTheSpireMod:IOU","ReplayTheSpireMod:IOU","theForsaken:MagicWeapon","ReplayTheSpireMod:IOU","ReplayTheSpireMod:IOU","Pot Of Greed","theForsaken:DarkBargain+1","ReplayTheSpireMod:IOU"],"special_seed":0,"relics":["theForsaken:JudgementScales","Golden Idol","Oddly Smooth Stone","PreservedInsect","Lantern","Quantum Egg","Calling Bell","Nunchaku","Snack Pack","Calipers","Grinning Jar","Happy Flower","theForsaken:Lifeblossom","Art of War","Replay:Multitool","Matryoshka","Replay:Wax Seal","Ice Cream","DollysMirror","Gremlin Food","Enchiridion"],"potions_floor_usage":[18,22,22,23,23,23,23,23,23,25,25,25,25,25,27,27,27,29,29,29,29,29,29,29,29,29,29,29,30,30,30,30,30,30,30,31],"damage_taken":[{"damage":0.0,"enemies":"Jaw Worm","floor":1.0,"turns":6.0},{"damage":3.0,"enemies":"2 Louse","floor":2.0,"turns":4.0},{"damage":0.0,"enemies":"Cultist","floor":3.0,"turns":5.0},{"damage":7.0,"enemies":"Replay:BlueRogue","floor":6.0,"turns":6.0},{"damage":13.0,"enemies":"2 Fungi Beasts","floor":7.0,"turns":6.0},{"damage":24.0,"enemies":"Lagavulin","floor":8.0,"turns":7.0},{"damage":47.0,"enemies":"Exordium Thugs","floor":11.0,"turns":7.0},{"damage":21.0,"enemies":"3 Sentries","floor":14.0,"turns":12.0},{"damage":1.0,"enemies":"The Guardian","floor":16.0,"turns":13.0},{"damage":25,"enemies":"3 Byrds","floor":18,"turns":4},{"damage":17,"enemies":"Spheric Guardian","floor":22,"turns":10},{"damage":30,"enemies":"Gremlin Leader","floor":23,"turns":10},{"damage":12,"enemies":"Centurion and Healer","floor":25,"turns":10},{"damage":21,"enemies":"Replay:Snechameleon","floor":27,"turns":6},{"damage":110,"enemies":"Gremlin Leader","floor":29,"turns":11},{"damage":37,"enemies":"Chosen and Byrds","floor":30,"turns":11},{"damage":27,"enemies":"Champ","floor":33,"turns":5}],"seed_played":"6965048333157264167","potions_obtained":[{"floor":2.0,"key":"DistilledChaos"},{"floor":6.0,"key":"SmokeBomb"},{"floor":7.0,"key":"ColorlessPotion"},{"floor":25,"key":"Weak Potion"},{"floor":27,"key":"Languid Potion"}],"is_trial":false,"path_per_floor":["M","M","M","?","$","E","M","E","T","R","M","R","?","E","R","B",null,"M","$","$","?","M","E","R","M","T","E","?","E","M","$","R_BF","B"],"character_chosen":"THE_FORSAKEN","items_purchased":["theForsaken:DefensiveStance","Oddly Smooth Stone","theForsaken:QuickAttack","theForsaken:DarkBargain","Grinning Jar","Replay:Wax Seal","Ice Cream","theForsaken:MagicWeapon","DollysMirror","Gremlin Food","Fruit Juice"],"campfire_rested":3,"item_purchase_floors":[5,5,19,19,19,31,31,31,31,31,31],"current_hp_per_floor":[65,64,65,65,65,65,59,50,50,50,13,34,34,27,50,65,83,58,58,58,58,53,51,78,85,85,77,77,4,26,31,15,0,0],"gold":21,"neow_bonus":"RANDOM_COLORLESS_2","is_prod":false,"is_daily":false,"chose_seed":false,"campfire_upgraded":0,"win_rate":0,"timestamp":1607550572,"path_taken":["M","M","M","?","$","E","M","E","T","R","M","R","?","E","R","BOSS","M","?","$","?","M","E","R","M","T","E","?","E","?","$","R_BF","BOSS"],"build_version":"2020-11-30","purchased_purges":0,"victory":false,"max_hp_per_floor":[65,65,65,65,65,65,67,69,69,69,71,71,71,77,77,83,83,83,83,83,83,85,91,91,93,93,96,96,98,100,105,105,105,105],"card_choices":[{"not_picked":["ReplayUltimateDefense","Sadistic Nature"],"picked":"ReplayTheSpireMod:Brewmster","floor":0.0},{"not_picked":["theForsaken:PanicDive","theForsaken:Bolster","theForsaken:Terrorize"],"picked":"SKIP","floor":1.0},{"not_picked":["theForsaken:BindingThorns","theForsaken:Terrorize"],"picked":"theForsaken:StoreUp","floor":2.0},{"not_picked":["theForsaken:NobleSacrifice","theForsaken:FatRoll"],"picked":"theForsaken:SiphonStrike","floor":3.0},{"not_picked":["theForsaken:ScorchingSunlight","theForsaken:CorruptDeck"],"picked":"theForsaken:FountainOfLife","floor":6.0},{"not_picked":["theForsaken:CorruptedWord","theForsaken:Backlash"],"picked":"theForsaken:Eulogy","floor":7.0},{"not_picked":["theForsaken:ShieldBash","theForsaken:NobleSacrifice","theForsaken:SacrificeSoul"],"picked":"SKIP","floor":8.0},{"not_picked":["theForsaken:FatRoll","theForsaken:Thunderbolt"],"picked":"theForsaken:HymnOfPatience","floor":11.0},{"not_picked":["Replay:Parry","Dark Shackles"],"picked":"Forethought","floor":13.0},{"not_picked":["theForsaken:NobleSacrifice","theForsaken:BlightOfFamine"],"picked":"theForsaken:FatRoll","floor":14.0},{"not_picked":["theForsaken:Horror","theForsaken:CorruptDeck"],"picked":"theForsaken:Prudence","floor":16.0},{"not_picked":["theForsaken:SolarFlare","theForsaken:Parry"],"picked":"theForsaken:Preservation","floor":18},{"not_picked":["theForsaken:Preservation","theForsaken:BlessedWeapon"],"picked":"theForsaken:FatRoll","floor":22},{"not_picked":["theForsaken:HymnOfPatience","theForsaken:Backlash"],"picked":"theForsaken:FatRoll","floor":23},{"not_picked":["theForsaken:SacrificeSoul","theForsaken:FuryStrikes"],"picked":"theForsaken:ScorchingSunlight+1","floor":25},{"not_picked":["theForsaken:BountifulSunlight","theForsaken:FuryStrikes"],"picked":"theForsaken:DarkBargain+1","floor":27},{"not_picked":["theForsaken:CorruptDeck","theForsaken:Tranquility"],"picked":"theForsaken:DivineGuidance","floor":29},{"not_picked":["theForsaken:InspiringBlow","theForsaken:CreepingInfection","theForsaken:AncientWords+1"],"picked":"SKIP","floor":30}],"player_experience":286176,"relics_obtained":[{"floor":6.0,"key":"PreservedInsect"},{"floor":8.0,"key":"Lantern"},{"floor":14.0,"key":"Quantum Egg"},{"floor":17,"key":"Nunchaku"},{"floor":17,"key":"Snack Pack"},{"floor":17,"key":"Calipers"},{"floor":23,"key":"Happy Flower"},{"floor":26,"key":"theForsaken:Lifeblossom"},{"floor":27,"key":"Art of War"},{"floor":29,"key":"Matryoshka"},{"floor":32,"key":"Enchiridion"}],"event_choices":[{"damage_healed":0.0,"max_hp_gain":0.0,"max_hp_loss":0.0,"gold_gain":0.0,"event_name":"Golden Idol","player_choice":"Take Wound","floor":4.0,"gold_loss":0.0,"damage_taken":0.0,"relics_obtained":["Golden Idol"],"cards_obtained":["Injury"]},{"damage_healed":0.0,"max_hp_gain":0.0,"max_hp_loss":0.0,"gold_gain":1.0,"event_name":"betterStone:BetterStone","player_choice":"1","floor":13.0,"gold_loss":0.0,"damage_taken":0.0},{"damage_healed":0,"gold_gain":0,"player_choice":"Ignored","damage_taken":0,"max_hp_gain":0,"max_hp_loss":0,"event_name":"betterNote:BetterNote","floor":21,"gold_loss":0,"cards_obtained":["The Bomb"]},{"damage_healed":0,"gold_gain":0,"player_choice":"Opened","damage_taken":0,"relics_obtained":["Replay:Multitool"],"max_hp_gain":0,"max_hp_loss":0,"event_name":"The Mausoleum","floor":28,"gold_loss":0},{"damage_healed":0,"gold_gain":0,"player_choice":"Obtained Book","damage_taken":16,"max_hp_gain":0,"max_hp_loss":0,"event_name":"Cursed Tome","floor":32,"gold_loss":0}],"is_beta":false,"boss_relics":[{"not_picked":["Runic Dome","Busted Crown"],"picked":"Calling Bell"}],"items_purged_floors":[],"is_endless":false,"potions_floor_spawned":[2,6,7,25,27,30],"killed_by":"Champ","ascension_level":4}}