{"host":"dntw6kil9p09eemm","time":1607542912,"event":{"gold_per_floor":[212,212,223,239,254,279,279,293,372,372,128,128,146,162,162,259,309,321,246,39,57,57,85,85,96,142,142,167,179,179,191,191,290,290,300,95,112,457,679,696,696,696,696,696,523,523,536,554,554,554,554],"floor_reached":50,"playtime":1854,"items_purged":["Defend_B","Strike_B","Defend_B"],"score":489,"play_id":"9b5068fe-ae44-4a4b-bbb8-7cf333e42b0b","local_time":"20201210044152","is_ascension_mode":false,"campfire_choices":[{"floor":7,"key":"REST"},{"data":"Zap","floor":10,"key":"SMITH"},{"data":"Dualcast","floor":12,"key":"SMITH"},{"data":"Ball Lightning","floor":15,"key":"SMITH"},{"data":"Ball Lightning","floor":24,"key":"SMITH"},{"floor":30,"key":"REST"},{"floor":32,"key":"REST"},{"floor":41,"key":"REST"},{"data":"Buffer","floor":44,"key":"SMITH"},{"data":"Defragment","floor":49,"key":"SMITH"}],"neow_cost":"NONE","seed_source_timestamp":62298273345500,"circlet_count":0,"master_deck":["Strike_B","Strike_B","Defend_B","Defend_B+1","Zap+1","Dualcast+1","Ball Lightning+1","Turbo","Ball Lightning+1","Streamline","Conserve Battery","Sweeping Beam","Leap+1","Beam Cell","BootSequence+1","Sweeping Beam+1","Rip and Tear+1","Rebound","Core Surge","Conserve Battery+1","Redo+1","Buffer+1","Defragment+1","Beam Cell","Streamline+1","White Noise+1","Meteor Strike","Loop","Enlightenment+1"],"special_seed":0,"relics":["Cracked Core","Thread and Needle","HornCleat","Toxic Egg 2","Tiny House","MerchantsRug","Ice Cream","PreservedInsect","Red Mask","Busted Crown","Membership Card","Old Coin","CaptainsWheel"],"potions_floor_usage":[14,23,23,33,33,33,47,50,50],"damage_taken":[{"damage":0.0,"enemies":"Cultist","floor":1.0,"turns":3.0},{"damage":1.0,"enemies":"Jaw Worm","floor":3.0,"turns":3.0},{"damage":0.0,"enemies":"Small Slimes","floor":4.0,"turns":2.0},{"damage":5.0,"enemies":"Looter","floor":5.0,"turns":3.0},{"damage":26,"enemies":"Lagavulin","floor":6,"turns":6},{"damage":0,"enemies":"Large Slime","floor":8,"turns":3},{"damage":0,"enemies":"2 Fungi Beasts","floor":13,"turns":2},{"damage":0,"enemies":"Looter","floor":14,"turns":2},{"damage":33,"enemies":"The Guardian","floor":16,"turns":8},{"damage":0,"enemies":"Chosen","floor":18,"turns":4},{"damage":4,"enemies":"Spheric Guardian","floor":21,"turns":4},{"damage":8,"enemies":"Slavers","floor":23,"turns":4},{"damage":0,"enemies":"Cultist and Chosen","floor":25,"turns":4},{"damage":14,"enemies":"Masked Bandits","floor":28,"turns":4},{"damage":7,"enemies":"3 Cultists","floor":29,"turns":4},{"damage":0,"enemies":"Snecko","floor":31,"turns":4},{"damage":71,"enemies":"Champ","floor":33,"turns":9},{"damage":0,"enemies":"Orb Walker","floor":35,"turns":4},{"damage":8,"enemies":"3 Shapes","floor":37,"turns":4},{"damage":24,"enemies":"2 Orb Walkers","floor":38,"turns":6},{"damage":36,"enemies":"Maw","floor":40,"turns":7},{"damage":14,"enemies":"Sphere and 2 Shapes","floor":47,"turns":4},{"damage":0,"enemies":"3 Darklings","floor":48,"turns":5},{"damage":62,"enemies":"Awakened One","floor":50,"turns":6}],"seed_played":"2818207447207136061","potions_obtained":[{"floor":3.0,"key":"FearPotion"},{"floor":6,"key":"Strength Potion"},{"floor":8,"key":"PowerPotion"},{"floor":17,"key":"EssenceOfDarkness"},{"floor":25,"key":"GamblersBrew"},{"floor":29,"key":"PowerPotion"},{"floor":31,"key":"AttackPotion"},{"floor":35,"key":"PotionOfCapacity"},{"floor":38,"key":"Explosive Potion"},{"floor":47,"key":"CultistPotion"}],"is_trial":false,"path_per_floor":["M","?","M","M","M","E","R","M","T","R","$","R","M","M","R","B",null,"M","?","$","M","?","E","R","M","T","$","?","M","R","M","R","B",null,"M","$","M","?","?","M","R","?","T","R","$","?","M","M","R","B"],"character_chosen":"DEFECT","items_purchased":["Toxic Egg 2","MerchantsRug","Membership Card","Meteor Strike","Loop"],"campfire_rested":4,"item_purchase_floors":[11,20,36,45,45],"current_hp_per_floor":[75,75,74,74,69,43,65,65,65,65,65,65,65,65,65,32,80,80,80,80,76,61,53,53,53,53,53,39,32,57,57,82,11,85,85,85,77,53,53,17,42,74,74,74,74,74,60,60,60,0,0],"gold":554,"neow_bonus":"HUNDRED_GOLD","is_prod":false,"is_daily":false,"chose_seed":false,"campfire_upgraded":6,"win_rate":0,"timestamp":1607542912,"path_taken":["M","?","M","?","M","E","R","M","T","R","$","R","M","M","R","BOSS","M","?","$","M","?","E","R","M","T","$","?","M","R","M","R","BOSS","M","$","M","?","?","M","R","?","T","R","$","?","M","M","R","BOSS"],"build_version":"2020-11-30","purchased_purges":3,"victory":false,"max_hp_per_floor":[75,75,75,75,75,75,75,75,75,75,75,75,75,75,75,75,80,80,80,80,80,85,85,85,85,85,85,85,85,85,85,85,85,85,85,85,85,85,85,85,85,74,74,74,74,74,74,74,74,74,74],"card_choices":[{"not_picked":["Compile Driver","Consume"],"picked":"Ball Lightning","floor":1.0},{"not_picked":["Rip and Tear","Darkness"],"picked":"Turbo","floor":3.0},{"not_picked":["Compile Driver","Recycle"],"picked":"Ball Lightning","floor":4.0},{"not_picked":["Barrage","Fission"],"picked":"Streamline","floor":5.0},{"not_picked":["Hologram","Turbo"],"picked":"Conserve Battery","floor":6},{"not_picked":["Compile Driver","Undo"],"picked":"Sweeping Beam","floor":8},{"not_picked":["Capacitor","Barrage"],"picked":"Leap+1","floor":13},{"not_picked":["Machine Learning","Conserve Battery+1"],"picked":"Beam Cell","floor":14},{"not_picked":["Gash","Scrape"],"picked":"BootSequence+1","floor":17},{"not_picked":["Stack+1","Skim+1"],"picked":"Sweeping Beam+1","floor":18},{"not_picked":["Rebound","Force Field+1"],"picked":"Rip and Tear+1","floor":21},{"not_picked":["Undo+1","Auto Shields+1"],"picked":"Rebound","floor":23},{"not_picked":["Stack+1","Skim+1","Tempest+1"],"picked":"SKIP","floor":25},{"not_picked":["Gash","Rip and Tear"],"picked":"Core Surge","floor":28},{"not_picked":["Rebound","Steam+1"],"picked":"Conserve Battery+1","floor":29},{"not_picked":["Hologram+1","Gash"],"picked":"Redo+1","floor":31},{"not_picked":["Creative AI","Amplify+1"],"picked":"Buffer","floor":33},{"not_picked":[],"picked":"Defragment","floor":35},{"not_picked":[],"picked":"Beam Cell","floor":37},{"not_picked":[],"picked":"Streamline+1","floor":38},{"not_picked":[],"picked":"White Noise+1","floor":40},{"not_picked":[],"picked":"Enlightenment+1","floor":46},{"not_picked":["Fusion+1"],"picked":"SKIP","floor":47},{"not_picked":["Glacier+1"],"picked":"SKIP","floor":48}],"player_experience":88491,"relics_obtained":[{"floor":6,"key":"Thread and Needle"},{"floor":9,"key":"HornCleat"},{"floor":23,"key":"Ice Cream"},{"floor":26,"key":"PreservedInsect"},{"floor":28,"key":"Red Mask"},{"floor":38,"key":"Old Coin"},{"floor":43,"key":"CaptainsWheel"}],"event_choices":[{"damage_healed":0.0,"max_hp_gain":0.0,"max_hp_loss":0.0,"gold_gain":0.0,"event_name":"The Woman in Blue","player_choice":"Bought 0 Potions","floor":2.0,"gold_loss":0.0,"damage_taken":0.0},{"cards_removed":["Strike_B"],"damage_healed":0,"gold_gain":0,"player_choice":"Gave Gold","damage_taken":0,"max_hp_gain":0,"max_hp_loss":0,"event_name":"Beggar","floor":19,"gold_loss":75},{"damage_healed":0,"gold_gain":0,"player_choice":"Shed Blood","damage_taken":20,"max_hp_gain":5,"max_hp_loss":0,"event_name":"Forgotten Altar","floor":22,"gold_loss":0},{"damage_healed":0,"gold_gain":0,"player_choice":"Fought Bandits","damage_taken":0,"max_hp_gain":0,"max_hp_loss":0,"event_name":"Masked Bandits","floor":28,"gold_loss":0},{"damage_healed":0,"gold_gain":0,"player_choice":"Fight","damage_taken":0,"max_hp_gain":0,"max_hp_loss":0,"event_name":"Mysterious Sphere","floor":38,"gold_loss":0},{"damage_healed":0,"gold_gain":222,"player_choice":"Wore Mask","damage_taken":0,"max_hp_gain":0,"max_hp_loss":0,"event_name":"Tomb of Lord Red Mask","floor":39,"gold_loss":0},{"damage_healed":74,"gold_gain":0,"player_choice":"Heal","damage_taken":0,"max_hp_gain":0,"max_hp_loss":11,"event_name":"The Moai Head","floor":42,"gold_loss":0},{"damage_healed":0,"gold_gain":0,"player_choice":"Memory 1","damage_taken":0,"max_hp_gain":0,"max_hp_loss":0,"event_name":"SensoryStone","floor":46,"gold_loss":0}],"is_beta":false,"boss_relics":[{"not_picked":["Runic Pyramid","SacredBark"],"picked":"Tiny House"},{"not_picked":["Nuclear Battery","Sozu"],"picked":"Busted Crown"}],"items_purged_floors":[20,36,45],"is_endless":false,"potions_floor_spawned":[3,6,8,25,29,31,35,38,47],"killed_by":"Awakened One","ascension_level":0}}