{"host":"ci7ivtocgfxh0ueo","time":1607507979,"event":{"gold_per_floor":[112,112,262,262,166,197,197,23,23,23,48,48,68,79,79,153,153,166,22,72,85,95,95,95,95,95,95,106,206,206,206,206,206,206],"floor_reached":33,"playtime":674,"items_purged":[],"score":538,"play_id":"1e8266fd-52ea-42e0-bcb6-3e31a6749447","local_time":"20201209175939","is_ascension_mode":true,"campfire_choices":[{"data":"Defragment","floor":7,"key":"SMITH"},{"data":"Core Surge","floor":10,"key":"SMITH"},{"data":"Glacier","floor":12,"key":"SMITH"},{"data":"Chaos","floor":15,"key":"SMITH"},{"data":"Electrodynamics","floor":23,"key":"SMITH"},{"data":"Chill","floor":25,"key":"SMITH"},{"floor":30,"key":"REST"},{"floor":32,"key":"REST"}],"neow_cost":"NONE","seed_source_timestamp":83370325905500,"circlet_count":0,"master_deck":["AscendersBane","Strike_B","Strike_B","Strike_B","Strike_B","Defend_B","Defend_B","Defend_B","Defend_B","Zap","Dualcast","Go for the Eyes","Defragment+1","Core Surge+1","Glacier+1","Chaos+1","Glacier","Electrodynamics+1","Double Energy+1","Melter","Chill+1","Redo","Writhe","Melter"],"relics":["Cracked Core","NeowsBlessing","Mummified Hand","Torii","Pocketwatch","Calipers","Lantern","Tiny Chest","WingedGreaves","Bottled Lightning"],"potions_floor_usage":[13,16,16,21,28,29],"damage_taken":[{"damage":0,"enemies":"Small Slimes","floor":1,"turns":1},{"damage":0,"enemies":"3 Sentries","floor":6,"turns":1},{"damage":0,"enemies":"Gremlin Nob","floor":11,"turns":1},{"damage":0,"enemies":"2 Louse","floor":13,"turns":2},{"damage":0,"enemies":"Jaw Worm","floor":14,"turns":3},{"damage":3,"enemies":"Hexaghost","floor":16,"turns":18},{"damage":17,"enemies":"2 Thieves","floor":18,"turns":3},{"damage":1,"enemies":"3 Byrds","floor":21,"turns":2},{"damage":1,"enemies":"Snecko","floor":22,"turns":5},{"damage":0,"enemies":"3 Cultists","floor":28,"turns":5},{"damage":15,"enemies":"Colosseum Slavers","floor":29,"turns":5},{"damage":37,"enemies":"Colosseum Nobs","floor":29,"turns":5},{"damage":56,"enemies":"Collector","floor":33,"turns":6}],"seed_played":"-4573875155597658850","potions_obtained":[{"floor":1,"key":"SneckoOil"},{"floor":13,"key":"Block Potion"},{"floor":21,"key":"Explosive Potion"},{"floor":28,"key":"Regen Potion"}],"is_trial":false,"path_per_floor":["M","?","?","T","$","E","R","$","T","R","E","R","M","M","R","B",null,"M","$","?","M","M","R","?","R","T","?","M","?","R","?","R","B"],"character_chosen":"DEFECT","items_purchased":["Defragment","PowerPotion","Core Surge","Melter","Explosive Potion"],"campfire_rested":2,"item_purchase_floors":[5,5,8,19,19],"current_hp_per_floor":[64,64,64,64,64,64,64,64,64,64,64,64,64,64,64,61,69,52,52,52,51,50,50,50,50,50,50,50,10,31,31,52,0,0],"gold":206,"neow_bonus":"THREE_ENEMY_KILL","is_prod":false,"is_daily":false,"chose_seed":false,"campfire_upgraded":6,"win_rate":0,"timestamp":1607507979,"path_taken":["M","?","?","?","?","E","R","$","T","R","E","R","M","M","R","BOSS","M","$","?","?","M","R","?","R","T","?","M","?","R","?","R","BOSS"],"build_version":"2020-11-30","purchased_purges":0,"victory":false,"max_hp_per_floor":[71,71,71,71,71,71,71,71,71,71,71,71,71,71,71,71,71,71,71,71,71,71,71,71,71,71,71,71,71,71,71,71,71,71],"card_choices":[{"not_picked":["Lockon","Gash"],"picked":"Go for the Eyes","floor":1},{"not_picked":["Heatsinks","Blizzard","Coolheaded"],"picked":"SKIP","floor":6},{"not_picked":["Lockon","Ball Lightning"],"picked":"Glacier","floor":11},{"not_picked":["Static Discharge","Streamline"],"picked":"Chaos","floor":13},{"not_picked":["Gash","Coolheaded"],"picked":"Glacier","floor":14},{"not_picked":["Multi-Cast","Creative AI"],"picked":"Electrodynamics","floor":16},{"not_picked":["Barrage+1","Stack"],"picked":"Double Energy+1","floor":18},{"not_picked":["Beam Cell","Barrage"],"picked":"Chill","floor":21},{"not_picked":["Barrage","Leap+1"],"picked":"Redo","floor":22},{"not_picked":["Undo","Beam Cell"],"picked":"Melter","floor":28}],"player_experience":1238567,"relics_obtained":[{"floor":4,"key":"Mummified Hand"},{"floor":6,"key":"Torii"},{"floor":9,"key":"Pocketwatch"},{"floor":11,"key":"Calipers"},{"floor":26,"key":"Lantern"},{"floor":29,"key":"WingedGreaves"},{"floor":29,"key":"Bottled Lightning"}],"event_choices":[{"damage_healed":0,"gold_gain":0,"player_choice":"Leave","damage_taken":0,"max_hp_gain":0,"max_hp_loss":0,"event_name":"The Cleric","floor":2,"gold_loss":0},{"damage_healed":0,"gold_gain":150,"player_choice":"AGREE","damage_taken":0,"max_hp_gain":0,"max_hp_loss":0,"event_name":"Liars Game","floor":3,"gold_loss":0,"cards_obtained":["Doubt"]},{"damage_healed":0,"gold_gain":50,"player_choice":"Pray","damage_taken":0,"max_hp_gain":0,"max_hp_loss":0,"event_name":"Golden Shrine","floor":20,"gold_loss":0},{"damage_healed":0,"gold_gain":0,"player_choice":"Ignored","damage_taken":0,"max_hp_gain":0,"max_hp_loss":0,"event_name":"Cursed Tome","floor":24,"gold_loss":0},{"damage_healed":0,"gold_gain":0,"player_choice":"Opened","damage_taken":0,"relics_obtained":["Tiny Chest"],"max_hp_gain":0,"max_hp_loss":0,"event_name":"The Mausoleum","floor":27,"gold_loss":0,"cards_obtained":["Writhe"]},{"damage_healed":0,"gold_gain":0,"player_choice":"Fight","damage_taken":0,"max_hp_gain":0,"max_hp_loss":0,"event_name":"Colosseum","floor":29,"gold_loss":0},{"damage_healed":0,"gold_gain":0,"player_choice":"Fought Nobs","damage_taken":0,"max_hp_gain":0,"max_hp_loss":0,"event_name":"Colosseum","floor":29,"gold_loss":0},{"cards_removed":["Doubt"],"damage_healed":0,"gold_gain":0,"player_choice":"Elegance","damage_taken":0,"max_hp_gain":0,"max_hp_loss":0,"event_name":"Back to Basics","floor":31,"gold_loss":0}],"is_beta":false,"boss_relics":[{"not_picked":["Runic Pyramid","Ectoplasm","Velvet Choker"]}],"items_purged_floors":[],"is_endless":false,"potions_floor_spawned":[1,13,14,21,28],"killed_by":"Collector","ascension_level":16}}