{"host":"j0a1jfichhxu8b8p","time":1607517696,"event":{"gold_per_floor":[109,124,141,216,216,216,243,243,288,309,309,333,356,385,385,385,385],"floor_reached":16,"playtime":531,"items_purged":[],"score":179,"play_id":"0ac49d3d-76fe-4c0d-934d-d8f24296b84c","local_time":"20201209214136","is_ascension_mode":true,"campfire_choices":[{"data":"Wild Strike","floor":6.0,"key":"SMITH"},{"data":"Wild Strike","floor":8.0,"key":"SMITH"},{"floor":15.0,"key":"REST"}],"neow_cost":"NONE","seed_source_timestamp":1506901133146700,"circlet_count":0,"master_deck":["AscendersBane","Strike_R","Strike_R+1","Strike_R","Strike_R","Strike_R+1","Defend_R","Defend_R","Defend_R","Defend_R","Bash","CurseOfTheBell","Wild Strike+1","Wild Strike+1","Shrug It Off","Shockwave","Thunderclap"],"special_seed":0,"relics":["Calling Bell","Smiling Mask","Mummified Hand","Thread and Needle","Happy Flower","CeramicFish","Whetstone"],"potions_floor_usage":[16],"damage_taken":[{"damage":0.0,"enemies":"2 Louse","floor":1.0,"turns":4.0},{"damage":8.0,"enemies":"Jaw Worm","floor":2.0,"turns":5.0},{"damage":0.0,"enemies":"Small Slimes","floor":3.0,"turns":3.0},{"damage":35.0,"enemies":"3 Sentries","floor":7.0,"turns":10.0},{"damage":7.0,"enemies":"Gremlin Gang","floor":10.0,"turns":4.0},{"damage":2.0,"enemies":"2 Fungi Beasts","floor":12.0,"turns":3.0},{"damage":0.0,"enemies":"Looter","floor":14.0,"turns":3.0},{"damage":38,"enemies":"Slime Boss","floor":16,"turns":8}],"seed_played":"-6852829963193149838","potions_obtained":[{"floor":1.0,"key":"Fire Potion"},{"floor":7.0,"key":"EssenceOfSteel"},{"floor":10.0,"key":"SpeedPotion"}],"is_trial":false,"path_per_floor":["M","M","M","?","?","R","E","R","T","M","?","M","T","M","R","B"],"character_chosen":"IRONCLAD","items_purchased":[],"campfire_rested":1,"item_purchase_floors":[],"current_hp_per_floor":[68,60,60,49,54,54,19,19,19,12,12,10,10,10,34,0,0],"gold":385,"neow_bonus":"BOSS_RELIC","is_prod":false,"is_daily":false,"chose_seed":false,"campfire_upgraded":2,"win_rate":0,"timestamp":1607517696,"path_taken":["M","M","M","?","?","R","E","R","T","M","?","M","?","M","R","BOSS"],"build_version":"2020-11-30","purchased_purges":0,"victory":false,"max_hp_per_floor":[75,75,75,75,80,80,80,80,80,80,80,80,80,80,80,80,80],"card_choices":[{"not_picked":["Reckless Charge","Sever Soul","Thunderclap"],"picked":"SKIP","floor":1.0},{"not_picked":["Sword Boomerang","Perfected Strike"],"picked":"Wild Strike","floor":2.0},{"not_picked":["Sever Soul","Clash","Havoc"],"picked":"SKIP","floor":3.0},{"not_picked":["Perfected Strike","Feel No Pain"],"picked":"Wild Strike","floor":7.0},{"not_picked":["Bloodletting","Whirlwind"],"picked":"Shrug It Off","floor":10.0},{"not_picked":["Anger","Inflame"],"picked":"Shockwave","floor":12.0},{"not_picked":["Sword Boomerang","Warcry"],"picked":"Thunderclap","floor":14.0}],"player_experience":265893,"relics_obtained":[{"floor":0.0,"key":"Smiling Mask"},{"floor":0.0,"key":"Mummified Hand"},{"floor":0.0,"key":"Thread and Needle"},{"floor":7.0,"key":"Happy Flower"},{"floor":9.0,"key":"CeramicFish"},{"floor":13.0,"key":"Whetstone"}],"event_choices":[{"damage_healed":0.0,"max_hp_gain":0.0,"max_hp_loss":0.0,"gold_gain":75.0,"event_name":"World of Goop","player_choice":"Gather Gold","floor":4.0,"gold_loss":0.0,"damage_taken":11.0},{"damage_healed":0.0,"max_hp_gain":5.0,"max_hp_loss":0.0,"gold_gain":0.0,"event_name":"Big Fish","player_choice":"Donut","floor":5.0,"gold_loss":0.0,"damage_taken":0.0},{"damage_healed":0.0,"max_hp_gain":0.0,"max_hp_loss":0.0,"gold_gain":0.0,"event_name":"Scrap Ooze","player_choice":"Fled","floor":11.0,"gold_loss":0.0,"damage_taken":0.0}],"is_beta":false,"boss_relics":[],"items_purged_floors":[],"is_endless":false,"potions_floor_spawned":[1,7,10],"killed_by":"Slime Boss","ascension_level":15}}