{"host":"f0gpob8hq9vgebej","time":1607504942,"event":{"gold_per_floor":[109,120,138,153,170,170,245,257,330,68,68,68,85,108,108,108,108],"floor_reached":0,"playtime":0,"items_purged":[],"score":0,"play_id":"85622a51-e4d2-440a-8af9-b10ae4c09de6","local_time":"20201209180902","is_ascension_mode":true,"campfire_choices":[{"data":"Accuracy","floor":6,"key":"SMITH"},{"data":"Mayhem","floor":12,"key":"SMITH"},{"data":"Footwork","floor":15,"key":"SMITH"}],"neow_cost":"NONE","seed_source_timestamp":0,"circlet_count":0,"master_deck":["AscendersBane","Strike_G","Strike_G","Strike_G","Strike_G","Defend_G","Defend_G","Defend_G","Defend_G","Defend_G","Survivor","Neutralize","Cloak And Dagger","Accuracy+1","Footwork+1","Backstab","Reflex","Mayhem+1","Reflex"],"special_seed":0,"relics":["Ring of the Snake","NeowsBlessing","Meat on the Bone","Akabeko"],"potions_floor_usage":[4],"damage_taken":[{"damage":0,"enemies":"Cultist","floor":1,"turns":1},{"damage":0,"enemies":"2 Louse","floor":2,"turns":1},{"damage":0,"enemies":"Jaw Worm","floor":3,"turns":1},{"damage":6,"enemies":"3 Louse","floor":4,"turns":4},{"damage":4,"enemies":"Exordium Thugs","floor":5,"turns":9},{"damage":0,"enemies":"Red Slaver","floor":8,"turns":6},{"damage":3,"enemies":"3 Louse","floor":13,"turns":5},{"damage":19,"enemies":"Slime Boss","floor":16,"turns":10}],"seed_played":"6080081801278654487","potions_obtained":[{"floor":3,"key":"DuplicationPotion"},{"floor":5,"key":"EssenceOfSteel"},{"floor":8,"key":"Block Potion"}],"is_trial":false,"path_per_floor":["M","M","M","M","M","R","?","M","T","$","?","R","M","T","R","B"],"character_chosen":"THE_SILENT","items_purchased":["Reflex","Mayhem"],"campfire_rested":0,"item_purchase_floors":[10,10],"current_hp_per_floor":[59,59,59,53,49,49,38,38,38,38,38,38,35,35,35,16,16],"gold":108,"neow_bonus":"THREE_ENEMY_KILL","is_prod":false,"is_daily":false,"chose_seed":false,"campfire_upgraded":3,"win_rate":0,"timestamp":1607504942,"path_taken":["M","M","M","M","?","R","?","M","T","?","?","R","?","?","R","BOSS"],"build_version":"2020-11-30","purchased_purges":0,"victory":false,"max_hp_per_floor":[66,66,66,66,66,66,66,66,66,66,66,66,66,66,66,66,66],"card_choices":[{"not_picked":["Sucker Punch","Deflect","Outmaneuver"],"picked":"SKIP","floor":1},{"not_picked":["Predator","Deflect"],"picked":"Cloak And Dagger","floor":2},{"not_picked":["Leg Sweep","Prepared"],"picked":"Accuracy","floor":3},{"not_picked":["Underhanded Strike","Sucker Punch"],"picked":"Footwork","floor":4},{"not_picked":["Quick Slash","Deflect"],"picked":"Backstab","floor":5},{"not_picked":["Unload","Dagger Throw","Blur"],"picked":"SKIP","floor":8},{"not_picked":["Quick Slash","Bane"],"picked":"Reflex","floor":13}],"player_experience":275146,"relics_obtained":[{"floor":9,"key":"Meat on the Bone"},{"floor":14,"key":"Akabeko"}],"event_choices":[{"damage_healed":0,"gold_gain":75,"player_choice":"Gather Gold","damage_taken":11,"max_hp_gain":0,"max_hp_loss":0,"event_name":"World of Goop","floor":7,"gold_loss":0},{"cards_removed":["Strike_G"],"damage_healed":0,"gold_gain":0,"player_choice":"Forget","damage_taken":0,"max_hp_gain":0,"max_hp_loss":0,"event_name":"Living Wall","floor":11,"gold_loss":0}],"is_beta":false,"boss_relics":[],"items_purged_floors":[],"is_endless":false,"potions_floor_spawned":[3,5,8,13],"killed_by":"Slime Boss","ascension_level":17}}