{"host":"z9x5nldzhmx4jdfi","time":1607486974,"event":{"gold_per_floor":[125,138,154,154,171,171,202,202,226,151,151,76,106,122,122,122,122],"floor_reached":16,"playtime":644,"items_purged":["animator:Strike"],"score":204,"play_id":"032a3337-6c90-4b18-b323-cb9f5ef9da5e","local_time":"20201208220934","is_ascension_mode":true,"campfire_choices":[{"data":"animator:Berserker","floor":6.0,"key":"SMITH"},{"data":"animator:Berserker","floor":8,"key":"SMITH"},{"floor":11,"key":"REST"},{"floor":15,"key":"REST"}],"neow_cost":"NONE","seed_source_timestamp":1060923617116000,"circlet_count":0,"master_deck":["AscendersBane","animator:Strike_Fate","animator:Defend_Fate","animator:Strike","animator:Defend","animator:Defend","animator:Defend","animator:Alexander","animator:Rider","animator:Berserker+1","animator:Berserker+1","animator:ShinjiMatou","Die Die Die+1","animator:ShinjiMatou","animator:Archer"],"special_seed":0,"relics":["animator:LivingPicture","animator:TheMissingPiece","Centennial Puzzle","Potion Belt","Regal Pillow"],"potions_floor_usage":[7,16],"damage_taken":[{"damage":7.0,"enemies":"Jaw Worm","floor":1.0,"turns":6.0},{"damage":4.0,"enemies":"2 Louse","floor":2.0,"turns":4.0},{"damage":3.0,"enemies":"Small Slimes","floor":3.0,"turns":3.0},{"damage":0.0,"enemies":"2 Fungi Beasts","floor":5.0,"turns":3.0},{"damage":32,"enemies":"Gremlin Nob","floor":7,"turns":4},{"damage":5,"enemies":"Blue Slaver","floor":13,"turns":4},{"damage":23,"enemies":"Exordium Thugs","floor":14,"turns":3},{"damage":49,"enemies":"The Guardian","floor":16,"turns":8}],"seed_played":"9147740298872360469","potions_obtained":[{"floor":2.0,"key":"LiquidBronze"},{"floor":3.0,"key":"Swift Potion"},{"floor":14,"key":"Explosive Potion"}],"is_trial":false,"path_per_floor":["M","M","M","?","M","R","E","R","T","?","R","$","M","M","R","B"],"character_chosen":"THE_ANIMATOR","items_purchased":[],"campfire_rested":2,"item_purchase_floors":[],"current_hp_per_floor":[53,49,47,39,39,39,7,7,7,7,42,42,37,14,49,0,0],"gold":122,"neow_bonus":"TEN_PERCENT_HP_BONUS","is_prod":false,"is_daily":false,"chose_seed":false,"campfire_upgraded":2,"win_rate":0,"timestamp":1607486974,"path_taken":["M","M","M","?","M","R","E","R","T","?","R","$","M","M","R","BOSS"],"build_version":"2020-11-30","purchased_purges":1,"victory":false,"max_hp_per_floor":[66,66,67,67,67,67,67,67,67,67,67,67,67,67,67,67,67],"card_choices":[{"not_picked":["animator:AcuraTooru","animator:Archer"],"picked":"animator:Berserker","floor":1.0},{"not_picked":["animator:Aqua","animator:Entoma"],"picked":"animator:Berserker","floor":2.0},{"not_picked":["animator:Viivi","animator:RoryMercury"],"picked":"animator:ShinjiMatou","floor":3.0},{"not_picked":["animator:Rider","animator:Berserker"],"picked":"animator:ShinjiMatou","floor":5.0},{"not_picked":["animator:Layla","animator:Chris","animator:MumenRider"],"picked":"SKIP","floor":7},{"not_picked":["animator:Kazuma","animator:Arpeggio"],"picked":"animator:Archer","floor":13},{"not_picked":["animator:LizardPriest","animator:TukaLunaMarceau","animator:Layla"],"picked":"SKIP","floor":14}],"player_experience":1465582,"relics_obtained":[{"floor":7,"key":"Potion Belt"},{"floor":9,"key":"Regal Pillow"}],"event_choices":[{"cards_removed":["animator:Strike"],"damage_healed":0,"gold_gain":0,"player_choice":"Card Removal","damage_taken":0,"max_hp_gain":0,"max_hp_loss":0,"event_name":"The Cleric","floor":10,"gold_loss":75}],"is_beta":false,"boss_relics":[],"items_purged_floors":[12],"is_endless":false,"potions_floor_spawned":[2,3,5,14],"killed_by":"The Guardian","ascension_level":20}}