{"host":"ecaj4hn004xnnrw9","time":1607474164,"event":{"gold_per_floor":[117,132,132,7,7,37,37,56,56,66,96,96],"floor_reached":11,"playtime":285,"items_purged":["Amnesia"],"score":98,"play_id":"8d0156ac-8cd3-46e3-861b-afb17a6bcb46","local_time":"20201209003604","is_ascension_mode":false,"campfire_choices":[{"data":"TheCursedMod:CursedBlade","floor":7,"key":"SMITH"}],"neow_cost":"NONE","seed_source_timestamp":36858958866800,"circlet_count":0,"master_deck":["TheCursedMod:Strike_TheCursed","TheCursedMod:Strike_TheCursed","TheCursedMod:Strike_TheCursed","TheCursedMod:Strike_TheCursed","TheCursedMod:Defend_TheCursed","TheCursedMod:Defend_TheCursed","TheCursedMod:Defend_TheCursed","TheCursedMod:Defend_TheCursed","TheCursedMod:CursedWand","TheCursedMod:CleanUpWorkshop","TheCursedMod:CursedBlade+1","TheCursedMod:AshesToAshes","TheCursedMod:CursedAmulet+1","TheCursedMod:VitalStrike","TheCursedMod:LuckyCharm","TheCursedMod:FleshFromBone"],"relics":["TheCursedMod:BlackMagic101","NeowsBlessing","Replay:Accelerometer","Replay:WaspNest","Replay:Mystery Machine"],"potions_floor_usage":[],"damage_taken":[{"damage":0,"enemies":"2 Louse","floor":1,"turns":1},{"damage":0,"enemies":"Small Slimes","floor":2,"turns":1},{"damage":0,"enemies":"3 Sentries","floor":6,"turns":1},{"damage":6,"enemies":"Jaw Worm","floor":8,"turns":3},{"damage":4,"enemies":"2 Fungi Beasts","floor":10,"turns":3},{"damage":165,"enemies":"3 Sentries","floor":11,"turns":7}],"seed_played":"-4543484255524935065","potions_obtained":[{"floor":1,"key":"Dexterity Potion"},{"floor":10,"key":"Elixir"}],"is_trial":false,"path_per_floor":["M","M","?","$","?","E","R","M","T","M","?"],"character_chosen":"THE_CURSED","items_purchased":["TheCursedMod:CursedAmulet"],"campfire_rested":0,"item_purchase_floors":[4],"current_hp_per_floor":[75,75,75,75,75,75,75,69,69,65,0,0],"gold":96,"neow_bonus":"THREE_ENEMY_KILL","is_prod":false,"is_daily":false,"chose_seed":false,"campfire_upgraded":1,"win_rate":0.0,"timestamp":1607474164,"path_taken":["M","M","?","$","?","E","R","M","T","M","?"],"build_version":"2020-11-30","purchased_purges":1,"victory":false,"max_hp_per_floor":[75,75,75,75,75,75,75,75,75,75,75,75],"card_choices":[{"not_picked":["TheCursedMod:StingEye","TheCursedMod:Stretching"],"picked":"TheCursedMod:CursedBlade","floor":1},{"not_picked":["TheCursedMod:FleshFromBone","TheCursedMod:BlessingInDisguise"],"picked":"TheCursedMod:AshesToAshes","floor":2},{"not_picked":["TheCursedMod:Torture","TheCursedMod:DarkBarrier"],"picked":"TheCursedMod:VitalStrike","floor":6},{"not_picked":["TheCursedMod:CircleOfFocus","TheCursedMod:CircleOfFlame"],"picked":"TheCursedMod:LuckyCharm","floor":8},{"not_picked":["TheCursedMod:CursedShiv","TheCursedMod:CursedMace"],"picked":"TheCursedMod:FleshFromBone","floor":10}],"player_experience":130797,"relics_obtained":[{"floor":6,"key":"Replay:Accelerometer"},{"floor":9,"key":"Replay:WaspNest"}],"event_choices":[{"damage_healed":0,"gold_gain":30,"player_choice":"Searched \u00273\u0027 times","damage_taken":0,"relics_obtained":["Replay:Mystery Machine"],"max_hp_gain":0,"max_hp_loss":0,"event_name":"Dead Adventurer","floor":11,"gold_loss":0}],"is_beta":false,"boss_relics":[],"items_purged_floors":[4],"is_endless":false,"potions_floor_spawned":[1,10],"killed_by":"3 Sentries","ascension_level":0}}