{"host":"6q3xrfxx8iswq9mh","time":1607520508,"event":{"gold_per_floor":[215,215,228,239,239,268,268,280,303,35,48,48,76,276,276,372,372,383,138,138,38,48,81,81,92,117,131,158,158,177,195,195,293,293,305,316,141,141,33,61,61,61],"floor_reached":41,"playtime":2260,"items_purged":["Runesmith:Defend_RS","Runesmith:Strike_RS","Runesmith:Strike_RS"],"score":586,"play_id":"3011625b-ff2f-4b3e-9277-8094a1aab4be","local_time":"20201209212828","is_ascension_mode":false,"campfire_choices":[{"floor":7,"key":"REST"},{"data":"Apotheosis","floor":12,"key":"SMITH"},{"floor":15,"key":"REST"},{"floor":24,"key":"REST"},{"floor":29,"key":"REST"},{"floor":32,"key":"REST"}],"neow_cost":"NONE","seed_source_timestamp":970797365934800,"circlet_count":0,"master_deck":["Runesmith:Strike_RS+1","Runesmith:Defend_RS","Runesmith:Defend_RS+1","Runesmith:CraftFirestone+1","Runesmith:Fortify","Runesmith:GoWithTheFlow","Runesmith:WhiteBalance","Runesmith:CraftIncendium","Runesmith:CraftObretio","Runesmith:LithiumIon","Runesmith:EarthShield","Apotheosis+1","Runesmith:ChiselStab","Runesmith:UnlimitedPower","Runesmith:LightningRod","Runesmith:CraftMagma","Runesmith:CraftPrismatica","Runesmith:Firestorm","Runesmith:EnergizedChisel","Runesmith:CraftProtectio","Runesmith:RuneHurl","Runesmith:Firestorm","Runesmith:BackupBattery+1","Runesmith:PerfectChisel+1","Runesmith:FissionHammer","Runesmith:CraftMedicinae","Runesmith:HammerThrow+1","Runesmith:LithiumIon","Runesmith:CraftVitae","Runesmith:Supernova","Runesmith:Supernova"],"relics":["Runesmith:BrokenRuby","Replay:Wax Seal","Runesmith:EmergencyProvisions","Replay:Baseball","Odd Mushroom","SlaversCollar","Quantum Egg","Replay:Bottled Flurry","Omamori","Pet Ghost","Empty Cage","BargainBundle","Runesmith:MiniCore","Simple Rune"],"potions_floor_usage":[6,6,6,28,28,33,41,41],"damage_taken":[{"damage":0,"enemies":"2 Louse","floor":1,"turns":3},{"damage":0,"enemies":"Cultist","floor":3,"turns":4},{"damage":0,"enemies":"Small Slimes","floor":4,"turns":2},{"damage":27,"enemies":"Lagavulin","floor":6,"turns":9},{"damage":7,"enemies":"Looter","floor":8,"turns":3},{"damage":6,"enemies":"2 Fungi Beasts","floor":11,"turns":4},{"damage":11,"enemies":"The Mushroom Lair","floor":13,"turns":5},{"damage":0,"enemies":"The Guardian","floor":16,"turns":7},{"damage":19,"enemies":"3 Byrds","floor":18,"turns":3},{"damage":0,"enemies":"Shell Parasite","floor":22,"turns":5},{"damage":9,"enemies":"Book of Stabbing","floor":23,"turns":6},{"damage":3,"enemies":"Snecko","floor":25,"turns":7},{"damage":13,"enemies":"Shelled Parasite and Fungi","floor":27,"turns":7},{"damage":14,"enemies":"Gremlin Leader","floor":28,"turns":6},{"damage":10,"enemies":"Centurion and Healer","floor":30,"turns":6},{"damage":22,"enemies":"Snake Plant","floor":31,"turns":4},{"damage":0,"enemies":"Automaton","floor":33,"turns":6},{"damage":49,"enemies":"3 Darklings","floor":35,"turns":7},{"damage":14,"enemies":"3 Shapes","floor":36,"turns":3},{"damage":7,"enemies":"Giant Head","floor":40,"turns":8},{"damage":53,"enemies":"Transient","floor":41,"turns":5}],"seed_played":"-6651642924366518271","potions_obtained":[{"floor":1,"key":"Block Potion"},{"floor":3,"key":"Explosive Potion"},{"floor":4,"key":"GamblersBrew"},{"floor":18,"key":"FearPotion"},{"floor":23,"key":"SkillPotion"},{"floor":28,"key":"SpeedPotion"},{"floor":33,"key":"Elixir"},{"floor":35,"key":"Block Potion"}],"is_trial":false,"path_per_floor":["M","?","M","M","?","E","R","M","T","$","M","R","?","?","R","B",null,"M","$","T","$","M","E","R","M","T","M","E","R","M","M","R","B",null,"M","M","$","?","$","E","M"],"character_chosen":"RUNESMITH_CLASS","items_purchased":["Runesmith:EarthShield","Apotheosis","Runesmith:CraftPrismatica","Runesmith:Firestorm","Runesmith:EnergizedChisel","Fire Potion","BargainBundle","Runesmith:LithiumIon","Runesmith:CraftVitae","Runesmith:MiniCore","Swift Potion","Fire Potion","Runesmith:Supernova"],"campfire_rested":5,"item_purchase_floors":[10,10,19,19,21,21,37,37,37,37,37,37,39],"current_hp_per_floor":[70,70,70,70,67,40,61,54,54,54,48,48,37,20,41,41,70,51,51,51,51,51,42,63,60,60,47,33,54,44,22,43,43,70,37,23,23,23,23,28,0,0],"gold":61,"neow_bonus":"HUNDRED_GOLD","is_prod":false,"is_daily":false,"chose_seed":false,"campfire_upgraded":1,"win_rate":0.0,"timestamp":1607520508,"path_taken":["M","?","M","?","?","E","R","M","T","$","M","R","?","?","R","BOSS","M","$","?","$","?","E","R","M","T","M","E","R","M","M","R","BOSS","M","M","?","?","?","E","?"],"build_version":"2020-11-30","purchased_purges":3,"victory":false,"max_hp_per_floor":[70,70,70,70,70,70,70,70,70,70,70,70,70,70,70,70,70,70,70,70,70,70,70,70,70,70,70,70,70,70,70,70,70,70,70,70,70,70,70,70,70,70],"card_choices":[{"not_picked":["Runesmith:CraftSpiculum","Runesmith:RunicBlueprint"],"picked":"Runesmith:GoWithTheFlow","floor":1},{"not_picked":["Runesmith:RuneHurl","Runesmith:HammerThrow"],"picked":"Runesmith:WhiteBalance","floor":3},{"not_picked":["Runesmith:CraftReservo","Runesmith:StaticCage"],"picked":"Runesmith:CraftIncendium","floor":4},{"not_picked":["Runesmith:EarthShield","Runesmith:Prism"],"picked":"Runesmith:CraftObretio","floor":6},{"not_picked":["Runesmith:HeatedChisel","Runesmith:ShiftingStrike"],"picked":"Runesmith:LithiumIon","floor":8},{"not_picked":["Runesmith:HammerAndChisel","Runesmith:HammerThrow","Runesmith:NegativeSpace"],"picked":"SKIP","floor":11},{"not_picked":["Runesmith:HammerAndChisel","Runesmith:Refine"],"picked":"Runesmith:ChiselStab","floor":13},{"not_picked":["Runesmith:ShiftingStrike","Runesmith:ChiselStab"],"picked":"Runesmith:UnlimitedPower","floor":14},{"not_picked":["Runesmith:ArcReactor","Runesmith:CreatorForm"],"picked":"Runesmith:LightningRod","floor":16},{"not_picked":["Runesmith:CraftReservo+1","Runesmith:Terraform"],"picked":"Runesmith:CraftMagma","floor":18},{"not_picked":["Runesmith:HeatedChisel","Runesmith:NanitesCloud"],"picked":"Runesmith:CraftProtectio","floor":22},{"not_picked":["Runesmith:EarthShield","Runesmith:HeatedChisel"],"picked":"Runesmith:RuneHurl","floor":23},{"not_picked":["Runesmith:CraftReservo+1","Runesmith:MakeshiftArmor"],"picked":"Runesmith:Firestorm","floor":25},{"not_picked":["Runesmith:MakeshiftArmor+1","Runesmith:EnergizedChisel+1"],"picked":"Runesmith:BackupBattery+1","floor":27},{"not_picked":["Runesmith:BackupBattery","Runesmith:Firestorm"],"picked":"Runesmith:PerfectChisel+1","floor":28},{"not_picked":["Runesmith:ChiselStab","Runesmith:HeatedChisel"],"picked":"Runesmith:FissionHammer","floor":30},{"not_picked":["Runesmith:HeatExchange","Runesmith:Refine+1","Runesmith:Overpower"],"picked":"SKIP","floor":31},{"not_picked":["Runesmith:DuctTape","Runesmith:CreatorForm"],"picked":"Runesmith:CraftMedicinae","floor":33},{"not_picked":["Runesmith:CraftReservo","Runesmith:EnergizedChisel+1","Runesmith:Overpower"],"picked":"SKIP","floor":35},{"not_picked":["Runesmith:HammerTime+1","Runesmith:Overpower"],"picked":"Runesmith:HammerThrow+1","floor":36},{"not_picked":["Runesmith:HeatedChisel+1","Runesmith:EarthShield","Runesmith:DoubleUp+1"],"picked":"SKIP","floor":40}],"player_experience":265357,"relics_obtained":[{"floor":6,"key":"Runesmith:EmergencyProvisions"},{"floor":9,"key":"Replay:Baseball"},{"floor":13,"key":"Odd Mushroom"},{"floor":20,"key":"Quantum Egg"},{"floor":23,"key":"Replay:Bottled Flurry"},{"floor":26,"key":"Omamori"},{"floor":28,"key":"Pet Ghost"},{"floor":40,"key":"Simple Rune"}],"event_choices":[{"damage_healed":0,"gold_gain":0,"player_choice":"Forge","damage_taken":0,"max_hp_gain":0,"max_hp_loss":0,"event_name":"Accursed Blacksmith","floor":2,"gold_loss":0,"cards_upgraded":["Runesmith:CraftFirestone"]},{"damage_healed":0,"gold_gain":0,"player_choice":"Success","damage_taken":3,"relics_obtained":["Replay:Wax Seal"],"max_hp_gain":0,"max_hp_loss":0,"event_name":"Scrap Ooze","floor":5,"gold_loss":0},{"damage_healed":0,"gold_gain":0,"player_choice":"Fought Mushrooms","damage_taken":0,"max_hp_gain":0,"max_hp_loss":0,"event_name":"Mushrooms","floor":13,"gold_loss":0},{"damage_healed":0,"gold_gain":0,"player_choice":"Ignored","damage_taken":0,"max_hp_gain":0,"max_hp_loss":0,"event_name":"Tomb of Lord Red Mask","floor":38,"gold_loss":0}],"is_beta":false,"boss_relics":[{"not_picked":["Runic Dome","Runesmith:UraniumAnvil"],"picked":"SlaversCollar"},{"not_picked":["Astrolabe","Sozu"],"picked":"Empty Cage"}],"items_purged_floors":[10,19,37],"is_endless":false,"potions_floor_spawned":[1,3,4,18,23,27,28,33,35],"killed_by":"Transient","ascension_level":0}}