{"host":"d1za9dvx43o9v494","time":1607477113,"event":{"gold_per_floor":[99,110,123,142,142,155,155,180,193,193,193],"floor_reached":10,"playtime":986,"items_purged":[],"score":70,"play_id":"75effc14-7730-48c9-bbef-c7670b644fe7","local_time":"20201209042513","is_ascension_mode":false,"campfire_choices":[{"data":"champ:Taunt","floor":1,"key":"SMITH"},{"data":"champ:EnGarde","floor":5,"key":"SMITH"}],"neow_cost":"NONE","seed_source_timestamp":620654203974940,"circlet_count":0,"master_deck":["champ:Strike","champ:Strike","champ:Strike","champ:Defend","champ:Defend","champ:Defend","champ:Defend","champ:Execute","champ:Taunt+1","champ:EnGarde+1","champ:IronFortress","champ:Haymaker","champ:FlashCut","champ:TornadoPunch"],"relics":["champ:ChampionCrown","Frozen Egg 2","Unceasing Top"],"potions_floor_usage":[8,9,10],"damage_taken":[{"damage":11,"enemies":"Cultist","floor":2,"turns":5},{"damage":10,"enemies":"2 Louse","floor":3,"turns":3},{"damage":20,"enemies":"Small Slimes","floor":4,"turns":6},{"damage":28,"enemies":"2 Fungi Beasts","floor":6,"turns":6},{"damage":66,"enemies":"Lagavulin","floor":8,"turns":9},{"damage":15,"enemies":"Gremlin Gang","floor":9,"turns":5},{"damage":23,"enemies":"3 Sentries","floor":10,"turns":4}],"seed_played":"-2266277413567412619","potions_obtained":[{"floor":2,"key":"champ:TechniquePotion"},{"floor":8,"key":"AttackPotion"},{"floor":9,"key":"Guardian:BlockOnCardUsePotion"}],"is_trial":false,"path_per_floor":["R","M","M","M","R","M","T","E","M","E"],"character_chosen":"THE_CHAMP","items_purchased":[],"campfire_rested":0,"item_purchase_floors":[],"current_hp_per_floor":[90,89,89,83,83,68,68,30,15,0,0],"gold":193,"neow_bonus":"REMOVE_CARD","is_prod":false,"is_daily":false,"chose_seed":false,"campfire_upgraded":2,"win_rate":0.0,"timestamp":1607477113,"path_taken":["R","M","M","M","R","M","T","E","M","E"],"build_version":"2020-11-30","purchased_purges":0,"victory":false,"max_hp_per_floor":[90,90,90,90,90,90,90,90,90,90,90],"card_choices":[{"not_picked":["champ:TornadoPunch","champ:CrookedStrike"],"picked":"champ:EnGarde","floor":2},{"not_picked":["champ:GladiatorStyle","champ:FlashCut"],"picked":"champ:IronFortress","floor":3},{"not_picked":["champ:ViciousMockery","champ:Backstep","champ:Shatter"],"picked":"SKIP","floor":4},{"not_picked":["champ:BerserkersShout","champ:BladeFlurry"],"picked":"champ:Haymaker","floor":6},{"not_picked":["champ:BerserkersShout","champ:TornadoPunch"],"picked":"champ:FlashCut","floor":8},{"not_picked":["champ:EnragedBash","champ:ArenaPreparation"],"picked":"champ:TornadoPunch","floor":9}],"player_experience":519255,"relics_obtained":[{"floor":7,"key":"Frozen Egg 2"},{"floor":8,"key":"Unceasing Top"}],"event_choices":[],"is_beta":false,"boss_relics":[],"items_purged_floors":[],"is_endless":false,"potions_floor_spawned":[2,8,9],"killed_by":"3 Sentries","ascension_level":0}}