{"host":"a1eatafr7pisesky","time":1607535873,"event":{"gold_per_floor":[112,124,142,155,169,194,206,217,217,240,20,50,64,95,95,195,195,214,129,144,44,143,143,169,169,246,246,246,277,291,307,307,403,403,417,428,428,444,73,73,83,103,127,157,157,167,167,183,183,183,183,183,36,67,67,67],"floor_reached":55,"playtime":1886,"items_purged":["Strike_R","Strike_R","Strike_R"],"score":973,"play_id":"0505f4ba-a4c4-47e0-86d0-c9e2cdd0588a","local_time":"20201210024433","is_ascension_mode":true,"campfire_choices":[{"floor":15.0,"key":"REST"},{"data":"Armaments","floor":23.0,"key":"SMITH"},{"data":"Demon Form","floor":28.0,"key":"SMITH"},{"floor":32.0,"key":"REST"},{"floor":40.0,"key":"REST"},{"floor":45.0,"key":"RECALL"},{"floor":49.0,"key":"REST"},{"data":"Warcry","floor":52.0,"key":"SMITH"}],"neow_cost":"NONE","seed_source_timestamp":1171742307027700,"circlet_count":0,"master_deck":["Strike_R","Strike_R","Defend_R","Defend_R","Defend_R","Defend_R","Bash","Uppercut","Bloodletting+1","Second Wind","Shockwave","Inflame","Wild Strike","True Grit","Dark Embrace","Armaments+1","True Grit","Heavy Blade","Heavy Blade+1","Feed","Wild Strike+1","Feel No Pain","Demon Form+1","Warcry+1","Berserk","Heavy Blade","Flex","Warcry+1","Reaper","Shrug It Off+1","Fiend Fire"],"special_seed":0,"relics":["Burning Blood","Ice Cream","Mummified Hand","Pen Nib","Lee\u0027s Waffle","Torii","Art of War","Runic Pyramid","Mercury Hourglass","Gremlin Horn","Eternal Feather","Akabeko","Mark of Pain","Lantern","Nunchaku","Medical Kit","Paper Frog"],"potions_floor_usage":[55,55,55],"damage_taken":[{"damage":4.0,"enemies":"Cultist","floor":1.0,"turns":3.0},{"damage":0.0,"enemies":"2 Louse","floor":2.0,"turns":3.0},{"damage":3.0,"enemies":"Small Slimes","floor":3.0,"turns":3.0},{"damage":11.0,"enemies":"3 Louse","floor":4.0,"turns":3.0},{"damage":42.0,"enemies":"Exordium Thugs","floor":5.0,"turns":5.0},{"damage":36.0,"enemies":"3 Sentries","floor":6.0,"turns":9.0},{"damage":7.0,"enemies":"Blue Slaver","floor":7.0,"turns":3.0},{"damage":4.0,"enemies":"Red Slaver","floor":8.0,"turns":5.0},{"damage":15.0,"enemies":"Gremlin Nob","floor":12.0,"turns":4.0},{"damage":8.0,"enemies":"3 Louse","floor":13.0,"turns":3.0},{"damage":61.0,"enemies":"3 Sentries","floor":14.0,"turns":8.0},{"damage":14.0,"enemies":"The Guardian","floor":16.0,"turns":8.0},{"damage":25.0,"enemies":"3 Byrds","floor":18.0,"turns":6.0},{"damage":16.0,"enemies":"Shell Parasite","floor":20.0,"turns":3.0},{"damage":26.0,"enemies":"Book of Stabbing","floor":24.0,"turns":5.0},{"damage":13.0,"enemies":"Gremlin Leader","floor":29.0,"turns":5.0},{"damage":21.0,"enemies":"Snake Plant","floor":30.0,"turns":4.0},{"damage":25.0,"enemies":"Centurion and Healer","floor":31.0,"turns":4.0},{"damage":35.0,"enemies":"Automaton","floor":33.0,"turns":7.0},{"damage":12.0,"enemies":"Orb Walker","floor":35.0,"turns":2.0},{"damage":31.0,"enemies":"3 Shapes","floor":36.0,"turns":4.0},{"damage":51.0,"enemies":"Spire Growth","floor":38.0,"turns":5.0},{"damage":20.0,"enemies":"4 Shapes","floor":41.0,"turns":3.0},{"damage":26.0,"enemies":"Maw","floor":42.0,"turns":6.0},{"damage":55.0,"enemies":"Giant Head","floor":44.0,"turns":7.0},{"damage":32.0,"enemies":"3 Darklings","floor":46.0,"turns":3.0},{"damage":16.0,"enemies":"4 Shapes","floor":48.0,"turns":8.0},{"damage":98.0,"enemies":"Awakened One","floor":50.0,"turns":8.0},{"damage":81.0,"enemies":"Shield and Spear","floor":54.0,"turns":8.0},{"damage":48,"enemies":"The Heart","floor":55,"turns":3}],"seed_played":"-4513678961038610849","potions_obtained":[{"floor":2.0,"key":"Block Potion"},{"floor":3.0,"key":"EssenceOfSteel"},{"floor":6.0,"key":"Dexterity Potion"},{"floor":7.0,"key":"ElixirPotion"},{"floor":13.0,"key":"AttackPotion"},{"floor":14.0,"key":"FearPotion"},{"floor":16.0,"key":"ColorlessPotion"},{"floor":20.0,"key":"Dexterity Potion"},{"floor":33.0,"key":"Fire Potion"},{"floor":44.0,"key":"SpeedPotion"},{"floor":48.0,"key":"Swift Potion"}],"is_trial":false,"path_per_floor":["M","M","M","M","M","E","M","M","T","T","$","E","M","E","R","B",null,"M","?","M","$","?","R","E","?","T","?","R","E","M","M","R","B",null,"M","M","?","M","$","R","M","M","T","E","R","M","?","M","R","B",null,"R","$","E","B"],"character_chosen":"IRONCLAD","items_purchased":["Lee\u0027s Waffle","Lantern","FairyPotion","Medical Kit"],"campfire_rested":4,"item_purchase_floors":[11,39,39,53],"current_hp_per_floor":[80,80,80,75,39,9,8,10,10,10,87,78,76,21,47,39,75,59,59,52,52,52,52,35,35,35,35,47,43,28,12,57,28,84,78,56,56,11,11,57,46,29,29,39,54,28,28,30,82,38,99,117,117,48,0,0],"gold":67,"neow_bonus":"THREE_CARDS","is_prod":false,"is_daily":false,"chose_seed":false,"campfire_upgraded":3,"win_rate":0,"timestamp":1607535873,"path_taken":["M","M","M","M","M","E","M","M","T","?","$","E","M","E","R","BOSS","M","?","M","$","?","R","E","?","T","?","R","E","?","M","R","BOSS","M","M","?","M","$","R","M","?","T","E","R","M","?","M","R","BOSS","R","$","E","BOSS"],"build_version":"2020-11-30","purchased_purges":3,"victory":false,"max_hp_per_floor":[80,80,80,80,80,80,80,80,80,80,87,87,87,87,87,87,87,90,90,93,93,93,93,96,96,96,96,96,99,99,102,102,102,102,102,105,105,105,105,105,108,111,111,111,111,111,111,115,115,119,119,119,119,119,119,119],"card_choices":[{"not_picked":["Rupture","Clash"],"picked":"Uppercut","floor":0.0},{"not_picked":["Armaments","Clash"],"picked":"Bloodletting","floor":1.0},{"not_picked":["Clash","Headbutt"],"picked":"Second Wind","floor":2.0},{"not_picked":["Spot Weakness","Seeing Red"],"picked":"Shockwave","floor":3.0},{"not_picked":["Warcry","Intimidate"],"picked":"Inflame","floor":4.0},{"not_picked":["Warcry","Pummel"],"picked":"Wild Strike","floor":5.0},{"not_picked":["Sentinel","Seeing Red"],"picked":"True Grit","floor":6.0},{"not_picked":["Clothesline","Perfected Strike"],"picked":"Dark Embrace","floor":7.0},{"not_picked":["Dropkick","Second Wind"],"picked":"Armaments","floor":8.0},{"not_picked":["Searing Blow","Perfected Strike"],"picked":"True Grit","floor":12.0},{"not_picked":["Hemokinesis","Thunderclap"],"picked":"Heavy Blade","floor":13.0},{"not_picked":["Carnage","Whirlwind"],"picked":"Heavy Blade","floor":14.0},{"not_picked":["Brutality","Corruption"],"picked":"Feed","floor":16.0},{"not_picked":["Anger","Iron Wave+1"],"picked":"Wild Strike+1","floor":18.0},{"not_picked":["Wild Strike+1","Infernal Blade"],"picked":"Feel No Pain","floor":20.0},{"not_picked":["Headbutt","Bloodletting+1"],"picked":"Demon Form","floor":24.0},{"not_picked":["Clash","Uppercut","Sword Boomerang"],"picked":"SKIP","floor":29.0},{"not_picked":["Bloodletting","Sword Boomerang"],"picked":"Warcry","floor":30.0},{"not_picked":["Whirlwind+1","Havoc","Cleave"],"picked":"SKIP","floor":31.0},{"not_picked":["Bludgeon","Juggernaut"],"picked":"Berserk","floor":33.0},{"not_picked":["Clash+1","Dark Embrace+1"],"picked":"Heavy Blade","floor":35.0},{"not_picked":["Armaments+1","Fire Breathing","Heavy Blade"],"picked":"SKIP","floor":36.0},{"not_picked":["Twin Strike+1","Rupture","Armaments"],"picked":"SKIP","floor":38.0},{"not_picked":["Clothesline","Reckless Charge+1","Sword Boomerang+1"],"picked":"SKIP","floor":41.0},{"not_picked":["Wild Strike+1","Second Wind"],"picked":"Flex","floor":42.0},{"not_picked":["Thunderclap","Wild Strike+1"],"picked":"Warcry+1","floor":44.0},{"not_picked":["Sword Boomerang+1","Clothesline+1"],"picked":"Reaper","floor":46.0},{"not_picked":["Dark Embrace","Twin Strike"],"picked":"Shrug It Off+1","floor":48.0},{"not_picked":["Armaments","Pommel Strike"],"picked":"Fiend Fire","floor":54.0}],"player_experience":193348,"relics_obtained":[{"floor":6.0,"key":"Ice Cream"},{"floor":9.0,"key":"Mummified Hand"},{"floor":10.0,"key":"Pen Nib"},{"floor":12.0,"key":"Torii"},{"floor":14.0,"key":"Art of War"},{"floor":24.0,"key":"Gremlin Horn"},{"floor":26.0,"key":"Eternal Feather"},{"floor":29.0,"key":"Akabeko"},{"floor":44.0,"key":"Nunchaku"},{"floor":54.0,"key":"Paper Frog"}],"event_choices":[{"damage_healed":0.0,"max_hp_gain":0.0,"max_hp_loss":0.0,"gold_gain":0.0,"event_name":"Addict","player_choice":"Obtained Relic","floor":19.0,"gold_loss":85.0,"damage_taken":0.0,"relics_obtained":["Mercury Hourglass"]},{"damage_healed":0.0,"max_hp_gain":0.0,"max_hp_loss":0.0,"gold_gain":99.0,"event_name":"Nest","player_choice":"Stole From Cult","floor":22.0,"gold_loss":0.0,"damage_taken":0.0},{"damage_healed":0.0,"max_hp_gain":0.0,"max_hp_loss":0.0,"gold_gain":0.0,"event_name":"Vampires","player_choice":"Ignored","floor":25.0,"gold_loss":0.0,"damage_taken":0.0},{"damage_healed":0.0,"max_hp_gain":0.0,"max_hp_loss":0.0,"gold_gain":0.0,"event_name":"Accursed Blacksmith","player_choice":"Forge","floor":27.0,"gold_loss":0.0,"damage_taken":0.0,"cards_upgraded":["Heavy Blade"]},{"damage_healed":0.0,"max_hp_gain":0.0,"max_hp_loss":0.0,"gold_gain":0.0,"event_name":"Upgrade Shrine","player_choice":"Upgraded","floor":37.0,"gold_loss":0.0,"damage_taken":0.0,"cards_upgraded":["Bloodletting"]},{"damage_healed":0.0,"max_hp_gain":0.0,"max_hp_loss":0.0,"gold_gain":0.0,"event_name":"Mysterious Sphere","player_choice":"Ignored","floor":47.0,"gold_loss":0.0,"damage_taken":0.0}],"is_beta":false,"boss_relics":[{"not_picked":["Philosopher\u0027s Stone","Empty Cage"],"picked":"Runic Pyramid"},{"not_picked":["SlaversCollar","Sozu"],"picked":"Mark of Pain"}],"items_purged_floors":[11,21,39],"is_endless":false,"potions_floor_spawned":[2,3,6,7,13,14,16,20,29,30,33,36,44,48,54],"killed_by":"The Heart","ascension_level":5}}