{"host":"0vd2boh2oi7jm085","time":1607510127,"event":{"gold_per_floor":[117,135,57,57,57,84,96,120,204,234,246,56,56,77,77,77,77],"floor_reached":16,"playtime":361,"items_purged":[],"score":219,"play_id":"64adf4f8-b503-428b-9849-8379076f3bae","local_time":"20201209023527","is_ascension_mode":true,"campfire_choices":[{"data":"Seeing Red","floor":7,"key":"SMITH"},{"data":"True Grit","floor":11,"key":"SMITH"},{"floor":15,"key":"REST"}],"neow_cost":"NONE","seed_source_timestamp":21162508395900,"circlet_count":0,"master_deck":["AscendersBane","Strike_R","Strike_R","Strike_R","Strike_R","Strike_R","Defend_R","Defend_R","Defend_R","Defend_R","Bash","Anger","Metallicize+1","Seeing Red+1","Iron Wave","True Grit+1","Armaments","Injury"],"relics":["Burning Blood","NeowsBlessing","MawBank","Ornamental Fan","Ancient Tea Set","Golden Idol"],"potions_floor_usage":[],"damage_taken":[{"damage":0,"enemies":"Small Slimes","floor":1,"turns":1},{"damage":0,"enemies":"Jaw Worm","floor":2,"turns":1},{"damage":0,"enemies":"Gremlin Nob","floor":6,"turns":1},{"damage":1,"enemies":"Cultist","floor":8,"turns":4},{"damage":23,"enemies":"Exordium Thugs","floor":10,"turns":7},{"damage":15,"enemies":"Large Slime","floor":14,"turns":8},{"damage":75,"enemies":"Slime Boss","floor":16,"turns":11}],"seed_played":"-5428395260607548921","potions_obtained":[{"floor":10,"key":"DuplicationPotion"}],"is_trial":false,"path_per_floor":["M","M","$","?","?","E","R","M","T","M","R","$","?","M","R","B"],"character_chosen":"IRONCLAD","items_purchased":["Metallicize","Armaments","Ancient Tea Set"],"campfire_rested":1,"item_purchase_floors":[3,12,12],"current_hp_per_floor":[74,75,75,68,68,74,74,75,75,58,58,58,58,49,71,0,0],"gold":77,"neow_bonus":"THREE_ENEMY_KILL","is_prod":false,"is_daily":false,"chose_seed":false,"campfire_upgraded":2,"win_rate":0,"timestamp":1607510127,"path_taken":["M","M","$","?","?","E","R","M","T","?","R","?","?","M","R","BOSS"],"build_version":"2020-11-30","purchased_purges":0,"victory":false,"max_hp_per_floor":[75,75,75,75,75,75,75,75,75,75,75,75,75,75,75,75,75],"card_choices":[{"not_picked":["Clothesline","Wild Strike"],"picked":"Anger","floor":1},{"not_picked":["True Grit","Body Slam"],"picked":"Twin Strike","floor":2},{"not_picked":["Iron Wave","Sword Boomerang"],"picked":"Seeing Red","floor":6},{"not_picked":["Sentinel","Spot Weakness"],"picked":"Iron Wave","floor":8},{"not_picked":["Heavy Blade","Pommel Strike"],"picked":"True Grit","floor":10},{"not_picked":["Havoc","Warcry","Rage"],"picked":"SKIP","floor":14}],"player_experience":68497,"relics_obtained":[{"floor":6,"key":"MawBank"},{"floor":9,"key":"Ornamental Fan"}],"event_choices":[{"cards_removed":["Twin Strike"],"damage_healed":0,"gold_gain":0,"player_choice":"Card Removal","damage_taken":7,"max_hp_gain":0,"max_hp_loss":0,"event_name":"Golden Wing","floor":4,"gold_loss":0},{"damage_healed":0,"gold_gain":0,"player_choice":"Upgraded","damage_taken":0,"max_hp_gain":0,"max_hp_loss":0,"event_name":"Upgrade Shrine","floor":5,"gold_loss":0,"cards_upgraded":["Metallicize"]},{"damage_healed":0,"gold_gain":0,"player_choice":"Take Wound","damage_taken":0,"relics_obtained":["Golden Idol"],"max_hp_gain":0,"max_hp_loss":0,"event_name":"Golden Idol","floor":13,"gold_loss":0,"cards_obtained":["Injury"]}],"is_beta":false,"boss_relics":[],"items_purged_floors":[],"is_endless":false,"potions_floor_spawned":[10],"killed_by":"Slime Boss","ascension_level":15}}