{"host":"ixl9a8gzl87gveif","time":1607474864,"event":{"gold_per_floor":[16,31,51,51,126,143,143,143,143,143,154,166,184,194,194,272,272,284,16,41,41,53,53,103,123,205,205,205,13,24,37,37,37,37],"floor_reached":33,"playtime":2161,"items_purged":[],"score":507,"play_id":"c078a570-eff5-4fd2-8544-6a2e00b22723","local_time":"20201209004744","is_ascension_mode":true,"campfire_choices":[{"floor":7,"key":"REST"},{"floor":10,"key":"REST"},{"floor":15,"key":"REST"},{"floor":27,"key":"REST"},{"floor":32,"key":"REST"}],"neow_cost":"NO_GOLD","seed_source_timestamp":286578494637900,"circlet_count":0,"master_deck":["AscendersBane","Strike_B","Strike_B","Strike_B","Defend_B","Defend_B","Defend_B+1","Defend_B","Zap","Dualcast","Apotheosis+1","Doom and Gloom","Redo","Leap","Hologram","Hologram","Go for the Eyes","Reinforced Body","Multi-Cast","CurseOfTheBell","Cold Snap+1","Conserve Battery","Hyperbeam","Self Repair","Rebound"],"relics":["Cracked Core","The Courier","Calling Bell","Dream Catcher","Singing Bowl","Bird Faced Urn","Bottled Lightning","Strawberry","Enchiridion","Meat on the Bone","Chemical X"],"potions_floor_usage":[6,14,16,16,25,25,30,33],"damage_taken":[{"damage":8,"enemies":"Small Slimes","floor":1,"turns":2},{"damage":4,"enemies":"Jaw Worm","floor":2,"turns":2},{"damage":6,"enemies":"2 Louse","floor":3,"turns":3},{"damage":7,"enemies":"Gremlin Gang","floor":6,"turns":2},{"damage":20,"enemies":"Lots of Slimes","floor":11,"turns":5},{"damage":24,"enemies":"3 Louse","floor":12,"turns":3},{"damage":2,"enemies":"Exordium Thugs","floor":13,"turns":3},{"damage":0,"enemies":"Large Slime","floor":14,"turns":4},{"damage":18,"enemies":"Hexaghost","floor":16,"turns":7},{"damage":21,"enemies":"Spheric Guardian","floor":18,"turns":7},{"damage":22,"enemies":"2 Thieves","floor":22,"turns":3},{"damage":2,"enemies":"3 Cultists","floor":25,"turns":3},{"damage":4,"enemies":"Centurion and Healer","floor":30,"turns":16},{"damage":4,"enemies":"Cultist and Chosen","floor":31,"turns":5},{"damage":127,"enemies":"Collector","floor":33,"turns":8}],"seed_played":"144297134040053264","potions_obtained":[{"floor":2,"key":"BlessingOfTheForge"},{"floor":12,"key":"FocusPotion"},{"floor":13,"key":"Strength Potion"},{"floor":14,"key":"Regen Potion"},{"floor":16,"key":"Fruit Juice"},{"floor":18,"key":"SpeedPotion"},{"floor":25,"key":"SneckoOil"},{"floor":31,"key":"ColorlessPotion"}],"is_trial":false,"path_per_floor":["M","M","M","?","?","M","R","?","T","R","M","M","M","M","R","B",null,"M","$","T","?","M","?","?","M","T","R","?","$","M","M","R","B"],"character_chosen":"DEFECT","items_purchased":["Bottled Lightning","Conserve Battery","Self Repair","Chemical X"],"campfire_rested":5,"item_purchase_floors":[19,19,29,29],"current_hp_per_floor":[56,52,46,25,14,7,28,28,28,49,29,5,3,3,24,21,59,38,38,45,45,25,4,4,11,11,39,13,13,37,61,90,0,0],"gold":37,"neow_bonus":"RANDOM_COLORLESS_2","is_prod":false,"is_daily":false,"chose_seed":false,"campfire_upgraded":0,"win_rate":0,"timestamp":1607474864,"path_taken":["M","M","M","?","?","M","R","?","T","R","?","M","M","M","R","BOSS","M","$","?","?","?","?","?","?","T","R","?","$","M","M","R","BOSS"],"build_version":"2020-11-30","purchased_purges":0,"victory":false,"max_hp_per_floor":[71,71,71,71,71,71,71,71,71,71,71,71,71,71,71,71,71,71,71,78,78,80,80,80,87,87,89,94,94,96,98,98,98,98],"relic_stats":{"Dream Catcher":2,"Singing Bowl":10,"counters":[15,73],"Bird Faced Urn":[14],"Chemical X":[13],"obtain_stats":[{"Calling Bell":17,"Dream Catcher":17,"Singing Bowl":17,"Bird Faced Urn":17,"Strawberry":20,"Enchiridion":23,"The Courier":9,"Bottled Lightning":19,"Chemical X":29,"Cracked Core":0,"Meat on the Bone":26},{"Calling Bell":9,"Dream Catcher":9,"Singing Bowl":9,"Bird Faced Urn":9,"Strawberry":10,"Enchiridion":11,"The Courier":4,"Bottled Lightning":10,"Chemical X":12,"Cracked Core":0,"Meat on the Bone":12},{"Calling Bell":31,"Dream Catcher":31,"Singing Bowl":31,"Bird Faced Urn":31,"Strawberry":38,"Enchiridion":41,"The Courier":9,"Bottled Lightning":38,"Chemical X":44,"Cracked Core":0,"Meat on the Bone":44}],"Meat on the Bone":24},"card_choices":[{"not_picked":["Mayhem","Violence"],"picked":"Apotheosis","floor":0},{"not_picked":["Compile Driver","Conserve Battery"],"picked":"Doom and Gloom","floor":1},{"not_picked":["Scrape","Rebound"],"picked":"Redo","floor":2},{"not_picked":["Rebound","Barrage"],"picked":"Leap","floor":3},{"not_picked":["Machine Learning","Turbo"],"picked":"Hologram","floor":6},{"not_picked":["Hologram","Doom and Gloom"],"picked":"Go for the Eyes","floor":11},{"not_picked":["Barrage","Double Energy","Scrape"],"picked":"SKIP","floor":12},{"not_picked":["Rebound","Barrage"],"picked":"Reinforced Body","floor":13},{"not_picked":["Beam Cell","Gash","Fusion"],"picked":"SKIP","floor":14},{"not_picked":["Core Surge","Hyperbeam"],"picked":"Multi-Cast","floor":16},{"not_picked":["Capacitor","Aggregate"],"picked":"Cold Snap+1","floor":18},{"not_picked":["Reboot","Conserve Battery","Cold Snap"],"picked":"Singing Bowl","floor":22},{"not_picked":["Redo","Conserve Battery","Undo"],"picked":"Singing Bowl","floor":25},{"not_picked":["Leap","Reinforced Body","Sweeping Beam"],"picked":"Singing Bowl","floor":27},{"not_picked":["Steam","Go for the Eyes","Doom and Gloom"],"picked":"Singing Bowl","floor":30},{"not_picked":["Aggregate","Ball Lightning","Beam Cell"],"picked":"Singing Bowl","floor":31},{"not_picked":["Turbo","Go for the Eyes"],"picked":"Rebound","floor":32}],"player_experience":336665,"relics_obtained":[{"floor":9,"key":"The Courier"},{"floor":17,"key":"Dream Catcher"},{"floor":17,"key":"Singing Bowl"},{"floor":17,"key":"Bird Faced Urn"},{"floor":20,"key":"Strawberry"},{"floor":23,"key":"Enchiridion"},{"floor":26,"key":"Meat on the Bone"}],"event_choices":[{"damage_healed":0,"gold_gain":0,"player_choice":"Entered Light","damage_taken":21,"max_hp_gain":0,"max_hp_loss":0,"event_name":"Shining Light","floor":4,"gold_loss":0,"cards_upgraded":["Apotheosis","Defend_B"]},{"damage_healed":0,"gold_gain":75,"player_choice":"Gather Gold","damage_taken":11,"max_hp_gain":0,"max_hp_loss":0,"event_name":"World of Goop","floor":5,"gold_loss":0},{"damage_healed":0,"gold_gain":0,"cards_transformed":["Strike_B"],"player_choice":"Transformed","damage_taken":0,"max_hp_gain":0,"max_hp_loss":0,"event_name":"Transmorgrifier","floor":8,"gold_loss":0,"cards_obtained":["Hologram"]},{"cards_removed":["Reinforced Body"],"damage_healed":0,"gold_gain":0,"player_choice":"Take \u0026 Give","damage_taken":0,"max_hp_gain":0,"max_hp_loss":0,"event_name":"betterNote:BetterNote","floor":21,"gold_loss":0,"cards_obtained":["Hyperbeam"]},{"damage_healed":0,"gold_gain":0,"player_choice":"Obtained Book","damage_taken":21,"max_hp_gain":0,"max_hp_loss":0,"event_name":"Cursed Tome","floor":23,"gold_loss":0},{"damage_healed":0,"gold_gain":50,"player_choice":"Pray","damage_taken":0,"max_hp_gain":0,"max_hp_loss":0,"event_name":"Golden Shrine","floor":24,"gold_loss":0},{"damage_healed":0,"gold_gain":0,"player_choice":"Shed Blood","damage_taken":31,"max_hp_gain":5,"max_hp_loss":0,"event_name":"Forgotten Altar","floor":28,"gold_loss":0}],"is_beta":false,"boss_relics":[{"not_picked":["Tiny House","Runic Dome"],"picked":"Calling Bell"}],"items_purged_floors":[],"is_endless":false,"potions_floor_spawned":[2,12,13,14,16,18,25,31],"killed_by":"Collector","ascension_level":20}}