{"host":"w4b7hmige5bnqipq","time":1607531905,"event":{"gold_per_floor":[116,116,116,133,208,241,241,241,266,286,321,337,183,198,198,269,269,227,227,245,145,145,145],"floor_reached":22,"playtime":747,"items_purged":["Strike_G","Defend_G"],"score":438,"play_id":"10e66d97-ab7b-433d-ba8e-3a98708e0910","local_time":"20201210013825","is_ascension_mode":true,"campfire_choices":[{"data":"Strike_G","floor":8.0,"key":"PURGE"},{"data":"Strike_G","floor":15.0,"key":"PURGE"}],"neow_cost":"NONE","seed_source_timestamp":2212593039991800,"circlet_count":0,"master_deck":["AscendersBane","Strike_G+1","Defend_G","Defend_G","Defend_G","Defend_G","Survivor","Neutralize","Dash","Blur","Dagger Throw+1","Acrobatics","Crippling Poison","Bouncing Flask","Grand Finale","Malaise","Tools of the Trade","Backflip"],"special_seed":0,"relics":["Ring of the Serpent","NeowsBlessing","Peace Pipe","Prayer Wheel","Nunchaku","Pear"],"potions_floor_usage":[22],"damage_taken":[{"damage":0.0,"enemies":"Jaw Worm","floor":1.0,"turns":1.0},{"damage":0.0,"enemies":"2 Louse","floor":4.0,"turns":1.0},{"damage":0.0,"enemies":"Lagavulin","floor":6.0,"turns":1.0},{"damage":0.0,"enemies":"Cultist","floor":10.0,"turns":3.0},{"damage":11.0,"enemies":"3 Sentries","floor":11.0,"turns":12.0},{"damage":2.0,"enemies":"2 Fungi Beasts","floor":12.0,"turns":4.0},{"damage":2.0,"enemies":"Exordium Wildlife","floor":14.0,"turns":6.0},{"damage":17.0,"enemies":"The Guardian","floor":16.0,"turns":12.0},{"damage":33.0,"enemies":"2 Thieves","floor":18.0,"turns":5.0},{"damage":13.0,"enemies":"Shell Parasite","floor":20.0,"turns":8.0},{"damage":20,"enemies":"Masked Bandits","floor":22,"turns":3}],"seed_played":"4201548438075434844","potions_obtained":[{"floor":4.0,"key":"Regen Potion"},{"floor":6.0,"key":"LiquidBronze"},{"floor":11.0,"key":"SneckoOil"},{"floor":14.0,"key":"LiquidBronze"},{"floor":18.0,"key":"Regen Potion"},{"floor":20.0,"key":"Fire Potion"}],"is_trial":false,"path_per_floor":["M","?","?","M","?","E","?","R","T","M","E","M","$","M","R","B",null,"M","?","M","$","?"],"character_chosen":"THE_SILENT","items_purchased":["Grand Finale"],"campfire_rested":0,"item_purchase_floors":[13],"current_hp_per_floor":[59,52,47,47,36,36,16,16,16,16,30,28,28,26,26,9,59,26,26,28,28,8,8],"gold":145,"neow_bonus":"THREE_ENEMY_KILL","is_prod":false,"is_daily":false,"chose_seed":false,"campfire_upgraded":0,"win_rate":0,"timestamp":1607531905,"path_taken":["M","?","?","M","?","E","?","R","T","?","E","M","$","M","R","BOSS","M","?","M","$","?"],"build_version":"2020-11-30","purchased_purges":2,"victory":false,"max_hp_per_floor":[66,66,66,66,66,66,66,66,66,66,76,76,76,76,76,76,76,76,76,76,76,76,76],"card_choices":[{"not_picked":["Poisoned Stab","Blade Dance"],"picked":"Dash","floor":1.0},{"not_picked":["Distraction","Dagger Throw"],"picked":"Blur","floor":4.0},{"not_picked":["Flying Knee","Poisoned Stab"],"picked":"Dagger Throw","floor":6.0},{"not_picked":["Dagger Spray","Blur"],"picked":"Acrobatics","floor":10.0},{"not_picked":["Flying Knee","All Out Attack"],"picked":"Crippling Poison","floor":10.0},{"not_picked":["Terror","Footwork"],"picked":"Bouncing Flask","floor":11.0},{"not_picked":["Noxious Fumes","Sucker Punch","Slice"],"picked":"SKIP","floor":12.0},{"not_picked":["PiercingWail","Poisoned Stab","Outmaneuver"],"picked":"SKIP","floor":12.0},{"not_picked":["Dagger Spray","Noxious Fumes"],"picked":"Malaise","floor":14.0},{"not_picked":["Blade Dance","Heel Hook","Terror"],"picked":"SKIP","floor":14.0},{"not_picked":["Bullet Time","Die Die Die"],"picked":"Tools of the Trade","floor":16.0},{"not_picked":["PiercingWail","Leg Sweep"],"picked":"Backflip","floor":18.0},{"not_picked":["PiercingWail","Blur","Dodge and Roll"],"picked":"SKIP","floor":18.0},{"not_picked":["Sucker Punch","Cloak And Dagger","Catalyst"],"picked":"SKIP","floor":20.0},{"not_picked":["Cloak And Dagger+1","Deflect","Sucker Punch"],"picked":"SKIP","floor":20.0}],"player_experience":352153,"relics_obtained":[{"floor":6.0,"key":"Prayer Wheel"},{"floor":9.0,"key":"Nunchaku"},{"floor":11.0,"key":"Pear"}],"event_choices":[{"cards_removed":["Strike_G"],"damage_healed":0.0,"max_hp_gain":0.0,"max_hp_loss":0.0,"gold_gain":0.0,"event_name":"Golden Wing","player_choice":"Card Removal","floor":2.0,"gold_loss":0.0,"damage_taken":7.0},{"damage_healed":0.0,"max_hp_gain":0.0,"max_hp_loss":0.0,"gold_gain":0.0,"event_name":"Scrap Ooze","player_choice":"Success","floor":3.0,"gold_loss":0.0,"damage_taken":5.0,"relics_obtained":["Peace Pipe"]},{"damage_healed":0.0,"max_hp_gain":0.0,"max_hp_loss":0.0,"gold_gain":75.0,"event_name":"World of Goop","player_choice":"Gather Gold","floor":5.0,"gold_loss":0.0,"damage_taken":11.0},{"damage_healed":0.0,"max_hp_gain":0.0,"max_hp_loss":0.0,"gold_gain":0.0,"event_name":"Shining Light","player_choice":"Entered Light","floor":7.0,"gold_loss":0.0,"damage_taken":20.0,"cards_upgraded":["Strike_G","Dagger Throw"]},{"damage_healed":0.0,"max_hp_gain":0.0,"max_hp_loss":0.0,"gold_gain":0.0,"event_name":"Cursed Tome","player_choice":"Ignored","floor":19.0,"gold_loss":0.0,"damage_taken":0.0},{"damage_healed":0,"gold_gain":0,"player_choice":"Fought Bandits","damage_taken":0,"max_hp_gain":0,"max_hp_loss":0,"event_name":"Masked Bandits","floor":22,"gold_loss":0}],"is_beta":false,"boss_relics":[{"not_picked":["Runic Dome","Black Star"],"picked":"Ring of the Serpent"}],"items_purged_floors":[13,21],"is_endless":false,"potions_floor_spawned":[4,6,11,14,18,20],"killed_by":"Masked Bandits","ascension_level":20}}