{"host":"1c52r9kaxdyo25eq","time":1607493760,"event":{"gold_per_floor":[11,11,11,11,32,32,82,82,82,29,50,50,50,75,75,164,164,187,112,162,175,195,195,213,228,228,228,259,259,303,327,327,420,420,439,339,561,581,581,581,621,954,954,954,968,999,128,155,155,155,155,155,155,5,34,34],"floor_reached":57,"playtime":2383,"items_purged":["Strike_G","Defend_G","Strike_G","Strike_G"],"score":3367,"play_id":"e8ce442c-24a1-48c8-8d8c-59d531e9eee5","local_time":"20201209150240","is_ascension_mode":true,"campfire_choices":[{"data":"Prepared","floor":6.0,"key":"SMITH"},{"data":"Eviscerate","floor":8.0,"key":"SMITH"},{"data":"Prepared","floor":12.0,"key":"SMITH"},{"data":"Acrobatics","floor":15.0,"key":"SMITH"},{"floor":23.0,"key":"REST"},{"floor":27.0,"key":"REST"},{"floor":29.0,"key":"REST"},{"floor":32.0,"key":"REST"},{"data":"Well Laid Plans","floor":40.0,"key":"SMITH"},{"floor":49.0,"key":"RECALL"},{"data":"Adrenaline","floor":53.0,"key":"SMITH"}],"neow_cost":"NO_GOLD","seed_source_timestamp":405433486442800,"circlet_count":0,"master_deck":["AscendersBane","Defend_G","Survivor","Neutralize","Eviscerate+1","Prepared+1","Prepared+1","Acrobatics","Acrobatics+1","Grand Finale","Wraith Form v2+1","Doppelganger+1","Well Laid Plans+1","Reflex","After Image","Bouncing Flask+1","Tactician","Backflip","Adrenaline+1","Noxious Fumes","Acrobatics"],"special_seed":0,"relics":["Ring of the Snake","Juzu Bracelet","Mercury Hourglass","Astrolabe","Matryoshka","Red Mask","Sundial","SlaversCollar","HornCleat","Bottled Tornado","Oddly Smooth Stone","Question Card","Pen Nib","Du-Vu Doll","OrangePellets","Kunai","Shuriken"],"potions_floor_usage":[56],"damage_taken":[{"damage":3.0,"enemies":"Cultist","floor":1.0,"turns":5.0},{"damage":6.0,"enemies":"2 Louse","floor":5.0,"turns":3.0},{"damage":1.0,"enemies":"Jaw Worm","floor":11.0,"turns":2.0},{"damage":0.0,"enemies":"Large Slime","floor":14.0,"turns":4.0},{"damage":15.0,"enemies":"Slime Boss","floor":16.0,"turns":9.0},{"damage":3.0,"enemies":"3 Byrds","floor":18.0,"turns":4.0},{"damage":17.0,"enemies":"Chosen","floor":21.0,"turns":4.0},{"damage":10.0,"enemies":"Snake Plant","floor":22.0,"turns":2.0},{"damage":33.0,"enemies":"Chosen and Byrds","floor":24.0,"turns":7.0},{"damage":6.0,"enemies":"Snecko","floor":25.0,"turns":4.0},{"damage":0.0,"enemies":"Masked Bandits","floor":28.0,"turns":2.0},{"damage":10.0,"enemies":"Book of Stabbing","floor":30.0,"turns":3.0},{"damage":0.0,"enemies":"3 Cultists","floor":31.0,"turns":2.0},{"damage":0.0,"enemies":"Collector","floor":33.0,"turns":2.0},{"damage":8.0,"enemies":"Orb Walker","floor":35.0,"turns":3.0},{"damage":6.0,"enemies":"3 Shapes","floor":38.0,"turns":4.0},{"damage":0.0,"enemies":"Giant Head","floor":41.0,"turns":4.0},{"damage":8.0,"enemies":"Writhing Mass","floor":45.0,"turns":3.0},{"damage":0.0,"enemies":"Nemesis","floor":46.0,"turns":4.0},{"damage":0.0,"enemies":"Reptomancer","floor":48.0,"turns":2.0},{"damage":9.0,"enemies":"Time Eater","floor":50.0,"turns":8.0},{"damage":0.0,"enemies":"Awakened One","floor":51.0,"turns":3.0},{"damage":0.0,"enemies":"Shield and Spear","floor":55.0,"turns":1.0},{"damage":0,"enemies":"The Heart","floor":56,"turns":6}],"seed_played":"-1368547787603586328","potions_obtained":[{"floor":1.0,"key":"Weak Potion"},{"floor":14.0,"key":"SkillPotion"},{"floor":21.0,"key":"Swift Potion"},{"floor":25.0,"key":"Ancient Potion"},{"floor":30.0,"key":"Weak Potion"},{"floor":33.0,"key":"Regen Potion"},{"floor":55.0,"key":"SkillPotion"}],"is_trial":false,"path_per_floor":["M","?","?","$","M","R","?","R","T","$","M","R","$","M","R","B",null,"M","$","?","M","M","R","M","M","T","R","?","R","E","M","R","B",null,"M","$","?","M","?","R","E","?","T","T","M","E","$","E","R","B","B",null,"R","$","E","B",null],"character_chosen":"THE_SILENT","items_purchased":["Prepared","Fruit Juice","LiquidMemories","Du-Vu Doll","Noxious Fumes","OrangePellets"],"campfire_rested":4,"item_purchase_floors":[10,47,47,47,47,47],"current_hp_per_floor":[56,56,56,56,50,50,50,50,50,50,49,49,49,49,49,34,54,51,51,51,34,24,42,9,3,3,21,21,39,29,29,47,47,57,49,49,49,43,43,43,43,43,43,43,44,44,49,49,49,40,40,59,59,59,59,59],"gold":34,"neow_bonus":"REMOVE_TWO","is_prod":false,"is_daily":false,"chose_seed":false,"campfire_upgraded":6,"win_rate":0,"timestamp":1607493760,"path_taken":["M","?","?","$","M","R","?","R","T","?","M","R","$","M","R","BOSS","M","$","?","M","M","R","M","M","T","R","?","R","E","M","R","BOSS","M","$","?","M","?","R","E","?","T","?","M","E","?","E","R","BOSS","BOSS","R","$","E","BOSS"],"build_version":"2020-11-30","purchased_purges":4,"victory":true,"max_hp_per_floor":[66,60,60,60,60,60,60,60,60,60,60,60,60,60,60,60,60,60,60,60,60,60,60,60,60,60,60,60,60,60,60,60,60,60,60,60,60,60,60,60,60,60,60,60,60,60,65,65,65,65,65,65,65,65,65,65],"card_choices":[{"not_picked":["Noxious Fumes","Riddle With Holes"],"picked":"Eviscerate","floor":1.0},{"not_picked":["Deflect","Skewer"],"picked":"Prepared","floor":5.0},{"not_picked":["Footwork","Endless Agony"],"picked":"Acrobatics","floor":11.0},{"not_picked":["Deflect","Accuracy"],"picked":"Acrobatics","floor":14.0},{"not_picked":["Night Terror","Glass Knife"],"picked":"Grand Finale","floor":16.0},{"not_picked":["Caltrops","Outmaneuver","Deadly Poison"],"picked":"SKIP","floor":18.0},{"not_picked":["Predator","Well Laid Plans","Deflect"],"picked":"SKIP","floor":21.0},{"not_picked":["Predator","Deflect"],"picked":"Well Laid Plans","floor":21.0},{"not_picked":["Dagger Spray","Caltrops","Deflect"],"picked":"SKIP","floor":22.0},{"not_picked":["Backflip","Terror"],"picked":"Reflex","floor":24.0},{"not_picked":["Storm of Steel","Quick Slash","Poisoned Stab"],"picked":"SKIP","floor":25.0},{"not_picked":["All Out Attack","Bane","Poisoned Stab"],"picked":"SKIP","floor":30.0},{"not_picked":["Predator+1","PiercingWail+1","Crippling Poison"],"picked":"SKIP","floor":31.0},{"not_picked":["Doppelganger","Bullet Time"],"picked":"After Image","floor":33.0},{"not_picked":["Deflect+1","Choke"],"picked":"Bouncing Flask+1","floor":35.0},{"not_picked":["Dash+1","Backflip","Quick Slash+1"],"picked":"SKIP","floor":38.0},{"not_picked":["PiercingWail","Quick Slash"],"picked":"Tactician","floor":41.0},{"not_picked":["Acrobatics","Glass Knife","Outmaneuver"],"picked":"Backflip","floor":45.0},{"not_picked":["Terror+1","Backflip","Predator"],"picked":"Adrenaline","floor":46.0},{"not_picked":["Accuracy+1","Caltrops","Riddle With Holes"],"picked":"Acrobatics","floor":48.0},{"not_picked":["Phantasmal Killer","Expertise+1","Acrobatics","Night Terror"],"picked":"SKIP","floor":55.0}],"player_experience":441942,"relics_obtained":[{"floor":9.0,"key":"Mercury Hourglass"},{"floor":26.0,"key":"Matryoshka"},{"floor":28.0,"key":"Red Mask"},{"floor":30.0,"key":"Sundial"},{"floor":41.0,"key":"HornCleat"},{"floor":43.0,"key":"Bottled Tornado"},{"floor":44.0,"key":"Oddly Smooth Stone"},{"floor":44.0,"key":"Question Card"},{"floor":46.0,"key":"Pen Nib"},{"floor":48.0,"key":"Kunai"},{"floor":55.0,"key":"Shuriken"}],"event_choices":[{"damage_healed":0.0,"max_hp_gain":0.0,"max_hp_loss":6.0,"gold_gain":0.0,"event_name":"Golden Idol","player_choice":"Lose Max HP","floor":2.0,"gold_loss":0.0,"damage_taken":0.0,"relics_obtained":["Golden Idol"]},{"damage_healed":0.0,"max_hp_gain":0.0,"max_hp_loss":0.0,"gold_gain":0.0,"event_name":"WeMeetAgain","player_choice":"Gave Potion","floor":3.0,"gold_loss":0.0,"damage_taken":0.0,"relics_obtained":["Juzu Bracelet"]},{"damage_healed":0.0,"max_hp_gain":0.0,"max_hp_loss":0.0,"gold_gain":50.0,"event_name":"Golden Shrine","player_choice":"Pray","floor":7.0,"gold_loss":0.0,"damage_taken":0.0},{"damage_healed":0.0,"max_hp_gain":0.0,"max_hp_loss":0.0,"gold_gain":50.0,"event_name":"Nest","player_choice":"Stole From Cult","floor":20.0,"gold_loss":0.0,"damage_taken":0.0},{"damage_healed":0.0,"max_hp_gain":0.0,"max_hp_loss":0.0,"gold_gain":0.0,"event_name":"Masked Bandits","player_choice":"Fought Bandits","floor":28.0,"gold_loss":0.0,"damage_taken":0.0},{"damage_healed":0.0,"max_hp_gain":0.0,"max_hp_loss":0.0,"gold_gain":222.0,"event_name":"Tomb of Lord Red Mask","player_choice":"Wore Mask","floor":37.0,"gold_loss":0.0,"damage_taken":0.0},{"cards_removed":["Bane"],"damage_healed":0.0,"max_hp_gain":0.0,"max_hp_loss":0.0,"gold_gain":0.0,"event_name":"Falling","player_choice":"Removed Attack","floor":39.0,"gold_loss":0.0,"damage_taken":0.0},{"damage_healed":0.0,"max_hp_gain":0.0,"max_hp_loss":0.0,"gold_gain":333.0,"event_name":"The Moai Head","player_choice":"Gave Idol","floor":42.0,"relics_lost":["Golden Idol"],"gold_loss":0.0,"damage_taken":0.0}],"is_beta":false,"boss_relics":[{"not_picked":["Ectoplasm","Coffee Dripper"],"picked":"Astrolabe"},{"not_picked":["Ring of the Serpent","Fusion Hammer"],"picked":"SlaversCollar"}],"items_purged_floors":[19,36,47,54],"is_endless":false,"potions_floor_spawned":[1,14,21,25,30,33,35,55],"ascension_level":20}}