{"host":"y76x98twjnyyxs83","time":1607532791,"event":{"gold_per_floor":[144,189,29,29,78,176,176,274,274,274,323,372,421,421,421,746,746,795,863,912,87,136,243,292,301,301,350,457,262,311,336,336,670,670,719,768,305,354,354,354,461,186,236,343,343,392,441,490,502,514],"floor_reached":51,"playtime":1589,"items_purged":["Strike_P","Strike_P","Defend_P","Strike_P+1"],"score":1061,"play_id":"ec37b1d7-e210-49c2-ad27-7c863df34d48","local_time":"20201210005311","daily_mods":["Heirloom","Vintage","Midas"],"is_ascension_mode":false,"campfire_choices":[{"floor":7.0,"key":"REST"},{"floor":10.0,"key":"REST"},{"floor":15.0,"key":"REST"},{"floor":32.0,"key":"REST"},{"floor":40,"key":"REST"},{"floor":45,"key":"REST"},{"floor":49,"key":"REST"}],"neow_cost":"","seed_source_timestamp":0,"circlet_count":0,"master_deck":["Strike_P+1","Defend_P+1","Eruption","Vigilance","Tantrum+1","FollowUp+1","Meditate","Conclude+1","Vault","Wireheading","EmptyFist+1","Consecrate+1","Violence","TalkToTheHand+1","Necronomicurse","CarveReality+1","Adaptation","Scrawl+1","TalkToTheHand+1","WaveOfTheHand+1","MentalFortress+1","FlyingSleeves+1","Fasting2+1","FollowUp+1"],"special_seed":18604,"relics":["PureWater","Gambling Chip","Oddly Smooth Stone","Molten Egg 2","Golden Idol","Bag of Preparation","Nunchaku","Incense Burner","Du-Vu Doll","Blood Vial","Ornamental Fan","Mercury Hourglass","Runic Dome","Kunai","Red Mask","Boot","Meat on the Bone","OrangePellets","CeramicFish","Juzu Bracelet","Akabeko","Necronomicon","Pear","Letter Opener","Bronze Scales","White Beast Statue","Anchor","Philosopher\u0027s Stone","Omamori","Whetstone","Orrery","Lantern","Mummified Hand","Centennial Puzzle","Membership Card","Bottled Lightning","War Paint","Shuriken","Toxic Egg 2","Strawberry","MawBank"],"potions_floor_usage":[],"damage_taken":[{"damage":2.0,"enemies":"Cultist","floor":1.0,"turns":3.0},{"damage":0.0,"enemies":"2 Louse","floor":2.0,"turns":2.0},{"damage":0.0,"enemies":"Jaw Worm","floor":5.0,"turns":1.0},{"damage":12.0,"enemies":"3 Sentries","floor":6.0,"turns":3.0},{"damage":16.0,"enemies":"Gremlin Nob","floor":8.0,"turns":3.0},{"damage":0.0,"enemies":"2 Fungi Beasts","floor":11.0,"turns":1.0},{"damage":0.0,"enemies":"Blue Slaver","floor":12.0,"turns":1.0},{"damage":0.0,"enemies":"Looter","floor":13.0,"turns":1.0},{"damage":17.0,"enemies":"The Guardian","floor":16.0,"turns":9.0},{"damage":0.0,"enemies":"Chosen","floor":18.0,"turns":1.0},{"damage":0.0,"enemies":"Masked Bandits","floor":19.0,"turns":2.0},{"damage":0.0,"enemies":"3 Byrds","floor":20.0,"turns":3.0},{"damage":0.0,"enemies":"3 Cultists","floor":22.0,"turns":1.0},{"damage":0.0,"enemies":"Slavers","floor":23.0,"turns":1.0},{"damage":0.0,"enemies":"Sentry and Sphere","floor":24.0,"turns":1.0},{"damage":0.0,"enemies":"Centurion and Healer","floor":27.0,"turns":2.0},{"damage":0.0,"enemies":"Book of Stabbing","floor":28.0,"turns":4.0},{"damage":0.0,"enemies":"Cultist and Chosen","floor":30.0,"turns":1.0},{"damage":0.0,"enemies":"Champ","floor":33.0,"turns":4.0},{"damage":0.0,"enemies":"3 Shapes","floor":35.0,"turns":1.0},{"damage":0.0,"enemies":"Orb Walker","floor":36.0,"turns":1.0},{"damage":0.0,"enemies":"Jaw Worm Horde","floor":38.0,"turns":1.0},{"damage":0,"enemies":"Nemesis","floor":41,"turns":2},{"damage":0,"enemies":"Reptomancer","floor":44,"turns":2},{"damage":0,"enemies":"Maw","floor":46,"turns":2},{"damage":0,"enemies":"Writhing Mass","floor":47,"turns":1},{"damage":0,"enemies":"Transient","floor":48,"turns":5},{"damage":0,"enemies":"Donu and Deca","floor":50,"turns":3}],"seed_played":"-3393203535006853122","potions_obtained":[{"floor":6.0,"key":"GamblersBrew"},{"floor":8.0,"key":"ColorlessPotion"},{"floor":11.0,"key":"Swift Potion"},{"floor":13.0,"key":"BlessingOfTheForge"},{"floor":30.0,"key":"Fire Potion"}],"is_trial":false,"path_per_floor":["M","M","$","?","M","E","R","E","T","R","M","M","M","?","R","B",null,"M","?","M","$","M","E","M","?","T","M","E","$","M","T","R","B",null,"M","M","$","M","?","R","E","$","T","E","R","M","M","M","R","B",null],"character_chosen":"WATCHER","items_purchased":["Tantrum+1","FollowUp+1","Meat on the Bone","OrangePellets","Wireheading","EmptyFist+1","Consecrate+1","Violence","Adaptation","Orrery","Lantern","FlyingSleeves+1","Membership Card","Bottled Lightning"],"campfire_rested":7,"item_purchase_floors":[3,3,21,21,21,21,21,21,29,37,37,37,42,42],"current_hp_per_floor":[70,70,70,67,67,55,67,51,51,67,67,67,67,60,67,50,67,67,67,67,67,67,67,67,51,61,63,65,65,67,67,77,77,77,77,77,77,77,77,77,77,77,77,77,77,77,84,84,84,84],"gold":526,"neow_bonus":"","is_prod":false,"is_daily":true,"chose_seed":false,"campfire_upgraded":0,"win_rate":0,"timestamp":1607532791,"path_taken":["M","M","$","?","M","E","R","E","T","R","M","M","M","?","R","BOSS","M","?","M","$","M","E","M","?","T","M","E","$","M","?","R","BOSS","M","M","$","M","?","R","E","$","T","E","R","M","M","M","R","BOSS"],"build_version":"2020-11-30","purchased_purges":4,"victory":true,"max_hp_per_floor":[72,72,72,67,67,67,67,67,67,67,67,67,67,67,67,67,67,67,67,67,67,67,67,67,67,77,77,77,77,77,77,77,77,77,77,77,77,77,77,77,77,77,77,77,77,77,84,84,84,84],"relic_stats":{"counters":[28,60],"Golden Idol":192,"CeramicFish":99,"Bag of Preparation":[50],"Juzu Bracelet":0,"Letter Opener":[30],"Whetstone":["Strike_P","Strike_P"],"War Paint":["Scrawl","Defend_P"],"Boot":[36],"MawBank":36,"Mercury Hourglass":[197],"Blood Vial":6,"OrangePellets":[5],"Nunchaku":[18],"Centennial Puzzle":[0],"Ornamental Fan":[180],"Mummified Hand":[20],"Shuriken":[15],"Gambling Chip":[74],"Bronze Scales":[21],"Necronomicon":[10],"Kunai":[39],"obtain_stats":[{"Lantern":37,"CeramicFish":22,"Bag of Preparation":5,"Incense Burner":8,"Juzu Bracelet":23,"Whetstone":36,"Boot":20,"Blood Vial":11,"Nunchaku":6,"Centennial Puzzle":41,"Mummified Hand":38,"Gambling Chip":0,"Strawberry":47,"Philosopher\u0027s Stone":34,"Red Mask":19,"Necronomicon":25,"Kunai":18,"Toxic Egg 2":46,"Pear":26,"Golden Idol":4,"Oddly Smooth Stone":1,"Omamori":35,"Letter Opener":27,"War Paint":43,"MawBank":48,"Akabeko":24,"White Beast Statue":30,"Mercury Hourglass":13,"Du-Vu Doll":9,"Runic Dome":17,"OrangePellets":21,"Anchor":31,"Ornamental Fan":12,"Shuriken":44,"Bronze Scales":28,"Orrery":37,"Molten Egg 2":2,"Membership Card":42,"Bottled Lightning":42,"PureWater":0,"Meat on the Bone":21},{"Lantern":21,"CeramicFish":13,"Bag of Preparation":3,"Incense Burner":5,"Juzu Bracelet":14,"Whetstone":21,"Boot":12,"Blood Vial":6,"Nunchaku":4,"Centennial Puzzle":23,"Mummified Hand":22,"Gambling Chip":0,"Strawberry":26,"Philosopher\u0027s Stone":19,"Red Mask":11,"Necronomicon":15,"Kunai":10,"Toxic Egg 2":25,"Pear":15,"Golden Idol":2,"Oddly Smooth Stone":1,"Omamori":20,"Letter Opener":16,"War Paint":23,"MawBank":27,"Akabeko":15,"White Beast Statue":18,"Mercury Hourglass":8,"Du-Vu Doll":5,"Runic Dome":9,"OrangePellets":12,"Anchor":18,"Ornamental Fan":7,"Shuriken":24,"Bronze Scales":17,"Orrery":21,"Molten Egg 2":2,"Membership Card":23,"Bottled Lightning":23,"PureWater":0,"Meat on the Bone":12},{"Lantern":44,"CeramicFish":30,"Bag of Preparation":6,"Incense Burner":12,"Juzu Bracelet":31,"Whetstone":44,"Boot":29,"Blood Vial":13,"Nunchaku":9,"Centennial Puzzle":47,"Mummified Hand":45,"Gambling Chip":0,"Strawberry":52,"Philosopher\u0027s Stone":42,"Red Mask":26,"Necronomicon":32,"Kunai":25,"Toxic Egg 2":51,"Pear":32,"Golden Idol":5,"Oddly Smooth Stone":3,"Omamori":43,"Letter Opener":34,"War Paint":47,"MawBank":57,"Akabeko":32,"White Beast Statue":38,"Mercury Hourglass":15,"Du-Vu Doll":12,"Runic Dome":24,"OrangePellets":29,"Anchor":38,"Ornamental Fan":14,"Shuriken":49,"Bronze Scales":37,"Orrery":44,"Molten Egg 2":5,"Membership Card":47,"Bottled Lightning":47,"PureWater":0,"Meat on the Bone":29}],"Meat on the Bone":0},"card_choices":[{"not_picked":["Protect","ReachHeaven+1"],"picked":"Meditate","floor":6.0},{"not_picked":["Prostrate","Consecrate+1"],"picked":"Conclude+1","floor":8.0},{"not_picked":["Devotion","Ragnarok+1"],"picked":"Vault","floor":16.0},{"not_picked":["Perseverance","Swivel+1"],"picked":"TalkToTheHand+1","floor":23.0},{"not_picked":["CutThroughFate+1","SashWhip+1"],"picked":"CarveReality+1","floor":28.0},{"not_picked":["Ragnarok+1","Devotion"],"picked":"Scrawl","floor":33.0},{"not_picked":["JustLucky+1","Perseverance+1"],"picked":"TalkToTheHand+1","floor":37.0},{"not_picked":["LessonLearned+1","BowlingBash+1"],"picked":"WaveOfTheHand+1","floor":37.0},{"not_picked":["EmptyFist+1","Prostrate"],"picked":"MentalFortress+1","floor":37.0},{"not_picked":["ClearTheMind+1","TalkToTheHand+1"],"picked":"Fasting2+1","floor":41},{"not_picked":["JustLucky+1","ThirdEye"],"picked":"FollowUp+1","floor":44}],"player_experience":1069941,"relics_obtained":[{"floor":1.0,"key":"Oddly Smooth Stone"},{"floor":2.0,"key":"Molten Egg 2"},{"floor":5.0,"key":"Bag of Preparation"},{"floor":6.0,"key":"Nunchaku"},{"floor":8.0,"key":"Incense Burner"},{"floor":9.0,"key":"Du-Vu Doll"},{"floor":11.0,"key":"Blood Vial"},{"floor":12.0,"key":"Ornamental Fan"},{"floor":13.0,"key":"Mercury Hourglass"},{"floor":18.0,"key":"Kunai"},{"floor":19.0,"key":"Red Mask"},{"floor":20.0,"key":"Boot"},{"floor":22.0,"key":"CeramicFish"},{"floor":23.0,"key":"Juzu Bracelet"},{"floor":24.0,"key":"Akabeko"},{"floor":25.0,"key":"Necronomicon"},{"floor":26.0,"key":"Pear"},{"floor":27.0,"key":"Letter Opener"},{"floor":28.0,"key":"Bronze Scales"},{"floor":30.0,"key":"White Beast Statue"},{"floor":31.0,"key":"Anchor"},{"floor":35.0,"key":"Omamori"},{"floor":36.0,"key":"Whetstone"},{"floor":38.0,"key":"Mummified Hand"},{"floor":41,"key":"Centennial Puzzle"},{"floor":43,"key":"War Paint"},{"floor":44,"key":"Shuriken"},{"floor":46,"key":"Toxic Egg 2"},{"floor":47,"key":"Strawberry"},{"floor":48,"key":"MawBank"}],"event_choices":[{"damage_healed":0.0,"max_hp_gain":0.0,"max_hp_loss":5.0,"gold_gain":0.0,"event_name":"Golden Idol","player_choice":"Lose Max HP","floor":4.0,"gold_loss":0.0,"damage_taken":0.0,"relics_obtained":["Golden Idol"]},{"cards_removed":["Defend_P"],"damage_healed":0.0,"max_hp_gain":0.0,"max_hp_loss":0.0,"gold_gain":0.0,"event_name":"Golden Wing","player_choice":"Card Removal","floor":14.0,"gold_loss":0.0,"damage_taken":7.0},{"damage_healed":0.0,"max_hp_gain":0.0,"max_hp_loss":0.0,"gold_gain":0.0,"event_name":"Masked Bandits","player_choice":"Fought Bandits","floor":19.0,"gold_loss":0.0,"damage_taken":0.0},{"damage_healed":0.0,"max_hp_gain":0.0,"max_hp_loss":0.0,"gold_gain":0.0,"event_name":"Cursed Tome","player_choice":"Obtained Book","floor":25.0,"gold_loss":0.0,"damage_taken":16.0},{"cards_removed":["Defend_P"],"damage_healed":0,"gold_gain":0,"player_choice":"Purged","damage_taken":0,"max_hp_gain":0,"max_hp_loss":0,"event_name":"Purifier","floor":39,"gold_loss":0}],"is_beta":false,"boss_relics":[{"not_picked":["Empty Cage","Astrolabe"],"picked":"Runic Dome"},{"not_picked":["Calling Bell","Snecko Eye"],"picked":"Philosopher\u0027s Stone"}],"items_purged_floors":[3,21,29,37],"is_endless":false,"potions_floor_spawned":[6,8,11,13,16,20,22,23,30,33,35,36,38,41,44,46,47,48],"ascension_level":0}}