{"host":"reugk9pd1uotrglt","time":1607551343,"event":{"gold_per_floor":[144,144,166,22,45,86,86,105,105,137,137,193,218,246,246,329,329,352,392,402,90,138,138,179,191,203,250,262,310,322,352,364,447,459,481,511,339,352,383,418,438,466,514,547,563,406,418,438,438,438,438],"floor_reached":52,"playtime":2649,"items_purged":["Strike_R","Strike_R"],"score":3022,"play_id":"e2af34fa-39b5-4444-a0ea-2206e0f6330d","local_time":"20201209230223","is_ascension_mode":true,"campfire_choices":[{"floor":7.0,"key":"DIG"},{"floor":15.0,"key":"DIG"},{"floor":23.0,"key":"DIG"},{"floor":25.0,"key":"DIG"},{"floor":32.0,"key":"DIG"},{"floor":49.0,"key":"DIG"}],"neow_cost":"","seed_source_timestamp":243996745519900,"circlet_count":0,"master_deck":["AscendersBane","Strike_R","Strike_R+1","Strike_R+1","Defend_R","Defend_R+1","Defend_R","Defend_R","Bash","Thunderclap","Madness","Seeing Red+1","Entrench","Apotheosis+1","Pummel","Madness","HandOfGreed","Feel No Pain","Rampage","Shockwave","Metallicize","Whirlwind","Shrug It Off","Finesse","Madness","Carnage+1","Battle Trance","Flame Barrier","Metallicize","Sword Boomerang+1","Cleave+1","Metallicize","Feed+1","Ghostly Armor","Reaper+1","Carnage+1","Metallicize+1","Pommel Strike+1","Pommel Strike+1","Perfected Strike+1","Juggernaut+1","Impervious","Shockwave","Blood for Blood+1","Demon Form+1","Flame Barrier","Demon Form+1","Dropkick+1","Barricade+1","Body Slam+1","Clothesline+1","Uppercut+1","Shrug It Off","Pommel Strike+1"],"special_seed":0,"relics":["Burning Blood","Art of War","Shovel","Membership Card","MealTicket","Anchor","Whetstone","Sling","Akabeko","Strawberry","Lantern","Pen Nib","Molten Egg 2","Shuriken","Potion Belt","Singing Bowl","Omamori","Oddly Smooth Stone","Mango","Blood Vial","Toy Ornithopter","Snecko Eye","Frozen Egg 2","Tiny Chest","MawBank","Dream Catcher","War Paint","Paper Frog","Blue Candle","Nloth\u0027s Gift","Boot","Calling Bell","Orichalcum","Pantograph","Charon\u0027s Ashes","White Beast Statue","Meat on the Bone","Bag of Preparation","Vajra","Smiling Mask","Centennial Puzzle"],"potions_floor_usage":[51],"damage_taken":[{"damage":0.0,"enemies":"2 Louse","floor":1.0,"turns":2.0},{"damage":0.0,"enemies":"Cultist","floor":3.0,"turns":4.0},{"damage":0.0,"enemies":"Small Slimes","floor":5.0,"turns":1.0},{"damage":4.0,"enemies":"3 Sentries","floor":6.0,"turns":4.0},{"damage":0.0,"enemies":"3 Louse","floor":8.0,"turns":1.0},{"damage":0.0,"enemies":"Gremlin Nob","floor":10.0,"turns":1.0},{"damage":0.0,"enemies":"Lagavulin","floor":12.0,"turns":4.0},{"damage":0.0,"enemies":"Large Slime","floor":13.0,"turns":2.0},{"damage":8.0,"enemies":"Gremlin Nob","floor":14.0,"turns":3.0},{"damage":14.0,"enemies":"Slime Boss","floor":16.0,"turns":7.0},{"damage":3.0,"enemies":"3 Byrds","floor":18.0,"turns":5.0},{"damage":0.0,"enemies":"Spheric Guardian","floor":19.0,"turns":3.0},{"damage":0.0,"enemies":"3 Cultists","floor":20.0,"turns":1.0},{"damage":0.0,"enemies":"Centurion and Healer","floor":22.0,"turns":3.0},{"damage":0.0,"enemies":"Slavers","floor":24.0,"turns":1.0},{"damage":7.0,"enemies":"Book of Stabbing","floor":27.0,"turns":4.0},{"damage":27.0,"enemies":"Gremlin Leader","floor":29.0,"turns":4.0},{"damage":0.0,"enemies":"Snecko","floor":31.0,"turns":2.0},{"damage":27.0,"enemies":"Champ","floor":33.0,"turns":9.0},{"damage":39.0,"enemies":"3 Darklings","floor":35.0,"turns":5.0},{"damage":3.0,"enemies":"Orb Walker","floor":36.0,"turns":3.0},{"damage":0.0,"enemies":"Spire Growth","floor":38.0,"turns":2.0},{"damage":8.0,"enemies":"Jaw Worm Horde","floor":39.0,"turns":2.0},{"damage":27.0,"enemies":"Giant Head","floor":40.0,"turns":7.0},{"damage":23.0,"enemies":"Maw","floor":41.0,"turns":5.0},{"damage":31.0,"enemies":"Reptomancer","floor":42.0,"turns":5.0},{"damage":26.0,"enemies":"Nemesis","floor":44.0,"turns":7.0},{"damage":13.0,"enemies":"Spire Growth","floor":45.0,"turns":3.0},{"damage":0.0,"enemies":"4 Shapes","floor":47.0,"turns":4.0},{"damage":15.0,"enemies":"Maw","floor":48.0,"turns":7.0},{"damage":0.0,"enemies":"Time Eater","floor":50.0,"turns":7.0},{"damage":27,"enemies":"Donu and Deca","floor":51,"turns":7}],"seed_played":"6888848000634718976","potions_obtained":[{"floor":5.0,"key":"Swift Potion"},{"floor":6.0,"key":"AttackPotion"},{"floor":8.0,"key":"Swift Potion"},{"floor":10.0,"key":"FairyPotion"},{"floor":12.0,"key":"LiquidMemories"},{"floor":29.0,"key":"Weak Potion"},{"floor":31.0,"key":"Dexterity Potion"},{"floor":36.0,"key":"ElixirPotion"},{"floor":42.0,"key":"PowerPotion"},{"floor":45.0,"key":"SkillPotion"}],"is_trial":false,"path_per_floor":["M","?","M","$","M","E","R","M","T","E","?","E","M","E","R","B",null,"M","M","M","$","M","R","E","R","T","E","?","E","?","M","R","B",null,"M","M","$","M","M","E","M","E","T","E","M","$","M","M","R","B","B",null],"character_chosen":"IRONCLAD","items_purchased":["Thunderclap","Art of War","Shovel","Membership Card","MealTicket","Madness","Seeing Red","Entrench","Anchor","Apotheosis","Whetstone","Pummel","Sling","Akabeko","CeramicFish","Dark Embrace","Madness","HandOfGreed","Feel No Pain","Rampage","Strawberry","Shockwave","Metallicize","Whirlwind","Shrug It Off","Finesse","Lantern","Pen Nib","Molten Egg 2","Madness","Shuriken","Flame Barrier","Frozen Egg 2","Reaper+1","Carnage+1","Metallicize+1","Blood for Blood+1","White Beast Statue","DuplicationPotion","Uppercut+1","Shrug It Off"],"campfire_rested":0,"item_purchase_floors":[0,0,0,0,0,0,0,0,0,0,0,0,0,0,0,0,0,0,0,0,0,0,0,0,0,0,0,0,0,0,4,4,21,21,21,21,37,37,46,46,46],"current_hp_per_floor":[33,33,39,54,60,62,62,68,68,76,84,100,100,100,100,94,100,106,108,110,110,110,110,110,110,110,113,78,67,67,77,77,58,105,90,104,119,127,125,127,110,87,87,81,90,105,137,137,137,141,120],"gold":438,"neow_bonus":"","is_prod":false,"is_daily":false,"chose_seed":false,"campfire_upgraded":0,"win_rate":0,"timestamp":1607551343,"path_taken":["M","?","M","?","M","E","R","M","T","E","?","E","M","E","R","BOSS","M","M","?","$","M","R","E","R","T","E","?","E","?","M","R","BOSS","M","M","$","M","M","E","M","E","T","E","M","$","?","M","R","BOSS","BOSS"],"build_version":"2020-11-30","purchased_purges":2,"victory":true,"max_hp_per_floor":[82,82,82,82,82,82,82,82,82,84,84,100,100,102,102,102,102,106,108,110,110,110,110,110,110,110,114,119,119,119,121,121,121,121,123,127,127,127,127,127,127,127,127,127,131,131,137,137,137,141,141],"card_choices":[{"not_picked":["Dual Wield","Armaments"],"picked":"Carnage+1","floor":1.0},{"not_picked":["Heavy Blade+1","Cleave+1"],"picked":"Battle Trance","floor":3.0},{"not_picked":["Wild Strike+1","Feel No Pain"],"picked":"Metallicize","floor":5.0},{"not_picked":["Burning Pact","Combust"],"picked":"Sword Boomerang+1","floor":6.0},{"not_picked":["Wild Strike+1","Body Slam+1"],"picked":"Cleave+1","floor":8.0},{"not_picked":["True Grit","Clothesline+1","Headbutt+1"],"picked":"Singing Bowl","floor":10.0},{"not_picked":["Rage","Iron Wave+1","Double Tap"],"picked":"Singing Bowl","floor":12.0},{"not_picked":["Wild Strike+1","Twin Strike+1"],"picked":"Metallicize","floor":13.0},{"not_picked":["Flex","Iron Wave+1","Headbutt+1"],"picked":"Singing Bowl","floor":14.0},{"not_picked":["Fiend Fire+1","Immolate+1"],"picked":"Feed+1","floor":16.0},{"not_picked":["Body Slam+1","Thunderclap+1"],"picked":"Ghostly Armor","floor":18.0},{"not_picked":["Heavy Blade+1","Thunderclap+1","Fire Breathing"],"picked":"Singing Bowl","floor":19.0},{"not_picked":["Headbutt+1","Flame Barrier","Disarm"],"picked":"Singing Bowl","floor":20.0},{"not_picked":["Cleave+1","Sword Boomerang+1"],"picked":"Pommel Strike+1","floor":22.0},{"not_picked":["Warcry","Headbutt+1"],"picked":"Pommel Strike+1","floor":24.0},{"not_picked":["Anger+1","Shrug It Off"],"picked":"Perfected Strike+1","floor":27.0},{"not_picked":["Second Wind","Thunderclap+1"],"picked":"Juggernaut+1","floor":29.0},{"not_picked":["Armaments","Dual Wield+1","Anger+1"],"picked":"Singing Bowl","floor":31.0},{"not_picked":["Feed+1","Brutality+1"],"picked":"Impervious","floor":33.0},{"not_picked":["Cleave+1","Uppercut+1","Headbutt+1"],"picked":"Singing Bowl","floor":35.0},{"not_picked":["Anger+1","Cleave+1"],"picked":"Shockwave","floor":36.0},{"not_picked":["Armaments","Pommel Strike+1"],"picked":"Demon Form+1","floor":38.0},{"not_picked":["Uppercut+1","Shrug It Off+1"],"picked":"Flame Barrier","floor":39.0},{"not_picked":["Offering","Headbutt+1"],"picked":"Demon Form+1","floor":40.0},{"not_picked":["Second Wind+1","Battle Trance+1"],"picked":"Dropkick+1","floor":41.0},{"not_picked":["Disarm","Evolve+1"],"picked":"Barricade+1","floor":42.0},{"not_picked":["Combust+1","True Grit"],"picked":"Body Slam+1","floor":44.0},{"not_picked":["Burning Pact","Reckless Charge+1"],"picked":"Clothesline+1","floor":45.0},{"not_picked":["Iron Wave+1","Intimidate","Headbutt+1"],"picked":"Singing Bowl","floor":47.0},{"not_picked":["Bloodletting","Cleave+1"],"picked":"Pommel Strike+1","floor":48.0}],"player_experience":1475982,"relics_obtained":[{"floor":6.0,"key":"Potion Belt"},{"floor":7.0,"key":"Singing Bowl"},{"floor":9.0,"key":"Omamori"},{"floor":10.0,"key":"Oddly Smooth Stone"},{"floor":12.0,"key":"Mango"},{"floor":14.0,"key":"Blood Vial"},{"floor":15.0,"key":"Toy Ornithopter"},{"floor":23.0,"key":"Tiny Chest"},{"floor":24.0,"key":"MawBank"},{"floor":25.0,"key":"Dream Catcher"},{"floor":26.0,"key":"War Paint"},{"floor":27.0,"key":"Paper Frog"},{"floor":29.0,"key":"Blue Candle"},{"floor":32.0,"key":"Boot"},{"floor":34.0,"key":"Orichalcum"},{"floor":34.0,"key":"Pantograph"},{"floor":34.0,"key":"Charon\u0027s Ashes"},{"floor":40.0,"key":"Meat on the Bone"},{"floor":42.0,"key":"Bag of Preparation"},{"floor":43.0,"key":"Vajra"},{"floor":44.0,"key":"Smiling Mask"},{"floor":49.0,"key":"Centennial Puzzle"}],"event_choices":[{"damage_healed":0.0,"max_hp_gain":0.0,"max_hp_loss":0.0,"gold_gain":0.0,"event_name":"Upgrade Shrine","player_choice":"Upgraded","floor":2.0,"gold_loss":0.0,"damage_taken":0.0,"cards_upgraded":["Apotheosis"]},{"cards_removed":["Dark Embrace"],"damage_healed":8.0,"max_hp_gain":0.0,"max_hp_loss":0.0,"gold_gain":0.0,"event_name":"Bonfire Elementals","player_choice":"Offered Uncommon","floor":11.0,"gold_loss":0.0,"damage_taken":0.0},{"damage_healed":0.0,"max_hp_gain":5.0,"max_hp_loss":0.0,"gold_gain":0.0,"event_name":"Forgotten Altar","player_choice":"Shed Blood","floor":28.0,"gold_loss":0.0,"damage_taken":40.0},{"damage_healed":0.0,"max_hp_gain":0.0,"max_hp_loss":0.0,"gold_gain":0.0,"event_name":"N\u0027loth","player_choice":"Traded Relic","floor":30.0,"relics_lost":["CeramicFish"],"gold_loss":0.0,"damage_taken":0.0,"relics_obtained":["Nloth\u0027s Gift"]}],"is_beta":false,"boss_relics":[{"not_picked":["Empty Cage","Pandora\u0027s Box"],"picked":"Snecko Eye"},{"not_picked":["Runic Dome","Coffee Dripper"],"picked":"Calling Bell"}],"items_purged_floors":[21,46],"is_endless":false,"potions_floor_spawned":[5,6,8,10,12,29,31,36,38,39,40,41,42,44,45,47,48],"ascension_level":20}}