{"host":"djrarsjwv6revew5","time":1607532847,"event":{"gold_per_floor":[117,128,128,16,29,29,48,3,72,72,88,88,106,118,118,213,213,230,0,0,11,23,23,39,39,39,51,51,150,161,161,161,265,265,275,275,293,1292,1292,1292,1292,1292],"floor_reached":41,"playtime":1917,"items_purged":[],"score":560,"play_id":"97d38e63-acee-4075-a880-3109c3eae501","local_time":"20201209175407","is_ascension_mode":false,"campfire_choices":[{"floor":6.0,"key":"REST"},{"data":"Seeing Red","floor":12.0,"key":"SMITH"},{"data":"Cleave","floor":15.0,"key":"SMITH"},{"floor":23.0,"key":"REST"},{"floor":25.0,"key":"REST"},{"floor":28.0,"key":"REST"},{"floor":32.0,"key":"REST"},{"floor":40,"key":"REST"}],"neow_cost":"NONE","seed_source_timestamp":0,"circlet_count":0,"master_deck":["Strike_R+1","Strike_R+1","Strike_R+1","Strike_R+1","Strike_R+1","Defend_R+1","Defend_R+1","Defend_R+1","Defend_R+1","Bash","Cleave","Cleave+1","Iron Wave","Seeing Red+1","True Grit+1","Heavy Blade","Twin Strike","Iron Wave","Anger","Sword Boomerang","Reaper","Cleave+1","Shrug It Off","Iron Wave","Pommel Strike","Anger","Disarm+1","Limit Break","Shrug It Off+1","Twin Strike","Normality","Normality"],"special_seed":0,"relics":["Burning Blood","Strawberry","Shuriken","Runic Cube","Gremlin Horn","SlaversCollar"],"potions_floor_usage":[41],"damage_taken":[{"damage":4.0,"enemies":"Cultist","floor":1.0,"turns":4.0},{"damage":11.0,"enemies":"Small Slimes","floor":2.0,"turns":3.0},{"damage":0.0,"enemies":"Jaw Worm","floor":5.0,"turns":4.0},{"damage":6.0,"enemies":"Gremlin Gang","floor":7.0,"turns":4.0},{"damage":6.0,"enemies":"Blue Slaver","floor":11.0,"turns":5.0},{"damage":1.0,"enemies":"3 Louse","floor":13.0,"turns":4.0},{"damage":4.0,"enemies":"Red Slaver","floor":14.0,"turns":4.0},{"damage":37.0,"enemies":"Slime Boss","floor":16.0,"turns":10.0},{"damage":32.0,"enemies":"Shell Parasite","floor":18.0,"turns":7.0},{"damage":18.0,"enemies":"Spheric Guardian","floor":21.0,"turns":5.0},{"damage":47.0,"enemies":"Cultist and Chosen","floor":22.0,"turns":5.0},{"damage":28.0,"enemies":"3 Cultists","floor":24.0,"turns":5.0},{"damage":8.0,"enemies":"Snecko","floor":27.0,"turns":4.0},{"damage":26.0,"enemies":"Sentry and Sphere","floor":30.0,"turns":6.0},{"damage":74.0,"enemies":"Automaton","floor":33.0,"turns":10.0},{"damage":50,"enemies":"3 Darklings","floor":35,"turns":5},{"damage":13,"enemies":"Orb Walker","floor":37,"turns":4},{"damage":83,"enemies":"Writhing Mass","floor":41,"turns":12}],"seed_played":"-6951448544013051733","potions_obtained":[{"floor":1.0,"key":"PowerPotion"},{"floor":11.0,"key":"Dexterity Potion"},{"floor":13.0,"key":"BlessingOfTheForge"},{"floor":16.0,"key":"Swift Potion"},{"floor":22.0,"key":"LiquidBronze"},{"floor":33.0,"key":"Block Potion"}],"is_trial":false,"path_per_floor":["M","M","?","$","M","R","M","$","T","$","M","R","M","M","R","B",null,"M","?","?","M","M","R","M","R","T","M","R","?","M","?","R","B",null,"M","?","M","?","?","R","M"],"character_chosen":"IRONCLAD","items_purchased":["Iron Wave","Seeing Red","Twin Strike"],"campfire_rested":6,"item_purchase_floors":[4,4,8],"current_hp_per_floor":[80,75,57,57,63,87,87,87,87,87,87,87,87,87,87,56,87,61,61,61,49,8,34,24,50,50,48,74,74,54,54,80,19,87,43,43,41,41,41,67,0,0],"gold":1292,"neow_bonus":"UPGRADE_CARD","is_prod":false,"is_daily":false,"chose_seed":false,"campfire_upgraded":2,"win_rate":0.0,"timestamp":1607532847,"path_taken":["M","?","?","?","?","R","M","$","T","$","M","R","M","M","R","BOSS","M","?","?","M","M","R","?","R","T","?","R","?","M","?","R","BOSS","M","?","M","?","?","R","?"],"build_version":"2020-11-30","purchased_purges":0,"victory":false,"max_hp_per_floor":[80,80,87,87,87,87,87,87,87,87,87,87,87,87,87,87,87,87,87,87,87,87,87,87,87,87,87,87,87,87,87,87,87,87,87,87,87,87,87,87,87,87],"relic_stats":{"Gremlin Horn":[4,4],"counters":[18,101],"Shuriken":[38],"obtain_stats":[{"SlaversCollar":34,"Gremlin Horn":26,"Shuriken":9,"Strawberry":3,"Burning Blood":0,"Runic Cube":17},{"SlaversCollar":15,"Gremlin Horn":12,"Shuriken":4,"Strawberry":2,"Burning Blood":0,"Runic Cube":8},{"SlaversCollar":80,"Gremlin Horn":60,"Shuriken":15,"Strawberry":7,"Burning Blood":0,"Runic Cube":38}],"Burning Blood":93,"Runic Cube":[45]},"card_choices":[{"not_picked":["Pummel","True Grit"],"picked":"Cleave","floor":1.0},{"not_picked":["Entrench","Inflame"],"picked":"Cleave","floor":2.0},{"not_picked":["Hemokinesis","Armaments"],"picked":"True Grit","floor":5.0},{"not_picked":["True Grit","Carnage"],"picked":"Heavy Blade","floor":7.0},{"not_picked":["Body Slam","Sever Soul"],"picked":"Iron Wave","floor":11.0},{"not_picked":["Uppercut","Flex"],"picked":"Anger","floor":13.0},{"not_picked":["Entrench","Warcry"],"picked":"Sword Boomerang","floor":14.0},{"not_picked":["Demon Form","Immolate"],"picked":"Reaper","floor":16.0},{"not_picked":["Body Slam","Warcry+1"],"picked":"Cleave+1","floor":18.0},{"not_picked":["Clothesline","Warcry"],"picked":"Shrug It Off","floor":21.0},{"not_picked":["Warcry","Seeing Red"],"picked":"Iron Wave","floor":22.0},{"not_picked":["Rampage+1","Reckless Charge"],"picked":"Pommel Strike","floor":24.0},{"not_picked":["Brutality","Rampage"],"picked":"Anger","floor":27.0},{"not_picked":["Pommel Strike","Sword Boomerang"],"picked":"Disarm+1","floor":30.0},{"not_picked":["Immolate","Juggernaut"],"picked":"Limit Break","floor":33.0},{"not_picked":["Thunderclap+1","Reckless Charge"],"picked":"Shrug It Off+1","floor":35},{"not_picked":["Body Slam+1","Warcry+1"],"picked":"Twin Strike","floor":37}],"player_experience":77690,"relics_obtained":[{"floor":9.0,"key":"Shuriken"},{"floor":26.0,"key":"Gremlin Horn"}],"event_choices":[{"damage_healed":0.0,"max_hp_gain":0.0,"max_hp_loss":0.0,"gold_gain":0.0,"event_name":"Scrap Ooze","player_choice":"Success","floor":3.0,"gold_loss":0.0,"damage_taken":25.0,"relics_obtained":["Strawberry"]},{"damage_healed":0.0,"max_hp_gain":0.0,"max_hp_loss":0.0,"gold_gain":0.0,"event_name":"Masked Bandits","player_choice":"Paid Fearfully","floor":19.0,"gold_loss":230.0,"damage_taken":0.0},{"damage_healed":0.0,"max_hp_gain":0.0,"max_hp_loss":0.0,"gold_gain":0.0,"event_name":"Accursed Blacksmith","player_choice":"Forge","floor":20.0,"gold_loss":0.0,"damage_taken":0.0,"cards_upgraded":["True Grit"]},{"damage_healed":0.0,"max_hp_gain":0.0,"max_hp_loss":0.0,"gold_gain":99.0,"event_name":"Nest","player_choice":"Stole From Cult","floor":29.0,"gold_loss":0.0,"damage_taken":0.0},{"damage_healed":0.0,"max_hp_gain":0.0,"max_hp_loss":0.0,"gold_gain":0.0,"event_name":"Back to Basics","player_choice":"Simplicity","floor":31.0,"gold_loss":0.0,"damage_taken":0.0,"cards_upgraded":["Strike_R","Strike_R","Strike_R","Strike_R","Strike_R","Defend_R","Defend_R","Defend_R"]},{"damage_healed":0,"gold_gain":0,"player_choice":"Ignored","damage_taken":0,"max_hp_gain":0,"max_hp_loss":0,"event_name":"Mysterious Sphere","floor":36,"gold_loss":0},{"damage_healed":0,"gold_gain":999,"player_choice":"Gold","damage_taken":0,"max_hp_gain":0,"max_hp_loss":0,"event_name":"MindBloom","floor":38,"gold_loss":0,"cards_obtained":["Normality","Normality"]},{"damage_healed":0,"gold_gain":0,"player_choice":"Ignored","damage_taken":0,"max_hp_gain":0,"max_hp_loss":0,"event_name":"Tomb of Lord Red Mask","floor":39,"gold_loss":0}],"is_beta":false,"boss_relics":[{"not_picked":["Snecko Eye","Astrolabe"],"picked":"Runic Cube"},{"not_picked":["Busted Crown","Fusion Hammer"],"picked":"SlaversCollar"}],"items_purged_floors":[],"is_endless":false,"potions_floor_spawned":[1,11,13,16,22,24,33],"killed_by":"Writhing Mass","ascension_level":0}}