{"host":"cmxkjr0hek4mqvmn","time":1607473869,"event":{"gold_per_floor":[109,121,134,144,163,193,193,210,258,268,248,258,258,272,272,376,376,393,393,159,178,178,178,221,221,269,292,292,292,335,363,363,363,363],"floor_reached":33,"playtime":5143,"items_purged":[],"score":296,"play_id":"cd980511-b424-48f4-b4a8-6103261ade0b","local_time":"20201208193109","is_ascension_mode":false,"campfire_choices":[{"data":"Searing Blow","floor":7.0,"key":"SMITH"},{"data":"Spot Weakness","floor":13.0,"key":"SMITH"},{"data":"Thunderclap","floor":15.0,"key":"SMITH"},{"floor":23.0,"key":"REST"},{"data":"Exhume","floor":25,"key":"SMITH"},{"data":"Searing Blow+1","floor":28,"key":"SMITH"},{"floor":32,"key":"REST"}],"neow_cost":"NONE","seed_source_timestamp":139242479981999,"circlet_count":0,"master_deck":["Strike_R+1","Strike_R+1","Strike_R+1","Strike_R+1","Strike_R+1","Defend_R+1","Defend_R+1","Defend_R+1","Defend_R+1","Bash","Flex","Carnage","Flex","Thunderclap+1","Double Tap","Searing Blow+2","Shrug It Off","Spot Weakness+1","Intimidate","Cleave","Feed","Perfected Strike","Flex","hubris:CleavingFinish","Armaments","Exhume+1","Anger+1","Heavy Blade+1","Metallicize+1","Anger"],"special_seed":0,"relics":["Burning Blood","StrikeDummy","hubris:TenFootPole","hubris:Backtick","theDuelist:MillenniumArmor","Tiny Chest","CeramicFish","Letter Opener"],"potions_floor_usage":[31,33],"damage_taken":[{"damage":8.0,"enemies":"Cultist","floor":1.0,"turns":5.0},{"damage":1.0,"enemies":"Jaw Worm","floor":2.0,"turns":4.0},{"damage":0.0,"enemies":"Small Slimes","floor":3.0,"turns":2.0},{"damage":9.0,"enemies":"Blue Slaver","floor":4.0,"turns":2.0},{"damage":18.0,"enemies":"Red Slaver","floor":5.0,"turns":4.0},{"damage":40.0,"enemies":"3 Sentries","floor":6.0,"turns":7.0},{"damage":1.0,"enemies":"3 Louse","floor":8.0,"turns":3.0},{"damage":0.0,"enemies":"Large Slime","floor":10.0,"turns":4.0},{"damage":1.0,"enemies":"Exordium Wildlife","floor":12.0,"turns":3.0},{"damage":0.0,"enemies":"2 Fungi Beasts","floor":14.0,"turns":2.0},{"damage":47.0,"enemies":"The Guardian","floor":16.0,"turns":11.0},{"damage":44.0,"enemies":"3 Byrds","floor":18.0,"turns":7.0},{"damage":2.0,"enemies":"Chosen","floor":21.0,"turns":3.0},{"damage":23,"enemies":"theDuelist:KaibaA2","floor":24,"turns":6},{"damage":6,"enemies":"Centurion and Healer","floor":26,"turns":6},{"damage":23,"enemies":"Centurion and Healer","floor":27,"turns":6},{"damage":4,"enemies":"Cultist and Chosen","floor":30,"turns":4},{"damage":8,"enemies":"Cultist and Chosen","floor":31,"turns":5},{"damage":61,"enemies":"Automaton","floor":33,"turns":10}],"seed_played":"-611248464929060303","potions_obtained":[{"floor":1.0,"key":"blueLaboratory:SavagePotion"},{"floor":3.0,"key":"blueLaboratory:Moonshine"},{"floor":10.0,"key":"blueLaboratory:IronCompound"},{"floor":12.0,"key":"blueLaboratory:HorrorPotion"},{"floor":27,"key":"blueLaboratory:BubblePotion"},{"floor":31,"key":"Fire Potion"}],"is_trial":false,"path_per_floor":["M","M","M","M","M","E","R","M","T","M","?","M","R","M","R","B",null,"M","?","$","M","?","R","E","R","MIM","M","R","?","MIM","M","R","B"],"character_chosen":"IRONCLAD","items_purchased":["Tiny Chest","Flex","hubris:CleavingFinish"],"campfire_rested":2,"item_purchase_floors":[20,20,20],"current_hp_per_floor":[86,88,88,85,73,39,39,44,44,50,50,55,55,61,61,20,88,53,53,53,57,57,84,70,70,70,56,56,56,58,56,85,24,24],"gold":363,"neow_bonus":"TEN_PERCENT_HP_BONUS","is_prod":false,"is_daily":false,"chose_seed":false,"campfire_upgraded":5,"win_rate":0,"timestamp":1607473869,"path_taken":["M","M","M","M","M","E","R","M","T","M","?","M","R","?","R","BOSS","M","?","$","M","?","R","E","R","MIM","?","R","?","?","M","R","BOSS"],"build_version":"2020-11-30","purchased_purges":0,"victory":false,"max_hp_per_floor":[88,88,88,88,88,88,88,88,88,88,88,88,88,88,88,88,88,91,91,91,91,91,91,94,94,94,97,97,97,97,97,97,97,97],"card_choices":[{"not_picked":["Fire Breathing","Sword Boomerang"],"picked":"Flex","floor":1.0},{"not_picked":["Dual Wield","Heavy Blade"],"picked":"Carnage","floor":2.0},{"not_picked":["Heavy Blade","Iron Wave"],"picked":"Flex","floor":3.0},{"not_picked":["Havoc","Combust"],"picked":"Thunderclap","floor":4.0},{"not_picked":["Burning Pact","Warcry"],"picked":"Double Tap","floor":5.0},{"not_picked":["Headbutt","True Grit"],"picked":"Searing Blow","floor":6.0},{"not_picked":["Warcry","Bloodletting"],"picked":"Shrug It Off","floor":8.0},{"not_picked":["Headbutt","Iron Wave"],"picked":"Spot Weakness","floor":10.0},{"not_picked":["Combust","hubris:StunningStrike"],"picked":"Intimidate","floor":12.0},{"not_picked":["Power Through","Wild Strike"],"picked":"Cleave","floor":14.0},{"not_picked":["Bludgeon","Fiend Fire"],"picked":"Feed","floor":16.0},{"not_picked":["Body Slam","Flex"],"picked":"Perfected Strike","floor":18.0},{"not_picked":["hubris:ReadiedAction","Shrug It Off"],"picked":"Armaments","floor":21.0},{"not_picked":["Iron Wave","Twin Strike"],"picked":"Exhume","floor":24},{"not_picked":["Thunderclap","Sword Boomerang"],"picked":"Anger+1","floor":26},{"not_picked":["hubris:CleavingFinish","Havoc+1"],"picked":"Heavy Blade+1","floor":27},{"not_picked":["Rampage","Second Wind"],"picked":"Metallicize+1","floor":30},{"not_picked":["Havoc","Combust"],"picked":"Anger","floor":31}],"player_experience":482590,"relics_obtained":[{"floor":6.0,"key":"StrikeDummy"},{"floor":9.0,"key":"hubris:TenFootPole"},{"floor":24,"key":"CeramicFish"},{"floor":30,"key":"Letter Opener"}],"event_choices":[{"damage_healed":0.0,"max_hp_gain":0.0,"max_hp_loss":0.0,"gold_gain":0.0,"event_name":"The Woman in Blue","player_choice":"Bought 1 Potion","floor":11.0,"gold_loss":0.0,"damage_taken":0.0},{"damage_healed":0.0,"max_hp_gain":0.0,"max_hp_loss":9.0,"gold_gain":0.0,"event_name":"betterThird:BetterWriting","player_choice":"Simplicity","floor":19.0,"gold_loss":0.0,"damage_taken":0.0},{"damage_healed":0.0,"max_hp_gain":0.0,"max_hp_loss":0.0,"gold_gain":0.0,"event_name":"Beggar","player_choice":"Ignored","floor":22.0,"gold_loss":0.0,"damage_taken":0.0},{"damage_healed":0,"gold_gain":0,"player_choice":"Ignored","damage_taken":0,"max_hp_gain":0,"max_hp_loss":0,"event_name":"Purifier","floor":29,"gold_loss":0}],"is_beta":false,"boss_relics":[{"not_picked":["Sozu","SlaversCollar"],"picked":"hubris:Backtick"}],"items_purged_floors":[],"is_endless":false,"potions_floor_spawned":[1,2,3,10,12,16,27,31],"killed_by":"Automaton","ascension_level":0}}