{"host":"dekhxjxhillho72f","time":1607538848,"event":{"gold_per_floor":[117,129,149,162,93,93,113,113,166,178,211,57,68,97,97,202,252,270,303,303,316,329,329,339,375,375,375,375],"floor_reached":27,"playtime":1692,"items_purged":[],"score":252,"play_id":"7cd72638-6af1-4e33-bf6b-f7afd3a61ab2","local_time":"20201209193408","is_ascension_mode":false,"campfire_choices":[{"data":"hermit:Maintenance","floor":6,"key":"SMITH"},{"data":"hermit:Maintenance","floor":15,"key":"SMITH"},{"data":"hermit:Glare","floor":23,"key":"SMITH"}],"neow_cost":"NONE","seed_source_timestamp":14231404676851,"circlet_count":0,"master_deck":["hermit:Strike_Hermit","hermit:Strike_Hermit","hermit:Strike_Hermit","hermit:Strike_Hermit","hermit:Defend_Hermit","hermit:Defend_Hermit","hermit:Defend_Hermit","hermit:Defend_Hermit+1","hermit:Snapshot","hermit:Covet","hermit:Headshot+1","hermit:Maintenance+1","hermit:EyeOfTheStorm","hermit:Gambit","hermit:FlashPowder","hermit:Maintenance+1","hermit:FlashPowder","hermit:BigShot","hermit:HighNoon","hermit:Glare+1","hermit:Virtue","hermit:FullyLoaded"],"relics":["Sozu","Mummified Hand","ReplayTheSpireMod:Lightbulb","Replay:Mystery Machine","Blood Vial","Snack Pack","Tiny House","Nloth\u0027s Gift","Nunchaku","Replay:Bottled Snecko"],"potions_floor_usage":[],"damage_taken":[{"damage":5,"enemies":"Small Slimes","floor":1,"turns":3},{"damage":0,"enemies":"Cultist","floor":2,"turns":3},{"damage":0,"enemies":"2 Louse","floor":3,"turns":2},{"damage":7,"enemies":"Blue Slaver","floor":4,"turns":3},{"damage":2,"enemies":"Lots of Slimes","floor":7,"turns":3},{"damage":4,"enemies":"Gremlin Gang","floor":10,"turns":2},{"damage":10,"enemies":"3 Sentries","floor":11,"turns":5},{"damage":8,"enemies":"3 Louse","floor":13,"turns":3},{"damage":0,"enemies":"Lagavulin","floor":14,"turns":7},{"damage":29,"enemies":"Fading Forest","floor":16,"turns":11},{"damage":1,"enemies":"Shell Parasite","floor":18,"turns":4},{"damage":9,"enemies":"Masked Bandits","floor":19,"turns":4},{"damage":6,"enemies":"Spheric Guardian","floor":21,"turns":4},{"damage":10,"enemies":"3 Cultists","floor":22,"turns":5},{"damage":24,"enemies":"Chosen and Byrds","floor":24,"turns":6},{"damage":32,"enemies":"Book of Stabbing","floor":27,"turns":6}],"seed_played":"1956962013871000084","potions_obtained":[],"is_trial":false,"path_per_floor":["M","M","M","M","?","R","M","?","T","M","E","$","M","E","R","B",null,"M","?","?","M","M","R","M","?","T","E"],"character_chosen":"HERMIT","items_purchased":["Blood Vial"],"campfire_rested":0,"item_purchase_floors":[12],"current_hp_per_floor":[70,70,70,63,63,63,61,61,61,57,47,47,41,43,43,30,80,80,75,75,73,71,71,49,29,29,0,0],"gold":375,"neow_bonus":"BOSS_RELIC","is_prod":false,"is_daily":false,"chose_seed":false,"campfire_upgraded":3,"win_rate":0.0,"timestamp":1607538848,"path_taken":["M","M","M","M","?","R","?","?","T","M","E","$","M","E","R","BOSS","M","?","?","M","?","R","?","?","T","E"],"build_version":"2020-11-30","purchased_purges":0,"victory":false,"max_hp_per_floor":[75,75,75,75,75,75,75,75,75,75,75,75,75,75,75,75,80,80,80,80,80,80,80,80,80,80,80,80],"relic_stats":{"Sozu":10,"Blood Vial":14,"Nunchaku":[0],"counters":[16,71],"Mummified Hand":[13],"Nloth\u0027s Gift":0,"obtain_stats":[{"Sozu":0,"Blood Vial":12,"Nunchaku":25,"Tiny House":17,"Mummified Hand":5,"Snack Pack":14,"Red Mask":19,"Nloth\u0027s Gift":20,"Replay:Bottled Snecko":26,"Replay:Mystery Machine":11,"ReplayTheSpireMod:Lightbulb":9,"hermit:Momento":0},{"Sozu":0,"Blood Vial":7,"Nunchaku":15,"Tiny House":10,"Mummified Hand":4,"Snack Pack":9,"Red Mask":12,"Nloth\u0027s Gift":12,"Replay:Bottled Snecko":15,"Replay:Mystery Machine":7,"ReplayTheSpireMod:Lightbulb":5,"hermit:Momento":0},{"Sozu":0,"Blood Vial":21,"Nunchaku":65,"Tiny House":42,"Mummified Hand":11,"Snack Pack":31,"Red Mask":50,"Nloth\u0027s Gift":50,"Replay:Bottled Snecko":65,"Replay:Mystery Machine":21,"ReplayTheSpireMod:Lightbulb":14,"hermit:Momento":0}]},"card_choices":[{"not_picked":["hermit:Vantage","hermit:Snipe"],"picked":"hermit:Headshot","floor":1},{"not_picked":["hermit:LowProfile","hermit:Midnight"],"picked":"hermit:Maintenance","floor":2},{"not_picked":["hermit:ItchyTrigger","hermit:LuckOfTheDraw","hermit:HoleUp"],"picked":"SKIP","floor":3},{"not_picked":["hermit:HighCaliber","hermit:Grudge"],"picked":"hermit:EyeOfTheStorm","floor":4},{"not_picked":["hermit:Determination","hermit:Headshot"],"picked":"hermit:Gambit","floor":7},{"not_picked":["hermit:Headshot","hermit:EyeOfTheStorm"],"picked":"hermit:FlashPowder","floor":10},{"not_picked":["hermit:PistolWhip","hermit:LoneWolf"],"picked":"hermit:Maintenance","floor":11},{"not_picked":["hermit:WideOpen","hermit:Snipe"],"picked":"hermit:FlashPowder","floor":13},{"not_picked":["hermit:LuckOfTheDraw","hermit:Dive"],"picked":"hermit:BigShot","floor":14},{"not_picked":["hermit:Magnum","hermit:RoundhouseKick"],"picked":"hermit:HighNoon","floor":16},{"not_picked":["hermit:HoleUp","hermit:CursedWeapon"],"picked":"hermit:Glare","floor":17},{"not_picked":["hermit:Coalescence","hermit:Malice+1"],"picked":"hermit:Virtue","floor":18},{"not_picked":["hermit:Midnight","hermit:Ricochet"],"picked":"hermit:FullyLoaded","floor":21},{"not_picked":["hermit:LuckOfTheDraw","hermit:NoHoldsBarred+1","hermit:TakeAim"],"picked":"SKIP","floor":22},{"not_picked":["hermit:PistolWhip","hermit:Feint","hermit:Dive"],"picked":"SKIP","floor":24}],"player_experience":243101,"relics_obtained":[{"floor":9,"key":"ReplayTheSpireMod:Lightbulb"},{"floor":11,"key":"Replay:Mystery Machine"},{"floor":14,"key":"Snack Pack"},{"floor":19,"key":"Red Mask"},{"floor":25,"key":"Nunchaku"},{"floor":26,"key":"Replay:Bottled Snecko"}],"event_choices":[{"damage_healed":0,"gold_gain":0,"player_choice":"Paid Gold","damage_taken":0,"relics_obtained":["Mummified Hand"],"max_hp_gain":0,"max_hp_loss":0,"event_name":"WeMeetAgain","floor":5,"gold_loss":69},{"damage_healed":0,"gold_gain":0,"player_choice":"Grow","damage_taken":0,"max_hp_gain":0,"max_hp_loss":0,"event_name":"Living Wall","floor":8,"gold_loss":0,"cards_upgraded":["hermit:Headshot"]},{"damage_healed":0,"gold_gain":0,"player_choice":"Fought Bandits","damage_taken":0,"max_hp_gain":0,"max_hp_loss":0,"event_name":"Masked Bandits","floor":19,"gold_loss":0},{"damage_healed":0,"gold_gain":0,"player_choice":"Traded Relic","damage_taken":0,"relics_obtained":["Nloth\u0027s Gift"],"max_hp_gain":0,"max_hp_loss":0,"event_name":"N\u0027loth","floor":20,"relics_lost":["Red Mask"],"gold_loss":0}],"is_beta":false,"boss_relics":[{"not_picked":["Abe\u0027s Treasure","ChewingGum"],"picked":"Tiny House"}],"items_purged_floors":[],"is_endless":false,"potions_floor_spawned":[3,4,11,13,14,19,21,22],"killed_by":"Book of Stabbing","ascension_level":0}}