{"host":"7gewg82ormp6yt4e","time":1607517980,"event":{"gold_per_floor":[114,114,127,144,164,164,176,176,176,206,206,2,22,22,22,22,22],"floor_reached":16,"playtime":590,"items_purged":["Strike_G"],"score":208,"play_id":"eb8f9f12-62a0-448e-bcf3-818cd8f1e9c7","local_time":"20201209214620","is_ascension_mode":true,"campfire_choices":[{"data":"Riddle With Holes","floor":6,"key":"SMITH"},{"floor":8,"key":"REST"},{"data":"Calculated Gamble","floor":15,"key":"SMITH"}],"neow_cost":"NONE","seed_source_timestamp":943821359072400,"circlet_count":0,"master_deck":["AscendersBane","Strike_G","Strike_G","Strike_G","Defend_G","Defend_G","Defend_G","Defend_G","Defend_G","Survivor","Neutralize","Riddle With Holes+1","Dagger Throw","Reflex","Poisoned Stab","Acrobatics","Calculated Gamble+1","Calculated Gamble","Blade Dance","Dash"],"relics":["Ring of the Snake","Toy Ornithopter","Turnip","Kunai"],"potions_floor_usage":[10,14,16],"damage_taken":[{"damage":2,"enemies":"Jaw Worm","floor":1,"turns":8},{"damage":0,"enemies":"Cultist","floor":3,"turns":3},{"damage":1,"enemies":"Small Slimes","floor":4,"turns":3},{"damage":15,"enemies":"Looter","floor":5,"turns":5},{"damage":19,"enemies":"Exordium Wildlife","floor":7,"turns":4},{"damage":30,"enemies":"Gremlin Nob","floor":10,"turns":4},{"damage":0,"enemies":"3 Louse","floor":13,"turns":4},{"damage":0,"enemies":"Lots of Slimes","floor":14,"turns":1},{"damage":52,"enemies":"Hexaghost","floor":16,"turns":11}],"seed_played":"3170168023584666036","potions_obtained":[{"floor":4,"key":"Poison Potion"},{"floor":7,"key":"SmokeBomb"},{"floor":10,"key":"Block Potion"}],"is_trial":false,"path_per_floor":["M","?","M","M","M","R","M","R","T","E","?","$","M","M","R","B"],"character_chosen":"THE_SILENT","items_purchased":["Calculated Gamble","Blade Dance"],"campfire_rested":1,"item_purchase_floors":[12,12],"current_hp_per_floor":[57,57,57,56,41,41,22,41,41,16,38,38,38,43,43,0,0],"gold":22,"neow_bonus":"RANDOM_COMMON_RELIC","is_prod":false,"is_daily":false,"chose_seed":false,"campfire_upgraded":2,"win_rate":0,"timestamp":1607517980,"path_taken":["M","?","M","?","?","R","M","R","T","E","?","$","M","M","R","BOSS"],"build_version":"2020-11-30","purchased_purges":1,"victory":false,"max_hp_per_floor":[66,66,66,66,66,66,66,66,66,66,66,66,66,66,66,66,66],"relic_stats":{"counters":[9,43],"Turnip":[0],"Kunai":[6],"obtain_stats":[{"Turnip":9,"Kunai":10,"Toy Ornithopter":0,"Ring of the Snake":0},{"Turnip":5,"Kunai":6,"Toy Ornithopter":0,"Ring of the Snake":0},{"Turnip":23,"Kunai":27,"Toy Ornithopter":0,"Ring of the Snake":0}],"Toy Ornithopter":15,"Ring of the Snake":[18]},"card_choices":[{"not_picked":["Underhanded Strike","Dagger Throw"],"picked":"Riddle With Holes","floor":1},{"not_picked":["Expertise","Backstab"],"picked":"Dagger Throw","floor":3},{"not_picked":["Endless Agony","Dagger Throw"],"picked":"Reflex","floor":4},{"not_picked":["Flying Knee","Skewer"],"picked":"Poisoned Stab","floor":5},{"not_picked":["Caltrops","Flying Knee"],"picked":"Acrobatics","floor":7},{"not_picked":["Escape Plan","Catalyst"],"picked":"Calculated Gamble","floor":10},{"not_picked":["Sucker Punch","Crippling Poison"],"picked":"Dash","floor":13}],"player_experience":2291818,"relics_obtained":[{"floor":9,"key":"Turnip"},{"floor":10,"key":"Kunai"}],"event_choices":[{"cards_removed":["Strike_G"],"damage_healed":0,"gold_gain":0,"player_choice":"Offered Basic","damage_taken":0,"max_hp_gain":0,"max_hp_loss":0,"event_name":"Bonfire Elementals","floor":2,"gold_loss":0},{"damage_healed":22,"gold_gain":0,"player_choice":"Banana","damage_taken":0,"max_hp_gain":0,"max_hp_loss":0,"event_name":"Big Fish","floor":11,"gold_loss":0}],"is_beta":false,"boss_relics":[],"items_purged_floors":[12],"is_endless":false,"potions_floor_spawned":[4,7,10,14],"killed_by":"Hexaghost","ascension_level":20}}