{"host":"f0gpob8hq9vgebej","time":1607496826,"event":{"gold_per_floor":[109,109,127,52,65,65,91,91,117,117,132,146,146,162,162,239,239,196,96,96,96],"floor_reached":20,"playtime":1023,"items_purged":["Strike_G","Strike_G"],"score":322,"play_id":"38b4488b-86bc-4be0-b781-b31191e263eb","local_time":"20201209155346","is_ascension_mode":true,"campfire_choices":[{"data":"Corpse Explosion","floor":6,"key":"SMITH"},{"data":"Footwork","floor":8,"key":"SMITH"},{"floor":15,"key":"REST"}],"neow_cost":"PERCENT_DAMAGE","seed_source_timestamp":596605123559000,"circlet_count":0,"master_deck":["AscendersBane","Strike_G","Strike_G","Strike_G","Defend_G","Defend_G","Defend_G","Defend_G","Defend_G","Survivor","Neutralize","Corpse Explosion+1","Leg Sweep","Footwork+1","Footwork","Poisoned Stab","Escape Plan","Heel Hook","Escape Plan"],"special_seed":0,"relics":["Ring of the Snake","Omamori","Snake Skull","Happy Flower","Black Star"],"potions_floor_usage":[7,16,16,16],"damage_taken":[{"damage":0,"enemies":"Jaw Worm","floor":1,"turns":5},{"damage":0,"enemies":"2 Louse","floor":3,"turns":2},{"damage":0,"enemies":"Small Slimes","floor":5,"turns":6},{"damage":8,"enemies":"Gremlin Nob","floor":7,"turns":5},{"damage":3,"enemies":"3 Louse","floor":11,"turns":6},{"damage":9,"enemies":"Red Slaver","floor":12,"turns":4},{"damage":0,"enemies":"Lots of Slimes","floor":14,"turns":1},{"damage":10,"enemies":"Slime Boss","floor":16,"turns":11},{"damage":27,"enemies":"2 Thieves","floor":18,"turns":5},{"damage":0,"enemies":"Chosen","floor":20,"turns":1}],"seed_played":"-6689044936903285585","potions_obtained":[{"floor":1,"key":"DistilledChaos"},{"floor":5,"key":"Weak Potion"},{"floor":12,"key":"EntropicBrew"},{"floor":16,"key":"Poison Potion"}],"is_trial":false,"path_per_floor":["M","?","M","$","M","R","E","R","T","?","M","M","?","M","R","B",null,"M","$","M"],"character_chosen":"THE_SILENT","items_purchased":[],"campfire_rested":1,"item_purchase_floors":[],"current_hp_per_floor":[44,26,26,26,26,26,18,18,18,18,15,6,6,6,25,15,53,26,26,26,26],"gold":96,"neow_bonus":"THREE_RARE_CARDS","is_prod":false,"is_daily":false,"chose_seed":false,"campfire_upgraded":2,"win_rate":0,"timestamp":1607496826,"path_taken":["M","?","M","$","M","R","E","R","T","?","M","M","?","M","R","BOSS","M","$","M"],"build_version":"2020-11-30","purchased_purges":2,"victory":false,"max_hp_per_floor":[66,66,66,66,66,66,66,66,66,66,66,66,66,66,66,66,66,66,66,66,66],"card_choices":[{"not_picked":["Night Terror","Glass Knife"],"picked":"Corpse Explosion","floor":0},{"not_picked":["Infinite Blades","Cloak And Dagger"],"picked":"Leg Sweep","floor":1},{"not_picked":["Bane","Outmaneuver"],"picked":"Footwork","floor":3},{"not_picked":["Underhanded Strike","Concentrate"],"picked":"Footwork","floor":5},{"not_picked":["Masterful Stab","Terror"],"picked":"Poisoned Stab","floor":7},{"not_picked":["Deflect","Dash"],"picked":"Escape Plan","floor":11},{"not_picked":["Flechettes","Bane","Flying Knee"],"picked":"SKIP","floor":12},{"not_picked":["Endless Agony","Slice"],"picked":"Heel Hook","floor":14},{"not_picked":["Dodge and Roll","Poisoned Stab"],"picked":"Escape Plan","floor":18}],"player_experience":269160,"relics_obtained":[{"floor":7,"key":"Snake Skull"},{"floor":9,"key":"Happy Flower"}],"event_choices":[{"damage_healed":0,"gold_gain":0,"player_choice":"Success","damage_taken":18,"relics_obtained":["Omamori"],"max_hp_gain":0,"max_hp_loss":0,"event_name":"Scrap Ooze","floor":2,"gold_loss":0},{"damage_healed":0,"gold_gain":0,"player_choice":"Ignored","damage_taken":0,"max_hp_gain":0,"max_hp_loss":0,"event_name":"Shining Light","floor":10,"gold_loss":0},{"damage_healed":0,"gold_gain":0,"player_choice":"Ignored","damage_taken":0,"max_hp_gain":0,"max_hp_loss":0,"event_name":"Golden Idol","floor":13,"gold_loss":0}],"is_beta":false,"boss_relics":[{"not_picked":["Velvet Choker","Ectoplasm"],"picked":"Black Star"}],"items_purged_floors":[4,19],"is_endless":false,"potions_floor_spawned":[1,5,12,16,18],"killed_by":"Chosen","ascension_level":17}}