{"host":"gc0o0aftdpafl7it","time":1607548313,"event":{"gold_per_floor":[19,39,39,53,69,96,96,121,200,231,242,252,272,307,307,405,405,421,437,62,74,90,90,118,118,143,143,175,175,201,201,201,305,305,322,322,377,46,58,58,86,100,149,149,199,230,230,260,260,260],"floor_reached":51,"playtime":4347,"items_purged":["Strike_B","Strike_B"],"score":1013,"play_id":"ba52339b-7ad8-48dd-afb4-1bb13b2087bd","local_time":"20201209221153","is_ascension_mode":true,"campfire_choices":[{"data":"White Noise","floor":7,"key":"SMITH"},{"data":"Go for the Eyes","floor":15,"key":"SMITH"},{"data":"Blizzard","floor":23,"key":"SMITH"},{"data":"Biased Cognition","floor":25,"key":"SMITH"},{"floor":29,"key":"REST"},{"data":"Coolheaded","floor":32,"key":"SMITH"},{"data":"Dualcast","floor":40,"key":"SMITH"},{"floor":44,"key":"REST"},{"data":"Seek","floor":49,"key":"SMITH"}],"neow_cost":"NO_GOLD","seed_source_timestamp":183132888565900,"circlet_count":0,"master_deck":["Strike_B","Defend_B","Defend_B","Defend_B","Zap+1","Dualcast+1","Biased Cognition+1","Chill+1","Streamline","White Noise+1","Storm+1","Go for the Eyes+1","Conserve Battery+1","Glacier+1","Machine Learning+1","CurseOfTheBell","Blizzard+1","Storm+1","Static Discharge+1","Echo Form+1","Compile Driver","Coolheaded+1","Creative AI+1","Leap+1","Storm+1","Defragment+1","Barrage+1","Self Repair+1","Double Energy+1","Go for the Eyes+1","Seek+1"],"relics":["Cracked Core","Frozen Egg 2","Torii","Symbiotic Virus","War Paint","Gremlin Horn","Calling Bell","Vajra","Kunai","Thread and Needle","DataDisk","Potion Belt","Lantern","Tiny Chest","Omamori","Empty Cage","Turnip","Bag of Preparation","Dream Catcher","Juzu Bracelet","Akabeko","PreservedInsect"],"potions_floor_usage":[8,14,16,16,19,24,33,41,46,50],"damage_taken":[{"damage":2,"enemies":"2 Louse","floor":1,"turns":2},{"damage":0,"enemies":"Cultist","floor":2,"turns":2},{"damage":2,"enemies":"Jaw Worm","floor":4,"turns":2},{"damage":5,"enemies":"Large Slime","floor":5,"turns":3},{"damage":8,"enemies":"Gremlin Nob","floor":6,"turns":3},{"damage":9,"enemies":"Lagavulin","floor":8,"turns":4},{"damage":0,"enemies":"Gremlin Nob","floor":10,"turns":2},{"damage":6,"enemies":"Blue Slaver","floor":11,"turns":3},{"damage":0,"enemies":"2 Fungi Beasts","floor":12,"turns":3},{"damage":0,"enemies":"3 Louse","floor":13,"turns":3},{"damage":0,"enemies":"3 Sentries","floor":14,"turns":5},{"damage":0,"enemies":"Hexaghost","floor":16,"turns":8},{"damage":9,"enemies":"2 Thieves","floor":18,"turns":3},{"damage":0,"enemies":"Spheric Guardian","floor":19,"turns":4},{"damage":0,"enemies":"Cultist and Chosen","floor":21,"turns":4},{"damage":8,"enemies":"Sentry and Sphere","floor":22,"turns":4},{"damage":6,"enemies":"Gremlin Leader","floor":24,"turns":4},{"damage":15,"enemies":"Slavers","floor":28,"turns":3},{"damage":1,"enemies":"Book of Stabbing","floor":30,"turns":3},{"damage":9,"enemies":"Automaton","floor":33,"turns":8},{"damage":0,"enemies":"3 Darklings","floor":35,"turns":4},{"damage":29,"enemies":"2 Orb Walkers","floor":37,"turns":4},{"damage":1,"enemies":"Orb Walker","floor":39,"turns":2},{"damage":7,"enemies":"Nemesis","floor":41,"turns":3},{"damage":0,"enemies":"Sphere and 2 Shapes","floor":42,"turns":2},{"damage":9,"enemies":"Giant Head","floor":46,"turns":5},{"damage":0,"enemies":"Reptomancer","floor":48,"turns":3},{"damage":23,"enemies":"Time Eater","floor":50,"turns":7}],"seed_played":"6394528134611987291","potions_obtained":[{"floor":4,"key":"SkillPotion"},{"floor":8,"key":"LiquidBronze"},{"floor":10,"key":"SpeedPotion"},{"floor":12,"key":"BlessingOfTheForge"},{"floor":13,"key":"PowerPotion"},{"floor":14,"key":"PotionOfCapacity"},{"floor":21,"key":"LiquidMemories"},{"floor":22,"key":"Weak Potion"},{"floor":30,"key":"Strength Potion"},{"floor":33,"key":"SteroidPotion"},{"floor":39,"key":"PowerPotion"},{"floor":41,"key":"Block Potion"},{"floor":46,"key":"LiquidBronze"}],"is_trial":false,"path_per_floor":["M","M","?","M","M","E","R","E","T","E","M","M","M","E","R","B",null,"M","M","$","M","M","R","E","R","T","?","E","R","E","?","R","B",null,"M","?","?","$","M","R","E","M","T","R","T","E","?","E","R","B",null],"character_chosen":"DEFECT","items_purchased":["DataDisk","Static Discharge+1","LiquidBronze","Defragment+1","Bag of Preparation"],"campfire_rested":2,"item_purchase_floors":[20,20,20,38,38],"current_hp_per_floor":[73,73,73,71,66,58,58,49,49,49,43,43,43,43,43,43,75,66,66,66,66,58,58,52,52,52,52,37,59,58,58,58,49,75,75,75,46,46,45,45,38,38,38,60,60,61,61,61,61,48],"gold":260,"neow_bonus":"THREE_RARE_CARDS","is_prod":false,"is_daily":false,"chose_seed":false,"campfire_upgraded":7,"win_rate":0,"timestamp":1607548313,"path_taken":["M","M","?","M","M","E","R","E","T","E","M","M","?","E","R","BOSS","M","M","$","M","M","R","E","R","T","?","E","R","E","?","R","BOSS","M","?","?","$","M","R","E","M","T","R","?","E","?","E","R","BOSS"],"build_version":"2020-11-30","purchased_purges":2,"victory":true,"max_hp_per_floor":[75,75,75,75,75,75,75,75,75,75,75,75,75,75,75,75,75,75,75,75,75,75,75,75,75,75,75,75,75,75,75,75,75,75,75,75,75,75,75,75,75,75,75,75,75,75,75,75,75,75],"relic_stats":{"Dream Catcher":1,"Torii":13,"Gremlin Horn":[17,17],"counters":[28,103],"Tiny Chest":1,"Turnip":[0],"PreservedInsect":0,"Bag of Preparation":[12],"Juzu Bracelet":0,"Kunai":[7],"War Paint":["Chill","Conserve Battery"],"obtain_stats":[{"Potion Belt":24,"Lantern":26,"Torii":8,"Gremlin Horn":14,"Vajra":17,"Thread and Needle":17,"PreservedInsect":48,"Omamori":30,"Bag of Preparation":38,"Juzu Bracelet":45,"Frozen Egg 2":6,"War Paint":10,"Empty Cage":34,"Akabeko":46,"Calling Bell":17,"DataDisk":20,"Dream Catcher":41,"Tiny Chest":28,"Turnip":37,"Kunai":17,"Cracked Core":0,"Symbiotic Virus":9},{"Potion Belt":17,"Lantern":17,"Torii":6,"Gremlin Horn":11,"Vajra":12,"Thread and Needle":12,"PreservedInsect":27,"Omamori":19,"Bag of Preparation":22,"Juzu Bracelet":25,"Frozen Egg 2":5,"War Paint":7,"Empty Cage":20,"Akabeko":26,"Calling Bell":12,"DataDisk":14,"Dream Catcher":24,"Tiny Chest":18,"Turnip":22,"Kunai":12,"Cracked Core":0,"Symbiotic Virus":6},{"Potion Belt":59,"Lantern":59,"Torii":16,"Gremlin Horn":32,"Vajra":40,"Thread and Needle":40,"PreservedInsect":96,"Omamori":65,"Bag of Preparation":81,"Juzu Bracelet":88,"Frozen Egg 2":12,"War Paint":18,"Empty Cage":73,"Akabeko":93,"Calling Bell":40,"DataDisk":47,"Dream Catcher":86,"Tiny Chest":62,"Turnip":81,"Kunai":40,"Cracked Core":0,"Symbiotic Virus":16}]},"card_choices":[{"not_picked":["Meteor Strike","Fission"],"picked":"Biased Cognition","floor":0},{"not_picked":["Stack","Consume"],"picked":"FTL","floor":1},{"not_picked":["Leap","Hello World"],"picked":"Chill","floor":2},{"not_picked":["Scrape","Leap"],"picked":"Streamline","floor":4},{"not_picked":["Melter","Turbo"],"picked":"White Noise","floor":5},{"not_picked":["Rebound","Coolheaded"],"picked":"Storm+1","floor":6},{"not_picked":["Hyperbeam","Gash"],"picked":"Go for the Eyes","floor":8},{"not_picked":["Reinforced Body","Ball Lightning"],"picked":"Conserve Battery","floor":10},{"not_picked":["Redo","Storm+1"],"picked":"Glacier","floor":11},{"not_picked":["Sweeping Beam","Beam Cell","Steam Power"],"picked":"SKIP","floor":12},{"not_picked":["Aggregate","Streamline","Sweeping Beam"],"picked":"SKIP","floor":13},{"not_picked":["Gash","Buffer+1","Turbo"],"picked":"SKIP","floor":14},{"not_picked":["Hyperbeam","Amplify"],"picked":"Machine Learning+1","floor":16},{"not_picked":["Leap","Rebound"],"picked":"Blizzard","floor":18},{"not_picked":["Turbo+1","Skim"],"picked":"Storm+1","floor":19},{"not_picked":["Auto Shields","Gash+1","Steam"],"picked":"SKIP","floor":21},{"not_picked":["Rebound+1","Cold Snap","Steam"],"picked":"SKIP","floor":22},{"not_picked":["Seek","Gash"],"picked":"Echo Form+1","floor":24},{"not_picked":["Steam","Ball Lightning"],"picked":"Compile Driver","floor":28},{"not_picked":["Stack","Go for the Eyes"],"picked":"Coolheaded","floor":30},{"not_picked":["Fission","Hyperbeam"],"picked":"Creative AI+1","floor":33},{"not_picked":["Beam Cell","Streamline+1"],"picked":"Leap+1","floor":35},{"not_picked":["Coolheaded","Cold Snap"],"picked":"Storm+1","floor":37},{"not_picked":["Chaos","Scrape"],"picked":"Barrage+1","floor":39},{"not_picked":["Loop+1","Turbo+1"],"picked":"Self Repair+1","floor":41},{"not_picked":["Darkness+1","Conserve Battery"],"picked":"Double Energy+1","floor":42},{"not_picked":["Rainbow","Recycle"],"picked":"Go for the Eyes+1","floor":46},{"not_picked":["Coolheaded","Sweeping Beam"],"picked":"Seek","floor":48}],"player_experience":338818,"relics_obtained":[{"floor":6,"key":"Frozen Egg 2"},{"floor":8,"key":"Torii"},{"floor":9,"key":"Symbiotic Virus"},{"floor":10,"key":"War Paint"},{"floor":14,"key":"Gremlin Horn"},{"floor":17,"key":"Vajra"},{"floor":17,"key":"Kunai"},{"floor":17,"key":"Thread and Needle"},{"floor":24,"key":"Potion Belt"},{"floor":26,"key":"Lantern"},{"floor":28,"key":"Tiny Chest"},{"floor":30,"key":"Omamori"},{"floor":37,"key":"Turnip"},{"floor":41,"key":"Dream Catcher"},{"floor":45,"key":"Juzu Bracelet"},{"floor":46,"key":"Akabeko"},{"floor":48,"key":"PreservedInsect"}],"event_choices":[{"damage_healed":0,"gold_gain":0,"player_choice":"Upgraded","damage_taken":0,"max_hp_gain":0,"max_hp_loss":0,"event_name":"Upgrade Shrine","floor":3,"gold_loss":0,"cards_upgraded":["Zap"]},{"damage_healed":0,"gold_gain":0,"player_choice":"Ignored","damage_taken":0,"max_hp_gain":0,"max_hp_loss":0,"event_name":"Vampires","floor":27,"gold_loss":0},{"damage_healed":0,"gold_gain":0,"player_choice":"Forge","damage_taken":0,"max_hp_gain":0,"max_hp_loss":0,"event_name":"Accursed Blacksmith","floor":31,"gold_loss":0,"cards_upgraded":["Glacier"]},{"cards_removed":["FTL"],"damage_healed":0,"gold_gain":0,"player_choice":"Removed Attack","damage_taken":0,"max_hp_gain":0,"max_hp_loss":0,"event_name":"Falling","floor":36,"gold_loss":0},{"damage_healed":0,"gold_gain":0,"player_choice":"Fight","damage_taken":0,"max_hp_gain":0,"max_hp_loss":0,"event_name":"Mysterious Sphere","floor":37,"gold_loss":0},{"damage_healed":0,"gold_gain":0,"player_choice":"Ignored","damage_taken":0,"max_hp_gain":0,"max_hp_loss":0,"event_name":"Tomb of Lord Red Mask","floor":47,"gold_loss":0}],"is_beta":false,"boss_relics":[{"not_picked":["Velvet Choker","Fusion Hammer"],"picked":"Calling Bell"},{"not_picked":["Busted Crown","Runic Pyramid"],"picked":"Empty Cage"}],"items_purged_floors":[20,38],"is_endless":false,"potions_floor_spawned":[4,8,10,12,13,14,21,22,30,33,39,41,46],"ascension_level":2}}