{"host":"ci7ivtocgfxh0ueo","time":1607514889,"event":{"gold_per_floor":[218,218,218,235,235,235,267,30,30,45,0,0,10,27,27,101,101,119,32,32,0,19,19,19,30,57,57,107,107,107],"floor_reached":29,"playtime":523,"items_purged":[],"score":398,"play_id":"282923ba-9a7d-42f4-8a2e-e1708e09be6b","local_time":"20201209195449","is_ascension_mode":true,"campfire_choices":[{"floor":6,"key":"REST"},{"floor":15,"key":"REST"},{"floor":23,"key":"REST"},{"floor":27,"key":"REST"}],"neow_cost":"NONE","seed_source_timestamp":90432290473900,"circlet_count":0,"master_deck":["AscendersBane","Strike_B+1","Strike_B","Strike_B","Strike_B","Defend_B+1","Defend_B+1","Defend_B","Defend_B","Zap+1","Dualcast","Cold Snap+1","Go for the Eyes","Doom and Gloom","Enlightenment","Scrape","Redo","Rainbow","Go for the Eyes","Defragment","BootSequence"],"relics":["Cracked Core","War Paint","Juzu Bracelet","Pocketwatch","Black Star","Blood Vial"],"potions_floor_usage":[16,16,18],"damage_taken":[{"damage":9,"enemies":"Jaw Worm","floor":1,"turns":4},{"damage":0,"enemies":"Small Slimes","floor":4,"turns":3},{"damage":36,"enemies":"3 Sentries","floor":7,"turns":8},{"damage":0,"enemies":"2 Louse","floor":10,"turns":2},{"damage":2,"enemies":"2 Fungi Beasts","floor":13,"turns":2},{"damage":11,"enemies":"Looter","floor":14,"turns":2},{"damage":10,"enemies":"Hexaghost","floor":16,"turns":9},{"damage":17,"enemies":"Shell Parasite","floor":18,"turns":4},{"damage":39,"enemies":"2 Thieves","floor":22,"turns":3},{"damage":32,"enemies":"Snake Plant","floor":25,"turns":4},{"damage":34,"enemies":"Gremlin Leader","floor":29,"turns":2}],"seed_played":"6976269846551245362","potions_obtained":[{"floor":10,"key":"GamblersBrew"},{"floor":14,"key":"SkillPotion"},{"floor":16,"key":"ColorlessPotion"},{"floor":22,"key":"FearPotion"}],"is_trial":false,"path_per_floor":["M","?","?","M","?","R","E","$","T","M","?","?","M","M","R","B",null,"M","$","?","?","M","R","$","M","T","R","?","E"],"character_chosen":"DEFECT","items_purchased":["FocusPotion","Doom and Gloom","Enlightenment","Defragment"],"campfire_rested":4,"item_purchase_floors":[8,8,8,19],"current_hp_per_floor":[55,55,34,34,16,37,1,1,1,1,1,24,22,11,32,22,59,42,42,56,56,17,38,38,6,6,27,27,0,0],"gold":107,"neow_bonus":"HUNDRED_GOLD","is_prod":false,"is_daily":false,"chose_seed":false,"campfire_upgraded":0,"win_rate":0,"timestamp":1607514889,"path_taken":["M","?","?","M","?","R","E","?","T","M","?","?","M","M","R","BOSS","M","$","?","?","M","R","$","M","T","R","?","E"],"build_version":"2020-11-30","purchased_purges":0,"victory":false,"max_hp_per_floor":[71,71,71,71,71,71,71,71,71,71,71,71,71,71,71,71,71,71,71,71,71,71,71,71,71,71,71,71,71,71],"card_choices":[{"not_picked":["Sweeping Beam","Beam Cell"],"picked":"Cold Snap","floor":1},{"not_picked":["Lockon","Blizzard"],"picked":"Go for the Eyes","floor":4},{"not_picked":["Storm","Stack","Amplify"],"picked":"SKIP","floor":7},{"not_picked":["Storm","Gash"],"picked":"Scrape","floor":10},{"not_picked":["Hologram","Leap"],"picked":"Redo","floor":13},{"not_picked":["Gash","Coolheaded","Compile Driver"],"picked":"SKIP","floor":14},{"not_picked":["All For One","Multi-Cast"],"picked":"Rainbow","floor":16},{"not_picked":["Storm+1","Reinforced Body"],"picked":"Go for the Eyes","floor":18},{"not_picked":["Static Discharge","Steam","Leap"],"picked":"SKIP","floor":22},{"not_picked":["Lockon","Darkness+1"],"picked":"BootSequence","floor":25}],"player_experience":1239528,"relics_obtained":[{"floor":7,"key":"Juzu Bracelet"},{"floor":9,"key":"Pocketwatch"},{"floor":26,"key":"Blood Vial"}],"event_choices":[{"damage_healed":0,"gold_gain":0,"player_choice":"Grow","damage_taken":0,"max_hp_gain":0,"max_hp_loss":0,"event_name":"Living Wall","floor":2,"gold_loss":0,"cards_upgraded":["Cold Snap"]},{"damage_healed":0,"gold_gain":0,"player_choice":"Entered Light","damage_taken":21,"max_hp_gain":0,"max_hp_loss":0,"event_name":"Shining Light","floor":3,"gold_loss":0,"cards_upgraded":["Defend_B","Strike_B"]},{"damage_healed":0,"gold_gain":0,"player_choice":"Success","damage_taken":18,"relics_obtained":["War Paint"],"max_hp_gain":0,"max_hp_loss":0,"event_name":"Scrap Ooze","floor":5,"gold_loss":0},{"damage_healed":0,"gold_gain":0,"player_choice":"Left Gold","damage_taken":0,"max_hp_gain":0,"max_hp_loss":0,"event_name":"World of Goop","floor":11,"gold_loss":45},{"damage_healed":23,"gold_gain":0,"player_choice":"Banana","damage_taken":0,"max_hp_gain":0,"max_hp_loss":0,"event_name":"Big Fish","floor":12,"gold_loss":0},{"damage_healed":14,"gold_gain":0,"player_choice":"Heal","damage_taken":0,"max_hp_gain":0,"max_hp_loss":0,"event_name":"The Library","floor":20,"gold_loss":0},{"damage_healed":0,"gold_gain":0,"player_choice":"Paid Fearfully","damage_taken":0,"max_hp_gain":0,"max_hp_loss":0,"event_name":"Masked Bandits","floor":21,"gold_loss":32},{"damage_healed":0,"gold_gain":50,"player_choice":"Pray","damage_taken":0,"max_hp_gain":0,"max_hp_loss":0,"event_name":"Golden Shrine","floor":28,"gold_loss":0}],"is_beta":false,"boss_relics":[{"not_picked":["Sozu","Runic Dome"],"picked":"Black Star"}],"items_purged_floors":[],"is_endless":false,"potions_floor_spawned":[10,14,16,22],"killed_by":"Gremlin Leader","ascension_level":16}}