{"host":"28p8ce41sjwa6lzf","time":1607526021,"event":{"gold_per_floor":[111,124,202,215,229,229,254,266,266,286,316,328,328,346,346,419,419,438,456,22,22,22,22,56,75,75,0,0,27,60,94,94,165,165,182,194,416,429,445,445,480,480,561,10,45,70,70,95,95,95,95,95,95,9,38,38,38],"floor_reached":56,"playtime":4519,"items_purged":["Strike_B","Strike_B"],"score":2135,"play_id":"fce44394-9e08-4029-b804-e63a7a132832","local_time":"20201209090021","is_ascension_mode":true,"campfire_choices":[{"data":"Buffer","floor":6.0,"key":"SMITH"},{"floor":15.0,"key":"REST"},{"floor":23.0,"key":"REST"},{"floor":28.0,"key":"REST"},{"floor":32.0,"key":"REST"},{"data":"Hologram","floor":40.0,"key":"SMITH"},{"data":"Turbo","floor":42.0,"key":"SMITH"},{"floor":47.0,"key":"RECALL"},{"data":"Defragment","floor":49.0,"key":"SMITH"},{"data":"Rainbow","floor":53,"key":"SMITH"}],"neow_cost":"NONE","seed_source_timestamp":2230611450400,"circlet_count":0,"master_deck":["AscendersBane","Strike_B","Defend_B","Defend_B","Defend_B","Defend_B","Zap","Dualcast","Amplify","Leap","Cold Snap","Buffer+1","Beam Cell","Ball Lightning+1","Chill","Storm","Biased Cognition","Sweeping Beam+1","Self Repair","Electrodynamics","Fusion+1","Ball Lightning+1","Thunder Strike+1","Glacier","Force Field","Ball Lightning+1","Echo Form","Hologram+1","Consume+1","Force Field+1","Turbo+1","FTL+1","Defragment+1","Undo","Sweeping Beam+1","Defragment+1","Rainbow+1","Capacitor","Reinforced Body+1"],"special_seed":0,"relics":["Cracked Core","Shuriken","Molten Egg 2","Art of War","Bag of Preparation","Calipers","Inserter","Cables","Potion Belt","Gremlin Horn","Matryoshka","Juzu Bracelet","Red Mask","Strawberry","Philosopher\u0027s Stone","Bottled Lightning","Bronze Scales","Membership Card","Orichalcum","Singing Bowl","The Courier","Ginger","Sundial","Ice Cream"],"potions_floor_usage":[55,55,56,56],"damage_taken":[{"damage":2.0,"enemies":"Cultist","floor":1.0,"turns":4.0},{"damage":5.0,"enemies":"Jaw Worm","floor":2.0,"turns":5.0},{"damage":1.0,"enemies":"2 Louse","floor":4.0,"turns":3.0},{"damage":9.0,"enemies":"Looter","floor":5.0,"turns":3.0},{"damage":0.0,"enemies":"Gremlin Nob","floor":7.0,"turns":5.0},{"damage":0.0,"enemies":"2 Fungi Beasts","floor":8.0,"turns":4.0},{"damage":0.0,"enemies":"Exordium Thugs","floor":10.0,"turns":4.0},{"damage":45.0,"enemies":"3 Sentries","floor":11.0,"turns":17.0},{"damage":0.0,"enemies":"Large Slime","floor":12.0,"turns":3.0},{"damage":0.0,"enemies":"Blue Slaver","floor":14.0,"turns":4.0},{"damage":20.0,"enemies":"Hexaghost","floor":16.0,"turns":8.0},{"damage":0.0,"enemies":"Spheric Guardian","floor":18.0,"turns":5.0},{"damage":24.0,"enemies":"2 Thieves","floor":19.0,"turns":3.0},{"damage":26.0,"enemies":"Slavers","floor":24.0,"turns":4.0},{"damage":0.0,"enemies":"Snecko","floor":25.0,"turns":5.0},{"damage":20.0,"enemies":"Gremlin Leader","floor":29.0,"turns":6.0},{"damage":22.0,"enemies":"Masked Bandits","floor":30.0,"turns":3.0},{"damage":13.0,"enemies":"Book of Stabbing","floor":31.0,"turns":4.0},{"damage":59.0,"enemies":"Champ","floor":33.0,"turns":13.0},{"damage":0.0,"enemies":"3 Shapes","floor":35.0,"turns":6.0},{"damage":12.0,"enemies":"Orb Walker","floor":36.0,"turns":4.0},{"damage":12.0,"enemies":"Sphere and 2 Shapes","floor":38.0,"turns":4.0},{"damage":0.0,"enemies":"4 Shapes","floor":39.0,"turns":3.0},{"damage":9.0,"enemies":"Nemesis","floor":41.0,"turns":11.0},{"damage":18.0,"enemies":"Giant Head","floor":45.0,"turns":8.0},{"damage":0.0,"enemies":"Mind Bloom Boss Battle","floor":46.0,"turns":4.0},{"damage":0.0,"enemies":"Reptomancer","floor":48.0,"turns":5.0},{"damage":43,"enemies":"Donu and Deca","floor":50,"turns":6},{"damage":10,"enemies":"Time Eater","floor":51,"turns":9},{"damage":17,"enemies":"Shield and Spear","floor":55,"turns":7},{"damage":81,"enemies":"The Heart","floor":56,"turns":5}],"seed_played":"8497972989278216254","potions_obtained":[{"floor":5.0,"key":"Block Potion"},{"floor":7.0,"key":"SkillPotion"},{"floor":8.0,"key":"SteroidPotion"},{"floor":14.0,"key":"FairyPotion"},{"floor":16.0,"key":"Weak Potion"},{"floor":24.0,"key":"Fruit Juice"},{"floor":30.0,"key":"Explosive Potion"},{"floor":31.0,"key":"SpeedPotion"},{"floor":33.0,"key":"GamblersBrew"},{"floor":36.0,"key":"BlessingOfTheForge"},{"floor":39.0,"key":"Swift Potion"},{"floor":46.0,"key":"AttackPotion"},{"floor":48.0,"key":"FearPotion"}],"is_trial":false,"path_per_floor":["M","M","T","M","M","R","E","M","T","M","E","M","T","M","R","B",null,"M","M","$","?","?","R","E","M","T","?","R","E","?","E","R","B",null,"M","M","?","M","M","R","E","R","T","$","E","?","R","E","R","B","B",null,"R","$","E","B"],"character_chosen":"DEFECT","items_purchased":["Cables","Potion Belt","Membership Card","Defragment","Undo","Orichalcum","Sweeping Beam+1","Singing Bowl","Strength Potion","Capacitor"],"campfire_rested":4,"item_purchase_floors":[20,20,44,44,44,44,44,44,44,54],"current_hp_per_floor":[62,57,57,56,47,47,47,47,47,47,2,2,2,2,23,10,56,56,39,39,19,19,41,22,29,29,29,51,38,23,24,48,38,72,79,79,79,74,74,74,72,72,72,72,70,77,77,90,90,61,65,84,84,84,81,0,0],"gold":38,"neow_bonus":"ONE_RANDOM_RARE_CARD","is_prod":false,"is_daily":false,"chose_seed":false,"campfire_upgraded":5,"win_rate":0,"timestamp":1607526021,"path_taken":["M","M","?","M","M","R","E","M","T","?","E","?","?","M","R","BOSS","M","M","$","?","?","R","E","M","T","?","R","E","?","E","R","BOSS","M","M","?","M","M","R","E","R","T","$","E","?","R","E","R","BOSS","BOSS","R","$","E","BOSS"],"build_version":"2020-11-30","purchased_purges":2,"victory":false,"max_hp_per_floor":[71,71,71,71,71,71,71,71,71,71,71,71,71,71,71,71,71,71,71,71,76,76,76,76,76,76,76,76,76,76,83,83,83,83,83,88,88,88,88,88,88,88,88,88,90,90,90,90,90,90,90,90,90,90,90,90,90],"relic_stats":{"Inserter":[57],"Gremlin Horn":[20,20],"Singing Bowl":2,"counters":[31,175],"Bag of Preparation":[46],"Juzu Bracelet":1,"Ginger":[3],"Orichalcum":[36],"Cables":[98,64,23,3,8],"Shuriken":[20],"Sundial":[0],"Bronze Scales":[214],"Art of War":[40],"obtain_stats":[{"Potion Belt":20,"Ice Cream":55,"Calipers":13,"Inserter":17,"Gremlin Horn":24,"Singing Bowl":44,"The Courier":45,"Bag of Preparation":11,"Juzu Bracelet":29,"Ginger":46,"Orichalcum":44,"Cables":20,"Matryoshka":26,"Shuriken":3,"Sundial":48,"Strawberry":31,"Bronze Scales":43,"Molten Egg 2":7,"Philosopher\u0027s Stone":34,"Art of War":9,"Red Mask":30,"Bottled Lightning":41,"Membership Card":44,"Cracked Core":0},{"Potion Belt":13,"Ice Cream":30,"Calipers":9,"Inserter":11,"Gremlin Horn":14,"Singing Bowl":24,"The Courier":25,"Bag of Preparation":8,"Juzu Bracelet":16,"Ginger":26,"Orichalcum":24,"Cables":13,"Matryoshka":15,"Shuriken":2,"Sundial":27,"Strawberry":18,"Bronze Scales":24,"Molten Egg 2":5,"Philosopher\u0027s Stone":19,"Art of War":6,"Red Mask":17,"Bottled Lightning":24,"Membership Card":24,"Cracked Core":0},{"Potion Belt":68,"Ice Cream":170,"Calipers":48,"Inserter":60,"Gremlin Horn":72,"Singing Bowl":131,"The Courier":139,"Bag of Preparation":45,"Juzu Bracelet":83,"Ginger":143,"Orichalcum":131,"Cables":68,"Matryoshka":77,"Shuriken":9,"Sundial":148,"Strawberry":90,"Bronze Scales":131,"Molten Egg 2":20,"Philosopher\u0027s Stone":103,"Art of War":24,"Red Mask":86,"Bottled Lightning":131,"Membership Card":131,"Cracked Core":0}]},"card_choices":[{"not_picked":["Gash","Consume"],"picked":"Leap","floor":1.0},{"not_picked":["Static Discharge","Gash"],"picked":"Cold Snap","floor":2.0},{"not_picked":["Ball Lightning","Conserve Battery"],"picked":"Buffer","floor":4.0},{"not_picked":["Leap","Compile Driver"],"picked":"Beam Cell","floor":5.0},{"not_picked":["Gash+1","Force Field"],"picked":"Ball Lightning+1","floor":7.0},{"not_picked":["Darkness","Stack"],"picked":"Chill","floor":8.0},{"not_picked":["Blizzard+1","Double Energy"],"picked":"Storm","floor":10.0},{"not_picked":["Skim","Static Discharge"],"picked":"Biased Cognition","floor":11.0},{"not_picked":["Coolheaded","Barrage+1"],"picked":"Sweeping Beam+1","floor":12.0},{"not_picked":["Turbo","Leap"],"picked":"Self Repair","floor":14.0},{"not_picked":["Amplify","Machine Learning"],"picked":"Electrodynamics","floor":16.0},{"not_picked":["Steam","Conserve Battery"],"picked":"Fusion+1","floor":18.0},{"not_picked":["Barrage+1","Auto Shields"],"picked":"Ball Lightning+1","floor":19.0},{"not_picked":["Turbo","Conserve Battery","Barrage+1"],"picked":"SKIP","floor":24.0},{"not_picked":["Double Energy","Go for the Eyes+1"],"picked":"Thunder Strike+1","floor":25.0},{"not_picked":["Barrage+1","Beam Cell+1"],"picked":"Glacier","floor":29.0},{"not_picked":["Chill","Gash+1"],"picked":"Force Field","floor":30.0},{"not_picked":["Fusion","Sweeping Beam+1"],"picked":"Ball Lightning+1","floor":31.0},{"not_picked":["Meteor Strike+1","Machine Learning"],"picked":"Echo Form","floor":33.0},{"not_picked":["Rebound+1","Double Energy"],"picked":"Hologram","floor":35.0},{"not_picked":["Leap","FTL+1"],"picked":"Consume+1","floor":36.0},{"not_picked":["Genetic Algorithm+1","Compile Driver+1"],"picked":"Force Field+1","floor":38.0},{"not_picked":["Rebound+1","Gash+1"],"picked":"Turbo","floor":39.0},{"not_picked":["Leap","Auto Shields"],"picked":"FTL+1","floor":41.0},{"not_picked":["Gash+1","Streamline+1","Cold Snap+1"],"picked":"Singing Bowl","floor":45.0},{"not_picked":["Undo+1","Loop+1"],"picked":"Defragment+1","floor":46.0},{"not_picked":["Gash+1","Reprogram"],"picked":"Rainbow","floor":48.0},{"not_picked":["Self Repair","Reprogram"],"picked":"Reinforced Body+1","floor":55}],"player_experience":959385,"relics_obtained":[{"floor":3.0,"key":"Shuriken"},{"floor":7.0,"key":"Molten Egg 2"},{"floor":9.0,"key":"Art of War"},{"floor":11.0,"key":"Bag of Preparation"},{"floor":13.0,"key":"Calipers"},{"floor":24.0,"key":"Gremlin Horn"},{"floor":26.0,"key":"Matryoshka"},{"floor":29.0,"key":"Juzu Bracelet"},{"floor":30.0,"key":"Red Mask"},{"floor":31.0,"key":"Strawberry"},{"floor":41.0,"key":"Bottled Lightning"},{"floor":43.0,"key":"Bronze Scales"},{"floor":45.0,"key":"The Courier"},{"floor":46.0,"key":"Ginger"},{"floor":48.0,"key":"Sundial"},{"floor":55,"key":"Ice Cream"}],"event_choices":[{"damage_healed":0.0,"max_hp_gain":5.0,"max_hp_loss":0.0,"gold_gain":0.0,"event_name":"Forgotten Altar","player_choice":"Shed Blood","floor":21.0,"gold_loss":0.0,"damage_taken":25.0},{"damage_healed":0.0,"max_hp_gain":0.0,"max_hp_loss":0.0,"gold_gain":0.0,"event_name":"Cursed Tome","player_choice":"Ignored","floor":22.0,"gold_loss":0.0,"damage_taken":0.0},{"cards_removed":["Strike_B"],"damage_healed":0.0,"max_hp_gain":0.0,"max_hp_loss":0.0,"gold_gain":0.0,"event_name":"Beggar","player_choice":"Gave Gold","floor":27.0,"gold_loss":75.0,"damage_taken":0.0},{"damage_healed":0.0,"max_hp_gain":0.0,"max_hp_loss":0.0,"gold_gain":0.0,"event_name":"Masked Bandits","player_choice":"Fought Bandits","floor":30.0,"gold_loss":0.0,"damage_taken":0.0},{"damage_healed":0.0,"max_hp_gain":0.0,"max_hp_loss":0.0,"gold_gain":222.0,"event_name":"Tomb of Lord Red Mask","player_choice":"Wore Mask","floor":37.0,"gold_loss":0.0,"damage_taken":0.0},{"damage_healed":0.0,"max_hp_gain":0.0,"max_hp_loss":0.0,"gold_gain":0.0,"event_name":"MindBloom","player_choice":"Fight","floor":46.0,"gold_loss":0.0,"damage_taken":0.0}],"is_beta":false,"boss_relics":[{"not_picked":["Cursed Key","Sozu"],"picked":"Inserter"},{"not_picked":["Empty Cage","Astrolabe"],"picked":"Philosopher\u0027s Stone"}],"items_purged_floors":[44,54],"is_endless":false,"potions_floor_spawned":[5,7,8,14,16,24,30,31,33,36,39,46,48],"killed_by":"The Heart","ascension_level":20}}