{"host":"1c52r9kaxdyo25eq","time":1607490680,"event":{"gold_per_floor":[114,114,189,207,207,233,233,245,245,259,269,285,93,105,105,182,182,194,204,204,204,204,204],"floor_reached":22,"playtime":632,"items_purged":["Defend_G"],"score":430,"play_id":"c4c53fed-aae6-4378-8f6a-331563725986","local_time":"20201209141120","is_ascension_mode":true,"campfire_choices":[{"data":"Blade Dance","floor":15.0,"key":"SMITH"}],"neow_cost":"NONE","seed_source_timestamp":404706024816100,"circlet_count":0,"master_deck":["AscendersBane","Strike_G","Strike_G","Strike_G","Defend_G","Defend_G","Defend_G","Survivor","Neutralize","Poisoned Stab","Tactician","Flying Knee","Prepared","Die Die Die","Dodge and Roll","Well Laid Plans","Blade Dance+1","Cloak And Dagger","Venomology","Reflex+1","Eviscerate","Tactician","Distraction"],"special_seed":0,"relics":["Ring of the Serpent","NeowsBlessing","Kunai","The Courier","InkBottle"],"potions_floor_usage":[21,21,22],"damage_taken":[{"damage":0.0,"enemies":"Jaw Worm","floor":1.0,"turns":1.0},{"damage":0.0,"enemies":"2 Louse","floor":4.0,"turns":1.0},{"damage":0.0,"enemies":"Lagavulin","floor":6.0,"turns":1.0},{"damage":0.0,"enemies":"Cultist","floor":8.0,"turns":3.0},{"damage":1.0,"enemies":"2 Fungi Beasts","floor":10.0,"turns":3.0},{"damage":7.0,"enemies":"Exordium Wildlife","floor":11.0,"turns":5.0},{"damage":4.0,"enemies":"Blue Slaver","floor":12.0,"turns":3.0},{"damage":2.0,"enemies":"Looter","floor":14.0,"turns":3.0},{"damage":8.0,"enemies":"Slime Boss","floor":16.0,"turns":13.0},{"damage":34.0,"enemies":"Spheric Guardian","floor":18.0,"turns":6.0},{"damage":6.0,"enemies":"3 Byrds","floor":19.0,"turns":5.0},{"damage":0,"enemies":"Snake Plant","floor":21,"turns":1},{"damage":6,"enemies":"Masked Bandits","floor":22,"turns":2}],"seed_played":"6510254964129151132","potions_obtained":[{"floor":4.0,"key":"Fruit Juice"},{"floor":8.0,"key":"Block Potion"},{"floor":16.0,"key":"PowerPotion"}],"is_trial":false,"path_per_floor":["M","?","?","M","?","E","?","M","T","M","M","M","$","M","R","B",null,"M","M","?","M","?"],"character_chosen":"THE_SILENT","items_purchased":["Blade Dance","EntropicBrew"],"campfire_rested":0,"item_purchase_floors":[13,13],"current_hp_per_floor":[59,41,30,30,30,30,30,30,30,29,22,18,23,21,21,13,57,23,17,17,17,11,11],"gold":204,"neow_bonus":"THREE_ENEMY_KILL","is_prod":false,"is_daily":false,"chose_seed":false,"campfire_upgraded":1,"win_rate":0,"timestamp":1607490680,"path_taken":["M","?","?","M","?","E","?","M","T","?","M","M","$","M","R","BOSS","M","M","?","M","?"],"build_version":"2020-11-30","purchased_purges":1,"victory":false,"max_hp_per_floor":[66,66,66,66,66,66,66,66,66,66,66,66,71,71,71,71,71,71,71,71,71,71,71],"card_choices":[{"not_picked":["Backflip","Cloak And Dagger"],"picked":"Poisoned Stab","floor":1.0},{"not_picked":["Quick Slash","Backflip"],"picked":"Tactician","floor":4.0},{"not_picked":["Concentrate","Footwork"],"picked":"Prepared","floor":6.0},{"not_picked":["Finisher","Sucker Punch","Dodge and Roll"],"picked":"SKIP","floor":8.0},{"not_picked":["Caltrops","Noxious Fumes","Riddle With Holes"],"picked":"SKIP","floor":10.0},{"not_picked":["Caltrops","Noxious Fumes","Riddle With Holes"],"picked":"SKIP","floor":10.0},{"not_picked":["Die Die Die","Crippling Poison"],"picked":"Well Laid Plans","floor":11.0},{"not_picked":["Noxious Fumes","Cloak And Dagger","Heel Hook"],"picked":"SKIP","floor":12.0},{"not_picked":["Predator","Riddle With Holes"],"picked":"Cloak And Dagger","floor":14.0},{"not_picked":["Wraith Form v2","Storm of Steel"],"picked":"Venomology","floor":16.0},{"not_picked":["Sucker Punch","Deflect"],"picked":"Reflex+1","floor":18.0},{"not_picked":["Deadly Poison","Bouncing Flask"],"picked":"Eviscerate","floor":19.0}],"player_experience":441310,"relics_obtained":[{"floor":6.0,"key":"The Courier"},{"floor":9.0,"key":"InkBottle"}],"event_choices":[{"damage_healed":0.0,"max_hp_gain":0.0,"max_hp_loss":0.0,"gold_gain":0.0,"event_name":"Scrap Ooze","player_choice":"Success","floor":2.0,"gold_loss":0.0,"damage_taken":18.0,"relics_obtained":["Kunai"]},{"damage_healed":0.0,"max_hp_gain":0.0,"max_hp_loss":0.0,"gold_gain":75.0,"event_name":"World of Goop","player_choice":"Gather Gold","floor":3.0,"gold_loss":0.0,"damage_taken":11.0},{"damage_healed":0.0,"max_hp_gain":0.0,"max_hp_loss":0.0,"gold_gain":0.0,"cards_transformed":["Strike_G"],"event_name":"Living Wall","player_choice":"Change","floor":5.0,"gold_loss":0.0,"damage_taken":0.0,"cards_obtained":["Flying Knee"]},{"damage_healed":0.0,"max_hp_gain":0.0,"max_hp_loss":0.0,"gold_gain":0.0,"event_name":"Match and Keep!","player_choice":"2 cards matched","floor":7.0,"gold_loss":0.0,"damage_taken":0.0,"cards_obtained":["Die Die Die","Dodge and Roll"]},{"damage_healed":0.0,"max_hp_gain":0.0,"max_hp_loss":0.0,"gold_gain":0.0,"cards_transformed":["Strike_G","Defend_G"],"event_name":"Drug Dealer","player_choice":"Became Test Subject","floor":20.0,"gold_loss":0.0,"damage_taken":0.0,"cards_obtained":["Tactician","Distraction"]},{"damage_healed":0,"gold_gain":0,"player_choice":"Fought Bandits","damage_taken":0,"max_hp_gain":0,"max_hp_loss":0,"event_name":"Masked Bandits","floor":22,"gold_loss":0}],"is_beta":false,"boss_relics":[{"not_picked":["Runic Dome","Cursed Key"],"picked":"Ring of the Serpent"}],"items_purged_floors":[13],"is_endless":false,"potions_floor_spawned":[4,8,12,16],"killed_by":"Masked Bandits","ascension_level":20}}