{"host":"u4wwrwxco60h43l5","time":1607515439,"event":{"gold_per_floor":[115,40,58,75,86,98,109,127,127,2,13,13,43,54,54,151,151,171,46,63,162,178,210,210,210],"floor_reached":24,"playtime":1178,"items_purged":["Strike_P","Strike_P","Collect"],"score":274,"play_id":"b70edfe8-860e-4e8f-991c-ee8de77fb175","local_time":"20201209210359","is_ascension_mode":false,"campfire_choices":[{"floor":12,"key":"REST"},{"floor":15,"key":"REST"}],"neow_cost":"NONE","seed_source_timestamp":10699936360100,"circlet_count":0,"master_deck":["Eruption","Vigilance","Weave","FlurryOfBlows","FollowUp","Evaluate","InnerPeace","CrushJoints","WindmillStrike","Establishment","CutThroughFate","REME_Repentance","FollowUp","WindmillStrike","Establishment","PathToVictory","Vengeance","Crescendo","WreathOfFlame","Brilliance","LikeWater+1","WindmillStrike","FlyingSleeves+1","Halt"],"relics":["REME_ComplimentaryCards","REME_DuelDisc","Dream Catcher","Pandora\u0027s Box","The Courier"],"potions_floor_usage":[18,22,22,24,24],"damage_taken":[{"damage":9,"enemies":"Small Slimes","floor":1,"turns":2},{"damage":4,"enemies":"Jaw Worm","floor":3,"turns":4},{"damage":0,"enemies":"Cultist","floor":4,"turns":2},{"damage":5,"enemies":"Looter","floor":5,"turns":3},{"damage":0,"enemies":"Blue Slaver","floor":6,"turns":2},{"damage":16,"enemies":"Gremlin Gang","floor":7,"turns":4},{"damage":3,"enemies":"Red Slaver","floor":8,"turns":2},{"damage":9,"enemies":"Exordium Thugs","floor":11,"turns":4},{"damage":8,"enemies":"3 Sentries","floor":13,"turns":4},{"damage":7,"enemies":"3 Louse","floor":14,"turns":3},{"damage":0,"enemies":"Slime Boss","floor":16,"turns":3},{"damage":15,"enemies":"3 Byrds","floor":18,"turns":4},{"damage":10,"enemies":"Spheric Guardian","floor":20,"turns":3},{"damage":1,"enemies":"Centurion and Healer","floor":22,"turns":5},{"damage":33,"enemies":"Gremlin Leader","floor":23,"turns":4},{"damage":15,"enemies":"Cultist and Chosen","floor":24,"turns":3}],"seed_played":"-1257614371531513895","potions_obtained":[{"floor":1,"key":"SneckoOil"},{"floor":5,"key":"StancePotion"},{"floor":7,"key":"BottledMiracle"},{"floor":13,"key":"LiquidMemories"},{"floor":20,"key":"BottledMiracle"},{"floor":22,"key":"Energy Potion"}],"is_trial":false,"path_per_floor":["M","$","M","M","M","M","M","M","T","$","M","R","E","M","R","B",null,"M","$","M","?","M","E","M"],"character_chosen":"WATCHER","items_purchased":["CutThroughFate"],"campfire_rested":2,"item_purchase_floors":[10],"current_hp_per_floor":[63,63,59,59,54,54,38,35,35,35,26,47,39,32,53,53,72,57,57,47,47,46,13,0,0],"gold":210,"neow_bonus":"BOSS_RELIC","is_prod":false,"is_daily":false,"chose_seed":false,"campfire_upgraded":0,"win_rate":0.0,"timestamp":1607515439,"path_taken":["M","$","M","M","M","M","M","M","T","$","M","R","E","M","R","BOSS","M","$","M","?","M","E","M"],"build_version":"2020-11-30","purchased_purges":3,"victory":false,"max_hp_per_floor":[72,72,72,72,72,72,72,72,72,72,72,72,72,72,72,72,72,72,72,72,72,72,72,72,72],"card_choices":[{"not_picked":["EmptyMind","SandsOfTime"],"picked":"FlurryOfBlows","floor":1},{"not_picked":["WheelKick","EmptyBody"],"picked":"FollowUp","floor":3},{"not_picked":["Swivel","Consecrate"],"picked":"Evaluate","floor":4},{"not_picked":["ClearTheMind","FlyingSleeves"],"picked":"InnerPeace","floor":5},{"not_picked":["Wallop","LikeWater"],"picked":"CrushJoints","floor":6},{"not_picked":["Vengeance","Evaluate"],"picked":"WindmillStrike","floor":7},{"not_picked":["EmptyFist","Protect"],"picked":"Establishment","floor":8},{"not_picked":["FlyingSleeves","REME_CRH"],"picked":"REME_Repentance","floor":11},{"not_picked":["Halt","Study"],"picked":"FollowUp","floor":13},{"not_picked":["EmptyMind","CrushJoints","FearNoEvil"],"picked":"SKIP","floor":14},{"not_picked":["Fasting2","EmptyFist"],"picked":"WindmillStrike","floor":15},{"not_picked":["DeusExMachina","Vault"],"picked":"Establishment","floor":16},{"not_picked":["Halt","EmptyBody"],"picked":"LikeWater+1","floor":18},{"not_picked":["Evaluate","CrushJoints+1"],"picked":"WindmillStrike","floor":20},{"not_picked":["BowlingBash","Indignation"],"picked":"FlyingSleeves+1","floor":22},{"not_picked":["JustLucky+1","CarveReality"],"picked":"Halt","floor":23}],"player_experience":104915,"relics_obtained":[{"floor":13,"key":"Dream Catcher"},{"floor":23,"key":"The Courier"}],"event_choices":[{"damage_healed":0,"gold_gain":99,"player_choice":"Stole From Cult","damage_taken":0,"max_hp_gain":0,"max_hp_loss":0,"event_name":"Nest","floor":21,"gold_loss":0}],"is_beta":false,"boss_relics":[{"not_picked":["Snecko Eye","VioletLotus"],"picked":"Pandora\u0027s Box"}],"items_purged_floors":[2,10,19],"is_endless":false,"potions_floor_spawned":[1,5,7,11,13,16,20,22],"killed_by":"Cultist and Chosen","ascension_level":0}}