{"host":"on8rz1ayhhz269sg","time":1607510092,"event":{"gold_per_floor":[116,132,51,67,80,80,90,107,158,169,344,344,5,18,18,119,119,137,36,46,46,46,46,57,57,57,100,112,134,163,175,175],"floor_reached":31,"playtime":1811,"items_purged":["Doubt"],"score":258,"play_id":"997a45c8-4de0-4699-bcd9-3a4455e61804","local_time":"20201209183452","is_ascension_mode":false,"campfire_choices":[{"data":"hermit:Headshot","floor":6.0,"key":"SMITH"},{"floor":15.0,"key":"REST"},{"floor":23.0,"key":"REST"},{"floor":28.0,"key":"REST"}],"neow_cost":"NONE","seed_source_timestamp":106547413648000,"circlet_count":0,"master_deck":["hermit:Strike_Hermit","hermit:Strike_Hermit","hermit:Strike_Hermit","hermit:Strike_Hermit","hermit:Defend_Hermit","hermit:Defend_Hermit","hermit:Defend_Hermit","hermit:Defend_Hermit","hermit:Snapshot","hermit:Covet","hermit:Headshot+1","hermit:Feint","hermit:FromBeyond","hermit:Ricochet","hermit:LuckOfTheDraw","hermit:Showdown+1","hermit:Malice","hermit:ShadowCloak","hermit:HighCaliber","hermit:PistolWhip","hermit:Dive","hermit:Snipe","hermit:Combo","hermit:Scavenge","hermit:FatalDesire","hermit:WideOpen","hermit:Vantage","hermit:Determination","hermit:CursedWeapon+1","RitualDagger","Writhe","hermit:TrackingShot","hermit:Misfire","hermit:LowProfile","hermit:Feint+1"],"special_seed":0,"relics":["hermit:Momento","NeowsBlessing","Regal Pillow","Philosopher\u0027s Stone","Potion Belt","The Courier","MawBank"],"potions_floor_usage":[],"damage_taken":[{"damage":0.0,"enemies":"Small Slimes","floor":1.0,"turns":1.0},{"damage":0.0,"enemies":"Cultist","floor":2.0,"turns":1.0},{"damage":0.0,"enemies":"Jaw Worm","floor":4.0,"turns":1.0},{"damage":5.0,"enemies":"Blue Slaver","floor":5.0,"turns":2.0},{"damage":16.0,"enemies":"Large Slime","floor":7.0,"turns":5.0},{"damage":7.0,"enemies":"Exordium Wildlife","floor":8.0,"turns":3.0},{"damage":3.0,"enemies":"Looter","floor":10.0,"turns":2.0},{"damage":13.0,"enemies":"Red Slaver","floor":14.0,"turns":2.0},{"damage":67.0,"enemies":"Hexaghost","floor":16.0,"turns":12.0},{"damage":17.0,"enemies":"2 Thieves","floor":18.0,"turns":3.0},{"damage":12.0,"enemies":"Chosen","floor":20.0,"turns":4.0},{"damage":27.0,"enemies":"Snecko","floor":24.0,"turns":5.0},{"damage":28.0,"enemies":"Sentry and Sphere","floor":27.0,"turns":5.0},{"damage":34.0,"enemies":"Snake Plant","floor":29.0,"turns":3.0},{"damage":19.0,"enemies":"Chosen and Byrds","floor":30.0,"turns":7.0},{"damage":9,"enemies":"3 Cultists","floor":31,"turns":2}],"seed_played":"-6692627434811413805","potions_obtained":[{"floor":4.0,"key":"SteroidPotion"},{"floor":7.0,"key":"hermit:Eclipse"},{"floor":14.0,"key":"Regen Potion"},{"floor":16.0,"key":"Dexterity Potion"},{"floor":24.0,"key":"ColorlessPotion"},{"floor":27.0,"key":"Fire Potion"},{"floor":29.0,"key":"LiquidBronze"}],"is_trial":false,"path_per_floor":["M","M","$","M","M","R","M","M","T","M","?","?","$","M","R","B",null,"M","$","M","?","?","R","M","T","T","M","R","M","M","M"],"character_chosen":"HERMIT","items_purchased":["hermit:FromBeyond","hermit:HighCaliber","hermit:PistolWhip","hermit:Dive","hermit:Snipe","hermit:Combo","hermit:Vantage","hermit:Determination"],"campfire_rested":3,"item_purchase_floors":[3,13,13,13,13,13,19,19],"current_hp_per_floor":[75,75,75,75,70,70,54,47,47,44,44,44,44,31,68,16,75,58,58,46,40,40,75,48,48,48,20,57,23,4,0,0],"gold":175,"neow_bonus":"THREE_ENEMY_KILL","is_prod":false,"is_daily":false,"chose_seed":false,"campfire_upgraded":1,"win_rate":0.0,"timestamp":1607510092,"path_taken":["M","M","$","M","M","R","M","M","T","M","?","?","$","M","R","BOSS","M","$","?","?","?","R","M","?","T","M","R","M","M","M"],"build_version":"2020-11-30","purchased_purges":1,"victory":false,"max_hp_per_floor":[75,75,75,75,75,75,75,75,75,75,75,75,75,75,75,75,75,75,75,75,75,75,75,75,75,75,75,75,75,75,75,75],"card_choices":[{"not_picked":["hermit:HoleUp","hermit:Horror"],"picked":"hermit:Headshot","floor":1.0},{"not_picked":["hermit:Coalescence","hermit:GhostlyPresence"],"picked":"hermit:Feint","floor":2.0},{"not_picked":["hermit:HoleUp","hermit:BodyArmor"],"picked":"hermit:Ricochet","floor":4.0},{"not_picked":["hermit:CalledShot","hermit:HighCaliber"],"picked":"hermit:LuckOfTheDraw","floor":5.0},{"not_picked":["hermit:Snipe","hermit:Manifest"],"picked":"hermit:Showdown","floor":7.0},{"not_picked":["hermit:FatalDesire","hermit:HighCaliber"],"picked":"hermit:Malice","floor":8.0},{"not_picked":["hermit:Coalescence","hermit:Malice"],"picked":"hermit:ShadowCloak","floor":10.0},{"not_picked":["hermit:Dive","hermit:CalledShot"],"picked":"hermit:Scavenge","floor":14.0},{"not_picked":["hermit:OverwhelmingPower","hermit:FromBeyond"],"picked":"hermit:FatalDesire","floor":16.0},{"not_picked":["hermit:Dive","hermit:Manifest"],"picked":"hermit:WideOpen","floor":18.0},{"not_picked":["hermit:Coalescence","hermit:Malice"],"picked":"hermit:CursedWeapon+1","floor":20.0},{"not_picked":["hermit:SprayPray","hermit:Maintenance"],"picked":"hermit:TrackingShot","floor":24.0},{"not_picked":["hermit:TakeAim","hermit:Manifest"],"picked":"hermit:Misfire","floor":27.0},{"not_picked":["hermit:GhostlyPresence","hermit:Roulette"],"picked":"hermit:LowProfile","floor":29.0},{"not_picked":["hermit:GoldenBullet+1","hermit:LuckOfTheDraw"],"picked":"hermit:Feint+1","floor":30.0}],"player_experience":90493,"relics_obtained":[{"floor":9.0,"key":"Regal Pillow"},{"floor":25.0,"key":"The Courier"},{"floor":26.0,"key":"MawBank"}],"event_choices":[{"damage_healed":0.0,"max_hp_gain":0.0,"max_hp_loss":0.0,"gold_gain":175.0,"event_name":"Liars Game","player_choice":"AGREE","floor":11.0,"gold_loss":0.0,"damage_taken":0.0,"cards_obtained":["Doubt"]},{"damage_healed":0.0,"max_hp_gain":0.0,"max_hp_loss":0.0,"gold_gain":0.0,"event_name":"Accursed Blacksmith","player_choice":"Forge","floor":12.0,"gold_loss":0.0,"damage_taken":0.0,"cards_upgraded":["hermit:Showdown"]},{"damage_healed":0.0,"max_hp_gain":0.0,"max_hp_loss":0.0,"gold_gain":0.0,"event_name":"Nest","player_choice":"Joined the Cult","floor":21.0,"gold_loss":0.0,"damage_taken":6.0,"cards_obtained":["RitualDagger"]},{"damage_healed":0.0,"max_hp_gain":0.0,"max_hp_loss":0.0,"gold_gain":0.0,"event_name":"The Mausoleum","player_choice":"Opened","floor":22.0,"gold_loss":0.0,"damage_taken":0.0,"relics_obtained":["Potion Belt"],"cards_obtained":["Writhe"]}],"is_beta":false,"boss_relics":[{"not_picked":["Busted Crown","SacredBark"],"picked":"Philosopher\u0027s Stone"}],"items_purged_floors":[13],"is_endless":false,"potions_floor_spawned":[4,7,14,16,24,27,29],"killed_by":"3 Cultists","ascension_level":0}}