{"host":"8y2jb0r8yvkmvani","time":1607514375,"event":{"gold_per_floor":[99,116,144,161,193,193,217,231,231,259,271,282,302,741,757,854,854,854,872,872,872,872,899,899,899,917,950,967,967,978,993,1003,1100,1100,1100],"floor_reached":34,"playtime":3140,"items_purged":[],"score":516,"play_id":"59730c01-ac70-4af0-aa7a-754050e2d9c7","local_time":"20201209204615","is_ascension_mode":false,"campfire_choices":[{"floor":1.0,"key":"RECALL"}],"neow_cost":"NONE","seed_source_timestamp":0,"circlet_count":0,"master_deck":["Guardian:Strike_Guardian+1","Guardian:Strike_Guardian+1","Guardian:Defend_Guardian+1","Guardian:Defend_Guardian+1","Guardian:CurlUp+1","Guardian:RollAttack+1","Guardian:ChargeCore+1","Guardian:EvasiveProtocol+1","Guardian:Preprogram+1","Guardian:TimeBomb+1","Guardian:TimeCapacitor+1","Guardian:RevengeProtocol+1","Guardian:ExploitGems+1","Guardian:ExploitGems+1","Guardian:Incinerate+1","Guardian:DonusPower+1","Guardian:Gem_Red","Guardian:FloatingOrbs+1","Guardian:Gem_Fragmented","Guardian:ExploitGems"],"special_seed":0,"relics":["Guardian:ModeShifter","Hammer of Thor","Seething Fire","Anvil of the Gods","Simple Rune","Whetstone","Nunchaku","WarpedTongs","Guardian:PickAxe","Oddly Smooth Stone","Bottled Lightning","Art of War","Empty Cage","Enchiridion","Replay:Accelerometer","Gremlin Horn","Lizard Tail"],"potions_floor_usage":[],"damage_taken":[{"damage":2.0,"enemies":"Cultist","floor":2.0,"turns":3.0},{"damage":48.0,"enemies":"Lagavulin","floor":3.0,"turns":10.0},{"damage":0.0,"enemies":"Small Slimes","floor":4.0,"turns":1.0},{"damage":0.0,"enemies":"3 Sentries","floor":5.0,"turns":5.0},{"damage":0.0,"enemies":"2 Louse","floor":8.0,"turns":1.0},{"damage":15.0,"enemies":"Lagavulin","floor":10.0,"turns":4.0},{"damage":0.0,"enemies":"Blue Slaver","floor":11.0,"turns":2.0},{"damage":0.0,"enemies":"2 Fungi Beasts","floor":12.0,"turns":1.0},{"damage":0.0,"enemies":"Large Slime","floor":13.0,"turns":3.0},{"damage":0.0,"enemies":"downfall:FleeingMerchant","floor":14.0,"turns":4.0},{"damage":13.0,"enemies":"Gremlin Gang","floor":15.0,"turns":3.0},{"damage":10.0,"enemies":"downfall:CharBossSilent","floor":16.0,"turns":6.0},{"damage":4.0,"enemies":"Shell Parasite","floor":19.0,"turns":4.0},{"damage":0.0,"enemies":"Gremlin Leader","floor":23.0,"turns":4.0},{"damage":0.0,"enemies":"Snake Plant","floor":26.0,"turns":4.0},{"damage":0.0,"enemies":"Book of Stabbing","floor":27.0,"turns":4.0},{"damage":0.0,"enemies":"Shelled Parasite and Fungi","floor":28.0,"turns":3.0},{"damage":0.0,"enemies":"Snecko","floor":30.0,"turns":6.0},{"damage":13.0,"enemies":"Cultist and Chosen","floor":31.0,"turns":4.0},{"damage":0.0,"enemies":"Shelled Parasite and Fungi","floor":32.0,"turns":3.0},{"damage":10.0,"enemies":"downfall:CharBossDefect","floor":33.0,"turns":5.0}],"seed_played":"-8963136240125400541","potions_obtained":[{"floor":3.0,"key":"Dexterity Potion"},{"floor":4.0,"key":"SkillPotion"},{"floor":11.0,"key":"Explosive Potion"},{"floor":12.0,"key":"Toxic Potion"},{"floor":15.0,"key":"Energy Potion"},{"floor":23.0,"key":"Elixir"},{"floor":26.0,"key":"GamblersBrew"},{"floor":32.0,"key":"Fire Potion"},{"floor":33.0,"key":"Adrenaline Potion"}],"is_trial":false,"path_per_floor":["R","M","E","M","E","?","T","M","R","E","M","M","M","$","M","B",null,"R_BF","M","?","R","?","E","T","T","M","E","M","?","M","M","M","B",null],"character_chosen":"GUARDIAN","items_purchased":["Bottled Lightning","Guardian:TimeBomb","Guardian:TimeCapacitor","Art of War"],"campfire_rested":0,"item_purchase_floors":[14,14,14,14],"current_hp_per_floor":[80,78,80,80,80,80,80,80,80,65,65,65,65,65,52,42,80,80,76,60,60,80,80,80,80,80,80,80,80,80,67,67,57,57,57],"gold":1100,"neow_bonus":"RANDOM_COMMON_RELIC","is_prod":false,"is_daily":false,"chose_seed":false,"campfire_upgraded":0,"win_rate":0.0,"timestamp":1607514375,"path_taken":["R","M","E","?","E","?","T","M","R","E","M","M","?","$","M","BOSS","R_BF","M","?","R","?","E","T","?","?","E","M","?","M","M","M","BOSS"],"build_version":"2020-11-30","purchased_purges":0,"victory":false,"max_hp_per_floor":[80,80,80,80,80,80,80,80,80,80,80,80,80,80,80,80,80,80,80,80,80,80,80,80,80,80,80,80,80,80,80,80,80,80,80],"card_choices":[{"not_picked":["Guardian:TemporalShield","Guardian:BronzeArmor"],"picked":"Guardian:RollAttack","floor":2.0},{"not_picked":["Guardian:Incinerate","Guardian:VentSteam"],"picked":"Guardian:ChargeCore","floor":3.0},{"not_picked":["Guardian:TemporalShield","Guardian:MultiBeam"],"picked":"Guardian:Gem_Cyan","floor":4.0},{"not_picked":["Guardian:TemporalShield","Guardian:MultiBeam"],"picked":"Guardian:Gem_Cyan","floor":4.0},{"not_picked":["Guardian:Gem_Red","Guardian:TemporalStrike"],"picked":"Guardian:EvasiveProtocol","floor":5.0},{"not_picked":["Guardian:Gem_Red","Guardian:EvasiveProtocol"],"picked":"Guardian:TemporalStrike","floor":5.0},{"not_picked":["Guardian:Suspension","Guardian:Gem_Blue"],"picked":"Guardian:Preprogram","floor":8.0},{"not_picked":["Guardian:ChargeCore","Guardian:RollAttack","Guardian:SphericShield"],"picked":"SKIP","floor":10.0},{"not_picked":["Guardian:Reroute","Guardian:ChargeCore"],"picked":"Guardian:Gem_Fragmented","floor":11.0},{"not_picked":["Guardian:MultiBeam","Guardian:ArmoredProtocol","Guardian:ChargeCore"],"picked":"SKIP","floor":12.0},{"not_picked":["Guardian:Planning","Guardian:EvasiveProtocol"],"picked":"Guardian:Gem_Crimson","floor":13.0},{"not_picked":["Guardian:TemporalStrike","Guardian:ChargeCore","Guardian:VentSteam"],"picked":"SKIP","floor":15.0},{"not_picked":["Guardian:ExploitGems","Guardian:FastForward"],"picked":"Guardian:RevengeProtocol","floor":16.0},{"not_picked":["Guardian:DecasProtection","Guardian:Recover+1"],"picked":"Guardian:Incinerate+1","floor":19.0},{"not_picked":["Guardian:VentSteam","Guardian:MultiBeam","Guardian:WalkerClaw"],"picked":"SKIP","floor":23.0},{"not_picked":["Guardian:PolyBeam","Guardian:PrismaticBeam","Guardian:ChargeCore"],"picked":"SKIP","floor":26.0},{"not_picked":["Guardian:TimeBomb","Guardian:Gem_Fragmented"],"picked":"Guardian:Gem_Cyan","floor":27.0},{"not_picked":["Guardian:CrystalBeam","Guardian:RollAttack"],"picked":"Guardian:DonusPower","floor":28.0},{"not_picked":["Guardian:Emergency","Guardian:TimeCapacitor"],"picked":"Guardian:FloatingOrbs+1","floor":30.0},{"not_picked":["Guardian:FloatingOrbs","Guardian:EvasiveProtocol","Guardian:WalkerClaw"],"picked":"SKIP","floor":31.0},{"not_picked":["Guardian:Reroute","Guardian:Gem_Fragmented","Guardian:PrimingBeam"],"picked":"SKIP","floor":32.0},{"not_picked":["Guardian:Reroute","Guardian:PrimingBeam"],"picked":"Guardian:Gem_Fragmented","floor":32.0},{"not_picked":["Guardian:StasisField","Guardian:TimeSifter"],"picked":"Guardian:ExploitGems","floor":33.0}],"player_experience":291369,"relics_obtained":[{"floor":3.0,"key":"Whetstone"},{"floor":5.0,"key":"Nunchaku"},{"floor":7.0,"key":"Guardian:PickAxe"},{"floor":10.0,"key":"Oddly Smooth Stone"},{"floor":20.0,"key":"Enchiridion"},{"floor":23.0,"key":"Replay:Accelerometer"},{"floor":25.0,"key":"Gremlin Horn"},{"floor":27.0,"key":"Lizard Tail"}],"event_choices":[{"damage_healed":26.0,"max_hp_gain":0.0,"max_hp_loss":0.0,"gold_gain":0.0,"event_name":"The Library","player_choice":"Heal","floor":22.0,"gold_loss":0.0,"damage_taken":0.0}],"is_beta":false,"boss_relics":[{"not_picked":["Pandora\u0027s Box","Replay:Bronze Core"],"picked":"Empty Cage"}],"items_purged_floors":[],"is_endless":false,"potions_floor_spawned":[3,4,11,12,15,23,26,32,33],"ascension_level":0}}