{"host":"ifd7sfhtlbe34qll","time":1607543543,"event":{"gold_per_floor":[99,99,99,99,99,99,99,99,99,99,99,99,24,24,24,24,24,24,24,24,24,24,24,24,24,24],"floor_reached":25,"playtime":1076,"items_purged":["Pain"],"score":628,"play_id":"9f964230-4e43-4659-ae62-7fda1103f281","local_time":"20201209135223","is_ascension_mode":true,"campfire_choices":[{"data":"TalkToTheHand","floor":7.0,"key":"SMITH"},{"data":"CarveReality","floor":10.0,"key":"SMITH"},{"data":"TalkToTheHand","floor":15,"key":"SMITH"},{"floor":23,"key":"REST"}],"neow_cost":"NONE","seed_source_timestamp":45718254780200,"circlet_count":0,"master_deck":["AscendersBane","Strike_P","Strike_P","Strike_P","Strike_P+1","Defend_P","Defend_P","Defend_P","Defend_P","Eruption","Vigilance","ReachHeaven+1","Protect","CarveReality+1","CutThroughFate","TalkToTheHand+1","Establishment","TalkToTheHand+1","LessonLearned+1","CurseOfTheBell","WaveOfTheHand+1","Sanctity+1","DevaForm","FollowUp","Halt+1"],"special_seed":0,"relics":["Ectoplasm","WarpedTongs","Gambling Chip","Centennial Puzzle","CeramicFish","Golden Idol","Blue Candle","Calling Bell","PreservedInsect","Sundial","TungstenRod","Red Mask","Thread and Needle","Question Card"],"potions_floor_usage":[16,19,22,24],"damage_taken":[{"damage":0.0,"enemies":"Cultist","floor":1.0,"turns":3.0},{"damage":3.0,"enemies":"Small Slimes","floor":2.0,"turns":2.0},{"damage":3.0,"enemies":"Jaw Worm","floor":4.0,"turns":4.0},{"damage":17.0,"enemies":"3 Louse","floor":5.0,"turns":4.0},{"damage":1.0,"enemies":"Gremlin Nob","floor":6.0,"turns":3.0},{"damage":5.0,"enemies":"Lagavulin","floor":8.0,"turns":5.0},{"damage":3.0,"enemies":"Gremlin Nob","floor":11.0,"turns":2.0},{"damage":0,"enemies":"Gremlin Nob","floor":14,"turns":3},{"damage":0,"enemies":"Slime Boss","floor":16,"turns":5},{"damage":18,"enemies":"3 Byrds","floor":18,"turns":8},{"damage":11,"enemies":"Masked Bandits","floor":19,"turns":4},{"damage":0,"enemies":"Spheric Guardian","floor":21,"turns":2},{"damage":2,"enemies":"3 Cultists","floor":22,"turns":6},{"damage":19,"enemies":"Slavers","floor":24,"turns":7},{"damage":57,"enemies":"Cultist and Chosen","floor":25,"turns":7}],"seed_played":"-6705885491498746405","potions_obtained":[{"floor":4.0,"key":"GamblersBrew"},{"floor":8.0,"key":"Fruit Juice"},{"floor":11,"key":"SkillPotion"},{"floor":16,"key":"LiquidMemories"},{"floor":19,"key":"BottledMiracle"}],"is_trial":false,"path_per_floor":["M","M","?","M","M","E","R","E","T","R","E","?","$","?","R","B",null,"M","?","?","M","M","R","E","M"],"character_chosen":"WATCHER","items_purchased":[],"campfire_rested":1,"item_purchase_floors":[],"current_hp_per_floor":[61,58,58,55,38,37,37,32,32,32,29,29,29,29,29,34,59,41,30,30,30,28,48,29,0,0],"gold":24,"neow_bonus":"BOSS_RELIC","is_prod":false,"is_daily":false,"chose_seed":false,"campfire_upgraded":3,"win_rate":0,"timestamp":1607543543,"path_taken":["M","M","?","?","M","E","R","E","T","R","E","?","$","?","R","BOSS","M","?","?","M","M","R","E","M"],"build_version":"2020-11-30","purchased_purges":1,"victory":false,"max_hp_per_floor":[68,68,68,68,68,68,68,68,68,68,68,62,62,62,62,67,67,67,67,67,67,67,67,67,67,67],"relic_stats":{"counters":[15,65],"Golden Idol":48,"CeramicFish":0,"Blue Candle":[3],"PreservedInsect":41,"Question Card":0,"WarpedTongs":[60],"Centennial Puzzle":[18],"Sundial":[4],"Gambling Chip":[34],"Ectoplasm":493,"obtain_stats":[{"Golden Idol":12,"CeramicFish":9,"Blue Candle":14,"Thread and Needle":20,"PreservedInsect":17,"Question Card":24,"WarpedTongs":3,"Calling Bell":17,"Centennial Puzzle":8,"Sundial":17,"Gambling Chip":6,"Ectoplasm":0,"Red Mask":19,"PureWater":0,"TungstenRod":17},{"Golden Idol":7,"CeramicFish":6,"Blue Candle":8,"Thread and Needle":11,"PreservedInsect":9,"Question Card":14,"WarpedTongs":2,"Calling Bell":9,"Centennial Puzzle":6,"Sundial":9,"Gambling Chip":5,"Ectoplasm":0,"Red Mask":11,"PureWater":0,"TungstenRod":9},{"Golden Idol":23,"CeramicFish":21,"Blue Candle":26,"Thread and Needle":43,"PreservedInsect":31,"Question Card":58,"WarpedTongs":5,"Calling Bell":31,"Centennial Puzzle":21,"Sundial":31,"Gambling Chip":16,"Ectoplasm":0,"Red Mask":43,"PureWater":0,"TungstenRod":31}],"TungstenRod":30},"card_choices":[{"not_picked":["FlurryOfBlows","CrushJoints"],"picked":"ReachHeaven","floor":1.0},{"not_picked":["FlurryOfBlows","Indignation"],"picked":"Protect","floor":2.0},{"not_picked":["Swivel","EmptyBody"],"picked":"CarveReality","floor":4.0},{"not_picked":["EmptyFist","Pray"],"picked":"CutThroughFate","floor":5.0},{"not_picked":["JustLucky","Weave"],"picked":"TalkToTheHand","floor":6.0},{"not_picked":["ClearTheMind","FlyingSleeves"],"picked":"Establishment","floor":8.0},{"not_picked":["InnerPeace","CrushJoints","ClearTheMind"],"picked":"SKIP","floor":11},{"not_picked":["SandsOfTime","Consecrate"],"picked":"TalkToTheHand","floor":14},{"not_picked":["Devotion","SpiritShield"],"picked":"LessonLearned","floor":16},{"not_picked":["JustLucky","FlyingSleeves"],"picked":"WaveOfTheHand","floor":18},{"not_picked":["FollowUp","Halt"],"picked":"Sanctity+1","floor":19},{"not_picked":["Protect","EmptyFist"],"picked":"DevaForm","floor":21},{"not_picked":["Pray","CutThroughFate"],"picked":"FollowUp","floor":22},{"not_picked":["Crescendo","CutThroughFate+1"],"picked":"Halt+1","floor":24}],"player_experience":1399035,"relics_obtained":[{"floor":6.0,"key":"Gambling Chip"},{"floor":8.0,"key":"Centennial Puzzle"},{"floor":9.0,"key":"CeramicFish"},{"floor":14,"key":"Blue Candle"},{"floor":17,"key":"PreservedInsect"},{"floor":17,"key":"Sundial"},{"floor":17,"key":"TungstenRod"},{"floor":19,"key":"Red Mask"},{"floor":20,"key":"Thread and Needle"},{"floor":24,"key":"Question Card"}],"event_choices":[{"damage_healed":0.0,"max_hp_gain":0.0,"max_hp_loss":0.0,"gold_gain":0.0,"event_name":"Accursed Blacksmith","player_choice":"Rummage","floor":3.0,"gold_loss":0.0,"damage_taken":0.0,"relics_obtained":["WarpedTongs"],"cards_obtained":["Pain"]},{"damage_healed":0,"gold_gain":0,"player_choice":"Lose Max HP","damage_taken":0,"relics_obtained":["Golden Idol"],"max_hp_gain":0,"max_hp_loss":6,"event_name":"Golden Idol","floor":12,"gold_loss":0},{"damage_healed":0,"gold_gain":30,"player_choice":"Searched \u00273\u0027 times","damage_taken":0,"max_hp_gain":0,"max_hp_loss":0,"event_name":"Dead Adventurer","floor":14,"gold_loss":0},{"damage_healed":0,"gold_gain":0,"player_choice":"Fought Bandits","damage_taken":0,"max_hp_gain":0,"max_hp_loss":0,"event_name":"Masked Bandits","floor":19,"gold_loss":0},{"damage_healed":0,"gold_gain":0,"player_choice":"Relic","damage_taken":0,"max_hp_gain":0,"max_hp_loss":0,"event_name":"Wheel of Change","floor":20,"gold_loss":0}],"is_beta":false,"boss_relics":[{"not_picked":["SacredBark","Runic Pyramid"],"picked":"Calling Bell"}],"items_purged_floors":[13],"is_endless":false,"potions_floor_spawned":[4,8,11,16,19],"killed_by":"Cultist and Chosen","ascension_level":20}}