{"host":"y89x8uui45kcjy42","time":1607501322,"event":{"gold_per_floor":[365,365,380,72,85,85,95,95,122,133,152,152,327,342,342,441,441,454,454,42,59,59,59,59,59,130,130,141,154,154,165,165,270,270,286,286,303,322,347,347,382,382,409,409,424,424,176,191,191,191,191,191],"floor_reached":50,"playtime":2620,"items_purged":["Decay","Doubt","DTMod:Strike"],"score":539,"play_id":"cbfe5663-e075-410d-845f-5563d23706ee","local_time":"20201209170842","is_ascension_mode":false,"metric_token":799,"campfire_choices":[{"data":"DTMod:HeatWave","floor":6,"key":"SMITH"},{"data":"DTMod:LastStand","floor":8,"key":"SMITH"},{"data":"DTMod:Training","floor":15,"key":"SMITH"},{"data":"DTMod:HeadStart","floor":23,"key":"SMITH"},{"data":"DTMod:Threaten","floor":25,"key":"SMITH"},{"data":"DTMod:CleansingStrike","floor":32,"key":"SMITH"},{"data":"DTMod:Prediction","floor":40,"key":"SMITH"},{"floor":42,"key":"REST"},{"data":"DTMod:DragonDance","floor":46,"key":"SMITH"},{"data":"DTMod:SwitchingTactic","floor":49,"key":"SMITH"}],"neow_cost":"CURSE","dtmod_dragon_data":[17,58,2,0,4,0],"seed_source_timestamp":1023984174819900,"circlet_count":0,"master_deck":["DTMod:Strike","DTMod:DoubleHit","DTMod:TargetDefense+1","DTMod:TargetDefense","DTMod:TargetDefense","DTMod:SwitchingTactic+1","DTMod:CleansingStrike+1","DTMod:Shift+1","DTMod:HeatWave+1","DTMod:LastStand+1","DTMod:Training+1","DTMod:Threaten+1","DTMod:BuildUp","DTMod:HeadStart+1","DTMod:Conduct+1","DTMod:Coolant+1","DTMod:StarRain+1","DTMod:LastStand+1","DTMod:Shift","Necronomicurse","DTMod:SneakAttack+1","DTMod:BlazingStrike","DTMod:CrossStep+1","DTMod:Prediction+1","DTMod:DragonDance+1","DTMod:Conduct+1","DTMod:MaximumCharge"],"relics":["DTMod:PactStone","Centennial Puzzle","War Paint","Bag of Preparation","Letter Opener","Astrolabe","DTMod:SwitchButton","Ancient Tea Set","Necronomicon","HornCleat","Anchor","Sozu","Dream Catcher","StoneCalendar","Potion Belt","Membership Card"],"potions_floor_usage":[16,16,16,33,50],"damage_taken":[{"damage":6,"enemies":"Jaw Worm","floor":1,"turns":3},{"damage":0,"enemies":"Cultist","floor":3,"turns":4},{"damage":0,"enemies":"Small Slimes","floor":5,"turns":4},{"damage":0,"enemies":"Looter","floor":7,"turns":4},{"damage":0,"enemies":"3 Louse","floor":10,"turns":3},{"damage":0,"enemies":"Red Slaver","floor":11,"turns":6},{"damage":0,"enemies":"Exordium Wildlife","floor":14,"turns":6},{"damage":17,"enemies":"Hexaghost","floor":16,"turns":10},{"damage":5,"enemies":"Spheric Guardian","floor":18,"turns":3},{"damage":4,"enemies":"2 Thieves","floor":21,"turns":4},{"damage":0,"enemies":"Centurion and Healer","floor":28,"turns":4},{"damage":0,"enemies":"Cultist and Chosen","floor":29,"turns":4},{"damage":0,"enemies":"Snake Plant","floor":31,"turns":2},{"damage":0,"enemies":"Automaton","floor":33,"turns":9},{"damage":25,"enemies":"3 Shapes","floor":35,"turns":3},{"damage":0,"enemies":"Orb Walker","floor":37,"turns":4},{"damage":0,"enemies":"Jaw Worm Horde","floor":38,"turns":4},{"damage":30,"enemies":"Giant Head","floor":41,"turns":7},{"damage":1,"enemies":"Maw","floor":45,"turns":6},{"damage":0,"enemies":"Spire Growth","floor":48,"turns":2},{"damage":44,"enemies":"Awakened One","floor":50,"turns":10}],"seed_played":"828270541549315661","potions_obtained":[{"floor":3,"key":"SneckoOil"},{"floor":5,"key":"LiquidMemories"},{"floor":10,"key":"AttackPotion"},{"floor":11,"key":"FearPotion"},{"floor":18,"key":"FairyPotion"},{"floor":21,"key":"AttackPotion"},{"floor":29,"key":"Ancient Potion"}],"is_trial":false,"path_per_floor":["M","?","M","$","M","R","M","R","T","M","M","?","?","M","R","B",null,"M","?","$","M","?","R","$","R","T","?","M","M","T","M","R","B",null,"M","?","M","M","T","R","E","R","T","?","M","R","$","M","R","B"],"character_chosen":"THE_DT","items_purchased":["DTMod:Shift","War Paint","DTMod:SwitchButton","Ancient Tea Set","Membership Card","DTMod:MaximumCharge"],"campfire_rested":1,"item_purchase_floors":[4,4,20,20,47,47],"current_hp_per_floor":[39,39,39,39,39,39,39,39,39,39,39,21,21,21,21,4,45,40,40,40,36,20,20,20,20,20,20,20,20,20,20,20,20,45,20,20,20,20,20,20,13,26,26,26,25,25,25,25,25,0,0,0],"gold":191,"neow_bonus":"TWO_FIFTY_GOLD","is_prod":false,"is_daily":false,"chose_seed":false,"campfire_upgraded":9,"win_rate":0.0,"timestamp":1607501322,"path_taken":["M","?","?","$","M","R","M","R","T","M","M","?","?","M","R","BOSS","M","?","$","M","?","R","$","R","T","?","M","?","?","M","R","BOSS","M","?","M","M","?","R","E","R","T","?","?","R","$","M","R","BOSS"],"build_version":"2020-11-30","purchased_purges":3,"victory":false,"max_hp_per_floor":[45,45,45,45,45,45,45,45,45,45,45,45,45,45,45,45,45,45,45,45,45,45,45,45,45,45,45,45,45,45,45,45,45,45,45,45,45,45,45,45,45,45,45,45,45,45,45,45,45,45,45,45],"card_choices":[{"not_picked":["DTMod:BreakAttack","DTMod:Weaken"],"picked":"DTMod:LastStand","floor":1},{"not_picked":["DTMod:BlueScale","DTMod:Hide"],"picked":"DTMod:CleansingStrike","floor":3},{"not_picked":["DTMod:BuildUp","DTMod:LowKick"],"picked":"DTMod:HeatWave","floor":5},{"not_picked":["DTMod:Threaten","DTMod:TauntingStrike"],"picked":"DTMod:LastStand","floor":7},{"not_picked":["DTMod:LowKick","DTMod:BurningEnergy"],"picked":"DTMod:Training","floor":10},{"not_picked":["DTMod:MasterPlan","DTMod:TriAttack"],"picked":"DTMod:Threaten","floor":11},{"not_picked":["DTMod:Adaptation","DTMod:BreakAttack"],"picked":"DTMod:BuildUp","floor":14},{"not_picked":["DTMod:StunTrap","DTMod:FierySynthesis"],"picked":"DTMod:HeadStart","floor":16},{"not_picked":["DTMod:BlueScale+1","DTMod:LowKick"],"picked":"DTMod:LastStand+1","floor":18},{"not_picked":["DTMod:BizarreTactic","DTMod:Threaten+1"],"picked":"DTMod:Shift","floor":21},{"not_picked":["DTMod:InvisibleFlame","DTMod:CleansingStrike"],"picked":"DTMod:SneakAttack+1","floor":28},{"not_picked":["DTMod:BizarreTactic","DTMod:BreakAttack"],"picked":"DTMod:BlazingStrike","floor":29},{"not_picked":["DTMod:Hide+1","DTMod:BizarreTactic"],"picked":"DTMod:CrossStep+1","floor":31},{"not_picked":["DTMod:TriAttack","DTMod:RepeatStrike"],"picked":"DTMod:Prediction","floor":33},{"not_picked":["DTMod:BuildUp+1","DTMod:BurningForce","DTMod:Conduct"],"picked":"SKIP","floor":35},{"not_picked":["DTMod:RunningTactic","DTMod:GhostSkin"],"picked":"DTMod:DragonDance","floor":37},{"not_picked":["DTMod:BurningForce","DTMod:FlameSlash+1","DTMod:BurningEnergy"],"picked":"SKIP","floor":38},{"not_picked":["DTMod:Weaken","DTMod:HeatWave+1"],"picked":"DTMod:Conduct+1","floor":41},{"not_picked":["DTMod:Punisher+1","DTMod:BurningForce","DTMod:DeepFocus+1"],"picked":"SKIP","floor":45},{"not_picked":["DTMod:MaximumCharge","DTMod:Feint+1","DTMod:TriAttack"],"picked":"SKIP","floor":48}],"player_experience":487432,"relics_obtained":[{"floor":9,"key":"Bag of Preparation"},{"floor":22,"key":"Necronomicon"},{"floor":26,"key":"HornCleat"},{"floor":30,"key":"Anchor"},{"floor":39,"key":"Dream Catcher"},{"floor":41,"key":"StoneCalendar"},{"floor":43,"key":"Potion Belt"}],"event_choices":[{"cards_removed":["DTMod:LastStand"],"damage_healed":0,"gold_gain":0,"player_choice":"Gave Card","damage_taken":0,"relics_obtained":["Centennial Puzzle"],"max_hp_gain":0,"max_hp_loss":0,"event_name":"WeMeetAgain","floor":2,"gold_loss":0},{"damage_healed":0,"gold_gain":0,"player_choice":"Success","damage_taken":18,"relics_obtained":["Letter Opener"],"max_hp_gain":0,"max_hp_loss":0,"event_name":"Scrap Ooze","floor":12,"gold_loss":0},{"damage_healed":0,"gold_gain":175,"player_choice":"AGREE","damage_taken":0,"max_hp_gain":0,"max_hp_loss":0,"event_name":"Liars Game","floor":13,"gold_loss":0,"cards_obtained":["Doubt"]},{"damage_healed":0,"gold_gain":0,"player_choice":"Ignored","damage_taken":0,"max_hp_gain":0,"max_hp_loss":0,"event_name":"Ghosts","floor":19,"gold_loss":0},{"damage_healed":0,"gold_gain":0,"player_choice":"Obtained Book","damage_taken":16,"max_hp_gain":0,"max_hp_loss":0,"event_name":"Cursed Tome","floor":22,"gold_loss":0},{"damage_healed":0,"gold_gain":0,"player_choice":"0 cards matched","damage_taken":0,"max_hp_gain":0,"max_hp_loss":0,"event_name":"Match and Keep!","floor":27,"gold_loss":0,"cards_obtained":[]},{"damage_healed":0,"gold_gain":0,"player_choice":"Memory 1","damage_taken":0,"max_hp_gain":0,"max_hp_loss":0,"event_name":"SensoryStone","floor":36,"gold_loss":0},{"damage_healed":0,"gold_gain":0,"player_choice":"Got Potions","damage_taken":0,"max_hp_gain":0,"max_hp_loss":0,"event_name":"Lab","floor":44,"gold_loss":0}],"is_beta":false,"boss_relics":[{"not_picked":["DTMod:TheChair","Runic Pyramid"],"picked":"Astrolabe"},{"not_picked":["Black Star","Runic Dome"],"picked":"Sozu"}],"items_purged_floors":[4,20,47],"is_endless":false,"potions_floor_spawned":[3,5,10,11,18,21,29,35,38,45],"killed_by":"Awakened One","ascension_level":0}}