{"host":"49c2zf0lajbcs427","time":1607503558,"event":{"gold_per_floor":[109,109,109,109,150,150,206,206,230,77,136,213,262,312,312,444,444,493,543,543,543,569,626,666,696,696,788,836,376,423,547,547,679,679,759,464,464,570,244,244,257,257,257,257,257,274,306,306,306,306],"floor_reached":51,"playtime":6497,"items_purged":["Fasting2","WreathOfFlame","Judgement+1","Devotion"],"score":1279,"play_id":"c8389e08-0bab-49aa-8b7f-051dcfb681a5","local_time":"20201209214558","is_ascension_mode":true,"campfire_choices":[{"data":"Judgement","floor":6.0,"key":"SMITH"},{"data":"Wish","floor":8.0,"key":"SMITH"},{"data":"DevaForm","floor":15.0,"key":"SMITH"},{"data":"LikeWater","floor":32.0,"key":"SMITH"},{"data":"Fasting2","floor":40,"key":"SMITH"},{"data":"DevaForm","floor":42,"key":"SMITH"},{"floor":44,"key":"REST"},{"data":"Fasting2","floor":49,"key":"SMITH"}],"neow_cost":"NONE","seed_source_timestamp":160678916029000,"circlet_count":0,"master_deck":["AscendersBane","Eruption","Vigilance","InnerPeace","ClearTheMind","DevaForm+1","Wish+1","LikeWater+1","Protect","ReachHeaven","LikeWater","ThirdEye","Omniscience","LikeWater","Wireheading","Meditate+1","DevaForm+1","WheelKick","EmptyMind+1","Wish+1","Swivel+1","Blasphemy+1","Fasting2+1","Fasting2+1","Eruption","Fasting2+1","Scrawl+1","Meditate+1"],"special_seed":0,"relics":["Pandora\u0027s Box","FossilizedHelix","Boot","Tiny Chest","Lantern","Pantograph","Snecko Eye","Potion Belt","Question Card","Toxic Egg 2","Meat on the Bone","Gremlin Horn","Happy Flower","Oddly Smooth Stone","Cursed Key","Orrery","Shuriken"],"potions_floor_usage":[35,35,50,50,50,50,50],"damage_taken":[{"damage":1.0,"enemies":"Cultist","floor":1.0,"turns":4.0},{"damage":0.0,"enemies":"2 Louse","floor":5.0,"turns":5.0},{"damage":10.0,"enemies":"3 Sentries","floor":7.0,"turns":6.0},{"damage":0.0,"enemies":"Lagavulin","floor":11.0,"turns":5.0},{"damage":0.0,"enemies":"Jaw Worm","floor":13.0,"turns":4.0},{"damage":0.0,"enemies":"Large Slime","floor":14.0,"turns":6.0},{"damage":23.0,"enemies":"Hexaghost","floor":16.0,"turns":8.0},{"damage":0.0,"enemies":"Shell Parasite","floor":18.0,"turns":4.0},{"damage":0.0,"enemies":"Spheric Guardian","floor":19.0,"turns":3.0},{"damage":0.0,"enemies":"Gremlin Leader","floor":23.0,"turns":5.0},{"damage":0.0,"enemies":"3 Cultists","floor":24.0,"turns":5.0},{"damage":3.0,"enemies":"Slavers","floor":25.0,"turns":6.0},{"damage":38.0,"enemies":"Gremlin Leader","floor":27.0,"turns":9.0},{"damage":0.0,"enemies":"Shelled Parasite and Fungi","floor":28.0,"turns":4.0},{"damage":14.0,"enemies":"Snake Plant","floor":30.0,"turns":3.0},{"damage":0.0,"enemies":"Book of Stabbing","floor":31.0,"turns":4.0},{"damage":0.0,"enemies":"Champ","floor":33.0,"turns":7.0},{"damage":31,"enemies":"3 Darklings","floor":35,"turns":3},{"damage":12,"enemies":"3 Shapes","floor":38,"turns":5},{"damage":0,"enemies":"Maw","floor":41,"turns":5},{"damage":0,"enemies":"Spire Growth","floor":46,"turns":2},{"damage":11,"enemies":"Reptomancer","floor":47,"turns":6},{"damage":12,"enemies":"Donu and Deca","floor":50,"turns":5}],"seed_played":"4682384723213606","potions_obtained":[{"floor":1.0,"key":"SmokeBomb"},{"floor":7.0,"key":"LiquidBronze"},{"floor":14.0,"key":"StancePotion"},{"floor":19.0,"key":"SkillPotion"},{"floor":23.0,"key":"Dexterity Potion"},{"floor":27.0,"key":"Dexterity Potion"},{"floor":30.0,"key":"Explosive Potion"},{"floor":33.0,"key":"Block Potion"},{"floor":41,"key":"BottledMiracle"}],"is_trial":false,"path_per_floor":["M","T","?","?","M","R","E","R","T","$","E","?","M","M","R","B",null,"M","M","?","?","T","E","M","E","T","E","M","$","M","E","R","B",null,"M","$","?","M","$","R","M","R","T","R","?","M","E","T","R","B",null],"character_chosen":"WATCHER","items_purchased":["ReachHeaven","Happy Flower","WheelKick","EmptyMind+1","LiquidMemories","Fasting2","FearPotion","StancePotion","Orrery","Meditate+1"],"campfire_rested":1,"item_purchase_floors":[10,29,29,29,29,36,36,36,39,39],"current_hp_per_floor":[64,64,64,61,61,61,51,51,51,51,51,51,51,51,51,49,66,66,66,66,66,66,66,66,63,63,37,37,37,35,47,47,72,72,41,41,41,41,41,41,41,41,41,62,62,62,51,51,51,56],"gold":306,"neow_bonus":"BOSS_RELIC","is_prod":false,"is_daily":false,"chose_seed":false,"campfire_upgraded":7,"win_rate":0,"timestamp":1607503558,"path_taken":["M","?","?","?","M","R","E","R","T","$","E","?","M","M","R","BOSS","M","M","?","?","?","E","M","E","T","E","M","$","M","E","R","BOSS","M","$","?","?","$","R","M","R","T","R","?","M","E","?","R","BOSS"],"build_version":"2020-11-30","purchased_purges":4,"victory":true,"max_hp_per_floor":[72,72,72,72,72,72,72,72,72,72,72,72,72,72,72,72,72,72,72,72,72,72,72,72,72,72,72,72,72,72,72,72,72,72,72,72,72,72,72,72,72,72,72,72,68,68,68,68,68,68],"relic_stats":{"Gremlin Horn":[12,12],"Happy Flower":[13],"counters":[23,114],"Boot":[23],"Question Card":17,"Cursed Key":0,"Shuriken":[2],"Pantograph":63,"Snecko Eye":[171,165,161,157],"Pandora\u0027s Box":["InnerPeace","ClearTheMind","DevaForm","Fasting2","Devotion","Wish","LikeWater","Judgement"],"Tiny Chest":2,"obtain_stats":[{"Potion Belt":22,"Lantern":9,"Gremlin Horn":27,"Happy Flower":29,"Oddly Smooth Stone":31,"Boot":4,"Question Card":23,"Cursed Key":34,"Shuriken":47,"Pantograph":11,"Snecko Eye":17,"Orrery":39,"Pandora\u0027s Box":0,"Tiny Chest":7,"PureWater":0,"Toxic Egg 2":25,"FossilizedHelix":2,"Meat on the Bone":26},{"Potion Belt":9,"Lantern":3,"Gremlin Horn":13,"Happy Flower":14,"Oddly Smooth Stone":16,"Boot":1,"Question Card":10,"Cursed Key":17,"Shuriken":22,"Pantograph":4,"Snecko Eye":7,"Orrery":19,"Pandora\u0027s Box":0,"Tiny Chest":3,"PureWater":0,"Toxic Egg 2":12,"FossilizedHelix":1,"Meat on the Bone":12},{"Potion Belt":45,"Lantern":15,"Gremlin Horn":70,"Happy Flower":74,"Oddly Smooth Stone":81,"Boot":4,"Question Card":50,"Cursed Key":88,"Shuriken":109,"Pantograph":20,"Snecko Eye":38,"Orrery":96,"Pandora\u0027s Box":0,"Tiny Chest":15,"PureWater":0,"Toxic Egg 2":61,"FossilizedHelix":4,"Meat on the Bone":61}],"Meat on the Bone":48},"card_choices":[{"not_picked":["WindmillStrike","BowlingBash"],"picked":"Protect","floor":1.0},{"not_picked":["BowlingBash","Sanctity"],"picked":"Consecrate","floor":5.0},{"not_picked":["Halt","Conclude"],"picked":"FlurryOfBlows","floor":7.0},{"not_picked":["BowlingBash","PathToVictory"],"picked":"LikeWater","floor":11.0},{"not_picked":["PathToVictory","Evaluate"],"picked":"ThirdEye","floor":13.0},{"not_picked":["BattleHymn","SashWhip","CrushJoints"],"picked":"SKIP","floor":14.0},{"not_picked":["Establishment","Devotion"],"picked":"Omniscience","floor":16.0},{"not_picked":["JustLucky","WindmillStrike","EmptyFist"],"picked":"SKIP","floor":18.0},{"not_picked":["CrushJoints","SashWhip+1"],"picked":"LikeWater","floor":19.0},{"not_picked":["Crescendo+1","Vengeance","Study+1"],"picked":"SKIP","floor":23.0},{"not_picked":["EmptyBody","Brilliance","Wireheading"],"picked":"Meditate+1","floor":24.0},{"not_picked":["PathToVictory+1","Consecrate+1","FlyingSleeves","Prostrate+1"],"picked":"SKIP","floor":25.0},{"not_picked":["ClearTheMind+1","Swivel+1","FlyingSleeves"],"picked":"DevaForm","floor":27.0},{"not_picked":["Evaluate+1","Wireheading","Protect+1","JustLucky"],"picked":"SKIP","floor":28.0},{"not_picked":["CrushJoints","CutThroughFate","Evaluate+1"],"picked":"Wish+1","floor":30.0},{"not_picked":["Prostrate+1","Halt+1","JustLucky"],"picked":"Swivel+1","floor":31.0},{"not_picked":["Alpha+1","SpiritShield+1","MasterReality"],"picked":"Blasphemy+1","floor":33.0},{"not_picked":["CrushJoints+1","Sanctity+1","ForeignInfluence+1"],"picked":"Fasting2+1","floor":35},{"not_picked":["Worship+1","FlyingSleeves+1","FlurryOfBlows"],"picked":"Fasting2","floor":38},{"not_picked":["Worship+1","Consecrate","LikeWater"],"picked":"Scrawl+1","floor":39},{"not_picked":["DeceiveReality+1","Protect+1","Crescendo+1","CutThroughFate+1"],"picked":"SKIP","floor":41},{"not_picked":["ForeignInfluence+1","JustLucky","Evaluate+1","SashWhip+1"],"picked":"SKIP","floor":46},{"not_picked":["Evaluate+1","SandsOfTime","Wireheading","JustLucky"],"picked":"SKIP","floor":47}],"player_experience":2039484,"relics_obtained":[{"floor":2.0,"key":"FossilizedHelix"},{"floor":7.0,"key":"Tiny Chest"},{"floor":9.0,"key":"Lantern"},{"floor":11.0,"key":"Pantograph"},{"floor":22.0,"key":"Potion Belt"},{"floor":23.0,"key":"Question Card"},{"floor":25.0,"key":"Toxic Egg 2"},{"floor":26.0,"key":"Meat on the Bone"},{"floor":27.0,"key":"Gremlin Horn"},{"floor":31.0,"key":"Oddly Smooth Stone"},{"floor":47,"key":"Shuriken"}],"event_choices":[{"damage_healed":0.0,"max_hp_gain":0.0,"max_hp_loss":0.0,"gold_gain":0.0,"event_name":"Liars Game","player_choice":"Ignored","floor":3.0,"gold_loss":0.0,"damage_taken":0.0},{"damage_healed":0.0,"max_hp_gain":0.0,"max_hp_loss":0.0,"gold_gain":0.0,"event_name":"Scrap Ooze","player_choice":"Success","floor":4.0,"gold_loss":0.0,"damage_taken":3.0,"relics_obtained":["Boot"]},{"damage_healed":0.0,"max_hp_gain":0.0,"max_hp_loss":0.0,"gold_gain":77.0,"event_name":"Golden Wing","player_choice":"Gained Gold","floor":12.0,"gold_loss":0.0,"damage_taken":0.0},{"damage_healed":0.0,"max_hp_gain":0.0,"max_hp_loss":0.0,"gold_gain":0.0,"cards_transformed":["Consecrate","FlurryOfBlows"],"event_name":"Drug Dealer","player_choice":"Became Test Subject","floor":20.0,"gold_loss":0.0,"damage_taken":0.0,"cards_obtained":["WreathOfFlame","Wireheading"]},{"damage_healed":0.0,"max_hp_gain":0.0,"max_hp_loss":0.0,"gold_gain":0.0,"event_name":"The Woman in Blue","player_choice":"Bought 0 Potions","floor":21.0,"gold_loss":0.0,"damage_taken":0.0},{"damage_healed":0,"gold_gain":0,"player_choice":"1 cards matched","damage_taken":0,"max_hp_gain":0,"max_hp_loss":0,"event_name":"Match and Keep!","floor":37,"gold_loss":0,"cards_obtained":["Eruption"]},{"damage_healed":0,"gold_gain":0,"player_choice":"Max HP","damage_taken":0,"max_hp_gain":0,"max_hp_loss":4,"event_name":"Winding Halls","floor":45,"gold_loss":0}],"is_beta":false,"boss_relics":[{"not_picked":["Ectoplasm","Runic Pyramid"],"picked":"Snecko Eye"},{"not_picked":["Black Star","Runic Dome"],"picked":"Cursed Key"}],"items_purged_floors":[10,29,36,39],"is_endless":false,"potions_floor_spawned":[1,7,14,19,23,27,30,33,38,41,46],"ascension_level":10}}