{"host":"f9ntswufr8mq3t4y","time":1607542405,"event":{"gold_per_floor":[364,374,1,19,194,48,48,48,48,69,88,121,121,164,164,274,274,294,321,349,217,236,236,161,161,188,140,156,192,192,592,592,592,592],"floor_reached":33,"playtime":1437,"items_purged":["Doubt"],"score":370,"play_id":"8b511a06-4897-4ef2-b894-fb9dc215f53c","local_time":"20201209223325","is_ascension_mode":true,"campfire_choices":[{"data":"Defragment","floor":7,"key":"SMITH"},{"floor":13,"key":"REST"},{"floor":15,"key":"REST"},{"data":"Amplify","floor":23,"key":"SMITH"},{"data":"Amplify","floor":25,"key":"SMITH"},{"data":"White Noise","floor":30,"key":"SMITH"},{"data":"White Noise","floor":32,"key":"SMITH"}],"neow_cost":"TEN_PERCENT_HP_LOSS","seed_source_timestamp":47616543782400,"circlet_count":0,"master_deck":["Strike_B","Strike_B","Strike_B","Defend_B","Defend_B","Defend_B","Defend_B","Zap","Dualcast","Static Discharge","Doom and Gloom","Static Discharge+1","Defragment+1","Capacitor","Melter","Core Surge","Amplify+1","Capacitor","White Noise+1","White Noise+1","Amplify+1","Electrodynamics"],"special_seed":0,"relics":["FrozenCore","Torii","CeramicFish","Anchor","White Beast Statue","MealTicket","Gremlin Horn","Old Coin","Eternal Feather"],"potions_floor_usage":[11,16,18,20,22,29,29,31,31,33],"damage_taken":[{"damage":1,"enemies":"Cultist","floor":1,"turns":3},{"damage":10,"enemies":"Small Slimes","floor":2,"turns":3},{"damage":1,"enemies":"2 Louse","floor":4,"turns":2},{"damage":1,"enemies":"2 Fungi Beasts","floor":10,"turns":3},{"damage":8,"enemies":"Large Slime","floor":11,"turns":5},{"damage":35,"enemies":"Gremlin Nob","floor":12,"turns":4},{"damage":25,"enemies":"Lagavulin","floor":14,"turns":6},{"damage":6,"enemies":"Hexaghost","floor":16,"turns":5},{"damage":0,"enemies":"Chosen","floor":18,"turns":9},{"damage":1,"enemies":"Spheric Guardian","floor":19,"turns":3},{"damage":13,"enemies":"3 Cultists","floor":20,"turns":5},{"damage":8,"enemies":"Chosen and Byrds","floor":22,"turns":4},{"damage":1,"enemies":"Sentry and Sphere","floor":28,"turns":4},{"damage":0,"enemies":"Slavers","floor":29,"turns":2},{"damage":12,"enemies":"Colosseum Slavers","floor":31,"turns":2},{"damage":15,"enemies":"Colosseum Nobs","floor":31,"turns":4},{"damage":45,"enemies":"Collector","floor":33,"turns":6}],"seed_played":"3551730377283417473","potions_obtained":[{"floor":4,"key":"SkillPotion"},{"floor":14,"key":"Weak Potion"},{"floor":16,"key":"Fire Potion"},{"floor":18,"key":"Dexterity Potion"},{"floor":19,"key":"SkillPotion"},{"floor":20,"key":"Weak Potion"},{"floor":22,"key":"Energy Potion"},{"floor":29,"key":"PowerPotion"},{"floor":31,"key":"AttackPotion"}],"is_trial":false,"path_per_floor":["M","M","$","M","?","$","R","?","T","M","M","E","R","E","R","B",null,"M","M","M","$","M","R","?","R","T","$","M","E","R","?","R","B"],"character_chosen":"DEFECT","items_purchased":["Torii","Static Discharge","Capacitor","Amplify","FocusPotion"],"campfire_rested":2,"item_purchase_floors":[3,3,6,21,27],"current_hp_per_floor":[67,57,57,56,56,56,56,56,56,55,47,12,32,7,27,21,68,68,67,54,54,46,46,46,46,46,61,60,60,60,33,45,0,0],"gold":592,"neow_bonus":"TWO_FIFTY_GOLD","is_prod":false,"is_daily":false,"chose_seed":false,"campfire_upgraded":5,"win_rate":0,"timestamp":1607542405,"path_taken":["M","M","$","?","?","$","R","?","T","M","M","E","R","E","R","BOSS","M","M","M","$","M","R","?","R","T","$","M","E","R","?","R","BOSS"],"build_version":"2020-11-30","purchased_purges":1,"victory":false,"max_hp_per_floor":[68,68,68,68,68,68,68,68,68,68,68,68,68,68,68,68,68,68,68,68,68,68,68,68,68,68,68,68,68,68,68,68,68,68],"card_choices":[{"not_picked":["Stack","Streamline"],"picked":"Static Discharge","floor":1},{"not_picked":["BootSequence","FTL"],"picked":"Doom and Gloom","floor":2},{"not_picked":["Hologram","Compile Driver"],"picked":"Defragment","floor":4},{"not_picked":["Gash","Leap"],"picked":"Melter","floor":10},{"not_picked":["Hyperbeam","Aggregate","Go for the Eyes"],"picked":"SKIP","floor":11},{"not_picked":["Gash","Auto Shields","Tempest"],"picked":"SKIP","floor":12},{"not_picked":["Sweeping Beam","Go for the Eyes"],"picked":"Core Surge","floor":14},{"not_picked":["Hyperbeam","Buffer"],"picked":"Amplify","floor":16},{"not_picked":["Ball Lightning","Rebound"],"picked":"Capacitor","floor":18},{"not_picked":["BootSequence+1","Barrage"],"picked":"White Noise","floor":19},{"not_picked":["Cold Snap","Skim+1"],"picked":"White Noise","floor":20},{"not_picked":["Ball Lightning","Barrage","Redo"],"picked":"SKIP","floor":22},{"not_picked":["Gash","Hologram","Ball Lightning+1"],"picked":"SKIP","floor":28},{"not_picked":["Storm","Rebound"],"picked":"Electrodynamics","floor":29}],"player_experience":308341,"relics_obtained":[{"floor":9,"key":"CeramicFish"},{"floor":12,"key":"Anchor"},{"floor":14,"key":"White Beast Statue"},{"floor":26,"key":"MealTicket"},{"floor":29,"key":"Gremlin Horn"},{"floor":31,"key":"Old Coin"},{"floor":31,"key":"Eternal Feather"}],"event_choices":[{"damage_healed":0,"gold_gain":175,"player_choice":"AGREE","damage_taken":0,"max_hp_gain":0,"max_hp_loss":0,"event_name":"Liars Game","floor":5,"gold_loss":0,"cards_obtained":["Doubt"]},{"damage_healed":0,"gold_gain":0,"player_choice":"Grow","damage_taken":0,"max_hp_gain":0,"max_hp_loss":0,"event_name":"Living Wall","floor":8,"gold_loss":0,"cards_upgraded":["Static Discharge"]},{"cards_removed":["Strike_B"],"damage_healed":0,"gold_gain":0,"player_choice":"Gave Gold","damage_taken":0,"max_hp_gain":0,"max_hp_loss":0,"event_name":"Beggar","floor":24,"gold_loss":75},{"damage_healed":0,"gold_gain":0,"player_choice":"Fight","damage_taken":0,"max_hp_gain":0,"max_hp_loss":0,"event_name":"Colosseum","floor":31,"gold_loss":0},{"damage_healed":0,"gold_gain":0,"player_choice":"Fought Nobs","damage_taken":0,"max_hp_gain":0,"max_hp_loss":0,"event_name":"Colosseum","floor":31,"gold_loss":0}],"is_beta":false,"boss_relics":[{"not_picked":["Fusion Hammer","Pandora\u0027s Box"],"picked":"FrozenCore"}],"items_purged_floors":[6],"is_endless":false,"potions_floor_spawned":[4,14,16,18,19,20,22,28,29,31,31],"killed_by":"Collector","ascension_level":3}}