{"host":"wl5kcyk3ocgwii71","time":1607534664,"event":{"gold_per_floor":[110,124,143,153,168,168,184,203,229,229,229,261,261,286,286,384,384],"floor_reached":16,"playtime":358,"items_purged":[],"score":200,"play_id":"974951df-8c8e-4be5-920e-cf06b48478e1","local_time":"20201209092424","is_ascension_mode":true,"campfire_choices":[{"data":"Neutralize","floor":6,"key":"SMITH"},{"data":"Escape Plan","floor":11,"key":"SMITH"},{"floor":15,"key":"REST"}],"neow_cost":"NONE","seed_source_timestamp":430096581787700,"circlet_count":0,"master_deck":["Strike_G","Strike_G","Strike_G","Strike_G","Strike_G","Defend_G","Defend_G","Defend_G","Defend_G","Defend_G","Survivor+1","Neutralize+1","Dash","Flying Knee+1","Fluid Movement","Poisoned Stab","Dagger Spray","Escape Plan+1","Quick Slash","Dagger Throw"],"relics":["Ring of the Snake","NeowsBlessing","Art of War","Tingsha","Quantum Egg","Regal Pillow"],"potions_floor_usage":[7,16,16],"damage_taken":[{"damage":0,"enemies":"Cultist","floor":1,"turns":1},{"damage":0,"enemies":"2 Louse","floor":2,"turns":1},{"damage":0,"enemies":"Jaw Worm","floor":3,"turns":1},{"damage":3,"enemies":"Blue Slaver","floor":4,"turns":6},{"damage":0,"enemies":"Looter","floor":5,"turns":4},{"damage":0,"enemies":"Gremlin Gang","floor":7,"turns":1},{"damage":7,"enemies":"2 Fungi Beasts","floor":8,"turns":3},{"damage":34,"enemies":"Lagavulin","floor":12,"turns":8},{"damage":18,"enemies":"Slime Boss","floor":16,"turns":13}],"seed_played":"-8181954739614549270","potions_obtained":[{"floor":3,"key":"GhostInAJar"},{"floor":5,"key":"Explosive Potion"},{"floor":7,"key":"SkillPotion"},{"floor":8,"key":"Block Potion"},{"floor":16,"key":"Dexterity Potion"}],"is_trial":false,"path_per_floor":["M","M","M","M","M","R","M","M","T","T","R","E","?","T","R","B"],"character_chosen":"THE_SILENT","items_purchased":[],"campfire_rested":1,"item_purchase_floors":[],"current_hp_per_floor":[63,63,63,60,60,60,60,53,53,53,53,19,5,5,41,23,23],"gold":384,"neow_bonus":"THREE_ENEMY_KILL","is_prod":false,"is_daily":false,"chose_seed":false,"campfire_upgraded":2,"win_rate":0,"timestamp":1607534664,"path_taken":["M","M","M","M","M","R","M","M","T","?","R","E","?","?","R","BOSS"],"build_version":"2020-11-30","purchased_purges":0,"victory":false,"max_hp_per_floor":[70,70,70,70,70,70,70,70,70,70,70,70,70,70,70,70,70],"card_choices":[{"not_picked":["Quick Slash","Sucker Punch"],"picked":"Dash","floor":1},{"not_picked":["Setup","Calculated Gamble"],"picked":"Flying Knee","floor":2},{"not_picked":["Finisher","Bouncing Flask"],"picked":"Fluid Movement","floor":3},{"not_picked":["ReplayTheSpireMod:Exploit Weakness","Sneak Up"],"picked":"Poisoned Stab","floor":4},{"not_picked":["Deflect","ReplayTheSpireMod:Tripwire"],"picked":"Dagger Spray","floor":5},{"not_picked":["Setup","Deflect"],"picked":"Escape Plan","floor":7},{"not_picked":["Dagger Spray","Riddle With Holes"],"picked":"Quick Slash","floor":8},{"not_picked":["Underhanded Strike","Blade Dance"],"picked":"Dagger Throw","floor":12}],"player_experience":342205,"relics_obtained":[{"floor":9,"key":"Art of War"},{"floor":10,"key":"Tingsha"},{"floor":12,"key":"Quantum Egg"},{"floor":14,"key":"Regal Pillow"}],"event_choices":[{"damage_healed":19,"gold_gain":0,"player_choice":"Upgrade","damage_taken":14,"max_hp_gain":0,"max_hp_loss":70,"event_name":"betterThird:BetterShining","floor":13,"gold_loss":0,"cards_upgraded":["Flying Knee","Survivor"]}],"is_beta":false,"boss_relics":[],"items_purged_floors":[],"is_endless":false,"potions_floor_spawned":[3,5,7,8,16],"killed_by":"Slime Boss","ascension_level":6}}