{"host":"igj4vwc42ivwqexo","time":1607523333,"event":{"gold_per_floor":[361,361,379,37,53,81,81,7,7,7,7,23,41,66,66,163,163,173,173,186,196,214,247,247,263,290,290,303,303,317,327,327,429,479,499,510,197,0,18,53,68,68,68,96,96,114,132,152,152,253,253,267,283,354,367,367,347,347,359,359,359,373,373,378,400,400,468,468,474,477,477,489,494,506,506,520,520,520,535,445,455,291,291,354,354,357,357,357,357,137,137,154,376,400,408,408,401,407,408,408,480,480,488,563,569,569,569,569,584,584,584,584,346,346,362,368,368,444,444,446,446,99,99,99,116,116,135,162,174,186,207,238,247,259,371,383,403,425,467,478,491,503,481,493,505,503,515,893,921,933,945,1026,1038,1050,219,243,299],"floor_reached":158,"playtime":15886,"items_purged":["Defend_G","Defend_G","Strike_G","Defend_G","Setup","Survivor","Outmaneuver+1","Escape Plan","Neutralize","Tactician+1"],"score":5427,"play_id":"4b5a4e3b-463a-4cbb-a323-258adb2c5f2b","local_time":"20201209151533","is_ascension_mode":true,"campfire_choices":[{"floor":7.0,"key":"REST"},{"data":"Endless Agony","floor":10.0,"key":"SMITH"},{"data":"1","floor":15.0,"key":"LIFT"},{"data":"infinitespire:Menacing","floor":24.0,"key":"SMITH"},{"data":"Adrenaline","floor":27.0,"key":"SMITH"},{"data":"Leg Sweep","floor":29.0,"key":"SMITH"},{"data":"Blade Dance","floor":32.0,"key":"SMITH"},{"data":"infinitespire:Neurotoxin","floor":42.0,"key":"SMITH"},{"data":"Phantasmal Killer","floor":45.0,"key":"SMITH"},{"data":"2","floor":49.0,"key":"LIFT"},{"data":"Doppelganger","floor":58.0,"key":"SMITH"},{"data":"Prepared","floor":63.0,"key":"SMITH"},{"data":"Calculated Gamble","floor":66.0,"key":"SMITH"},{"data":"Cloak And Dagger","floor":75.0,"key":"SMITH"},{"data":"Tactician","floor":83.0,"key":"SMITH"},{"floor":91.0,"key":"REST"},{"data":"infinitespire:Collect","floor":91.0,"key":"SMITH"},{"floor":100.0,"key":"REST"},{"data":"Tactician","floor":100.0,"key":"SMITH"},{"data":"Accuracy","floor":108.0,"key":"SMITH"},{"data":"infinitespire:Menacing","floor":110.0,"key":"SMITH"},{"data":"3","floor":112.0,"key":"LIFT"},{"data":"Finisher","floor":117.0,"key":"SMITH"},{"data":"Choke","floor":126.0,"key":"SMITH"},{"floor":130.0,"key":"REST"},{"data":"infinitespire:Oblivion","floor":130.0,"key":"SMITH"},{"floor":134.0,"key":"REST"},{"data":"Eviscerate","floor":134.0,"key":"SMITH"},{"floor":142.0,"key":"REST"},{"data":"Dagger Throw","floor":142.0,"key":"SMITH"},{"data":"Eviscerate","floor":144.0,"key":"SMITH"},{"data":"infinitespire:Punishment","floor":151,"key":"SMITH"},{"data":"Eviscerate","floor":154,"key":"SMITH"}],"neow_cost":"PERCENT_DAMAGE","seed_source_timestamp":646810469199300,"circlet_count":0,"master_deck":["Accuracy+1","Leg Sweep+1","Blade Dance+1","Endless Agony+1","Endless Agony+1","Flying Knee","Adrenaline+1","Backflip","infinitespire:Menacing+1","Prepared+1","Eviscerate+1","Dagger Throw+1","infinitespire:Collect+1","Backstab+1","Blade Dance+1","Dodge and Roll+1","Blade Dance+1","Infinite Blades+1","Phantasmal Killer+1","Infinite Blades+1","Reflex+1","Cloak And Dagger","Dagger Throw+1","Choke+1","Dagger Throw+1","Underhanded Strike+1","Blur+1","infinitespire:Neurotoxin+1","Backflip","Backflip+1","Blade Dance","Blade Dance","Calculated Gamble+1","Doppelganger+1","Eviscerate+1","Eviscerate+1","Neutralize+1","Backflip","Cloak And Dagger+1","Choke+1","Finisher+1","Expertise","Acrobatics","Dodge and Roll+1","Terror+1","Wraith Form v2","Tools of the Trade+1","Underhanded Strike","Cloak And Dagger+1","Accuracy+1","Underhanded Strike","Prepared+1","infinitespire:Menacing+1","Blade Dance+1","infinitespire:Oblivion+1","Tactician+1","Escape Plan+1","infinitespire:NeuralNetwork","Underhanded Strike+1","Tactician+1","Backflip","infinitespire:Menacing+1","Finisher+1","Prepared+1","Backflip+1","Adrenaline+1","Phantasmal Killer+1","Expertise+1","Dagger Throw+1","Backflip+1","Outmaneuver+1","infinitespire:Punishment+1","Backflip+1","Burst+1"],"special_seed":0,"relics":["Ring of the Serpent","Membership Card","Ornamental Fan","Pantograph","infinitespire:PuzzleCube","infinitespire:EmpoweringShard","Dream Catcher","Girya","Philosopher\u0027s Stone","infinitespire:Lucky Rock","Pear","Tiny House","Bag of Marbles","Happy Flower","Orrery","Red Mask","Mummified Hand","Potion Belt","Nunchaku","Black Star","Odd Mushroom","War Paint","Letter Opener","infinitespire:BottledMercury","infinitespire:Beetle Shell","Incense Burner","Mercury Hourglass","Art of War","MealTicket","Pen Nib","Gremlin Horn","Pandora\u0027s Box","Kunai","Centennial Puzzle","Boot","Ancient Tea Set","Shuriken","Bottled Lightning","Juzu Bracelet","infinitespire:Magic Flask","Strawberry","Tough Bandages","infinitespire:Cupcake","Tingsha","Bottled Tornado","Anchor","Orichalcum","War Paint","Blood Vial","infinitespire:CursedDice","infinitespire:FocusingShard","SlaversCollar","The Courier","Bag of Preparation","Toxic Egg 2","Medical Kit","PreservedInsect","TungstenRod","Sozu","Vajra","infinitespire:Golems Mask","Lantern","Nloth\u0027s Gift","infinitespire:Eraser","Calipers","infinitespire:WardingShard","MawBank","infinitespire:ShieldingShard","Smiling Mask","Snake Skull","WristBlade","FossilizedHelix","InkBottle","Old Coin","Toy Ornithopter","Oddly Smooth Stone","Sling","Tiny Chest","Matryoshka","Whetstone","infinitespire:CheckeredPen","Meat on the Bone","Eternal Feather","The Specimen","White Beast Statue","Frozen Egg 2","Paper Crane"],"potions_floor_usage":[],"damage_taken":[{"damage":0.0,"enemies":"Small Slimes","floor":1.0,"turns":4.0},{"damage":17.0,"enemies":"Jaw Worm","floor":3.0,"turns":11.0},{"damage":1.0,"enemies":"2 Louse","floor":5.0,"turns":5.0},{"damage":19.0,"enemies":"3 Sentries","floor":6.0,"turns":9.0},{"damage":0.0,"enemies":"2 Fungi Beasts","floor":12.0,"turns":4.0},{"damage":1.0,"enemies":"Large Slime","floor":13.0,"turns":4.0},{"damage":2.0,"enemies":"Gremlin Nob","floor":14.0,"turns":4.0},{"damage":5.0,"enemies":"The Guardian","floor":16.0,"turns":10.0},{"damage":0.0,"enemies":"Spheric Guardian","floor":18.0,"turns":1.0},{"damage":0.0,"enemies":"2 Thieves","floor":20.0,"turns":2.0},{"damage":0.0,"enemies":"Shelled Parasite and Fungi","floor":21.0,"turns":3.0},{"damage":0.0,"enemies":"Cultist and Chosen","floor":22.0,"turns":4.0},{"damage":4.0,"enemies":"Nightmare","floor":23.0,"turns":6.0},{"damage":0.0,"enemies":"Centurion and Healer","floor":25.0,"turns":3.0},{"damage":0.0,"enemies":"Snecko","floor":28.0,"turns":3.0},{"damage":0.0,"enemies":"Chosen and Byrds","floor":30.0,"turns":2.0},{"damage":0.0,"enemies":"Snake Plant","floor":31.0,"turns":2.0},{"damage":0.0,"enemies":"Champ","floor":33.0,"turns":5.0},{"damage":11.0,"enemies":"3 Shapes","floor":35.0,"turns":3.0},{"damage":0.0,"enemies":"Orb Walker","floor":36.0,"turns":2.0},{"damage":1.0,"enemies":"Writhing Mass","floor":39.0,"turns":5.0},{"damage":0.0,"enemies":"Nemesis","floor":40.0,"turns":3.0},{"damage":0.0,"enemies":"Sphere and 2 Shapes","floor":41.0,"turns":3.0},{"damage":0.0,"enemies":"Giant Head","floor":44.0,"turns":4.0},{"damage":0.0,"enemies":"Maw","floor":46.0,"turns":4.0},{"damage":0.0,"enemies":"Writhing Mass","floor":47.0,"turns":2.0},{"damage":0.0,"enemies":"3 Darklings","floor":48.0,"turns":2.0},{"damage":12.0,"enemies":"Awakened One","floor":50.0,"turns":7.0},{"damage":0.0,"enemies":"Jaw Worm","floor":52.0,"turns":1.0},{"damage":0.0,"enemies":"The Mushroom Lair","floor":53.0,"turns":2.0},{"damage":0.0,"enemies":"Cultist","floor":55.0,"turns":1.0},{"damage":43.0,"enemies":"Nightmare","floor":57.0,"turns":5.0},{"damage":3.0,"enemies":"3 Sentries","floor":59.0,"turns":2.0},{"damage":0.0,"enemies":"Gremlin Nob","floor":62.0,"turns":2.0},{"damage":0.0,"enemies":"2 Louse","floor":64.0,"turns":1.0},{"damage":0.0,"enemies":"Lagavulin","floor":65.0,"turns":2.0},{"damage":0.0,"enemies":"The Guardian","floor":67.0,"turns":3.0},{"damage":0.0,"enemies":"3 Byrds","floor":69.0,"turns":2.0},{"damage":0.0,"enemies":"Chosen","floor":70.0,"turns":1.0},{"damage":0.0,"enemies":"Centurion and Healer","floor":72.0,"turns":1.0},{"damage":0.0,"enemies":"Sentry and Sphere","floor":73.0,"turns":2.0},{"damage":0.0,"enemies":"Gremlin Leader","floor":74.0,"turns":2.0},{"damage":2.0,"enemies":"Book of Stabbing","floor":76.0,"turns":2.0},{"damage":0.0,"enemies":"Gremlin Leader","floor":79.0,"turns":1.0},{"damage":0.0,"enemies":"Slavers","floor":81.0,"turns":1.0},{"damage":0.0,"enemies":"Champ","floor":84.0,"turns":2.0},{"damage":0.0,"enemies":"Orb Walker","floor":86.0,"turns":1.0},{"damage":0.0,"enemies":"Reptomancer","floor":92.0,"turns":1.0},{"damage":0.0,"enemies":"Nemesis","floor":95.0,"turns":1.0},{"damage":0.0,"enemies":"3 Darklings","floor":97.0,"turns":2.0},{"damage":0.0,"enemies":"Nightmare","floor":98.0,"turns":4.0},{"damage":0.0,"enemies":"Jaw Worm Horde","floor":99.0,"turns":2.0},{"damage":18.0,"enemies":"Time Eater","floor":101.0,"turns":3.0},{"damage":0.0,"enemies":"Cultist","floor":103.0,"turns":1.0},{"damage":0.0,"enemies":"2 Louse","floor":105.0,"turns":1.0},{"damage":0.0,"enemies":"Lagavulin","floor":109.0,"turns":2.0},{"damage":0.0,"enemies":"3 Sentries","floor":115.0,"turns":2.0},{"damage":0.0,"enemies":"Jaw Worm","floor":116.0,"turns":1.0},{"damage":3.0,"enemies":"The Guardian","floor":118.0,"turns":2.0},{"damage":0.0,"enemies":"Chosen","floor":120.0,"turns":1.0},{"damage":0.0,"enemies":"Book of Stabbing","floor":125.0,"turns":1.0},{"damage":0.0,"enemies":"Gremlin Leader","floor":127.0,"turns":1.0},{"damage":0.0,"enemies":"Shell Parasite","floor":131.0,"turns":1.0},{"damage":0.0,"enemies":"Slavers","floor":132.0,"turns":1.0},{"damage":0.0,"enemies":"Cultist and Chosen","floor":133.0,"turns":2.0},{"damage":0.0,"enemies":"Collector","floor":135.0,"turns":1.0},{"damage":0.0,"enemies":"Orb Walker","floor":137.0,"turns":1.0},{"damage":0.0,"enemies":"3 Shapes","floor":138.0,"turns":1.0},{"damage":0.0,"enemies":"2 Orb Walkers","floor":139.0,"turns":2.0},{"damage":0.0,"enemies":"Writhing Mass","floor":140.0,"turns":2.0},{"damage":0.0,"enemies":"4 Shapes","floor":141.0,"turns":1.0},{"damage":0.0,"enemies":"Transient","floor":143.0,"turns":4.0},{"damage":0.0,"enemies":"Maw","floor":146.0,"turns":2.0},{"damage":0.0,"enemies":"infinitespire:Three Voidlings","floor":148.0,"turns":1.0},{"damage":0.0,"enemies":"Nightmare_Alpha","floor":148.0,"turns":4.0},{"damage":0,"enemies":"Nemesis","floor":149,"turns":1},{"damage":16,"enemies":"infinitespire:MassOfShapes","floor":152,"turns":3},{"damage":0,"enemies":"Shield and Spear","floor":156,"turns":1},{"damage":0,"enemies":"The Heart","floor":157,"turns":5}],"seed_played":"5686885680831669663","potions_obtained":[{"floor":5.0,"key":"SteroidPotion"},{"floor":6.0,"key":"BlessingOfTheForge"},{"floor":12.0,"key":"CultistPotion"},{"floor":13.0,"key":"Block Potion"},{"floor":18.0,"key":"Swift Potion"},{"floor":25.0,"key":"PowerPotion"},{"floor":28.0,"key":"Block Potion"},{"floor":48.0,"key":"SneckoOil"},{"floor":50.0,"key":"LiquidBronze"},{"floor":52.0,"key":"SpeedPotion"},{"floor":55.0,"key":"Dexterity Potion"},{"floor":65.0,"key":"Strength Potion"},{"floor":67.0,"key":"LiquidMemories"},{"floor":69.0,"key":"Poison Potion"},{"floor":70.0,"key":"DistilledChaos"},{"floor":71.0,"key":"Block Potion"}],"is_trial":false,"path_per_floor":["M","?","M","$","M","E","R","$","T","R","?","M","M","E","R","B",null,"M","AVR","M","M","M","NM","R","M","T","R","M","R","M","M","R","B",null,"M","M","$","?","M","E","M","R","T","E","R","M","M","M","R","B",null,"M","?","?","M","AVR","NM","R","E","T","?","E","R","M","E","R","B",null,"M","M","?","M","M","E","R","E","T","T","E","?","E","$","R","B",null,"M","?","?","?","$","R","E","?","T","E","?","M","NM","M","R","B",null,"M","?","M","?","?","R","E","R","T","R","$","?","E","M","R","B",null,"M","?","$","?","?","E","R","E","T","AVR","R","M","E","M","R","B",null,"M","M","?","M","M","R","M","R","T","M","?","?","E","?","R","B",null,"R","$","E","B",null],"character_chosen":"THE_SILENT","items_purchased":["Membership Card","Ornamental Fan","Well Laid Plans","infinitespire:PuzzleCube","Bag of Marbles","Happy Flower","Orrery","infinitespire:Neurotoxin","Tactician","Accuracy","Underhanded Strike","Tingsha","Medical Kit","Finisher","PreservedInsect","Vajra","infinitespire:Golems Mask","Lantern","Sling","Tiny Chest","Matryoshka","Whetstone","infinitespire:CheckeredPen","Meat on the Bone","Eternal Feather","The Specimen","White Beast Statue"],"campfire_rested":6,"item_purchase_floors":[4,4,4,8,37,37,37,37,82,82,82,90,113,113,113,122,122,122,155,155,155,155,155,155,155,155,155],"current_hp_per_floor":[49,42,25,25,24,5,26,26,26,26,26,26,25,23,23,43,70,70,70,70,70,70,76,76,76,76,76,76,76,76,76,76,80,85,74,74,74,74,73,73,73,73,73,73,73,73,73,73,73,73,85,85,85,85,85,85,42,42,39,39,39,39,39,39,39,39,64,85,85,85,85,85,85,85,85,83,83,83,83,83,90,92,92,92,92,92,87,87,87,87,87,87,87,87,87,87,87,87,87,87,69,87,87,76,78,78,57,57,59,59,59,59,74,74,76,78,78,84,87,87,87,87,87,87,87,87,87,87,87,87,87,87,87,87,87,87,87,87,87,87,87,87,87,87,87,87,87,87,87,87,87,71,87,87,87,87,87],"gold":299,"neow_bonus":"TWO_FIFTY_GOLD","is_prod":false,"is_daily":false,"chose_seed":false,"campfire_upgraded":24,"win_rate":0,"timestamp":1607523333,"path_taken":["M","?","M","$","M","E","R","$","T","R","?","M","M","E","R","BOSS","M","AVR","M","M","M","NM","R","M","T","R","M","R","M","M","R","BOSS","M","M","$","?","M","E","M","R","T","E","R","M","M","M","R","BOSS","M","?","?","M","AVR","NM","R","E","T","?","E","R","M","E","R","BOSS","M","?","?","?","M","E","R","E","T","?","E","?","E","$","R","BOSS","M","?","?","?","?","R","E","?","T","E","?","M","NM","M","R","BOSS","M","?","M","?","?","R","E","R","T","R","?","?","E","M","R","BOSS","M","?","$","?","?","E","R","E","T","AVR","R","M","E","M","R","BOSS","M","M","?","M","M","R","M","R","T","M","?","?","E","?","R","BOSS","R","$","E","BOSS"],"build_version":"2020-11-30","purchased_purges":10,"victory":true,"max_hp_per_floor":[70,70,70,70,70,70,70,70,70,70,70,70,70,70,70,70,70,70,70,70,70,70,80,80,80,80,80,80,80,80,80,80,80,85,85,85,85,85,85,85,85,85,85,85,85,85,85,85,85,85,85,85,85,85,85,85,85,85,85,85,85,85,85,85,85,85,85,85,85,85,85,85,85,85,85,85,85,85,85,85,92,92,92,92,92,92,87,87,87,87,87,87,87,87,87,87,87,87,87,87,87,87,87,87,87,87,87,87,87,87,87,87,87,87,87,87,87,87,87,87,87,87,87,87,87,87,87,87,87,87,87,87,87,87,87,87,87,87,87,87,87,87,87,87,87,87,87,87,87,87,87,87,87,87,87,87,87],"card_choices":[{"not_picked":["Slice","PiercingWail"],"picked":"Accuracy","floor":1.0},{"not_picked":["Dagger Throw","Endless Agony"],"picked":"Leg Sweep","floor":3.0},{"not_picked":["Bane","Poisoned Stab"],"picked":"Blade Dance","floor":5.0},{"not_picked":["Outmaneuver","Skewer"],"picked":"Endless Agony","floor":6.0},{"not_picked":["Setup","Dash"],"picked":"Endless Agony","floor":12.0},{"not_picked":["Underhanded Strike","Prepared"],"picked":"Flying Knee","floor":13.0},{"not_picked":["Dodge and Roll","Eviscerate"],"picked":"Escape Plan","floor":14.0},{"not_picked":["After Image","Die Die Die"],"picked":"Adrenaline","floor":16.0},{"not_picked":["Bane","Infinite Blades"],"picked":"Backflip","floor":18.0},{"not_picked":["Flying Knee","Bane+1"],"picked":"Prepared","floor":20.0},{"not_picked":["All Out Attack","Sucker Punch"],"picked":"Eviscerate","floor":21.0},{"not_picked":["Flying Knee","Calculated Gamble"],"picked":"Dagger Throw+1","floor":22.0},{"not_picked":["infinitespire:FinalStrike","infinitespire:Punishment"],"picked":"infinitespire:Collect","floor":23.0},{"not_picked":["Deflect","Slice"],"picked":"Backstab+1","floor":23.0},{"not_picked":["Poisoned Stab","Slice"],"picked":"Blade Dance","floor":25.0},{"not_picked":["Skewer","Flying Knee"],"picked":"Dodge and Roll","floor":28.0},{"not_picked":["Quick Slash","Slice+1"],"picked":"Blade Dance+1","floor":30.0},{"not_picked":["Dagger Throw","Slice"],"picked":"Infinite Blades+1","floor":31.0},{"not_picked":["Malaise","Night Terror"],"picked":"Phantasmal Killer","floor":33.0},{"not_picked":["Dodge and Roll","Slice+1"],"picked":"Infinite Blades+1","floor":34.0},{"not_picked":["Slice+1","Outmaneuver"],"picked":"Reflex+1","floor":35.0},{"not_picked":["Well Laid Plans+1","Bouncing Flask"],"picked":"Cloak And Dagger","floor":36.0},{"not_picked":["Bane+1","Predator+1"],"picked":"Dagger Throw","floor":37.0},{"not_picked":["Infinite Blades+1","Unload"],"picked":"Choke+1","floor":37.0},{"not_picked":["Underhanded Strike+1","Endless Agony"],"picked":"Dagger Throw+1","floor":37.0},{"not_picked":["Slice+1","All Out Attack+1"],"picked":"Underhanded Strike+1","floor":37.0},{"not_picked":["Backflip+1","Heel Hook"],"picked":"Blur+1","floor":37.0},{"not_picked":["Deflect","Heel Hook"],"picked":"Backflip","floor":39.0},{"not_picked":["Prepared","PiercingWail+1","Bane"],"picked":"SKIP","floor":40.0},{"not_picked":["Prepared","PiercingWail+1","Noxious Fumes+1"],"picked":"SKIP","floor":41.0},{"not_picked":["Quick Slash","Prepared"],"picked":"Backflip+1","floor":44.0},{"not_picked":["Poisoned Stab","Skewer+1"],"picked":"Blade Dance","floor":46.0},{"not_picked":["Prepared","Crippling Poison+1"],"picked":"Blade Dance","floor":47.0},{"not_picked":["Prepared","Sucker Punch"],"picked":"Calculated Gamble","floor":48.0},{"not_picked":["Die Die Die","Malaise"],"picked":"Doppelganger","floor":50.0},{"not_picked":["Well Laid Plans","Catalyst"],"picked":"Outmaneuver","floor":52.0},{"not_picked":["Dagger Throw","Flechettes"],"picked":"Eviscerate","floor":55.0},{"not_picked":["Heel Hook","Quick Slash"],"picked":"Eviscerate","floor":57.0},{"not_picked":["Blade Dance","Flechettes","Outmaneuver"],"picked":"SKIP","floor":59.0},{"not_picked":["Dodge and Roll","Dagger Throw"],"picked":"Backflip","floor":62.0},{"not_picked":["Expertise","Underhanded Strike"],"picked":"Cloak And Dagger","floor":64.0},{"not_picked":["Glass Knife","Blade Dance"],"picked":"Escape Plan","floor":65.0},{"not_picked":["Blade Dance","Outmaneuver"],"picked":"Acrobatics","floor":69.0},{"not_picked":["Flechettes","Crippling Poison"],"picked":"Dodge and Roll+1","floor":70.0},{"not_picked":["Dodge and Roll","Prepared"],"picked":"Terror+1","floor":72.0},{"not_picked":["Cloak And Dagger","Sucker Punch","Quick Slash"],"picked":"SKIP","floor":73.0},{"not_picked":["PiercingWail","Quick Slash"],"picked":"Wraith Form v2","floor":74.0},{"not_picked":["Dagger Throw","Finisher"],"picked":"Tools of the Trade","floor":76.0},{"not_picked":["Acrobatics","Poisoned Stab"],"picked":"Underhanded Strike","floor":79.0},{"not_picked":["Deadly Poison","Bullet Time"],"picked":"Cloak And Dagger+1","floor":81.0},{"not_picked":["Quick Slash","Heel Hook"],"picked":"Prepared+1","floor":86.0},{"not_picked":["Flying Knee","Outmaneuver"],"picked":"Blade Dance+1","floor":91.0},{"not_picked":["infinitespire:DeathsTouch","infinitespire:NeuralNetwork"],"picked":"infinitespire:Oblivion","floor":92.0},{"not_picked":["Distraction+1","Setup+1","Envenom"],"picked":"SKIP","floor":92.0},{"not_picked":["Outmaneuver+1","Cloak And Dagger"],"picked":"Tactician","floor":95.0},{"not_picked":["Dodge and Roll+1","Bouncing Flask"],"picked":"Escape Plan+1","floor":97.0},{"not_picked":["infinitespire:Punishment","infinitespire:UltimateForm"],"picked":"infinitespire:NeuralNetwork","floor":98.0},{"not_picked":["Quick Slash+1","Accuracy+1"],"picked":"Underhanded Strike+1","floor":98.0},{"not_picked":["Setup","Caltrops"],"picked":"Tactician","floor":99.0},{"not_picked":["Underhanded Strike","Bouncing Flask","Prepared"],"picked":"SKIP","floor":103.0},{"not_picked":["Prepared","Underhanded Strike"],"picked":"Backflip","floor":105.0},{"not_picked":["infinitespire:Gouge","infinitespire:FinalStrike"],"picked":"infinitespire:Menacing","floor":107.0},{"not_picked":["Bouncing Flask","PiercingWail","Choke"],"picked":"SKIP","floor":109.0},{"not_picked":["Flying Knee","Endless Agony"],"picked":"Prepared+1","floor":115.0},{"not_picked":["Tactician+1","PiercingWail+1","Crippling Poison+1"],"picked":"SKIP","floor":116.0},{"not_picked":["Outmaneuver+1","Heel Hook","Slice"],"picked":"SKIP","floor":120.0},{"not_picked":["Well Laid Plans","Distraction+1"],"picked":"Backflip+1","floor":125.0},{"not_picked":["Deflect+1","Accuracy"],"picked":"Adrenaline+1","floor":127.0},{"not_picked":["Infinite Blades","Predator","Cloak And Dagger+1"],"picked":"SKIP","floor":131.0},{"not_picked":["Sucker Punch","Concentrate+1","Underhanded Strike+1"],"picked":"SKIP","floor":132.0},{"not_picked":["Dodge and Roll+1","Bane","Outmaneuver+1"],"picked":"SKIP","floor":133.0},{"not_picked":["Grand Finale","Corpse Explosion+1"],"picked":"Phantasmal Killer+1","floor":135.0},{"not_picked":["Poisoned Stab","Slice"],"picked":"Expertise+1","floor":137.0},{"not_picked":["Cloak And Dagger+1","After Image","Endless Agony"],"picked":"SKIP","floor":138.0},{"not_picked":["Blade Dance+1","Poisoned Stab+1","Slice+1"],"picked":"SKIP","floor":140.0},{"not_picked":["Underhanded Strike","Flying Knee+1"],"picked":"Dagger Throw+1","floor":141.0},{"not_picked":["Predator+1","Deadly Poison+1"],"picked":"Backflip+1","floor":142.0},{"not_picked":["Cloak And Dagger+1","PiercingWail+1","Tools of the Trade"],"picked":"SKIP","floor":143.0},{"not_picked":["Well Laid Plans+1","Endless Agony","Envenom"],"picked":"SKIP","floor":146.0},{"not_picked":["infinitespire:SevenWalls","infinitespire:DeathsTouch"],"picked":"infinitespire:Punishment","floor":148},{"not_picked":["Tactician+1","Concentrate+1"],"picked":"Backflip+1","floor":149},{"not_picked":["Bane+1","Choke+1","Eviscerate+1"],"picked":"SKIP","floor":156},{"not_picked":["Unload","Adrenaline+1"],"picked":"Burst+1","floor":157}],"player_experience":162469,"relics_obtained":[{"floor":6.0,"key":"Pantograph"},{"floor":9.0,"key":"infinitespire:EmpoweringShard"},{"floor":11.0,"key":"Dream Catcher"},{"floor":14.0,"key":"Girya"},{"floor":23.0,"key":"Pear"},{"floor":26.0,"key":"Regal Pillow"},{"floor":40.0,"key":"Mummified Hand"},{"floor":43.0,"key":"Potion Belt"},{"floor":44.0,"key":"Nunchaku"},{"floor":53.0,"key":"Odd Mushroom"},{"floor":57.0,"key":"Letter Opener"},{"floor":57.0,"key":"infinitespire:BottledMercury"},{"floor":59.0,"key":"infinitespire:Beetle Shell"},{"floor":59.0,"key":"Incense Burner"},{"floor":60.0,"key":"Mercury Hourglass"},{"floor":62.0,"key":"Art of War"},{"floor":62.0,"key":"MealTicket"},{"floor":65.0,"key":"Pen Nib"},{"floor":65.0,"key":"Gremlin Horn"},{"floor":74.0,"key":"Kunai"},{"floor":74.0,"key":"Centennial Puzzle"},{"floor":76.0,"key":"Boot"},{"floor":76.0,"key":"Ancient Tea Set"},{"floor":77.0,"key":"Shuriken"},{"floor":78.0,"key":"Bottled Lightning"},{"floor":79.0,"key":"Juzu Bracelet"},{"floor":79.0,"key":"infinitespire:Magic Flask"},{"floor":81.0,"key":"Strawberry"},{"floor":81.0,"key":"Tough Bandages"},{"floor":92.0,"key":"Bottled Tornado"},{"floor":92.0,"key":"Anchor"},{"floor":94.0,"key":"Orichalcum"},{"floor":95.0,"key":"War Paint"},{"floor":95.0,"key":"Blood Vial"},{"floor":98.0,"key":"infinitespire:CursedDice"},{"floor":98.0,"key":"infinitespire:FocusingShard"},{"floor":109.0,"key":"The Courier"},{"floor":109.0,"key":"Bag of Preparation"},{"floor":111.0,"key":"Toxic Egg 2"},{"floor":115.0,"key":"TungstenRod"},{"floor":125.0,"key":"infinitespire:Eraser"},{"floor":127.0,"key":"Calipers"},{"floor":127.0,"key":"infinitespire:WardingShard"},{"floor":128.0,"key":"MawBank"},{"floor":132.0,"key":"Smiling Mask"},{"floor":132.0,"key":"Snake Skull"},{"floor":139.0,"key":"FossilizedHelix"},{"floor":145.0,"key":"InkBottle"},{"floor":148,"key":"Old Coin"},{"floor":149,"key":"Toy Ornithopter"},{"floor":149,"key":"Oddly Smooth Stone"},{"floor":156,"key":"Frozen Egg 2"},{"floor":156,"key":"Paper Crane"}],"event_choices":[{"cards_removed":["Strike_G"],"damage_healed":0.0,"max_hp_gain":0.0,"max_hp_loss":0.0,"gold_gain":0.0,"event_name":"Golden Wing","player_choice":"Card Removal","floor":2.0,"gold_loss":0.0,"damage_taken":7.0},{"damage_healed":0.0,"max_hp_gain":0.0,"max_hp_loss":0.0,"gold_gain":0.0,"event_name":"Tomb of Lord Red Mask","player_choice":"Paid","floor":38.0,"gold_loss":197.0,"damage_taken":0.0,"relics_obtained":["Red Mask"]},{"damage_healed":0.0,"max_hp_gain":0.0,"max_hp_loss":0.0,"gold_gain":0.0,"event_name":"Mushrooms","player_choice":"Fought Mushrooms","floor":53.0,"gold_loss":0.0,"damage_taken":0.0},{"damage_healed":0.0,"max_hp_gain":0.0,"max_hp_loss":0.0,"gold_gain":71.0,"event_name":"Golden Wing","player_choice":"Gained Gold","floor":54.0,"gold_loss":0.0,"damage_taken":0.0},{"damage_healed":0.0,"max_hp_gain":0.0,"max_hp_loss":0.0,"gold_gain":0.0,"event_name":"Match and Keep!","player_choice":"1 cards matched","floor":61.0,"gold_loss":0.0,"damage_taken":0.0,"cards_obtained":["Neutralize"]},{"damage_healed":0.0,"max_hp_gain":0.0,"max_hp_loss":0.0,"gold_gain":0.0,"event_name":"Lab","player_choice":"Got Potions","floor":71.0,"gold_loss":0.0,"damage_taken":0.0},{"cards_removed":["Poisoned Stab"],"damage_healed":0.0,"max_hp_gain":0.0,"max_hp_loss":0.0,"gold_gain":0.0,"event_name":"Designer","player_choice":"Upgrade and Remove","floor":80.0,"gold_loss":90.0,"damage_taken":0.0,"cards_upgraded":["Tools of the Trade"]},{"damage_healed":0.0,"max_hp_gain":0.0,"max_hp_loss":5.0,"gold_gain":0.0,"event_name":"Winding Halls","player_choice":"Max HP","floor":87.0,"gold_loss":0.0,"damage_taken":0.0},{"damage_healed":0.0,"max_hp_gain":0.0,"max_hp_loss":0.0,"gold_gain":0.0,"event_name":"Duplicator","player_choice":"Copied","floor":88.0,"gold_loss":0.0,"damage_taken":0.0,"cards_obtained":["infinitespire:Menacing"]},{"damage_healed":0.0,"max_hp_gain":0.0,"max_hp_loss":0.0,"gold_gain":0.0,"event_name":"Accursed Blacksmith","player_choice":"Forge","floor":89.0,"gold_loss":0.0,"damage_taken":0.0,"cards_upgraded":["Finisher"]},{"damage_healed":0.0,"max_hp_gain":0.0,"max_hp_loss":0.0,"gold_gain":222.0,"event_name":"Tomb of Lord Red Mask","player_choice":"Wore Mask","floor":93.0,"gold_loss":0.0,"damage_taken":0.0},{"cards_removed":["Well Laid Plans"],"damage_healed":0.0,"max_hp_gain":0.0,"max_hp_loss":0.0,"gold_gain":0.0,"event_name":"Falling","player_choice":"Removed Power","floor":96.0,"gold_loss":0.0,"damage_taken":0.0},{"damage_healed":0.0,"max_hp_gain":0.0,"max_hp_loss":0.0,"gold_gain":75.0,"event_name":"World of Goop","player_choice":"Gather Gold","floor":104.0,"gold_loss":0.0,"damage_taken":11.0},{"damage_healed":0.0,"max_hp_gain":0.0,"max_hp_loss":0.0,"gold_gain":0.0,"event_name":"Living Wall","player_choice":"Grow","floor":106.0,"gold_loss":0.0,"damage_taken":0.0,"cards_upgraded":["Accuracy"]},{"damage_healed":0.0,"max_hp_gain":0.0,"max_hp_loss":0.0,"gold_gain":0.0,"event_name":"Accursed Blacksmith","player_choice":"Forge","floor":121.0,"gold_loss":0.0,"damage_taken":0.0,"cards_upgraded":["Tactician"]},{"damage_healed":0.0,"max_hp_gain":0.0,"max_hp_loss":0.0,"gold_gain":0.0,"event_name":"Vampires","player_choice":"Ignored","floor":123.0,"gold_loss":0.0,"damage_taken":0.0},{"damage_healed":0.0,"max_hp_gain":0.0,"max_hp_loss":0.0,"gold_gain":0.0,"event_name":"N\u0027loth","player_choice":"Traded Relic","floor":124.0,"relics_lost":["Regal Pillow"],"gold_loss":0.0,"damage_taken":0.0,"relics_obtained":["Nloth\u0027s Gift"]},{"damage_healed":0.0,"max_hp_gain":0.0,"max_hp_loss":0.0,"gold_gain":0.0,"event_name":"Mysterious Sphere","player_choice":"Fight","floor":139.0,"gold_loss":0.0,"damage_taken":0.0},{"damage_healed":0.0,"max_hp_gain":0.0,"max_hp_loss":0.0,"gold_gain":0.0,"cards_transformed":["Escape Plan"],"event_name":"Transmorgrifier","player_choice":"Transformed","floor":147.0,"gold_loss":0.0,"damage_taken":0.0,"cards_obtained":["Outmaneuver"]},{"damage_healed":0,"gold_gain":0,"player_choice":"Got Potions","damage_taken":0,"max_hp_gain":0,"max_hp_loss":0,"event_name":"Lab","floor":150,"gold_loss":0}],"is_beta":false,"boss_relics":[{"not_picked":["Ectoplasm","Velvet Choker"],"picked":"Philosopher\u0027s Stone"},{"not_picked":["Astrolabe","SacredBark"],"picked":"Tiny House"},{"not_picked":["Empty Cage","Cursed Key"],"picked":"Black Star"},{"not_picked":["SacredBark","Fusion Hammer"],"picked":"Pandora\u0027s Box"},{"not_picked":["Busted Crown","Runic Pyramid"],"picked":"infinitespire:Cupcake"},{"not_picked":["Runic Dome","Ring of the Serpent"],"picked":"SlaversCollar"},{"not_picked":["Calling Bell","Fusion Hammer"],"picked":"Sozu"},{"not_picked":["Runic Dome","Snecko Eye"],"picked":"WristBlade"},{"not_picked":["Runic Pyramid","Busted Crown"],"picked":"Ring of the Serpent"}],"items_purged_floors":[4,19,37,56,82,90,113,122,129,155],"is_endless":true,"potions_floor_spawned":[5,6,12,13,18,25,28,30,31,33,36,41,48,50,52,55,65,67,69,70,76,95,99,101,103,105,116,131,132,137,138,141,146,149,156,157],"ascension_level":3}}