{"host":"jm9833yuloeli2yd","time":1607554300,"event":{"gold_per_floor":[112,122,272,291,309,341,353,365,402,414,31,31,49,14,14,14,14],"floor_reached":16,"playtime":337,"items_purged":["Doubt"],"score":200,"play_id":"6f999742-7a36-4bc4-a671-886680dc8281","local_time":"20201209175140","is_ascension_mode":true,"campfire_choices":[{"floor":7.0,"key":"REST"},{"floor":10.0,"key":"REST"},{"data":"Zap","floor":12.0,"key":"SMITH"},{"data":"Gash","floor":15.0,"key":"SMITH"}],"neow_cost":"NONE","seed_source_timestamp":780383192112800,"circlet_count":0,"master_deck":["AscendersBane","Strike_B","Strike_B","Strike_B","Strike_B","Defend_B","Defend_B","Defend_B","Defend_B","Zap+1","Dualcast","Sweeping Beam","Self Repair","Conserve Battery","Biased Cognition","Gash+1"],"special_seed":0,"relics":["Cracked Core","Akabeko","MawBank","Bag of Preparation","Toy Ornithopter","Medical Kit"],"potions_floor_usage":[16,16],"damage_taken":[{"damage":7.0,"enemies":"Jaw Worm","floor":1.0,"turns":3.0},{"damage":0.0,"enemies":"2 Louse","floor":2.0,"turns":3.0},{"damage":0.0,"enemies":"Small Slimes","floor":4.0,"turns":1.0},{"damage":7.0,"enemies":"Looter","floor":5.0,"turns":3.0},{"damage":50.0,"enemies":"3 Sentries","floor":6.0,"turns":8.0},{"damage":3.0,"enemies":"Blue Slaver","floor":13.0,"turns":4.0},{"damage":71,"enemies":"Slime Boss","floor":16,"turns":7}],"seed_played":"-1762977367926745220","potions_obtained":[{"floor":4.0,"key":"SneckoOil"},{"floor":5.0,"key":"FearPotion"},{"floor":6.0,"key":"Energy Potion"}],"is_trial":false,"path_per_floor":["M","M","?","M","M","E","R","?","T","R","$","R","M","?","R","B"],"character_chosen":"DEFECT","items_purchased":["Biased Cognition","Medical Kit"],"campfire_rested":2,"item_purchase_floors":[11,11],"current_hp_per_floor":[57,57,57,57,57,14,35,17,17,38,38,38,42,59,59,0,0],"gold":14,"neow_bonus":"RANDOM_COMMON_RELIC","is_prod":false,"is_daily":false,"chose_seed":false,"campfire_upgraded":2,"win_rate":0,"timestamp":1607554300,"path_taken":["M","M","?","M","M","E","R","?","T","R","$","R","M","?","R","BOSS"],"build_version":"2020-11-30","purchased_purges":1,"victory":false,"max_hp_per_floor":[71,71,71,71,71,71,71,71,71,71,71,71,71,71,71,71,71],"card_choices":[{"not_picked":["Redo","Chaos","Coolheaded"],"picked":"SKIP","floor":1.0},{"not_picked":["Conserve Battery","Compile Driver"],"picked":"Sweeping Beam","floor":2.0},{"not_picked":["Streamline","Force Field"],"picked":"Self Repair","floor":4.0},{"not_picked":["Conserve Battery","Streamline","Skim"],"picked":"SKIP","floor":5.0},{"not_picked":["Multi-Cast","Rebound"],"picked":"Conserve Battery","floor":6.0},{"not_picked":["Streamline","Leap"],"picked":"Gash","floor":13.0}],"player_experience":982883,"relics_obtained":[{"floor":6.0,"key":"MawBank"},{"floor":9.0,"key":"Toy Ornithopter"}],"event_choices":[{"damage_healed":0.0,"max_hp_gain":0.0,"max_hp_loss":0.0,"gold_gain":150.0,"event_name":"Liars Game","player_choice":"AGREE","floor":3.0,"gold_loss":0.0,"damage_taken":0.0,"cards_obtained":["Doubt"]},{"damage_healed":0.0,"max_hp_gain":0.0,"max_hp_loss":0.0,"gold_gain":0.0,"event_name":"Scrap Ooze","player_choice":"Success","floor":8.0,"gold_loss":0.0,"damage_taken":18.0,"relics_obtained":["Bag of Preparation"]},{"damage_healed":17.0,"max_hp_gain":0.0,"max_hp_loss":0.0,"gold_gain":0.0,"event_name":"The Cleric","player_choice":"Healed","floor":14.0,"gold_loss":35.0,"damage_taken":0.0}],"is_beta":false,"boss_relics":[],"items_purged_floors":[11],"is_endless":false,"potions_floor_spawned":[4,5,6],"killed_by":"Slime Boss","ascension_level":20}}