{"host":"1c52r9kaxdyo25eq","time":1607529291,"event":{"gold_per_floor":[114,40,40,40,10,40,40,74,74,15,25,45,45,65,65,65,65],"floor_reached":16,"playtime":259,"items_purged":[],"score":316,"play_id":"1ff2d885-8576-48f9-be02-d37a724ec758","local_time":"20201210005451","is_ascension_mode":true,"campfire_choices":[{"data":"Adrenaline","floor":7.0,"key":"SMITH"},{"data":"Flechettes","floor":13.0,"key":"SMITH"},{"data":"Tactician","floor":15.0,"key":"SMITH"}],"neow_cost":"NONE","seed_source_timestamp":443690661200500,"circlet_count":0,"master_deck":["AscendersBane","Strike_G","Strike_G","Strike_G","Strike_G","Strike_G","Defend_G","Defend_G","Defend_G","Defend_G","Defend_G","Survivor","Neutralize","Backflip","Tactician+1","Poisoned Stab","Adrenaline+1","Prepared","Acrobatics","Flechettes+1"],"special_seed":0,"relics":["Ring of the Snake","NeowsBlessing","Calipers","Akabeko","Centennial Puzzle","Strawberry"],"potions_floor_usage":[16],"damage_taken":[{"damage":0.0,"enemies":"2 Louse","floor":1.0,"turns":1.0},{"damage":0.0,"enemies":"3 Sentries","floor":6.0,"turns":2.0},{"damage":0.0,"enemies":"Lagavulin","floor":8.0,"turns":1.0},{"damage":0.0,"enemies":"Cultist","floor":11.0,"turns":3.0},{"damage":0.0,"enemies":"Jaw Worm","floor":12.0,"turns":3.0},{"damage":0.0,"enemies":"Exordium Wildlife","floor":14.0,"turns":2.0},{"damage":56,"enemies":"Hexaghost","floor":16,"turns":10}],"seed_played":"1442113509680988389","potions_obtained":[{"floor":8.0,"key":"GamblersBrew"},{"floor":11.0,"key":"LiquidMemories"}],"is_trial":false,"path_per_floor":["M","$","?","?","$","E","R","E","T","$","M","M","R","M","R","B"],"character_chosen":"THE_SILENT","items_purchased":["Tactician","Poisoned Stab","Acrobatics"],"campfire_rested":0,"item_purchase_floors":[2,5,10],"current_hp_per_floor":[59,59,64,53,53,53,53,53,60,60,60,60,60,60,60,4,4],"gold":65,"neow_bonus":"THREE_ENEMY_KILL","is_prod":false,"is_daily":false,"chose_seed":false,"campfire_upgraded":3,"win_rate":0,"timestamp":1607529291,"path_taken":["M","$","?","?","$","E","R","E","T","$","M","M","R","M","R","BOSS"],"build_version":"2020-11-30","purchased_purges":0,"victory":false,"max_hp_per_floor":[66,66,71,71,71,71,71,71,78,78,78,78,78,78,78,78,78],"card_choices":[{"not_picked":["Underhanded Strike","Blade Dance"],"picked":"Backflip","floor":1.0},{"not_picked":["Bouncing Flask","Dagger Throw"],"picked":"Adrenaline","floor":6.0},{"not_picked":["Infinite Blades","Dodge and Roll"],"picked":"Prepared","floor":8.0},{"not_picked":["Acrobatics","Flying Knee","Dagger Spray"],"picked":"SKIP","floor":11.0},{"not_picked":["Deadly Poison","Dash"],"picked":"Flechettes","floor":12.0},{"not_picked":["Quick Slash","Slice","Deadly Poison"],"picked":"SKIP","floor":14.0}],"player_experience":447589,"relics_obtained":[{"floor":6.0,"key":"Akabeko"},{"floor":8.0,"key":"Centennial Puzzle"},{"floor":9.0,"key":"Strawberry"}],"event_choices":[{"damage_healed":0.0,"max_hp_gain":5.0,"max_hp_loss":0.0,"gold_gain":0.0,"event_name":"Big Fish","player_choice":"Donut","floor":3.0,"gold_loss":0.0,"damage_taken":0.0},{"damage_healed":0.0,"max_hp_gain":0.0,"max_hp_loss":0.0,"gold_gain":0.0,"event_name":"Scrap Ooze","player_choice":"Success","floor":4.0,"gold_loss":0.0,"damage_taken":11.0,"relics_obtained":["Calipers"]}],"is_beta":false,"boss_relics":[],"items_purged_floors":[],"is_endless":false,"potions_floor_spawned":[8,11],"killed_by":"Hexaghost","ascension_level":20}}