{"host":"d9tpyi6mde8z2n96","time":1607482032,"event":{"gold_per_floor":[3162,3162,3176,2696,2712,2742,2742,2742,2742,2752,2786,2798,2798,2816,2816,2919,2919,2939,2955,2870,2870,2890,2890,2905,2936,2936,2936,2947,2947,2947,2965,2965,3064,3064,3077,3077,3089,3089,3089,3089],"floor_reached":39,"playtime":2075,"items_purged":[],"score":538,"play_id":"650d1819-0550-4ed5-ba8b-ce719845e633","local_time":"20201208214712","is_ascension_mode":false,"campfire_choices":[{"data":"HalloweenModGhostCostume","floor":8,"key":"SMITH"},{"data":"HalloweenModCandy","floor":13,"key":"SMITH"},{"data":"HalloweenModCandy","floor":15,"key":"SMITH"},{"data":"HalloweenModCandy","floor":23,"key":"SMITH"},{"data":"HalloweenModCandy","floor":29,"key":"SMITH"},{"data":"ForeignInfluence","floor":32,"key":"SMITH"}],"neow_cost":"NONE","seed_source_timestamp":40475640644800,"circlet_count":0,"master_deck":["Strike_G+1","Strike_G+1","Strike_G+1","Strike_G+1","Defend_G+1","Defend_G+1","Defend_G+1","Defend_G+1","Survivor","Neutralize","HalloweenModGhostCostume","CommonCold","HalloweenModGhostCostume","HalloweenModGhostCostume+1","HalloweenModGhostCostume","HalloweenModGhostCostume","HalloweenModCandy+1","HalloweenModCandy+1","HalloweenModCandy+1","HalloweenModCandy+1","HalloweenModTrick","HalloweenModTrick+1","ForeignInfluence+1","BowlingBash","HalloweenModTrick+1","HalloweenModGhostCostume","HalloweenModCandy+1","HalloweenModCandy","HalloweenModCandy","HalloweenModCandy+1","HalloweenModTrick+1","hubris:Fate","HalloweenModCandy+1"],"relics":["testmod-TestBox","DaveBox","HalloweenModHalloween","Blue Candle","SynthV:C4","EasyGame_NEW","Question Card","Ring of Panic","ReplayTheSpireMod:Ring of Addiction","hubris:EmptyBottle","White Beast Statue","DemoMod:Relodestone","aspiration:TomeofQuesting","Girya","Hololive_LightStick","ImportantClient","ChiXiaoBlade","Golden Egg","MealTicket","trackpad:AncestralArmaments","halation:Trompette","SacredBark"],"potions_floor_usage":[5,10,11,16,18,19,22,24,28,33,33,33,35,39,39,39,39],"damage_taken":[{"damage":1,"enemies":"Small Slimes","floor":1,"turns":3},{"damage":1,"enemies":"Jaw Worm","floor":3,"turns":3},{"damage":3,"enemies":"Cultist","floor":5,"turns":3},{"damage":17,"enemies":"3 Sentries","floor":6,"turns":5},{"damage":23,"enemies":"2 Fungi Beasts","floor":10,"turns":5},{"damage":10,"enemies":"Gremlin Nob","floor":11,"turns":3},{"damage":0,"enemies":"Large Slime","floor":12,"turns":3},{"damage":0,"enemies":"Looter","floor":14,"turns":2},{"damage":0,"enemies":"Fading Forest","floor":16,"turns":9},{"damage":10,"enemies":"Shell Parasite","floor":18,"turns":6},{"damage":2,"enemies":"Spheric Guardian","floor":19,"turns":3},{"damage":0,"enemies":"Shelled Parasite and Fungi","floor":22,"turns":2},{"damage":44,"enemies":"Chosen and Byrds","floor":24,"turns":6},{"damage":12,"enemies":"Gremlin Leader","floor":25,"turns":4},{"damage":3,"enemies":"Snake Plant","floor":28,"turns":2},{"damage":11,"enemies":"Cultist and Chosen","floor":31,"turns":5},{"damage":55,"enemies":"Pondfish","floor":33,"turns":6},{"damage":4,"enemies":"3 Shapes","floor":35,"turns":2},{"damage":1,"enemies":"Orb Walker","floor":37,"turns":3},{"damage":97,"enemies":"Awakened One","floor":39,"turns":5}],"seed_played":"-9051438762949666081","potions_obtained":[{"floor":2,"key":"blueLaboratory:BottleOfRum"},{"floor":2,"key":"blueLaboratory:HorrorPotion"},{"floor":2,"key":"blueLaboratory:AbyssPotion"},{"floor":6,"key":"Dexterity Potion"},{"floor":10,"key":"CultistPotion"},{"floor":11,"key":"blueLaboratory:EnvenomedCoating"},{"floor":16,"key":"blueLaboratory:EnragingPotion"},{"floor":18,"key":"blueLaboratory:FruitPunch"},{"floor":22,"key":"Strength Potion"},{"floor":24,"key":"SpeedPotion"},{"floor":25,"key":"blueLaboratory:Moonshine"},{"floor":28,"key":"blueLaboratory:EnvenomedCoating"},{"floor":33,"key":"Milkshake"},{"floor":35,"key":"AttackPotion"},{"floor":37,"key":"testmod-TestPotion"}],"is_trial":false,"path_per_floor":["M","?","M","?","M","E","?","R","T","M","E","M","R","M","R","B",null,"M","M","?","?","M","R","M","E","T","AVR","M","R","?","M","R","B",null,"M","?","M","?","B"],"character_chosen":"THE_SILENT","items_purchased":[],"campfire_rested":0,"item_purchase_floors":[],"current_hp_per_floor":[69,69,68,68,65,48,48,48,48,25,15,19,19,23,23,35,66,66,66,66,66,70,70,34,30,30,30,27,27,27,36,36,21,66,66,66,66,66,0,0],"gold":3089,"neow_bonus":"BOSS_RELIC","is_prod":false,"is_daily":false,"chose_seed":false,"campfire_upgraded":6,"win_rate":0,"timestamp":1607482032,"path_taken":["M","?","M","?","M","E","?","R","T","M","E","M","R","?","R","BOSS","M","M","?","?","M","R","M","E","T","AVR","M","R","?","M","R","BOSS","M","?","?","?","BOSS"],"build_version":"2020-11-30","purchased_purges":0,"victory":false,"max_hp_per_floor":[70,70,70,70,70,70,70,70,68,68,68,68,68,68,66,66,66,66,68,68,68,70,70,70,70,70,70,68,68,68,68,66,66,66,66,66,66,66,64,64],"card_choices":[{"not_picked":["HalloweenModTrick","HalloweenModCandy"],"picked":"HalloweenModGhostCostume","floor":1},{"not_picked":["HalloweenModCandy","HalloweenModTrick","HalloweenModGhostCostume"],"picked":"HalloweenModGhostCostume","floor":3},{"not_picked":["infinitespire:SealOfDarkness+","infinitespire:TheBestDefense"],"picked":"infinitespire:Gouge","floor":4},{"not_picked":["HalloweenModTrick","HalloweenModCandy","HalloweenModGhostCostume"],"picked":"HalloweenModGhostCostume","floor":5},{"not_picked":["HalloweenModCandy","HalloweenModTrick","HalloweenModTrick"],"picked":"HalloweenModGhostCostume","floor":6},{"not_picked":["HalloweenModTrick","HalloweenModCandy","HalloweenModTrick"],"picked":"HalloweenModGhostCostume","floor":10},{"not_picked":["HalloweenModTrick","HalloweenModGhostCostume","HalloweenModTrick"],"picked":"HalloweenModCandy","floor":11},{"not_picked":["HalloweenModTrick","HalloweenModGhostCostume","HalloweenModCandy"],"picked":"HalloweenModCandy","floor":12},{"not_picked":["HalloweenModTrick","HalloweenModGhostCostume","HalloweenModCandy"],"picked":"HalloweenModCandy","floor":14},{"not_picked":["HalloweenModTrick","HalloweenModGhostCostume","HalloweenModGhostCostume"],"picked":"HalloweenModCandy","floor":16},{"not_picked":["HalloweenModCandy","HalloweenModGhostCostume","HalloweenModGhostCostume+1"],"picked":"HalloweenModTrick","floor":18},{"not_picked":["HalloweenModCandy","HalloweenModGhostCostume+1","HalloweenModGhostCostume+1"],"picked":"HalloweenModTrick+1","floor":19},{"not_picked":["HalloweenModTrick","HalloweenModCandy","HalloweenModGhostCostume+1"],"picked":"HalloweenModTrick+1","floor":22},{"not_picked":["HalloweenModTrick+1","HalloweenModCandy","HalloweenModGhostCostume"],"picked":"HalloweenModGhostCostume","floor":24},{"not_picked":["HalloweenModGhostCostume","HalloweenModTrick","HalloweenModGhostCostume+1"],"picked":"HalloweenModCandy+1","floor":25},{"not_picked":["HalloweenModTrick","HalloweenModGhostCostume+1","HalloweenModGhostCostume"],"picked":"HalloweenModCandy","floor":28},{"not_picked":["HalloweenModGhostCostume+1","HalloweenModTrick","HalloweenModTrick"],"picked":"HalloweenModCandy","floor":31},{"not_picked":["HalloweenModTrick+1","HalloweenModGhostCostume+1","HalloweenModCandy+1"],"picked":"HalloweenModCandy+1","floor":33},{"not_picked":["HalloweenModTrick+1","HalloweenModCandy","HalloweenModGhostCostume"],"picked":"HalloweenModTrick+1","floor":35},{"not_picked":["HalloweenModGhostCostume+1","HalloweenModTrick+1","HalloweenModTrick"],"picked":"HalloweenModCandy+1","floor":37}],"player_experience":1040097,"relics_obtained":[{"floor":1,"key":"Question Card"},{"floor":2,"key":"Ring of Panic"},{"floor":2,"key":"ReplayTheSpireMod:Ring of Addiction"},{"floor":2,"key":"hubris:EmptyBottle"},{"floor":2,"key":"White Beast Statue"},{"floor":6,"key":"DemoMod:Relodestone"},{"floor":9,"key":"Girya"},{"floor":11,"key":"Hololive_LightStick"},{"floor":16,"key":"ImportantClient"},{"floor":25,"key":"MealTicket"},{"floor":26,"key":"trackpad:AncestralArmaments"}],"event_choices":[{"damage_healed":0,"gold_gain":0,"player_choice":"Gave Potion","damage_taken":0,"relics_obtained":["aspiration:TomeofQuesting"],"max_hp_gain":0,"max_hp_loss":0,"event_name":"WeMeetAgain","floor":7,"gold_loss":0},{"damage_healed":0,"gold_gain":0,"player_choice":"Obtained Relic","damage_taken":0,"relics_obtained":["Golden Egg"],"max_hp_gain":0,"max_hp_loss":0,"event_name":"Addict","floor":20,"gold_loss":85},{"damage_healed":0,"gold_gain":0,"cards_transformed":["Defend_G","Strike_G"],"player_choice":"Became Test Subject","damage_taken":0,"max_hp_gain":0,"max_hp_loss":0,"event_name":"Drug Dealer","floor":21,"gold_loss":0,"cards_obtained":["ForeignInfluence","BowlingBash"]},{"damage_healed":0,"gold_gain":0,"player_choice":"Simplicity","damage_taken":0,"max_hp_gain":0,"max_hp_loss":0,"event_name":"Back to Basics","floor":30,"gold_loss":0,"cards_upgraded":["Strike_G","Strike_G","Strike_G","Strike_G","Defend_G","Defend_G","Defend_G","Defend_G"]},{"damage_healed":0,"gold_gain":0,"cards_transformed":["infinitespire:Gouge"],"player_choice":"Transformed","damage_taken":0,"max_hp_gain":0,"max_hp_loss":0,"event_name":"Transmorgrifier","floor":36,"gold_loss":0,"cards_obtained":["hubris:Fate"]},{"damage_healed":0,"gold_gain":0,"player_choice":"Took Portal","damage_taken":0,"max_hp_gain":0,"max_hp_loss":0,"event_name":"SecretPortal","floor":38,"gold_loss":0}],"is_beta":false,"boss_relics":[{"not_picked":["aspiration:FutureDiary","energizedSpire:EnergizedDie"],"picked":"ChiXiaoBlade"},{"not_picked":["Hololive_TopUpMoneyS","RhineCircuit"],"picked":"SacredBark"}],"items_purged_floors":[],"is_endless":false,"potions_floor_spawned":[3,5,6,10,11,12,14,16,18,19,22,24,25,28,31,33,35,37],"killed_by":"Awakened One","ascension_level":0}}