{"host":"kpyf5rnb72uwap8k","time":1607555658,"event":{"gold_per_floor":[119,119,137,17,30,30,61,61,112,112,124,159,178,178,178,281,281,297,308,129,147,161,161,196,222,234,260,22,41,41,41,41,144,144,162,180,5,20,20,20,49,49,72,72,91,102,102,102,102,102],"floor_reached":51,"playtime":2400,"items_purged":["Defend_R","Strike_R","Strike_R"],"score":742,"play_id":"cf87c532-1b75-492b-82e3-789d68b2befa","local_time":"20201210081418","is_ascension_mode":true,"campfire_choices":[{"data":"True Grit","floor":6,"key":"SMITH"},{"data":"Reckless Charge","floor":8,"key":"SMITH"},{"data":"Bash","floor":10,"key":"SMITH"},{"data":"Clash","floor":15,"key":"SMITH"},{"floor":23,"key":"RECALL"},{"floor":30,"key":"REST"},{"data":"Fire Breathing","floor":32,"key":"SMITH"},{"floor":40,"key":"REST"},{"floor":42,"key":"REST"},{"floor":44,"key":"REST"},{"floor":49,"key":"REST"}],"neow_cost":"NONE","seed_source_timestamp":220769119011700,"circlet_count":0,"master_deck":["Strike_R+1","Defend_R","Defend_R","Defend_R","Bash+1","Reckless Charge+1","True Grit+1","Warcry+1","Armaments+1","Clash+1","Sentinel+1","Second Wind+1","Fire Breathing+1","Battle Trance+1","Double Tap+1","Entrench+1","Double Tap+1","Seeing Red+1","Fire Breathing+1","Sentinel+1","Pommel Strike+1","Warcry+1","Dark Embrace+1","Trip+1"],"relics":["Burning Blood","Toxic Egg 2","MealTicket","Centennial Puzzle","Kunai","Sozu","MawBank","Darkstone Periapt","Matryoshka","Akabeko","Mark of Pain","Ornamental Fan","Smiling Mask","Whetstone"],"potions_floor_usage":[7,16,16,33],"damage_taken":[{"damage":1,"enemies":"Cultist","floor":1,"turns":4},{"damage":1,"enemies":"2 Louse","floor":3,"turns":4},{"damage":1,"enemies":"Small Slimes","floor":5,"turns":4},{"damage":17,"enemies":"3 Sentries","floor":7,"turns":11},{"damage":2,"enemies":"Exordium Thugs","floor":11,"turns":5},{"damage":17,"enemies":"Lagavulin","floor":12,"turns":6},{"damage":5,"enemies":"Looter","floor":13,"turns":2},{"damage":28,"enemies":"Hexaghost","floor":16,"turns":6},{"damage":3,"enemies":"Spheric Guardian","floor":18,"turns":4},{"damage":3,"enemies":"3 Byrds","floor":19,"turns":7},{"damage":0,"enemies":"Centurion and Healer","floor":21,"turns":8},{"damage":15,"enemies":"Chosen and Byrds","floor":22,"turns":5},{"damage":38,"enemies":"Gremlin Leader","floor":24,"turns":5},{"damage":11,"enemies":"Snecko","floor":25,"turns":6},{"damage":1,"enemies":"Cultist and Chosen","floor":27,"turns":7},{"damage":12,"enemies":"Centurion and Healer","floor":29,"turns":7},{"damage":54,"enemies":"Champ","floor":33,"turns":13},{"damage":9,"enemies":"Orb Walker","floor":35,"turns":3},{"damage":2,"enemies":"3 Shapes","floor":36,"turns":3},{"damage":40,"enemies":"Transient","floor":38,"turns":5},{"damage":74,"enemies":"Giant Head","floor":41,"turns":9},{"damage":3,"enemies":"3 Darklings","floor":45,"turns":4},{"damage":19,"enemies":"Spire Growth","floor":46,"turns":5},{"damage":49,"enemies":"Awakened One","floor":50,"turns":11}],"seed_played":"-6499402929948121943","potions_obtained":[{"floor":1,"key":"ColorlessPotion"},{"floor":11,"key":"LiquidMemories"},{"floor":12,"key":"BlessingOfTheForge"},{"floor":13,"key":"Swift Potion"}],"is_trial":false,"path_per_floor":["M","T","M","$","M","R","E","R","T","R","M","E","M","?","R","B",null,"M","M","$","M","M","R","E","M","T","M","$","M","R","?","R","B",null,"M","M","$","M","$","R","E","R","T","R","M","M","?","?","R","B",null],"character_chosen":"IRONCLAD","items_purchased":["Armaments+1","Intimidate+1","Matryoshka","Warcry+1"],"campfire_rested":5,"item_purchase_floors":[4,20,28,37],"current_hp_per_floor":[80,80,80,80,80,80,69,69,69,69,73,62,63,63,63,41,80,80,80,80,80,71,71,39,34,34,39,54,48,72,72,72,24,80,77,80,80,46,61,80,12,36,36,60,63,50,50,50,74,31],"gold":102,"neow_bonus":"TRANSFORM_CARD","is_prod":false,"is_daily":false,"chose_seed":false,"campfire_upgraded":5,"win_rate":0,"timestamp":1607555658,"path_taken":["M","?","M","$","M","R","E","R","T","R","M","E","M","?","R","BOSS","M","M","$","M","M","R","E","M","T","?","?","M","R","?","R","BOSS","M","?","?","M","?","R","E","R","T","R","M","M","?","?","R","BOSS"],"build_version":"2020-11-30","purchased_purges":3,"victory":true,"max_hp_per_floor":[80,80,80,80,80,80,80,80,80,80,80,80,80,80,80,80,80,80,80,80,80,80,80,80,80,80,80,80,80,80,80,80,80,80,80,80,80,80,80,80,80,80,80,80,80,80,80,80,80,80],"card_choices":[{"not_picked":["Uppercut","Clothesline"],"picked":"True Grit","floor":1},{"not_picked":["Twin Strike","Iron Wave"],"picked":"Warcry+1","floor":3},{"not_picked":["Sever Soul","Whirlwind"],"picked":"Clash","floor":5},{"not_picked":["Evolve","Cleave"],"picked":"Sentinel+1","floor":7},{"not_picked":["Body Slam","Twin Strike"],"picked":"Second Wind+1","floor":11},{"not_picked":["Demon Form","Inflame"],"picked":"Fire Breathing","floor":12},{"not_picked":["Twin Strike","Shockwave+1"],"picked":"Battle Trance+1","floor":13},{"not_picked":["Corruption","Berserk"],"picked":"Double Tap+1","floor":16},{"not_picked":["Clothesline","Clash"],"picked":"Entrench+1","floor":18},{"not_picked":["Twin Strike","Blood for Blood","Sword Boomerang"],"picked":"SKIP","floor":19},{"not_picked":["Sword Boomerang","Metallicize","Disarm+1"],"picked":"SKIP","floor":21},{"not_picked":["Pommel Strike+1","Armaments+1","Shrug It Off+1"],"picked":"SKIP","floor":22},{"not_picked":["Sword Boomerang","Anger"],"picked":"Double Tap+1","floor":24},{"not_picked":["Twin Strike","Thunderclap","Iron Wave"],"picked":"SKIP","floor":25},{"not_picked":["True Grit+1","Shockwave+1"],"picked":"Seeing Red+1","floor":27},{"not_picked":["Twin Strike","Carnage+1"],"picked":"Fire Breathing","floor":29},{"not_picked":["Cleave+1","Perfected Strike"],"picked":"Sentinel+1","floor":35},{"not_picked":["Armaments+1","Heavy Blade+1"],"picked":"Pommel Strike","floor":36},{"not_picked":["Havoc+1","Searing Blow","Metallicize"],"picked":"SKIP","floor":38},{"not_picked":["Flex+1","Pommel Strike+1","Havoc+1"],"picked":"SKIP","floor":41},{"not_picked":["Armaments+1","Inflame+1","Thunderclap+1"],"picked":"SKIP","floor":45},{"not_picked":["Warcry+1","Rampage+1"],"picked":"Dark Embrace+1","floor":46},{"not_picked":["Metamorphosis+1","Jack Of All Trades+1"],"picked":"Trip+1","floor":48}],"player_experience":191002,"relics_obtained":[{"floor":2,"key":"Toxic Egg 2"},{"floor":7,"key":"MealTicket"},{"floor":9,"key":"Centennial Puzzle"},{"floor":12,"key":"Kunai"},{"floor":24,"key":"MawBank"},{"floor":26,"key":"Darkstone Periapt"},{"floor":41,"key":"Ornamental Fan"},{"floor":43,"key":"Smiling Mask"},{"floor":43,"key":"Whetstone"}],"event_choices":[{"damage_healed":0,"gold_gain":0,"player_choice":"Upgraded","damage_taken":0,"max_hp_gain":0,"max_hp_loss":0,"event_name":"Upgrade Shrine","floor":14,"gold_loss":0,"cards_upgraded":["Fire Breathing"]},{"cards_removed":["Intimidate"],"damage_healed":0,"gold_gain":0,"player_choice":"Gave Card","damage_taken":0,"relics_obtained":["Akabeko"],"max_hp_gain":0,"max_hp_loss":0,"event_name":"WeMeetAgain","floor":31,"gold_loss":0},{"cards_removed":["Strike_R"],"damage_healed":0,"gold_gain":0,"player_choice":"Removed Attack","damage_taken":0,"max_hp_gain":0,"max_hp_loss":0,"event_name":"Falling","floor":47,"gold_loss":0},{"damage_healed":0,"gold_gain":0,"player_choice":"Memory 1","damage_taken":0,"max_hp_gain":0,"max_hp_loss":0,"event_name":"SensoryStone","floor":48,"gold_loss":0}],"is_beta":false,"boss_relics":[{"not_picked":["Cursed Key","SacredBark"],"picked":"Sozu"},{"not_picked":["Pandora\u0027s Box","Astrolabe"],"picked":"Mark of Pain"}],"items_purged_floors":[4,20,37],"is_endless":false,"potions_floor_spawned":[1,11,12,13,18,21,27,29,33,38,41,45],"ascension_level":1}}