{"host":"dekhxjxhillho72f","time":1607529329,"event":{"gold_per_floor":[110,130,130,146,146,146,146,146,170,170,170,214,227,251,251,372,372,391,415,690,703,729,729,750,750,750,789,20,56,77,77,77],"floor_reached":31,"playtime":3392,"items_purged":["Looming Evil"],"score":277,"play_id":"bb71a8ea-b696-447b-b563-467230654c05","local_time":"20201209165529","is_ascension_mode":false,"campfire_choices":[{"data":"hermit:EyeOfTheStorm","floor":6,"key":"SMITH"},{"data":"hermit:Snipe","floor":8,"key":"SMITH"},{"data":"hermit:Covet","floor":10,"key":"SMITH"},{"data":"hermit:RoundhouseKick","floor":23,"key":"SMITH"},{"floor":25,"key":"REST"}],"neow_cost":"NONE","seed_source_timestamp":3010087891966,"circlet_count":0,"master_deck":["hermit:Strike_Hermit","hermit:Strike_Hermit","hermit:Strike_Hermit","hermit:Strike_Hermit","hermit:Defend_Hermit","hermit:Defend_Hermit","hermit:Defend_Hermit+1","hermit:Defend_Hermit","hermit:Snapshot+1","hermit:Covet+1","hermit:EyeOfTheStorm+1","hermit:Snipe+1","Injury","hermit:ShadowCloak","hermit:Headshot+1","hermit:RoundhouseKick+1","CurseOfTheBell","hermit:Grudge+1","hermit:Enervate","hermit:Vantage","Regret","hermit:Scavenge+1","hermit:LuckOfTheDraw","hermit:Gambit","hermit:GhostlyPresence+1","hermit:Brawl","hermit:Snipe+1","hermit:TakeAim","Clumsy","hermit:Combo","hermit:Glare","hermit:Dive+1"],"relics":["hermit:Momento","ReplayTheSpireMod:Ring of Exchange","Ring of Fangs","Bag of Preparation","Golden Idol","Replay:Wax Seal","Calling Bell","Happy Flower","Iron Hammer","Prayer Wheel","Quantum Egg","Replay:WaspNest","ReplayTheSpireMod:CursedCoin","Gambling Chip","Girya","Mummified Hand"],"potions_floor_usage":[21,28],"damage_taken":[{"damage":1,"enemies":"Jaw Worm","floor":1,"turns":4},{"damage":0,"enemies":"Small Slimes","floor":2,"turns":2},{"damage":6,"enemies":"Cultist","floor":4,"turns":3},{"damage":17,"enemies":"Replay:BlueRogue","floor":12,"turns":9},{"damage":3,"enemies":"Red Slaver","floor":13,"turns":5},{"damage":12,"enemies":"2 Fungi Beasts","floor":14,"turns":4},{"damage":51,"enemies":"Hexaghost","floor":16,"turns":15},{"damage":26,"enemies":"3 Byrds","floor":18,"turns":10},{"damage":10,"enemies":"Spheric Guardian","floor":19,"turns":4},{"damage":38,"enemies":"Shelled Parasite and Fungi","floor":21,"turns":5},{"damage":11,"enemies":"Centurion and Healer","floor":22,"turns":9},{"damage":3,"enemies":"Cultist and Chosen","floor":24,"turns":8},{"damage":7,"enemies":"Replay:Snechameleon","floor":27,"turns":8},{"damage":6,"enemies":"Book of Stabbing","floor":29,"turns":4},{"damage":33,"enemies":"Snake Plant","floor":30,"turns":5},{"damage":11,"enemies":"Snecko","floor":31,"turns":2}],"seed_played":"-3557355735362066276","potions_obtained":[{"floor":1,"key":"Elixir"},{"floor":4,"key":"FairyPotion"},{"floor":16,"key":"DuplicationPotion"},{"floor":21,"key":"Fruit Juice"},{"floor":27,"key":"BlessingOfTheForge"},{"floor":30,"key":"SkillPotion"}],"is_trial":false,"path_per_floor":["M","M","?","M","?","R","?","R","T","R","?","E","M","M","R_BF","B",null,"M","M","?","M","M","R","M","R","T","E","$","E","M","M"],"character_chosen":"HERMIT","items_purchased":["ReplayTheSpireMod:CursedCoin","Gambling Chip","Girya","hermit:Combo","Fruit Juice","hermit:Glare"],"campfire_rested":1,"item_purchase_floors":[28,28,28,28,28,28],"current_hp_per_floor":[74,74,74,68,68,68,68,68,68,68,68,51,48,36,58,7,75,49,39,39,6,24,24,21,45,45,38,43,37,4,0,0],"gold":77,"neow_bonus":"UPGRADE_CARD","is_prod":false,"is_daily":false,"chose_seed":false,"campfire_upgraded":4,"win_rate":0.0,"timestamp":1607529329,"path_taken":["M","M","?","M","?","R","?","R","T","R","?","E","?","M","R_BF","BOSS","M","M","?","M","M","R","?","R","T","E","?","E","M","M"],"build_version":"2020-11-30","purchased_purges":1,"victory":false,"max_hp_per_floor":[75,75,75,75,75,75,75,75,75,75,75,75,75,75,75,75,75,75,75,75,80,80,80,80,80,80,80,85,85,85,85,85],"relic_stats":{"Happy Flower":[18],"counters":[16,97],"Golden Idol":79,"Mummified Hand":[3],"Gambling Chip":[11],"Prayer Wheel":6,"Bag of Preparation":[26],"obtain_stats":[{"ReplayTheSpireMod:Ring of Exchange":5,"Girya":28,"Happy Flower":17,"Golden Idol":11,"ReplayTheSpireMod:CursedCoin":28,"Quantum Egg":26,"Replay:WaspNest":27,"Bag of Preparation":9,"Calling Bell":17,"Ring of Fangs":5,"Mummified Hand":29,"Gambling Chip":28,"Prayer Wheel":17,"Iron Hammer":17,"Replay:Wax Seal":12,"hermit:Momento":0},{"ReplayTheSpireMod:Ring of Exchange":3,"Girya":13,"Happy Flower":7,"Golden Idol":3,"ReplayTheSpireMod:CursedCoin":13,"Quantum Egg":12,"Replay:WaspNest":13,"Bag of Preparation":3,"Calling Bell":7,"Ring of Fangs":3,"Mummified Hand":14,"Gambling Chip":13,"Prayer Wheel":7,"Iron Hammer":7,"Replay:Wax Seal":4,"hermit:Momento":0},{"ReplayTheSpireMod:Ring of Exchange":9,"Girya":86,"Happy Flower":42,"Golden Idol":9,"ReplayTheSpireMod:CursedCoin":86,"Quantum Egg":78,"Replay:WaspNest":86,"Bag of Preparation":9,"Calling Bell":42,"Ring of Fangs":9,"Mummified Hand":90,"Gambling Chip":86,"Prayer Wheel":42,"Iron Hammer":42,"Replay:Wax Seal":18,"hermit:Momento":0}]},"card_choices":[{"not_picked":["hermit:Manifest","hermit:Glare"],"picked":"hermit:EyeOfTheStorm","floor":1},{"not_picked":["hermit:BodyArmor","hermit:Determination"],"picked":"hermit:Snipe","floor":2},{"not_picked":["hermit:Adapt","hermit:Coalescence","hermit:SprayPray"],"picked":"SKIP","floor":4},{"not_picked":["hermit:Adapt","hermit:Coalescence","hermit:SprayPray"],"picked":"SKIP","floor":4},{"not_picked":["hermit:Maintenance","hermit:CalledShot"],"picked":"hermit:ShadowCloak","floor":12},{"not_picked":["hermit:Vantage","hermit:Desperado"],"picked":"hermit:Headshot","floor":13},{"not_picked":["hermit:NoHoldsBarred","hermit:Dive"],"picked":"hermit:RoundhouseKick","floor":14},{"not_picked":["hermit:Ricochet","hermit:Brawl"],"picked":"hermit:Grudge+1","floor":18},{"not_picked":["hermit:Roulette+1","hermit:TakeCover"],"picked":"hermit:Enervate","floor":18},{"not_picked":["hermit:BodyArmor","hermit:GoldenBullet+1"],"picked":"hermit:Vantage","floor":19},{"not_picked":["hermit:WideOpen","hermit:Manifest","hermit:SprayPray"],"picked":"SKIP","floor":19},{"not_picked":["hermit:LoneWolf","hermit:CalledShot+1"],"picked":"hermit:Scavenge+1","floor":21},{"not_picked":["hermit:Glare","hermit:LowProfile"],"picked":"hermit:LuckOfTheDraw","floor":21},{"not_picked":["hermit:PistolWhip","hermit:Misfire"],"picked":"hermit:Gambit","floor":22},{"not_picked":["hermit:Feint","hermit:Vantage"],"picked":"hermit:GhostlyPresence+1","floor":22},{"not_picked":["hermit:LowProfile","hermit:Feint"],"picked":"hermit:Brawl","floor":24},{"not_picked":["hermit:Misfire","hermit:HighCaliber+1"],"picked":"hermit:Snipe+1","floor":24},{"not_picked":["hermit:ItchyTrigger","hermit:HighCaliber"],"picked":"hermit:TakeAim","floor":27},{"not_picked":["hermit:NoHoldsBarred+1","hermit:Horror"],"picked":"hermit:Dive+1","floor":29},{"not_picked":["hermit:Feint+1","hermit:Shortfuse+1","hermit:FullyLoaded"],"picked":"SKIP","floor":30},{"not_picked":["hermit:Manifest+1","hermit:Vantage","hermit:Determination"],"picked":"SKIP","floor":30}],"player_experience":238063,"relics_obtained":[{"floor":5,"key":"ReplayTheSpireMod:Ring of Exchange"},{"floor":5,"key":"Ring of Fangs"},{"floor":9,"key":"Bag of Preparation"},{"floor":12,"key":"Replay:Wax Seal"},{"floor":17,"key":"Happy Flower"},{"floor":17,"key":"Iron Hammer"},{"floor":17,"key":"Prayer Wheel"},{"floor":26,"key":"Quantum Egg"},{"floor":27,"key":"Replay:WaspNest"},{"floor":29,"key":"Mummified Hand"}],"event_choices":[{"damage_healed":0,"gold_gain":0,"player_choice":"Ignored","damage_taken":130,"max_hp_gain":0,"max_hp_loss":0,"event_name":"betterThird:BetterSerpent","floor":3,"gold_loss":0},{"damage_healed":0,"gold_gain":0,"player_choice":"Take Wound","damage_taken":0,"relics_obtained":["Golden Idol"],"max_hp_gain":0,"max_hp_loss":0,"event_name":"Golden Idol","floor":11,"gold_loss":0,"cards_obtained":["Injury"]},{"damage_healed":0,"gold_gain":275,"player_choice":"Desecrate","damage_taken":0,"max_hp_gain":0,"max_hp_loss":0,"event_name":"Golden Shrine","floor":20,"gold_loss":0,"cards_obtained":["Regret"]}],"is_beta":false,"boss_relics":[{"not_picked":["Cauldron","HandDrill"],"picked":"Calling Bell"}],"items_purged_floors":[28],"is_endless":false,"potions_floor_spawned":[1,4,16,21,27,30],"killed_by":"Snecko","ascension_level":0}}