{"host":"d6jq5n191gimxfx1","time":1607546584,"event":{"gold_per_floor":[117,117,137,155,155,155,188,33,33,33,33,50,68,78,78,173,173,98,98,98,98,98,98,98],"floor_reached":23,"playtime":1080,"items_purged":["Defend_P"],"score":224,"play_id":"b5fb6323-7766-44b7-bd46-f7f34ff1cd25","local_time":"20201209214304","is_ascension_mode":true,"campfire_choices":[{"data":"JustLucky","floor":6,"key":"SMITH"},{"floor":15,"key":"REST"}],"neow_cost":"NONE","seed_source_timestamp":2344766342480500,"circlet_count":0,"master_deck":["Strike_P+1","Strike_P","Strike_P+1","Strike_P","Defend_P+1","Defend_P+1","Defend_P+1","Eruption+1","Vigilance","LessonLearned+1","Halt","JustLucky+1","Devotion","Halt","FearNoEvil+1","SashWhip+1","EmptyFist+1","FlurryOfBlows+1","Scrawl","Prostrate"],"relics":["PureWater","Oddly Smooth Stone","Pen Nib","Molten Egg 2","InkBottle","GremlinMask","Ectoplasm"],"potions_floor_usage":[7,13,16,18,19],"damage_taken":[{"damage":0,"enemies":"Small Slimes","floor":1,"turns":2},{"damage":0,"enemies":"Jaw Worm","floor":3,"turns":3},{"damage":0,"enemies":"2 Louse","floor":4,"turns":2},{"damage":36,"enemies":"Gremlin Nob","floor":7,"turns":5},{"damage":1,"enemies":"Lots of Slimes","floor":12,"turns":5},{"damage":1,"enemies":"Exordium Wildlife","floor":13,"turns":4},{"damage":5,"enemies":"Red Slaver","floor":14,"turns":2},{"damage":11,"enemies":"Hexaghost","floor":16,"turns":7},{"damage":14,"enemies":"2 Thieves","floor":18,"turns":4},{"damage":3,"enemies":"3 Byrds","floor":19,"turns":6},{"damage":32,"enemies":"Shelled Parasite and Fungi","floor":21,"turns":7},{"damage":16,"enemies":"Centurion and Healer","floor":22,"turns":5},{"damage":5,"enemies":"Sentry and Sphere","floor":23,"turns":3}],"seed_played":"3847472703490443144","potions_obtained":[{"floor":1,"key":"Strength Potion"},{"floor":4,"key":"SpeedPotion"},{"floor":7,"key":"DuplicationPotion"},{"floor":12,"key":"Block Potion"},{"floor":14,"key":"Weak Potion"},{"floor":19,"key":"EssenceOfSteel"},{"floor":21,"key":"Ambrosia"}],"is_trial":false,"path_per_floor":["M","?","M","M","T","R","E","$","T","?","?","M","M","M","R","B",null,"M","M","?","M","M","M"],"character_chosen":"WATCHER","items_purchased":["FearNoEvil+1"],"campfire_rested":1,"item_purchase_floors":[8],"current_hp_per_floor":[72,60,60,60,60,60,24,24,24,24,24,23,22,17,38,27,72,58,55,49,17,1,0,0],"gold":98,"neow_bonus":"ONE_RANDOM_RARE_CARD","is_prod":false,"is_daily":false,"chose_seed":false,"campfire_upgraded":1,"win_rate":0,"timestamp":1607546584,"path_taken":["M","?","M","M","?","R","E","$","T","?","?","M","M","?","R","BOSS","M","M","?","M","M","M"],"build_version":"2020-11-30","purchased_purges":1,"victory":false,"max_hp_per_floor":[72,72,72,72,72,72,72,72,72,72,72,72,72,72,72,72,72,72,72,72,72,72,72,72],"card_choices":[{"not_picked":["Study","BowlingBash"],"picked":"Halt","floor":1},{"not_picked":["Collect","SashWhip"],"picked":"JustLucky","floor":3},{"not_picked":["Protect","Worship"],"picked":"Devotion","floor":4},{"not_picked":["Crescendo","BattleHymn"],"picked":"Halt","floor":7},{"not_picked":["ThirdEye","Halt"],"picked":"SashWhip+1","floor":12},{"not_picked":["JustLucky+1","Crescendo"],"picked":"EmptyFist+1","floor":13},{"not_picked":["CarveReality+1","SashWhip+1"],"picked":"FlurryOfBlows+1","floor":14},{"not_picked":["Vault","Blasphemy"],"picked":"Scrawl","floor":16},{"not_picked":["PathToVictory+1","Evaluate","WheelKick+1"],"picked":"SKIP","floor":18},{"not_picked":["FlurryOfBlows+1","CutThroughFate+1","ThirdEye"],"picked":"SKIP","floor":19},{"not_picked":["InnerPeace","CrushJoints+1"],"picked":"Prostrate","floor":21},{"not_picked":["CarveReality+1","EmptyMind","BattleHymn"],"picked":"SKIP","floor":22}],"player_experience":569629,"relics_obtained":[{"floor":5,"key":"Pen Nib"},{"floor":7,"key":"Molten Egg 2"},{"floor":9,"key":"InkBottle"}],"event_choices":[{"damage_healed":0,"gold_gain":0,"player_choice":"Success","damage_taken":12,"relics_obtained":["Oddly Smooth Stone"],"max_hp_gain":0,"max_hp_loss":0,"event_name":"Scrap Ooze","floor":2,"gold_loss":0},{"damage_healed":0,"gold_gain":0,"player_choice":"Ignored","damage_taken":0,"max_hp_gain":0,"max_hp_loss":0,"event_name":"Liars Game","floor":10,"gold_loss":0},{"damage_healed":0,"gold_gain":0,"player_choice":"Trade","damage_taken":0,"relics_obtained":["GremlinMask"],"max_hp_gain":0,"max_hp_loss":0,"event_name":"FaceTrader","floor":11,"gold_loss":0},{"damage_healed":0,"gold_gain":0,"player_choice":"","damage_taken":6,"max_hp_gain":0,"max_hp_loss":0,"event_name":"Knowing Skull","floor":20,"potions_obtained":[],"gold_loss":0,"cards_obtained":[]}],"is_beta":false,"boss_relics":[{"not_picked":["SacredBark","Runic Pyramid"],"picked":"Ectoplasm"}],"items_purged_floors":[8],"is_endless":false,"potions_floor_spawned":[1,4,7,12,14,19,21],"killed_by":"Sentry and Sphere","ascension_level":3}}