{"host":"6wux4armhsntp4yb","time":1607513451,"event":{"gold_per_floor":[17,34,45,45,61,61,11,45,70,70,102,102,27,47,47,118,118,118,130,130,130,45,73,73,108,133,151,151,11,45,64,64,139,139,156,31,31,31,31,31,41,67,90,90,120,120,132,151,151,151,151,151,151,47,79,79,79],"floor_reached":56,"playtime":4731,"items_purged":["Pain","Strike_G","Strike_G","Defend_G"],"score":2167,"play_id":"cd174c14-c068-4cad-8d53-2c380c50e894","local_time":"20201209203051","is_ascension_mode":true,"campfire_choices":[{"data":"Predator","floor":6.0,"key":"SMITH"},{"floor":10.0,"key":"REST"},{"floor":12.0,"key":"REST"},{"data":"Well Laid Plans","floor":15.0,"key":"SMITH"},{"data":"Ghostly","floor":24.0,"key":"SMITH"},{"data":"Ghostly","floor":28.0,"key":"SMITH"},{"data":"Ghostly","floor":32.0,"key":"SMITH"},{"data":"Wraith Form v2","floor":40.0,"key":"SMITH"},{"data":"After Image","floor":44.0,"key":"SMITH"},{"floor":49.0,"key":"RECALL"},{"data":"Calculated Gamble","floor":53.0,"key":"SMITH"}],"neow_cost":"NO_GOLD","seed_source_timestamp":297410468321733,"circlet_count":0,"master_deck":["AscendersBane","Defend_G","Defend_G","Defend_G","Defend_G","Neutralize","Panache","Deadly Poison","Predator+1","Endless Agony","Blade Dance","Escape Plan","Escape Plan","Well Laid Plans+1","After Image+1","Deflect+1","Flechettes+1","Dodge and Roll+1","Cloak And Dagger","RitualDagger","Ghostly+1","Ghostly+1","Ghostly+1","Noxious Fumes","Crippling Poison","Calculated Gamble+1","Wraith Form v2+1","Prepared+1","PiercingWail","Accuracy+1","Blind","Secret Technique","Finesse","Escape Plan","Adrenaline"],"special_seed":0,"relics":["Ring of the Snake","WarpedTongs","Happy Flower","Snake Skull","Bronze Scales","Astrolabe","Art of War","Potion Belt","Sundial","Centennial Puzzle","Blood Vial","SlaversCollar","Paper Crane","Bottled Lightning","Smiling Mask","Toy Ornithopter"],"potions_floor_usage":[56,56,56],"damage_taken":[{"damage":13.0,"enemies":"Cultist","floor":1.0,"turns":7.0},{"damage":4.0,"enemies":"2 Louse","floor":2.0,"turns":4.0},{"damage":2.0,"enemies":"Jaw Worm","floor":3.0,"turns":4.0},{"damage":5.0,"enemies":"2 Fungi Beasts","floor":5.0,"turns":4.0},{"damage":25.0,"enemies":"Lagavulin","floor":8.0,"turns":5.0},{"damage":21.0,"enemies":"3 Sentries","floor":11.0,"turns":7.0},{"damage":0.0,"enemies":"Blue Slaver","floor":14.0,"turns":2.0},{"damage":3.0,"enemies":"The Guardian","floor":16.0,"turns":10.0},{"damage":0.0,"enemies":"Chosen","floor":18.0,"turns":3.0},{"damage":11.0,"enemies":"3 Byrds","floor":19.0,"turns":3.0},{"damage":25.0,"enemies":"Slavers","floor":23.0,"turns":5.0},{"damage":0.0,"enemies":"Gremlin Leader","floor":25.0,"turns":7.0},{"damage":0.0,"enemies":"Snake Plant","floor":27.0,"turns":3.0},{"damage":0.0,"enemies":"Book of Stabbing","floor":30.0,"turns":6.0},{"damage":0.0,"enemies":"3 Cultists","floor":31.0,"turns":4.0},{"damage":0.0,"enemies":"Champ","floor":33.0,"turns":12.0},{"damage":0.0,"enemies":"Orb Walker","floor":35.0,"turns":5.0},{"damage":0.0,"enemies":"3 Darklings","floor":41.0,"turns":6.0},{"damage":4.0,"enemies":"Giant Head","floor":42.0,"turns":9.0},{"damage":0.0,"enemies":"Reptomancer","floor":45.0,"turns":6.0},{"damage":6.0,"enemies":"4 Shapes","floor":47.0,"turns":6.0},{"damage":0.0,"enemies":"Spire Growth","floor":48.0,"turns":6.0},{"damage":8.0,"enemies":"Donu and Deca","floor":50.0,"turns":11.0},{"damage":9.0,"enemies":"Awakened One","floor":51.0,"turns":21.0},{"damage":1.0,"enemies":"Shield and Spear","floor":55.0,"turns":8.0},{"damage":46,"enemies":"The Heart","floor":56,"turns":3}],"seed_played":"4088253079378598277","potions_obtained":[{"floor":1.0,"key":"Ancient Potion"},{"floor":3.0,"key":"Fire Potion"},{"floor":16.0,"key":"SmokeBomb"},{"floor":23.0,"key":"SpeedPotion"},{"floor":25.0,"key":"Explosive Potion"},{"floor":27.0,"key":"GamblersBrew"},{"floor":31.0,"key":"Poison Potion"},{"floor":41.0,"key":"Swift Potion"},{"floor":42.0,"key":"Block Potion"},{"floor":48.0,"key":"Fire Potion"},{"floor":55.0,"key":"Strength Potion"}],"is_trial":false,"path_per_floor":["M","M","M","?","M","R","$","E","T","R","E","R","$","M","R","B",null,"M","M","?","?","?","E","R","E","T","M","R","$","E","M","R","B",null,"M","$","?","?","T","R","M","E","T","R","E","?","M","M","R","B","B",null,"R","$","E","B"],"character_chosen":"THE_SILENT","items_purchased":["Blade Dance","Calculated Gamble","Strength Potion"],"campfire_rested":2,"item_purchase_floors":[7,29,54],"current_hp_per_floor":[46,42,40,40,35,35,35,10,10,29,8,27,27,27,27,24,56,56,45,39,33,33,8,8,8,8,8,8,8,8,10,10,12,28,30,30,30,30,30,30,31,27,27,27,29,19,15,17,17,11,4,24,24,24,25,0,0],"gold":79,"neow_bonus":"RANDOM_COLORLESS_2","is_prod":false,"is_daily":false,"chose_seed":false,"campfire_upgraded":8,"win_rate":0,"timestamp":1607513451,"path_taken":["M","M","?","?","?","R","$","E","T","R","E","R","$","M","R","BOSS","M","?","?","?","?","E","R","E","T","M","R","?","E","M","R","BOSS","M","$","?","?","?","R","M","E","T","R","E","?","M","?","R","BOSS","BOSS","R","$","E","BOSS"],"build_version":"2020-11-30","purchased_purges":4,"victory":false,"max_hp_per_floor":[66,66,66,66,66,66,66,66,66,66,66,66,66,66,66,66,66,66,66,66,33,33,33,33,33,33,33,33,33,33,33,33,33,33,33,33,31,31,31,31,31,31,31,31,31,31,31,31,31,31,31,31,31,31,31,31,31],"relic_stats":{"Happy Flower":[47],"counters":[26,167],"Astrolabe":["Deflect","Flechettes","Dodge and Roll"],"Snake Skull":[124],"Smiling Mask":100,"WarpedTongs":[146],"Blood Vial":21,"Centennial Puzzle":[19],"Sundial":[14],"Bronze Scales":[553],"Art of War":[19],"obtain_stats":[{"Potion Belt":23,"Happy Flower":8,"Astrolabe":17,"Snake Skull":9,"Paper Crane":39,"Smiling Mask":45,"WarpedTongs":4,"Blood Vial":30,"SlaversCollar":34,"Centennial Puzzle":26,"Sundial":25,"Bronze Scales":11,"Art of War":22,"Bottled Lightning":42,"Toy Ornithopter":55,"Ring of the Snake":0},{"Potion Belt":11,"Happy Flower":5,"Astrolabe":8,"Snake Skull":5,"Paper Crane":17,"Smiling Mask":20,"WarpedTongs":3,"Blood Vial":14,"SlaversCollar":16,"Centennial Puzzle":12,"Sundial":12,"Bronze Scales":6,"Art of War":10,"Bottled Lightning":19,"Toy Ornithopter":25,"Ring of the Snake":0},{"Potion Belt":54,"Happy Flower":24,"Astrolabe":43,"Snake Skull":24,"Paper Crane":91,"Smiling Mask":112,"WarpedTongs":15,"Blood Vial":70,"SlaversCollar":86,"Centennial Puzzle":61,"Sundial":61,"Bronze Scales":31,"Art of War":49,"Bottled Lightning":106,"Toy Ornithopter":164,"Ring of the Snake":0}],"Toy Ornithopter":4,"Ring of the Snake":[53]},"card_choices":[{"not_picked":["Metamorphosis","Magnetism"],"picked":"Panache","floor":0.0},{"not_picked":["Poisoned Stab","Blur"],"picked":"Deadly Poison","floor":1.0},{"not_picked":["Endless Agony","Acrobatics"],"picked":"Predator","floor":2.0},{"not_picked":["PiercingWail","Deadly Poison"],"picked":"Endless Agony","floor":3.0},{"not_picked":["Bane","Underhanded Strike","Dodge and Roll"],"picked":"SKIP","floor":5.0},{"not_picked":["Catalyst","Concentrate"],"picked":"Escape Plan","floor":8.0},{"not_picked":["Crippling Poison","Caltrops"],"picked":"Escape Plan","floor":11.0},{"not_picked":["Slice","Skewer"],"picked":"Well Laid Plans","floor":14.0},{"not_picked":["A Thousand Cuts","Tools of the Trade"],"picked":"After Image","floor":16.0},{"not_picked":["Dagger Spray","Well Laid Plans"],"picked":"Cloak And Dagger","floor":19.0},{"not_picked":["Dagger Throw+1","Backstab"],"picked":"Noxious Fumes","floor":23.0},{"not_picked":["Expertise","Dagger Throw","Deadly Poison"],"picked":"SKIP","floor":25.0},{"not_picked":["Slice+1","Dodge and Roll"],"picked":"Crippling Poison","floor":27.0},{"not_picked":["Dagger Spray","Masterful Stab","Setup"],"picked":"SKIP","floor":30.0},{"not_picked":["Acrobatics","Dagger Throw","Quick Slash"],"picked":"SKIP","floor":31.0},{"not_picked":["Doppelganger","Tools of the Trade"],"picked":"Wraith Form v2","floor":33.0},{"not_picked":["Calculated Gamble","Flying Knee"],"picked":"Prepared+1","floor":35.0},{"not_picked":["Dagger Throw+1","Eviscerate","Blade Dance"],"picked":"SKIP","floor":41.0},{"not_picked":["Leg Sweep","Dagger Spray"],"picked":"PiercingWail","floor":42.0},{"not_picked":["Choke","PiercingWail"],"picked":"Accuracy+1","floor":45.0},{"not_picked":["HandOfGreed","Jack Of All Trades"],"picked":"Blind","floor":46.0},{"not_picked":["Mayhem","Mind Blast"],"picked":"Secret Technique","floor":46.0},{"not_picked":["Madness","Good Instincts"],"picked":"Finesse","floor":46.0},{"not_picked":["Deadly Poison","Outmaneuver"],"picked":"Escape Plan","floor":47.0},{"not_picked":["Prepared","Dagger Throw","Bane"],"picked":"SKIP","floor":48.0},{"not_picked":["Reflex+1","Underhanded Strike"],"picked":"Adrenaline","floor":55.0}],"player_experience":5594863,"relics_obtained":[{"floor":8.0,"key":"Happy Flower"},{"floor":9.0,"key":"Snake Skull"},{"floor":11.0,"key":"Bronze Scales"},{"floor":23.0,"key":"Potion Belt"},{"floor":25.0,"key":"Sundial"},{"floor":26.0,"key":"Centennial Puzzle"},{"floor":30.0,"key":"Blood Vial"},{"floor":39.0,"key":"Paper Crane"},{"floor":42.0,"key":"Bottled Lightning"},{"floor":45.0,"key":"Smiling Mask"},{"floor":55.0,"key":"Toy Ornithopter"}],"event_choices":[{"damage_healed":0.0,"max_hp_gain":0.0,"max_hp_loss":0.0,"gold_gain":0.0,"event_name":"Accursed Blacksmith","player_choice":"Rummage","floor":4.0,"gold_loss":0.0,"damage_taken":0.0,"relics_obtained":["WarpedTongs"],"cards_obtained":["Pain"]},{"damage_healed":0.0,"max_hp_gain":0.0,"max_hp_loss":0.0,"gold_gain":0.0,"event_name":"Nest","player_choice":"Joined the Cult","floor":20.0,"gold_loss":0.0,"damage_taken":6.0,"cards_obtained":["RitualDagger"]},{"damage_healed":0.0,"max_hp_gain":0.0,"max_hp_loss":33.0,"gold_gain":0.0,"event_name":"Ghosts","player_choice":"Became a Ghost","floor":21.0,"gold_loss":0.0,"damage_taken":0.0,"cards_obtained":["Ghostly","Ghostly","Ghostly"]},{"damage_healed":0.0,"max_hp_gain":0.0,"max_hp_loss":0.0,"gold_gain":0.0,"event_name":"Addict","player_choice":"Obtained Relic","floor":22.0,"gold_loss":85.0,"damage_taken":0.0,"relics_obtained":["Art of War"]},{"damage_healed":0.0,"max_hp_gain":0.0,"max_hp_loss":2.0,"gold_gain":0.0,"event_name":"Winding Halls","player_choice":"Max HP","floor":37.0,"gold_loss":0.0,"damage_taken":0.0},{"cards_removed":["Survivor"],"damage_healed":0.0,"max_hp_gain":0.0,"max_hp_loss":0.0,"gold_gain":0.0,"event_name":"Falling","player_choice":"Removed Skill","floor":38.0,"gold_loss":0.0,"damage_taken":0.0},{"damage_healed":0.0,"max_hp_gain":0.0,"max_hp_loss":0.0,"gold_gain":0.0,"event_name":"SensoryStone","player_choice":"Memory 3","floor":46.0,"gold_loss":0.0,"damage_taken":10.0}],"is_beta":false,"boss_relics":[{"not_picked":["Sozu","Busted Crown"],"picked":"Astrolabe"},{"not_picked":["Ring of the Serpent","Velvet Choker"],"picked":"SlaversCollar"}],"items_purged_floors":[13,29,36,54],"is_endless":false,"potions_floor_spawned":[1,3,16,23,25,27,31,41,42,48,55],"killed_by":"The Heart","ascension_level":20}}