{"host":"cxvb37eaaiijvrl4","time":1607512468,"event":{"gold_per_floor":[115,135,151,39,59,90,101,128,155,165,191,91,101,128,128,206,206,219,119,137,137,152,184,184,219,243,274,60,60,73,88,88,160,160,174,194,34,51,51,51,51,51,120,120,145,145,177,187,187,187,187,187,187,7,41,41],"floor_reached":57,"playtime":1942,"items_purged":["Zap","Defend_B","Strike_B","Strike_B","Strike_B","Defend_B","Defend_B"],"score":3219,"play_id":"b2074bbc-4481-41c0-8535-4e8dfb388511","local_time":"20201209031428","is_ascension_mode":true,"campfire_choices":[{"floor":15.0,"key":"REST"},{"data":"Hyperbeam","floor":24.0,"key":"SMITH"},{"floor":32,"key":"REST"},{"data":"MostiFishMod:RacingGame","floor":40,"key":"SMITH"},{"data":"Madness","floor":42,"key":"SMITH"},{"floor":49,"key":"RECALL"},{"data":"Madness","floor":53,"key":"SMITH"}],"neow_cost":"PERCENT_DAMAGE","seed_source_timestamp":103270970020900,"circlet_count":0,"master_deck":["AscendersBane","Reprogram","Hyperbeam+1","Turbo","Shrug It Off","Terror","Backflip","MostiFishMod:Volcan","Pray","Devotion","MostiFishMod:RacingGame+1","Madness+1","Madness+1"],"special_seed":0,"relics":["Cracked Core","testmod-TestBox","GreenFoldingFan","testmod-CrystalShield","PrismaticShard","Bag of Preparation","Bag of Marbles","ImportantClient","Singing Bowl","Kunai","MerchantsRug","Medical Kit","PatriotShield","DaveBox","RhineFirstAidKit","Symbiotic Virus","testmod-Antiphasic","Lantern","Strawberry"],"potions_floor_usage":[31,31],"damage_taken":[{"damage":9.0,"enemies":"Jaw Worm","floor":1.0,"turns":3.0},{"damage":2.0,"enemies":"Small Slimes","floor":2.0,"turns":1.0},{"damage":4.0,"enemies":"2 Louse","floor":3.0,"turns":2.0},{"damage":6.0,"enemies":"2 Fungi Beasts","floor":5.0,"turns":3.0},{"damage":52.0,"enemies":"Gremlin Nob","floor":6.0,"turns":4.0},{"damage":9.0,"enemies":"Looter","floor":7.0,"turns":2.0},{"damage":22.0,"enemies":"3 Sentries","floor":8.0,"turns":8.0},{"damage":5.0,"enemies":"3 Louse","floor":10.0,"turns":2.0},{"damage":6.0,"enemies":"Gremlin Nob","floor":11.0,"turns":3.0},{"damage":2.0,"enemies":"2 Fungi Beasts","floor":13.0,"turns":1.0},{"damage":17.0,"enemies":"Lagavulin","floor":14.0,"turns":4.0},{"damage":10.0,"enemies":"Slime Boss","floor":16.0,"turns":5.0},{"damage":2.0,"enemies":"Spheric Guardian","floor":18.0,"turns":1.0},{"damage":4.0,"enemies":"Chosen","floor":20.0,"turns":2.0},{"damage":24.0,"enemies":"Shelled Parasite and Fungi","floor":22.0,"turns":3.0},{"damage":41.0,"enemies":"Book of Stabbing","floor":23.0,"turns":5.0},{"damage":2.0,"enemies":"Slavers","floor":25.0,"turns":1.0},{"damage":4.0,"enemies":"Gremlin Leader","floor":27.0,"turns":2.0},{"damage":8.0,"enemies":"Centurion and Healer","floor":30.0,"turns":4.0},{"damage":27,"enemies":"Snake Plant","floor":31,"turns":3},{"damage":19,"enemies":"Champ","floor":33,"turns":6},{"damage":4,"enemies":"3 Darklings","floor":35,"turns":2},{"damage":2,"enemies":"3 Shapes","floor":36,"turns":1},{"damage":12,"enemies":"Transient","floor":38,"turns":6},{"damage":6,"enemies":"Giant Head","floor":47,"turns":3},{"damage":2,"enemies":"4 Shapes","floor":48,"turns":1},{"damage":12,"enemies":"Time Eater","floor":50,"turns":4},{"damage":18,"enemies":"Donu and Deca","floor":51,"turns":4},{"damage":4,"enemies":"Shield and Spear","floor":55,"turns":2},{"damage":87,"enemies":"The Heart","floor":56,"turns":6}],"seed_played":"7294746752354416814","potions_obtained":[{"floor":2.0,"key":"Energy Potion"},{"floor":3.0,"key":"Energy Potion"},{"floor":16.0,"key":"BlessingOfTheForge"},{"floor":18.0,"key":"Regen Potion"},{"floor":23.0,"key":"Energy Potion"},{"floor":33,"key":"SkillPotion"},{"floor":38,"key":"Strength Potion"},{"floor":47,"key":"SpeedPotion"}],"is_trial":false,"path_per_floor":["M","M","M","$","M","E","M","E","T","M","E","$","M","E","R","B",null,"M","$","M","?","M","E","R","E","T","E","$","?","M","M","R","B",null,"M","M","$","M","?","R","?","R","T","?","T","?","E","M","R","B","B",null,"R","$","E","B",null],"character_chosen":"DEFECT","items_purchased":["Turbo","MerchantsRug","Medical Kit"],"campfire_rested":2,"item_purchase_floors":[4,28,28],"current_hp_per_floor":[47,55,61,61,65,23,24,12,12,17,21,21,29,22,43,43,64,71,71,71,71,57,26,26,36,36,44,44,23,27,21,46,37,72,80,88,88,88,88,88,72,72,72,68,68,68,74,84,84,82,74,94,94,94,109,114],"gold":41,"neow_bonus":"TRANSFORM_TWO_CARDS","is_prod":false,"is_daily":false,"chose_seed":false,"campfire_upgraded":4,"win_rate":0,"timestamp":1607512468,"path_taken":["M","M","M","$","M","E","M","E","T","M","E","$","M","E","R","BOSS","M","$","M","?","M","E","R","E","T","E","$","?","M","M","R","BOSS","M","M","$","M","?","R","?","R","T","?","?","?","E","?","R","BOSS","BOSS","R","$","E","BOSS"],"build_version":"2020-11-30","purchased_purges":7,"victory":true,"max_hp_per_floor":[71,71,71,71,71,71,71,71,71,71,71,71,71,71,71,71,71,71,71,71,71,71,71,71,73,73,75,75,80,82,84,84,84,84,86,88,88,90,90,90,90,90,90,96,96,96,98,100,100,100,100,100,100,100,109,114],"card_choices":[{"not_picked":["Steam","Loop","Sweeping Beam"],"picked":"SKIP","floor":1.0},{"not_picked":["JustLucky","Setup","Twin Strike","ThirdEye"],"picked":"SKIP","floor":2.0},{"not_picked":["Twin Strike","Quick Slash","Dark Shackles","DeceiveReality"],"picked":"SKIP","floor":3.0},{"not_picked":["Protect","Deflect","PathToVictory","FlyingSleeves"],"picked":"SKIP","floor":5.0},{"not_picked":["Conserve Battery","Feed","Collect","Leg Sweep"],"picked":"SKIP","floor":6.0},{"not_picked":["Tactician","testmod-PerfectCombo","Rebound"],"picked":"Shrug It Off","floor":7.0},{"not_picked":["Hello World","Infinite Blades","Choke"],"picked":"Terror","floor":8.0},{"not_picked":["Dropkick","PathToVictory","testmod-WeaknessCounterattack"],"picked":"Backflip","floor":10.0},{"not_picked":["Rebound","testmod-DeathImprint","Gash"],"picked":"MostiFishMod:Volcan","floor":11.0},{"not_picked":["CrushJoints","Flying Knee","Poisoned Stab","Warcry"],"picked":"SKIP","floor":13.0},{"not_picked":["Electrodynamics","ThirdEye","Discovery","Redo"],"picked":"SKIP","floor":14.0},{"not_picked":["Endless Agony","Slice","Pommel Strike","Terror"],"picked":"SKIP","floor":18.0},{"not_picked":["Halt+1","Hologram","Acrobatics","Clothesline"],"picked":"SKIP","floor":20.0},{"not_picked":["Underhanded Strike","Thunderclap","Meditate"],"picked":"Pray","floor":22.0},{"not_picked":["Rebound","Crippling Poison+1","Iron Wave+1"],"picked":"Devotion","floor":23.0},{"not_picked":["MostiFishMod:PerfectParry","testmod-PainDetonator","Dash","Dark Shackles"],"picked":"Singing Bowl","floor":25.0},{"not_picked":["Sweeping Beam","Well Laid Plans","Glacier","Conserve Battery"],"picked":"Singing Bowl","floor":27.0},{"not_picked":["Heel Hook","MostiFishMod:ThornCasing","Thunderclap"],"picked":"Singing Bowl","floor":30.0},{"not_picked":["ClearTheMind","MostiFishMod:PushDownKick","Sweeping Beam"],"picked":"Singing Bowl","floor":31},{"not_picked":["HandOfGreed","testmod-TaurusBlackCat"],"picked":"MostiFishMod:RacingGame","floor":33},{"not_picked":["Poisoned Stab+1","Mind Blast","Sucker Punch+1"],"picked":"Singing Bowl","floor":35},{"not_picked":["CutThroughFate","Slice","BowlingBash+1"],"picked":"Singing Bowl","floor":36},{"not_picked":["Slice+1","Anger","Wild Strike"],"picked":"Singing Bowl","floor":38},{"not_picked":["testmod-Reverberation","testmod-TemporaryDeletion","testmod-Arrangement"],"picked":"Singing Bowl","floor":44},{"not_picked":["testmod-WeaknessCounterattack","Jack Of All Trades","testmod-ComboMaster"],"picked":"Singing Bowl","floor":44},{"not_picked":["Thinking Ahead","testmod-PainDetonator","Secret Technique"],"picked":"Singing Bowl","floor":44},{"not_picked":["Sever Soul","Prepared","Hologram"],"picked":"Singing Bowl","floor":47},{"not_picked":["Discovery","Quick Slash+1","BowlingBash+1"],"picked":"Singing Bowl","floor":48},{"not_picked":["Halt","Heel Hook+1","PathToVictory"],"picked":"Singing Bowl","floor":55}],"player_experience":616545,"relics_obtained":[{"floor":1.0,"key":"Question Card"},{"floor":1.0,"key":"PrismaticShard"},{"floor":6.0,"key":"Tiny Chest"},{"floor":8.0,"key":"Bag of Preparation"},{"floor":11.0,"key":"Bag of Marbles"},{"floor":14.0,"key":"DataDisk"},{"floor":16.0,"key":"ImportantClient"},{"floor":23.0,"key":"Singing Bowl"},{"floor":25.0,"key":"Kunai"},{"floor":26.0,"key":"Regal Pillow"},{"floor":27.0,"key":"MawBank"},{"floor":43,"key":"Symbiotic Virus"},{"floor":45,"key":"testmod-Antiphasic"},{"floor":47,"key":"Lantern"},{"floor":55,"key":"Strawberry"}],"event_choices":[{"cards_removed":["Defend_B"],"damage_healed":0.0,"max_hp_gain":0.0,"max_hp_loss":0.0,"gold_gain":0.0,"event_name":"betterThird:BetterWriting","player_choice":"Elegance","floor":21.0,"gold_loss":0.0,"damage_taken":0.0},{"damage_healed":0.0,"max_hp_gain":5.0,"max_hp_loss":0.0,"gold_gain":0.0,"event_name":"Forgotten Altar","player_choice":"Shed Blood","floor":29.0,"gold_loss":0.0,"damage_taken":26.0},{"damage_healed":0,"gold_gain":0,"player_choice":"Swap Relic","damage_taken":0,"relics_obtained":["DaveBox"],"max_hp_gain":0,"max_hp_loss":0,"event_name":"Box For Yourself","floor":39,"relics_lost":["DaveBox"],"gold_loss":0},{"damage_healed":0,"gold_gain":0,"player_choice":"Embrace Madness","damage_taken":16,"max_hp_gain":0,"max_hp_loss":0,"event_name":"Winding Halls","floor":41,"gold_loss":0,"cards_obtained":["Madness","Madness"]},{"damage_healed":0,"gold_gain":0,"player_choice":"Memory 3","damage_taken":10,"max_hp_gain":0,"max_hp_loss":0,"event_name":"SensoryStone","floor":44,"gold_loss":0},{"damage_healed":0,"gold_gain":0,"player_choice":"Ignored","damage_taken":0,"max_hp_gain":0,"max_hp_loss":0,"event_name":"Tomb of Lord Red Mask","floor":46,"gold_loss":0}],"is_beta":false,"boss_relics":[{"not_picked":["SynthV:MejaisSoulstealer","Fusion Hammer"],"picked":"Snecko Eye"},{"not_picked":["Busted Crown","EE1DDrone"],"picked":"PatriotShield"}],"items_purged_floors":[4,12,19,28,28,37,54],"is_endless":false,"potions_floor_spawned":[2,3,5,7,16,18,23,30,33,38,47,55],"ascension_level":20}}