{"host":"y89x8uui45kcjy42","time":1607523210,"event":{"gold_per_floor":[118,136,86,86,86,86,112,130,130,157,232,244,244,259,259,359,659,678,150,150,150],"floor_reached":20,"playtime":1171,"items_purged":["HollowMod:QuickDashStart"],"score":197,"play_id":"d165d1a7-2db2-4123-a027-7cf797d6c1c9","local_time":"20201209231330","is_ascension_mode":false,"campfire_choices":[{"data":"HollowMod:WraithStrike","floor":6,"key":"SMITH"},{"data":"HollowMod:SiblingsSouls","floor":13,"key":"SMITH"},{"data":"HollowMod:VoidDash","floor":15,"key":"SMITH"}],"neow_cost":"NONE","seed_source_timestamp":1047325535420400,"circlet_count":0,"master_deck":["HollowMod:NailStrikeStart","HollowMod:NailStrikeStart","HollowMod:NailStrikeStart","HollowMod:QuickDashStart","HollowMod:QuickDashStart","HollowMod:QuickDashStart","HollowMod:FocusHealStart","HollowMod:PogoStrike","HollowMod:WraithStrike+1","HollowMod:HeavyBlow+1","HollowMod:HowlingWraiths","HollowMod:VoidDash+1","HollowMod:CrystalDash","HollowMod:SiblingsSouls+1","HollowMod:ShapeofUnn","HollowMod:SlysStrikes","CurseOfTheBell"],"relics":["HollowMod:VesselMask","NeowsBlessing","Ancient Tea Set","Letter Opener","Odd Mushroom","Calling Bell","Bag of Preparation","Singing Bowl","Old Coin","TheAbacus","Calipers"],"potions_floor_usage":[10,18],"damage_taken":[{"damage":0,"enemies":"Cultist","floor":1,"turns":1},{"damage":0,"enemies":"2 Louse","floor":2,"turns":1},{"damage":0,"enemies":"Lagavulin","floor":7,"turns":1},{"damage":3,"enemies":"Small Slimes","floor":8,"turns":4},{"damage":4,"enemies":"The Mushroom Lair","floor":10,"turns":4},{"damage":1,"enemies":"3 Louse","floor":12,"turns":2},{"damage":0,"enemies":"2 Fungi Beasts","floor":14,"turns":3},{"damage":54,"enemies":"HollowMod:FalseKnight","floor":16,"turns":9},{"damage":50,"enemies":"3 Byrds","floor":18,"turns":9},{"damage":37,"enemies":"Shell Parasite","floor":20,"turns":8}],"seed_played":"6629295405431156841","potions_obtained":[{"floor":1,"key":"SkillPotion"},{"floor":16,"key":"PowerPotion"}],"is_trial":false,"path_per_floor":["M","M","?","?","?","R","E","M","T","?","?","M","R","M","R","B",null,"M","$","M"],"character_chosen":"THE_BUGKNIGHT","items_purchased":["TheAbacus","Calipers"],"campfire_rested":0,"item_purchase_floors":[19,19],"current_hp_per_floor":[75,75,75,75,75,75,75,72,72,68,61,60,60,60,60,6,75,27,27,0,0],"gold":150,"neow_bonus":"THREE_ENEMY_KILL","is_prod":false,"is_daily":false,"chose_seed":false,"campfire_upgraded":3,"win_rate":0.0,"timestamp":1607523210,"path_taken":["M","M","?","?","?","R","E","M","T","?","?","?","R","M","R","BOSS","M","$","M"],"build_version":"2020-11-30","purchased_purges":1,"victory":false,"max_hp_per_floor":[75,75,75,75,75,75,75,75,75,75,75,75,75,75,75,75,75,77,77,77,77],"card_choices":[{"not_picked":["HollowMod:VengefulVoid","HollowMod:CornifersMapStart"],"picked":"HollowMod:WraithStrike","floor":1},{"not_picked":["HollowMod:NewJinnsSoul","HollowMod:CycloneSlash"],"picked":"HollowMod:HeavyBlow","floor":2},{"not_picked":["HollowMod:VengefulSpirit","HollowMod:AbyssShriek"],"picked":"HollowMod:HowlingWraiths","floor":7},{"not_picked":["HollowMod:InfectionAssault","HollowMod:VengefulVoid"],"picked":"HollowMod:VoidDash","floor":8},{"not_picked":["HollowMod:VengefulVoid","HollowMod:CornifersMapStart"],"picked":"HollowMod:CrystalDash","floor":10},{"not_picked":["HollowMod:GrimmsGift","HollowMod:InfectionAssault"],"picked":"HollowMod:SiblingsSouls","floor":12},{"not_picked":["HollowMod:ShadowDash","HollowMod:DesolateDive"],"picked":"HollowMod:ShapeofUnn","floor":14},{"not_picked":["HollowMod:AwokenDreamNail","HollowMod:Hiveblood"],"picked":"HollowMod:SlysStrikes","floor":16},{"not_picked":["HollowMod:MawleksShell","HollowMod:GrimmsGift+1","HollowMod:DescendingDark"],"picked":"Singing Bowl","floor":18}],"player_experience":485483,"relics_obtained":[{"floor":7,"key":"Ancient Tea Set"},{"floor":9,"key":"Letter Opener"},{"floor":10,"key":"Odd Mushroom"},{"floor":17,"key":"Bag of Preparation"},{"floor":17,"key":"Singing Bowl"},{"floor":17,"key":"Old Coin"}],"event_choices":[{"cards_removed":["HollowMod:NailStrikeStart"],"damage_healed":0,"gold_gain":0,"player_choice":"Card Removal","damage_taken":0,"max_hp_gain":0,"max_hp_loss":0,"event_name":"The Cleric","floor":3,"gold_loss":50},{"damage_healed":0,"gold_gain":0,"player_choice":"Grow","damage_taken":0,"max_hp_gain":0,"max_hp_loss":0,"event_name":"Living Wall","floor":4,"gold_loss":0,"cards_upgraded":["HollowMod:HeavyBlow"]},{"damage_healed":0,"gold_gain":0,"player_choice":"Ignored","damage_taken":0,"max_hp_gain":0,"max_hp_loss":0,"event_name":"Liars Game","floor":5,"gold_loss":0},{"damage_healed":0,"gold_gain":0,"player_choice":"Fought Mushrooms","damage_taken":0,"max_hp_gain":0,"max_hp_loss":0,"event_name":"Mushrooms","floor":10,"gold_loss":0},{"damage_healed":0,"gold_gain":75,"player_choice":"Touch","damage_taken":7,"max_hp_gain":0,"max_hp_loss":0,"event_name":"FaceTrader","floor":11,"gold_loss":0}],"is_beta":false,"boss_relics":[{"not_picked":["Snecko Eye","Philosopher\u0027s Stone"],"picked":"Calling Bell"}],"items_purged_floors":[19],"is_endless":false,"potions_floor_spawned":[1,16],"killed_by":"Shell Parasite","ascension_level":0}}