{"host":"9h8npza6ronlejsv","time":1607481418,"event":{"gold_per_floor":[118,136,86,104,121,121,121,141,141,160,160,12,12,27,27,27],"floor_reached":15,"playtime":452,"items_purged":["Defend_G"],"score":151,"play_id":"ce0193b7-680f-405d-9bde-057583602e19","local_time":"20201208213658","is_ascension_mode":true,"campfire_choices":[{"data":"Neutralize","floor":6,"key":"SMITH"},{"data":"Well Laid Plans","floor":11,"key":"SMITH"},{"data":"Crippling Poison","floor":13,"key":"SMITH"}],"neow_cost":"NONE","seed_source_timestamp":186440895337300,"circlet_count":0,"master_deck":["AscendersBane","Strike_G","Strike_G","Strike_G","Strike_G","Strike_G","Defend_G","Defend_G","Defend_G","Survivor","Neutralize+1","Blur","Backflip","Well Laid Plans+1","Crippling Poison+1"],"relics":["Ring of the Snake","Pen Nib","Golden Idol","Gremlin Horn"],"potions_floor_usage":[5],"damage_taken":[{"damage":10,"enemies":"2 Louse","floor":1,"turns":3},{"damage":3,"enemies":"Small Slimes","floor":2,"turns":5},{"damage":3,"enemies":"Jaw Worm","floor":4,"turns":5},{"damage":10,"enemies":"Lots of Slimes","floor":5,"turns":4},{"damage":0,"enemies":"3 Louse","floor":8,"turns":5},{"damage":8,"enemies":"Exordium Wildlife","floor":10,"turns":6},{"damage":21,"enemies":"Large Slime","floor":14,"turns":8}],"seed_played":"7335856231570542988","potions_obtained":[{"floor":2,"key":"Fire Potion"},{"floor":8,"key":"GamblersBrew"},{"floor":14,"key":"SmokeBomb"}],"is_trial":false,"path_per_floor":["M","M","?","M","M","R","?","M","T","M","R","$","R","M","R"],"character_chosen":"THE_SILENT","items_purchased":["Crippling Poison"],"campfire_rested":0,"item_purchase_floors":[12],"current_hp_per_floor":[49,46,46,43,33,33,33,33,33,25,25,25,25,4,4,4],"gold":27,"neow_bonus":"RANDOM_COMMON_RELIC","is_prod":false,"is_daily":false,"chose_seed":false,"campfire_upgraded":3,"win_rate":0,"timestamp":1607481418,"path_taken":["M","M","?","M","M","R","?","M","T","M","R","?","R","M","R"],"build_version":"2020-11-30","purchased_purges":1,"victory":false,"max_hp_per_floor":[66,66,66,66,66,66,61,61,61,61,61,61,61,61,61,61],"card_choices":[{"not_picked":["Poisoned Stab","Bane"],"picked":"Blur","floor":1},{"not_picked":["Setup","Bane"],"picked":"Backflip","floor":2},{"not_picked":["Riddle With Holes","Poisoned Stab","Quick Slash"],"picked":"SKIP","floor":4},{"not_picked":["Dodge and Roll","Sucker Punch","Poisoned Stab"],"picked":"SKIP","floor":5},{"not_picked":["Flying Knee","Bane","Blur"],"picked":"SKIP","floor":8},{"not_picked":["Quick Slash","Riddle With Holes"],"picked":"Well Laid Plans","floor":10},{"not_picked":["Adrenaline","Underhanded Strike","Quick Slash"],"picked":"SKIP","floor":14}],"player_experience":225687,"relics_obtained":[{"floor":9,"key":"Gremlin Horn"}],"event_choices":[{"cards_removed":["Defend_G"],"damage_healed":0,"gold_gain":0,"player_choice":"Card Removal","damage_taken":0,"max_hp_gain":0,"max_hp_loss":0,"event_name":"The Cleric","floor":3,"gold_loss":50},{"damage_healed":0,"gold_gain":0,"player_choice":"Lose Max HP","damage_taken":0,"relics_obtained":["Golden Idol"],"max_hp_gain":0,"max_hp_loss":5,"event_name":"Golden Idol","floor":7,"gold_loss":0}],"is_beta":false,"boss_relics":[],"items_purged_floors":[12],"is_endless":false,"potions_floor_spawned":[2,8,14],"ascension_level":14}}