{"host":"yiit85oc4oi3nqs8","time":1607505698,"event":{"gold_per_floor":[113,113,113,38,38,38,38,66,90,167,167,167,167,167,167,92,112,112,130,148,148,148,226,226,244,263,282,197,122,134,134],"floor_reached":30,"playtime":1361,"items_purged":["Strike_G"],"score":452,"play_id":"f02f70cf-43dc-420d-aad4-7c463e856b11","local_time":"20201209182138","is_ascension_mode":true,"campfire_choices":[{"data":"Tactician","floor":6.0,"key":"SMITH"},{"data":"Survivor","floor":7.0,"key":"SMITH"},{"floor":13.0,"key":"DIG"},{"data":"Dagger Spray","floor":14.0,"key":"SMITH"},{"floor":21.0,"key":"REST"},{"data":"Acrobatics","floor":22,"key":"SMITH"}],"neow_cost":"NONE","seed_source_timestamp":120015548153739,"circlet_count":0,"master_deck":["AscendersBane","Strike_G","Strike_G","Defend_G","Defend_G","Defend_G","Defend_G","Defend_G+1","Survivor+1","Neutralize+1","Tactician+1","Dagger Spray+1","Acrobatics+1","Dagger Throw","Tools of the Trade","PiercingWail","Quick Slash+1","Poisoned Stab+1"],"special_seed":0,"relics":["Ring of the Serpent","NeowsBlessing","Shovel","Potion Belt","Orichalcum","Question Card","Ice Cream","Bag of Preparation","White Beast Statue","Pantograph"],"potions_floor_usage":[23,25,27,27,30],"damage_taken":[{"damage":0.0,"enemies":"Jaw Worm","floor":1.0,"turns":1.0},{"damage":0.0,"enemies":"3 Sentries","floor":8.0,"turns":1.0},{"damage":0.0,"enemies":"Small Slimes","floor":17.0,"turns":1.0},{"damage":11.0,"enemies":"Exordium Wildlife","floor":19.0,"turns":4.0},{"damage":0.0,"enemies":"Large Slime","floor":20.0,"turns":4.0},{"damage":25,"enemies":"Hexaghost","floor":23,"turns":16},{"damage":15,"enemies":"2 Thieves","floor":25,"turns":3},{"damage":7,"enemies":"Chosen","floor":26,"turns":7},{"damage":15,"enemies":"Snecko","floor":27,"turns":6},{"damage":12,"enemies":"Chosen and Byrds","floor":30,"turns":5}],"seed_played":"-267195365450243816","potions_obtained":[{"floor":1.0,"key":"Fire Potion"},{"floor":17.0,"key":"Swift Potion"},{"floor":19.0,"key":"AttackPotion"},{"floor":20.0,"key":"Explosive Potion"},{"floor":23,"key":"GamblersBrew"},{"floor":25,"key":"DuplicationPotion"},{"floor":26,"key":"Strength Potion"},{"floor":27,"key":"FairyPotion"},{"floor":30,"key":"Explosive Potion"}],"is_trial":false,"path_per_floor":["M","?","$","?","?","R","R","E","T","?","T","T","R","R","$","$","M","?","M","M","R","R","B",null,"M","M","M","?","?","M"],"character_chosen":"THE_SILENT","items_purchased":[],"campfire_rested":1,"item_purchase_floors":[],"current_hp_per_floor":[59,41,41,41,21,21,21,21,21,21,21,21,21,21,21,21,21,21,10,10,29,29,4,51,36,29,14,14,14,2,2],"gold":134,"neow_bonus":"THREE_ENEMY_KILL","is_prod":false,"is_daily":false,"chose_seed":false,"campfire_upgraded":4,"win_rate":0,"timestamp":1607505698,"path_taken":["M","?","$","?","?","R","R","E","?","?","T","T","R","R","$","$","?","?","M","M","R","R","BOSS","M","M","M","?","?","M"],"build_version":"2020-11-30","purchased_purges":1,"victory":false,"max_hp_per_floor":[66,66,66,66,66,66,66,66,66,66,66,66,66,66,66,66,66,66,66,66,66,66,66,66,66,66,66,66,66,66,66],"relic_stats":{"Shovel":1,"counters":[10,48],"Pantograph":0,"Bag of Preparation":[16],"Orichalcum":[108],"Question Card":8,"obtain_stats":[{"Potion Belt":8,"Ice Cream":11,"Shovel":2,"NeowsBlessing":0,"Pantograph":28,"Bag of Preparation":12,"Orichalcum":9,"Question Card":10,"White Beast Statue":13,"Ring of the Serpent":24,"Ring of the Snake":0},{"Potion Belt":2,"Ice Cream":2,"Shovel":1,"NeowsBlessing":0,"Pantograph":9,"Bag of Preparation":2,"Orichalcum":2,"Question Card":2,"White Beast Statue":2,"Ring of the Serpent":6,"Ring of the Snake":0},{"Potion Belt":2,"Ice Cream":2,"Shovel":1,"NeowsBlessing":0,"Pantograph":43,"Bag of Preparation":2,"Orichalcum":2,"Question Card":2,"White Beast Statue":2,"Ring of the Serpent":27,"Ring of the Snake":0}]},"card_choices":[{"not_picked":["Calculated Gamble","Underhanded Strike"],"picked":"Tactician","floor":1.0},{"not_picked":["Dagger Throw","Slice"],"picked":"Dagger Spray","floor":8.0},{"not_picked":["Setup","Prepared","Outmaneuver"],"picked":"Acrobatics","floor":17.0},{"not_picked":["Blade Dance","Bane","Eviscerate","Dodge and Roll"],"picked":"SKIP","floor":19.0},{"not_picked":["Blur","Endless Agony","Accuracy"],"picked":"Dagger Throw","floor":20.0},{"not_picked":["Wraith Form v2","After Image","Adrenaline"],"picked":"Tools of the Trade","floor":23},{"not_picked":["Blur","Dodge and Roll+1","Concentrate"],"picked":"PiercingWail","floor":25},{"not_picked":["Cloak And Dagger","Dagger Spray","Leg Sweep"],"picked":"Quick Slash+1","floor":26},{"not_picked":["Heel Hook","Prepared","Leg Sweep"],"picked":"Poisoned Stab+1","floor":27}],"player_experience":344328,"relics_obtained":[{"floor":8.0,"key":"Potion Belt"},{"floor":9.0,"key":"Orichalcum"},{"floor":10.0,"key":"Question Card"},{"floor":11.0,"key":"Ice Cream"},{"floor":12.0,"key":"Bag of Preparation"},{"floor":13.0,"key":"White Beast Statue"}],"event_choices":[{"damage_healed":0.0,"max_hp_gain":0.0,"max_hp_loss":0.0,"gold_gain":0.0,"event_name":"betterThird:BetterScrap","player_choice":"Relic ","floor":2.0,"gold_loss":0.0,"damage_taken":18.0,"cards_obtained":["Evolve"]},{"cards_removed":["Strike_G"],"damage_healed":0.0,"max_hp_gain":0.0,"max_hp_loss":0.0,"gold_gain":0.0,"event_name":"The Cleric","player_choice":"Card Removal","floor":4.0,"gold_loss":75.0,"damage_taken":0.0},{"damage_healed":41.0,"max_hp_gain":0.0,"max_hp_loss":66.0,"gold_gain":0.0,"event_name":"betterThird:BetterShining","player_choice":"Upgrade","floor":5.0,"gold_loss":0.0,"damage_taken":20.0,"cards_upgraded":["Defend_G","Neutralize"]},{"damage_healed":0,"gold_gain":0,"player_choice":"Obtained Relic","damage_taken":0,"relics_obtained":["Pantograph"],"max_hp_gain":0,"max_hp_loss":0,"event_name":"Addict","floor":28,"gold_loss":85},{"cards_removed":["Strike_G"],"damage_healed":0,"gold_gain":0,"player_choice":"Gave Gold","damage_taken":0,"max_hp_gain":0,"max_hp_loss":0,"event_name":"Beggar","floor":29,"gold_loss":75}],"is_beta":false,"boss_relics":[{"not_picked":["SlaversCollar","Black Star"],"picked":"Ring of the Serpent"}],"items_purged_floors":[16],"is_endless":false,"potions_floor_spawned":[1,17,19,20,23,25,26,27,30],"killed_by":"Chosen and Byrds","ascension_level":16}}