{"host":"06x55mgvbk21l0iu","time":1607500085,"event":{"gold_per_floor":[114,114,128,139,214,226,243,271,298,298,316,334,361,326,326,422,422,438,438,453,0,20,20,32,32,32,49,49,64,5,33,33,33,33],"floor_reached":33,"playtime":1814,"items_purged":["Normality"],"score":295,"play_id":"e454e97c-6e83-42f7-b866-e523fd2f44a5","local_time":"20201209014805","is_ascension_mode":true,"campfire_choices":[{"data":"Die Die Die","floor":10,"key":"SMITH"},{"floor":15,"key":"REST"},{"floor":23,"key":"REST"},{"floor":25,"key":"REST"},{"floor":32,"key":"REST"}],"neow_cost":"TEN_PERCENT_HP_LOSS","seed_source_timestamp":18865826684600,"circlet_count":0,"master_deck":["Strike_G","Strike_G","Strike_G","Strike_G","Defend_G","Defend_G","Defend_G","Defend_G","Survivor","Neutralize","Grand Finale","Die Die Die+1","Skewer+1","Cloak And Dagger","Leg Sweep","Blade Dance","Terror","Infinite Blades","Caltrops","Dodge and Roll","Envenom","Choke","Accuracy+1","Footwork","Finisher","Dagger Spray","Decay","Infinite Blades","All Out Attack"],"special_seed":0,"relics":["Ring of the Serpent","Boot","Bronze Scales","PreservedInsect","Lizard Tail","Toy Ornithopter","HornCleat"],"potions_floor_usage":[6,8,13,16,31,31,31],"damage_taken":[{"damage":0,"enemies":"2 Louse","floor":1,"turns":1},{"damage":0,"enemies":"Cultist","floor":3,"turns":2},{"damage":0,"enemies":"Small Slimes","floor":4,"turns":2},{"damage":0,"enemies":"Looter","floor":6,"turns":1},{"damage":0,"enemies":"Blue Slaver","floor":7,"turns":3},{"damage":14,"enemies":"Gremlin Nob","floor":8,"turns":4},{"damage":0,"enemies":"Lots of Slimes","floor":11,"turns":3},{"damage":6,"enemies":"3 Louse","floor":12,"turns":2},{"damage":22,"enemies":"3 Sentries","floor":13,"turns":5},{"damage":33,"enemies":"The Guardian","floor":16,"turns":10},{"damage":21,"enemies":"2 Thieves","floor":18,"turns":4},{"damage":24,"enemies":"Spheric Guardian","floor":20,"turns":6},{"damage":15,"enemies":"Shelled Parasite and Fungi","floor":22,"turns":6},{"damage":15,"enemies":"Snecko","floor":24,"turns":4},{"damage":3,"enemies":"Chosen and Byrds","floor":27,"turns":6},{"damage":36,"enemies":"Cultist and Chosen","floor":29,"turns":6},{"damage":15,"enemies":"Slavers","floor":31,"turns":4},{"damage":54,"enemies":"Automaton","floor":33,"turns":10}],"seed_played":"-2258951616508484962","potions_obtained":[{"floor":1,"key":"CunningPotion"},{"floor":6,"key":"Energy Potion"},{"floor":8,"key":"CultistPotion"},{"floor":11,"key":"AttackPotion"},{"floor":13,"key":"LiquidBronze"},{"floor":24,"key":"SpeedPotion"},{"floor":27,"key":"Strength Potion"},{"floor":29,"key":"Dexterity Potion"}],"is_trial":false,"path_per_floor":["M","?","M","M","?","M","M","E","T","R","M","M","E","?","R","B",null,"M","?","M","$","M","R","M","R","T","M","?","M","?","E","R","B"],"character_chosen":"THE_SILENT","items_purchased":["Lizard Tail","Footwork"],"campfire_rested":4,"item_purchase_floors":[21,21],"current_hp_per_floor":[63,63,63,63,57,57,57,43,43,43,43,37,15,30,48,15,63,42,42,18,18,3,21,6,24,24,21,21,31,31,31,49,0,0],"gold":33,"neow_bonus":"TRANSFORM_TWO_CARDS","is_prod":false,"is_daily":false,"chose_seed":false,"campfire_upgraded":1,"win_rate":0,"timestamp":1607500085,"path_taken":["M","?","M","?","?","M","?","E","T","R","M","M","E","?","R","BOSS","M","?","?","$","M","R","M","R","T","M","?","M","?","E","R","BOSS"],"build_version":"2020-11-30","purchased_purges":1,"victory":false,"max_hp_per_floor":[63,63,63,63,63,63,63,63,63,63,63,63,63,63,63,63,63,63,63,63,63,63,63,63,63,63,63,63,63,63,63,63,63,63],"relic_stats":{"Lizard Tail":31,"counters":[18,79],"Bronze Scales":[217],"PreservedInsect":38,"Boot":[59],"obtain_stats":[{"Lizard Tail":21,"HornCleat":31,"Bronze Scales":9,"PreservedInsect":13,"Boot":8,"Ring of the Serpent":17,"Toy Ornithopter":30,"Ring of the Snake":0},{"Lizard Tail":12,"HornCleat":17,"Bronze Scales":6,"PreservedInsect":9,"Boot":6,"Ring of the Serpent":10,"Toy Ornithopter":16,"Ring of the Snake":0},{"Lizard Tail":43,"HornCleat":69,"Bronze Scales":13,"PreservedInsect":23,"Boot":13,"Ring of the Serpent":33,"Toy Ornithopter":65,"Ring of the Snake":0}],"Toy Ornithopter":15},"card_choices":[{"not_picked":["Dagger Spray","Underhanded Strike"],"picked":"Skewer","floor":1},{"not_picked":["Prepared","Sucker Punch"],"picked":"Cloak And Dagger","floor":3},{"not_picked":["Poisoned Stab","Dodge and Roll"],"picked":"Leg Sweep","floor":4},{"not_picked":["Dodge and Roll","Heel Hook","Reflex"],"picked":"SKIP","floor":6},{"not_picked":["Poisoned Stab","Concentrate"],"picked":"Blade Dance","floor":7},{"not_picked":["Dash","Dagger Throw"],"picked":"Terror","floor":8},{"not_picked":["Blade Dance","PiercingWail"],"picked":"Infinite Blades","floor":11},{"not_picked":["Endless Agony","Masterful Stab"],"picked":"Caltrops","floor":12},{"not_picked":["Quick Slash","Flying Knee"],"picked":"Dodge and Roll","floor":13},{"not_picked":["Malaise","Doppelganger"],"picked":"Envenom","floor":16},{"not_picked":["Dodge and Roll","Sucker Punch"],"picked":"Choke","floor":18},{"not_picked":["Bane","Crippling Poison"],"picked":"Accuracy+1","floor":20},{"not_picked":["Bane","Deflect+1","Slice"],"picked":"SKIP","floor":22},{"not_picked":["Slice+1","Predator"],"picked":"Finisher","floor":24},{"not_picked":["Reflex","Dodge and Roll"],"picked":"Dagger Spray","floor":27},{"not_picked":["Dagger Spray+1","Backflip"],"picked":"Infinite Blades","floor":29},{"not_picked":["Bane","Poisoned Stab"],"picked":"All Out Attack","floor":31}],"player_experience":259337,"relics_obtained":[{"floor":8,"key":"Boot"},{"floor":9,"key":"Bronze Scales"},{"floor":13,"key":"PreservedInsect"},{"floor":31,"key":"HornCleat"}],"event_choices":[{"damage_healed":0,"gold_gain":0,"player_choice":"Upgraded","damage_taken":0,"max_hp_gain":0,"max_hp_loss":0,"event_name":"Upgrade Shrine","floor":2,"gold_loss":0,"cards_upgraded":["Skewer"]},{"damage_healed":0,"gold_gain":75,"player_choice":"Touch","damage_taken":6,"max_hp_gain":0,"max_hp_loss":0,"event_name":"FaceTrader","floor":5,"gold_loss":0},{"damage_healed":15,"gold_gain":0,"player_choice":"Healed","damage_taken":0,"max_hp_gain":0,"max_hp_loss":0,"event_name":"The Cleric","floor":14,"gold_loss":35},{"damage_healed":0,"gold_gain":0,"player_choice":"1 cards matched","damage_taken":0,"max_hp_gain":0,"max_hp_loss":0,"event_name":"Match and Keep!","floor":19,"gold_loss":0,"cards_obtained":["Normality"]},{"damage_healed":0,"gold_gain":0,"player_choice":"Smashed Altar","damage_taken":0,"max_hp_gain":0,"max_hp_loss":0,"event_name":"Forgotten Altar","floor":28,"gold_loss":0,"cards_obtained":["Decay"]},{"damage_healed":0,"gold_gain":0,"player_choice":"Paid Gold","damage_taken":0,"relics_obtained":["Toy Ornithopter"],"max_hp_gain":0,"max_hp_loss":0,"event_name":"WeMeetAgain","floor":30,"gold_loss":59}],"is_beta":false,"boss_relics":[{"not_picked":["SacredBark","Velvet Choker"],"picked":"Ring of the Serpent"}],"items_purged_floors":[21],"is_endless":false,"potions_floor_spawned":[1,6,8,11,13,24,27,29],"killed_by":"Automaton","ascension_level":1}}