{"host":"98h4g33y3ss2ktsr","time":1607491549,"event":{"gold_per_floor":[99,99,109,134,152,77,107,32,32,65,84,94,107,119,136,136,136],"floor_reached":16,"playtime":1181,"items_purged":[],"score":114,"play_id":"a1cd4941-3601-4aec-bd46-629b585d5d54","local_time":"20201209002549","is_ascension_mode":false,"campfire_choices":[{"floor":1,"key":"RECALL"},{"data":"hexamod:HauntingEcho","floor":6,"key":"SMITH"},{"data":"hexamod:PhantomCloak","floor":8,"key":"SMITH"}],"neow_cost":"CURSE","seed_source_timestamp":4433633913600,"circlet_count":0,"master_deck":["hexamod:Strike","hexamod:Strike","hexamod:Strike","hexamod:Strike","hexamod:Defend","hexamod:Defend","hexamod:Defend","hexamod:Defend","hexamod:Sear","hexamod:Float","hubris:Compulsion","hexamod:HauntingEcho+1","hexamod:Hexaguard","hexamod:Again","hexamod:PhantomCloak+1","hexamod:SoulSteal","hexamod:FirstSeal","hexamod:ThirdSeal","hexamod:FourthSeal","hexamod:SoulSteal","hexamod:Hexaguard","hexamod:HauntingEcho","hexamod:ExtraCrispy","hexamod:ParanormalForm"],"relics":["hexamod:SpiritBrand","Ice Cream","halation:SwordOfLegend","downfall:HeartBlessingRed","downfall:HeartBlessingBlue","Replay:Accelerometer","hubris:DeckOfHolding"],"potions_floor_usage":[11,14,15,16],"damage_taken":[{"damage":1,"enemies":"Jaw Worm","floor":3,"turns":4},{"damage":31,"enemies":"Lagavulin","floor":4,"turns":8},{"damage":0,"enemies":"Cultist","floor":5,"turns":4},{"damage":4,"enemies":"conspire:RoseBush","floor":7,"turns":9},{"damage":7,"enemies":"Replay:BlueRogue","floor":10,"turns":7},{"damage":4,"enemies":"conspire:RoseBush","floor":11,"turns":3},{"damage":12,"enemies":"Red Slaver","floor":12,"turns":4},{"damage":10,"enemies":"2 Fungi Beasts","floor":13,"turns":5},{"damage":25,"enemies":"Exordium Thugs","floor":14,"turns":7},{"damage":0,"enemies":"conspire:2 RoseBushes","floor":15,"turns":6},{"damage":19,"enemies":"downfall:CharBossWatcher","floor":16,"turns":6}],"seed_played":"2583670420800764946","potions_obtained":[{"floor":2,"key":"downfall:CursedFountainPotion"},{"floor":5,"key":"sneckomod:MuddlingPotion"},{"floor":11,"key":"jedi:mysterypotion"},{"floor":12,"key":"PowerPotion"},{"floor":13,"key":"Death Potion"},{"floor":14,"key":"BlessingOfTheForge"},{"floor":15,"key":"sneckomod:MuddlingPotion"},{"floor":15,"key":"Reflective Coating"}],"is_trial":false,"path_per_floor":["R","?","M","E","M","R","MIM","R","T","E","M","M","M","M","M","B"],"character_chosen":"THE_SPIRIT","items_purchased":[],"campfire_rested":0,"item_purchase_floors":[],"current_hp_per_floor":[70,70,69,38,38,41,37,47,47,40,36,31,28,10,17,0,0],"gold":136,"neow_bonus":"ONE_RARE_RELIC","is_prod":false,"is_daily":false,"chose_seed":false,"campfire_upgraded":2,"win_rate":0.0,"timestamp":1607491549,"path_taken":["R","?","M","E","M","R","MIM","R","?","E","?","M","?","M","M","BOSS"],"build_version":"2020-11-30","purchased_purges":0,"victory":false,"max_hp_per_floor":[70,70,70,70,70,70,70,80,80,80,80,80,80,80,80,80,80],"card_choices":[{"not_picked":["hexamod:Firestarter","hexamod:GhostOfSpirePast"],"picked":"hexamod:HauntingEcho","floor":3},{"not_picked":["hexamod:GhostShield","hexamod:ShieldOfDarkness"],"picked":"hexamod:Hexaguard","floor":4},{"not_picked":["hexamod:Firestarter","hexamod:GhostLash"],"picked":"hexamod:Again","floor":5},{"not_picked":["hexamod:Rewind","hexamod:AdvancingGuard"],"picked":"hexamod:PhantomCloak","floor":7},{"not_picked":["hexamod:RecurringNightmare","hexamod:GhostShield"],"picked":"hexamod:SoulSteal","floor":10},{"not_picked":["hexamod:BacktrackSmack","hexamod:ShieldOfDarkness"],"picked":"hexamod:FirstSeal","floor":11},{"not_picked":["hexamod:Firestarter","hexamod:GhostOfSpireFuture"],"picked":"hexamod:ThirdSeal","floor":12},{"not_picked":["hexamod:UnleashSpirits","hexamod:FastForward"],"picked":"hexamod:FourthSeal","floor":13},{"not_picked":["hexamod:BurningTouch","hexamod:SpectralAdrenaline"],"picked":"hexamod:SoulSteal","floor":13},{"not_picked":["hexamod:AdvancingGuard","hexamod:BacktrackSmack"],"picked":"hexamod:Hexaguard","floor":14},{"not_picked":["hexamod:FastForward","hexamod:GhostOfSpirePresent"],"picked":"hexamod:HauntingEcho","floor":14},{"not_picked":["hexamod:HauntingEcho","hexamod:InspiringFlames"],"picked":"hexamod:ExtraCrispy","floor":15},{"not_picked":["hexamod:GhostLash","hexamod:RainOfEmbers"],"picked":"hexamod:ParanormalForm","floor":15}],"player_experience":83578,"relics_obtained":[{"floor":4,"key":"halation:SwordOfLegend"},{"floor":9,"key":"Replay:Accelerometer"},{"floor":10,"key":"hubris:DeckOfHolding"}],"event_choices":[],"is_beta":false,"boss_relics":[],"items_purged_floors":[],"is_endless":false,"potions_floor_spawned":[5,11,12,13,15],"killed_by":"downfall:CharBossWatcher","ascension_level":0}}