{"host":"agga6lej02o7kt08","time":1607544439,"event":{"gold_per_floor":[117,117,192,207,226,226,245,277,277],"floor_reached":8,"playtime":420,"items_purged":[],"score":116,"play_id":"7e5aac86-0d0a-4352-aeb5-06df3b802731","local_time":"20201210050719","is_ascension_mode":true,"campfire_choices":[{"data":"ats:Emotion Absorption","floor":6,"key":"SMITH"}],"neow_cost":"NONE","seed_source_timestamp":734103519508900,"circlet_count":0,"master_deck":["ats:Powerful Strike","ats:Powerful Strike","ats:Powerful Strike","ats:Armor Crushing Shot","ats:Defend Up","ats:Defend Up","ats:Defend Up","ats:Emotion Absorption","ats:Emotion Absorption+1","Crow Ritual"],"relics":["ats:Sanity","REME_ComplimentaryCards","aspiration:Nostalgia","hubris:Towel","Sundial"],"potions_floor_usage":[],"damage_taken":[{"damage":7,"enemies":"Jaw Worm","floor":1,"turns":4},{"damage":5,"enemies":"2 Louse","floor":4,"turns":3},{"damage":5,"enemies":"infinitespire:Voidling","floor":5,"turns":3},{"damage":14,"enemies":"Exordium Wildlife","floor":7,"turns":5},{"damage":6,"enemies":"Replay:BlueRogue","floor":8,"turns":7}],"seed_played":"-701934605428816756","potions_obtained":[{"floor":4,"key":"Doom Potion"},{"floor":7,"key":"Ancient Potion"}],"is_trial":false,"path_per_floor":["M","?","?","M","M","R","M","E"],"character_chosen":"DOCTOR_CLASS","items_purchased":[],"campfire_rested":0,"item_purchase_floors":[],"current_hp_per_floor":[58,58,51,46,46,46,32,26,26],"gold":277,"neow_bonus":"NOSTALGIA","is_prod":false,"is_daily":false,"chose_seed":false,"campfire_upgraded":1,"win_rate":0,"timestamp":1607544439,"path_taken":["M","?","?","M","M","R","?","E"],"build_version":"2020-11-30","purchased_purges":0,"victory":false,"max_hp_per_floor":[72,72,72,72,72,72,72,72,72],"card_choices":[{"not_picked":["Rebound","Gash","Warcry"],"picked":"SKIP","floor":1},{"not_picked":["ats:Just Like an Apocalypse","ats:Revitalization","Rip and Tear"],"picked":"SKIP","floor":4},{"not_picked":["Heavy Blade","ats:Attack Strengthen","ats:Mental Burst"],"picked":"SKIP","floor":5},{"not_picked":["Hologram","ats:Spore Proliferation","Beam Cell"],"picked":"SKIP","floor":7},{"not_picked":["ats:Cat Scratch","Capacitor","ats:Curse Doll"],"picked":"SKIP","floor":8}],"player_experience":1080412,"relics_obtained":[{"floor":8,"key":"Sundial"}],"event_choices":[{"damage_healed":0,"gold_gain":75,"player_choice":"Touch","damage_taken":7,"max_hp_gain":0,"max_hp_loss":0,"event_name":"FaceTrader","floor":3,"gold_loss":0}],"is_beta":false,"boss_relics":[],"items_purged_floors":[],"is_endless":false,"potions_floor_spawned":[4,7],"killed_by":"Replay:BlueRogue","ascension_level":8}}