{"host":"270uyz0wq5pk4jym","time":1607500916,"event":{"gold_per_floor":[119,194,213,92,107,142,142,159,159,222,242,20,46,56,56,156,156,166,179,54,67,80,80,92,55,82,117,117,117,134,80,80,184,184,197,116,135,64,64,64,64,90,114,124,0,12,12,28,28,28],"floor_reached":51,"playtime":4788,"items_purged":["Strike_R","Strike_R","Strike_R"],"score":654,"play_id":"3642323f-26ab-48e0-aeff-b1129aa25936","local_time":"20201209170156","is_ascension_mode":false,"campfire_choices":[{"data":"Body Slam","floor":7.0,"key":"SMITH"},{"data":"Flex","floor":15.0,"key":"SMITH"},{"data":"Berserk","floor":23.0,"key":"SMITH"},{"data":"True Grit","floor":29,"key":"SMITH"},{"data":"Flex","floor":32,"key":"SMITH"},{"floor":40,"key":"REST"},{"floor":47,"key":"REST"},{"floor":49,"key":"REST"}],"neow_cost":"NONE","seed_source_timestamp":0,"circlet_count":0,"master_deck":["Strike_R","Strike_R","Defend_R","Defend_R","Defend_R","Defend_R","Bash","Iron Wave","Body Slam+1","Clothesline+1","Shrug It Off","Flame Barrier","Flex+1","Heavy Blade+1","Feed+1","Flex+1","Spot Weakness","Shrug It Off","Body Slam+1","Pommel Strike+1","Berserk+1","Heavy Blade+1","Disarm","True Grit+1","Ghostly Armor","Seeing Red","Headbutt+1","Double Tap","Burning Pact","Pummel+1","Reaper+1","Hemokinesis+1","Whirlwind+1","Inflame"],"special_seed":0,"relics":["Burning Blood","Darkstone Periapt","Molten Egg 2","InkBottle","Whetstone","Runic Cube","Orichalcum","Question Card","Fusion Hammer","Centennial Puzzle","Anchor","Red Mask"],"potions_floor_usage":[27,28,33,50,50],"damage_taken":[{"damage":1.0,"enemies":"2 Louse","floor":1.0,"turns":3.0},{"damage":6.0,"enemies":"Jaw Worm","floor":3.0,"turns":3.0},{"damage":4.0,"enemies":"Cultist","floor":5.0,"turns":5.0},{"damage":22.0,"enemies":"Gremlin Nob","floor":6.0,"turns":5.0},{"damage":4.0,"enemies":"2 Fungi Beasts","floor":8.0,"turns":4.0},{"damage":30.0,"enemies":"3 Sentries","floor":10.0,"turns":9.0},{"damage":0.0,"enemies":"Blue Slaver","floor":11.0,"turns":3.0},{"damage":28.0,"enemies":"3 Sentries","floor":13.0,"turns":9.0},{"damage":3.0,"enemies":"Large Slime","floor":14.0,"turns":3.0},{"damage":5.0,"enemies":"Hexaghost","floor":16.0,"turns":9.0},{"damage":7.0,"enemies":"Shell Parasite","floor":18.0,"turns":6.0},{"damage":18.0,"enemies":"Spheric Guardian","floor":19.0,"turns":4.0},{"damage":23.0,"enemies":"Snake Plant","floor":21.0,"turns":4.0},{"damage":19.0,"enemies":"Centurion and Healer","floor":22.0,"turns":6.0},{"damage":3.0,"enemies":"Snecko","floor":24.0,"turns":3.0},{"damage":14,"enemies":"Slavers","floor":27,"turns":6},{"damage":15,"enemies":"Snake Plant","floor":30,"turns":3},{"damage":95,"enemies":"Champ","floor":33,"turns":14},{"damage":5,"enemies":"Orb Walker","floor":35,"turns":4},{"damage":40,"enemies":"3 Shapes","floor":37,"turns":3},{"damage":16,"enemies":"Jaw Worm Horde","floor":44,"turns":3},{"damage":16,"enemies":"Transient","floor":46,"turns":5},{"damage":20,"enemies":"Sphere and 2 Shapes","floor":48,"turns":3},{"damage":95,"enemies":"Time Eater","floor":50,"turns":11}],"seed_played":"-405642142531477950","potions_obtained":[{"floor":6.0,"key":"DuplicationPotion"},{"floor":8.0,"key":"SpeedPotion"},{"floor":10.0,"key":"SneckoOil"},{"floor":14.0,"key":"Block Potion"},{"floor":22.0,"key":"LiquidBronze"},{"floor":24.0,"key":"ElixirPotion"},{"floor":27,"key":"SpeedPotion"},{"floor":28,"key":"BloodPotion"},{"floor":28,"key":"Block Potion"},{"floor":28,"key":"FairyPotion"},{"floor":35,"key":"FairyPotion"},{"floor":46,"key":"SteroidPotion"}],"is_trial":false,"path_per_floor":["M","?","M","$","M","E","R","M","T","?","M","$","E","M","R","B",null,"M","M","$","M","M","R","M","$","T","E","?","R","M","$","R","B",null,"M","$","M","$","$","R","?","T","T","M","?","M","R","M","R","B",null],"character_chosen":"IRONCLAD","items_purchased":["Shrug It Off","Spot Weakness","Shrug It Off","Evolve","Headbutt+1","Pummel+1","Hemokinesis+1"],"campfire_rested":3,"item_purchase_floors":[4,12,12,25,31,36,38],"current_hp_per_floor":[80,69,69,69,71,55,55,57,57,33,43,43,25,28,28,29,88,87,75,75,58,49,49,52,52,52,44,62,62,53,53,53,8,92,92,92,58,58,58,85,85,85,85,79,79,69,96,82,96,14],"gold":28,"neow_bonus":"THREE_CARDS","is_prod":false,"is_daily":false,"chose_seed":false,"campfire_upgraded":5,"win_rate":0,"timestamp":1607500916,"path_taken":["M","?","M","$","M","E","R","M","T","?","M","$","E","M","R","BOSS","M","M","$","M","M","R","M","$","T","E","?","R","M","$","R","BOSS","M","$","M","?","$","R","?","?","T","M","?","M","R","M","R","BOSS"],"build_version":"2020-11-30","purchased_purges":3,"victory":true,"max_hp_per_floor":[80,80,80,80,80,80,80,80,80,80,84,84,88,88,88,88,88,88,88,88,88,92,92,92,92,92,92,92,92,92,92,92,92,92,92,92,92,92,92,92,92,92,92,96,96,96,96,96,96,96],"card_choices":[{"not_picked":["Bloodletting","Fire Breathing"],"picked":"Iron Wave","floor":0.0},{"not_picked":["Warcry","Havoc"],"picked":"Body Slam","floor":1.0},{"not_picked":["Clash","Heavy Blade"],"picked":"Clothesline","floor":3.0},{"not_picked":["Power Through","Body Slam"],"picked":"Flame Barrier","floor":5.0},{"not_picked":["Power Through","Clothesline"],"picked":"Flex","floor":6.0},{"not_picked":["Perfected Strike","Headbutt"],"picked":"Heavy Blade","floor":8.0},{"not_picked":["Headbutt+1","Cleave+1"],"picked":"Feed+1","floor":10.0},{"not_picked":["Warcry","Fire Breathing"],"picked":"Flex","floor":11.0},{"not_picked":["Shockwave","Twin Strike+1"],"picked":"Body Slam+1","floor":13.0},{"not_picked":["Rupture","Iron Wave+1"],"picked":"Pommel Strike+1","floor":14.0},{"not_picked":["Reaper+1","Exhume"],"picked":"Berserk","floor":16.0},{"not_picked":["Shockwave","Armaments"],"picked":"Heavy Blade+1","floor":18.0},{"not_picked":["Heavy Blade+1","Rupture","Cleave+1"],"picked":"SKIP","floor":19.0},{"not_picked":["Blood for Blood+1","Wild Strike+1"],"picked":"Disarm","floor":21.0},{"not_picked":["Twin Strike+1","Disarm"],"picked":"True Grit","floor":22.0},{"not_picked":["Wild Strike+1","Twin Strike+1","Warcry"],"picked":"SKIP","floor":24.0},{"not_picked":["Thunderclap+1","Wild Strike+1"],"picked":"Ghostly Armor","floor":27},{"not_picked":["Cleave+1","Feed+1","Body Slam+1"],"picked":"Seeing Red","floor":30},{"not_picked":["Juggernaut","Immolate+1","Bludgeon+1"],"picked":"Double Tap","floor":33},{"not_picked":["Evolve","Headbutt+1","Clothesline+1"],"picked":"Burning Pact","floor":35},{"not_picked":["Pommel Strike+1","Heavy Blade+1","Searing Blow+1"],"picked":"Reaper+1","floor":37},{"not_picked":["Dark Embrace+1","Shockwave","Twin Strike+1"],"picked":"Whirlwind+1","floor":44},{"not_picked":["Armaments+1","Perfected Strike+1","Sword Boomerang+1"],"picked":"Inflame","floor":46},{"not_picked":["Flex","Clash+1","Twin Strike+1","Thunderclap+1"],"picked":"SKIP","floor":48}],"player_experience":40431,"relics_obtained":[{"floor":6.0,"key":"Darkstone Periapt"},{"floor":9.0,"key":"Molten Egg 2"},{"floor":10.0,"key":"InkBottle"},{"floor":13.0,"key":"Whetstone"},{"floor":26.0,"key":"Orichalcum"},{"floor":27,"key":"Question Card"},{"floor":42,"key":"Centennial Puzzle"},{"floor":43,"key":"Anchor"}],"event_choices":[{"damage_healed":0.0,"max_hp_gain":0.0,"max_hp_loss":0.0,"gold_gain":75.0,"event_name":"World of Goop","player_choice":"Gather Gold","floor":2.0,"gold_loss":0.0,"damage_taken":11.0},{"damage_healed":0.0,"max_hp_gain":0.0,"max_hp_loss":0.0,"gold_gain":0.0,"event_name":"Dead Adventurer","player_choice":"Searched \u00271\u0027 times","floor":10.0,"gold_loss":0.0,"damage_taken":0.0},{"damage_healed":0,"gold_gain":0,"player_choice":"Got Potions","damage_taken":0,"max_hp_gain":0,"max_hp_loss":0,"event_name":"Lab","floor":28,"gold_loss":0},{"cards_removed":["Evolve"],"damage_healed":0,"gold_gain":0,"player_choice":"Removed Power","damage_taken":0,"max_hp_gain":0,"max_hp_loss":0,"event_name":"Falling","floor":41,"gold_loss":0},{"damage_healed":0,"gold_gain":0,"player_choice":"Paid","damage_taken":0,"relics_obtained":["Red Mask"],"max_hp_gain":0,"max_hp_loss":0,"event_name":"Tomb of Lord Red Mask","floor":45,"gold_loss":124}],"is_beta":false,"boss_relics":[{"not_picked":["Ectoplasm","Tiny House"],"picked":"Runic Cube"},{"not_picked":["Astrolabe","Coffee Dripper"],"picked":"Fusion Hammer"}],"items_purged_floors":[4,12,20],"is_endless":false,"potions_floor_spawned":[6,8,10,14,22,24,27,35,46,48],"ascension_level":0}}