{"host":"do5be0rrwzdbe7ng","time":1607513173,"event":{"gold_per_floor":[117,192,192,219,219,246,246,258,285,9,23,23,37,71,71,146,146,163,175,244,262,44,44,64,64,64,64,79,79,79],"floor_reached":29,"playtime":1063,"items_purged":["Strike_B"],"score":490,"play_id":"cbf36093-cf95-4bce-80e7-3cf94a6fef76","local_time":"20201209202613","is_ascension_mode":true,"campfire_choices":[{"data":"Zap","floor":7,"key":"SMITH"},{"data":"Self Repair","floor":12,"key":"SMITH"},{"data":"Dualcast","floor":15,"key":"SMITH"},{"data":"Defragment","floor":23,"key":"SMITH"},{"data":"Undo","floor":25,"key":"SMITH"},{"data":"Consume","floor":27,"key":"SMITH"}],"neow_cost":"NONE","seed_source_timestamp":5797395294666300,"circlet_count":0,"master_deck":["AscendersBane","Strike_B","Strike_B","Strike_B","Defend_B","Defend_B","Defend_B","Defend_B","Zap+1","Dualcast+1","Doom and Gloom","Echo Form","Self Repair+1","Cold Snap","Genetic Algorithm","Undo+1","Core Surge","Consume+1","Defragment+1","Fusion+1","Skim"],"special_seed":0,"relics":["Cracked Core","NeowsBlessing","Tiny Chest","Bag of Preparation","Anchor","Potion Belt","Question Card","Blood Vial","Philosopher\u0027s Stone","Letter Opener","Blue Candle"],"potions_floor_usage":[28,29,29],"damage_taken":[{"damage":0,"enemies":"Small Slimes","floor":1,"turns":1},{"damage":0,"enemies":"3 Sentries","floor":6,"turns":1},{"damage":0,"enemies":"Jaw Worm","floor":8,"turns":1},{"damage":0,"enemies":"2 Louse","floor":11,"turns":2},{"damage":4,"enemies":"Red Slaver","floor":13,"turns":4},{"damage":9,"enemies":"Lagavulin","floor":14,"turns":8},{"damage":13,"enemies":"Slime Boss","floor":16,"turns":10},{"damage":29,"enemies":"Chosen","floor":18,"turns":6},{"damage":18,"enemies":"3 Byrds","floor":19,"turns":4},{"damage":19,"enemies":"Shelled Parasite and Fungi","floor":21,"turns":5},{"damage":17,"enemies":"Snake Plant","floor":24,"turns":4},{"damage":24,"enemies":"Snecko","floor":28,"turns":5},{"damage":53,"enemies":"Book of Stabbing","floor":29,"turns":5}],"seed_played":"-4332358922125028520","potions_obtained":[{"floor":1,"key":"Dexterity Potion"},{"floor":6,"key":"DuplicationPotion"},{"floor":8,"key":"Energy Potion"},{"floor":19,"key":"SmokeBomb"},{"floor":24,"key":"EssenceOfSteel"},{"floor":28,"key":"ColorlessPotion"}],"is_trial":false,"path_per_floor":["M","?","?","T","?","E","R","M","T","$","M","R","M","E","R","B",null,"M","M","T","M","$","R","M","R","T","R","M","E"],"character_chosen":"DEFECT","items_purchased":["Question Card","Defragment","Swift Potion"],"campfire_rested":0,"item_purchase_floors":[10,22,22],"current_hp_per_floor":[64,53,58,58,32,32,32,32,32,32,39,39,55,66,66,75,76,67,71,71,74,74,74,59,59,59,59,47,0,0],"gold":79,"neow_bonus":"THREE_ENEMY_KILL","is_prod":false,"is_daily":false,"chose_seed":false,"campfire_upgraded":6,"win_rate":0,"timestamp":1607513173,"path_taken":["M","?","?","?","?","E","R","M","T","?","?","R","M","E","R","BOSS","M","M","?","M","$","R","M","R","T","R","M","E"],"build_version":"2020-11-30","purchased_purges":1,"victory":false,"max_hp_per_floor":[71,71,76,76,76,76,76,76,76,76,76,76,76,76,76,76,76,76,76,76,76,76,76,76,76,76,76,76,76,76],"card_choices":[{"not_picked":["Aggregate","Leap"],"picked":"Doom and Gloom","floor":1},{"not_picked":["Glacier","Streamline"],"picked":"Echo Form","floor":6},{"not_picked":["Ball Lightning","Rebound"],"picked":"Self Repair","floor":8},{"not_picked":["Barrage","Leap","Sweeping Beam"],"picked":"Cold Snap","floor":11},{"not_picked":["Conserve Battery","Barrage","Fission"],"picked":"Genetic Algorithm","floor":13},{"not_picked":["Sweeping Beam","Cold Snap","Ball Lightning"],"picked":"Undo","floor":14},{"not_picked":["Reboot","Multi-Cast","Amplify"],"picked":"Core Surge","floor":16},{"not_picked":["Hologram","Rebound","Go for the Eyes"],"picked":"Consume","floor":18},{"not_picked":["Sweeping Beam","Rebound","Gash","Redo"],"picked":"SKIP","floor":19},{"not_picked":["Sweeping Beam","Rebound","Gash","Redo"],"picked":"SKIP","floor":19},{"not_picked":["Doom and Gloom","Rip and Tear","Cold Snap+1","Genetic Algorithm"],"picked":"SKIP","floor":21},{"not_picked":["Hologram+1","Leap+1","Steam+1"],"picked":"Fusion+1","floor":24},{"not_picked":["Rebound","FTL","Chill+1"],"picked":"Skim","floor":28}],"player_experience":334284,"relics_obtained":[{"floor":4,"key":"Tiny Chest"},{"floor":6,"key":"Anchor"},{"floor":9,"key":"Potion Belt"},{"floor":14,"key":"Blood Vial"},{"floor":20,"key":"Letter Opener"},{"floor":26,"key":"Blue Candle"}],"event_choices":[{"damage_healed":0,"gold_gain":75,"player_choice":"Gather Gold","damage_taken":11,"max_hp_gain":0,"max_hp_loss":0,"event_name":"World of Goop","floor":2,"gold_loss":0},{"damage_healed":0,"gold_gain":0,"player_choice":"Donut","damage_taken":0,"max_hp_gain":5,"max_hp_loss":0,"event_name":"Big Fish","floor":3,"gold_loss":0},{"damage_healed":0,"gold_gain":0,"player_choice":"Success","damage_taken":26,"relics_obtained":["Bag of Preparation"],"max_hp_gain":0,"max_hp_loss":0,"event_name":"Scrap Ooze","floor":5,"gold_loss":0}],"is_beta":false,"boss_relics":[{"not_picked":["Runic Dome","Black Star"],"picked":"Philosopher\u0027s Stone"}],"items_purged_floors":[22],"is_endless":false,"potions_floor_spawned":[1,6,8,19,24,28],"killed_by":"Book of Stabbing","ascension_level":18}}