{"host":"024fuk5dykwzmato","time":1607523512,"event":{"gold_per_floor":[109,126,138,153,39,39,94,150,150,169,169,184,215,215,215,314,314,254,254,268,268,12,12,41,41,41,41,41],"floor_reached":27,"playtime":1522,"items_purged":["Shame"],"score":360,"play_id":"ac5ca240-e9ca-4c84-9580-d731d73e67f0","local_time":"20201209151832","is_ascension_mode":true,"campfire_choices":[{"data":"Capacitor","floor":6,"key":"SMITH"},{"floor":11,"key":"REST"},{"floor":15,"key":"REST"},{"floor":23,"key":"REST"}],"neow_cost":"CURSE","seed_source_timestamp":589509103104000,"circlet_count":0,"master_deck":["Defend_B","Defend_B","Defend_B","Defend_B","Zap","Dualcast","Multi-Cast","Auto Shields","Chill","Cold Snap","Coolheaded","Capacitor+1","Genetic Algorithm","Blizzard","Aggregate","Sweeping Beam","Leap","Creative AI+1","Force Field+1","Bite","Bite","Bite","Bite","Bite","Storm+1","Barrage"],"relics":["Cracked Core","Ornamental Fan","Frozen Egg 2","Eternal Feather","Bronze Scales","Inserter","Nilry\u0027s Codex","Matryoshka","Juzu Bracelet","SsserpentHead","HornCleat"],"potions_floor_usage":[7,7,8,16,20,24],"damage_taken":[{"damage":6,"enemies":"2 Louse","floor":1,"turns":2},{"damage":3,"enemies":"Jaw Worm","floor":2,"turns":4},{"damage":7,"enemies":"Small Slimes","floor":3,"turns":5},{"damage":2,"enemies":"3 Louse","floor":4,"turns":4},{"damage":8,"enemies":"Lagavulin","floor":7,"turns":5},{"damage":26,"enemies":"Gremlin Nob","floor":8,"turns":5},{"damage":14,"enemies":"Exordium Thugs","floor":10,"turns":6},{"damage":8,"enemies":"2 Fungi Beasts","floor":12,"turns":4},{"damage":9,"enemies":"3 Sentries","floor":13,"turns":6},{"damage":21,"enemies":"The Guardian","floor":16,"turns":15},{"damage":19,"enemies":"2 Thieves","floor":18,"turns":4},{"damage":10,"enemies":"Shell Parasite","floor":20,"turns":9},{"damage":42,"enemies":"Slavers","floor":24,"turns":6},{"damage":24,"enemies":"Gremlin Leader","floor":27,"turns":5}],"seed_played":"2312594315360584873","potions_obtained":[{"floor":2,"key":"Energy Potion"},{"floor":3,"key":"Swift Potion"},{"floor":4,"key":"ColorlessPotion"},{"floor":7,"key":"FocusPotion"},{"floor":13,"key":"Swift Potion"},{"floor":20,"key":"EssenceOfSteel"}],"is_trial":false,"path_per_floor":["M","M","M","M","$","R","E","?","T","M","R","M","E","?","R","B",null,"M","?","M","?","$","R","E","?","T","E"],"character_chosen":"DEFECT","items_purchased":["Capacitor","Matryoshka"],"campfire_rested":3,"item_purchase_floors":[5,22],"current_hp_per_floor":[62,59,52,50,50,50,42,16,16,2,33,25,16,4,38,17,61,42,42,46,30,30,52,14,14,14,0,0],"gold":41,"neow_bonus":"THREE_RARE_CARDS","is_prod":false,"is_daily":false,"chose_seed":false,"campfire_upgraded":1,"win_rate":0,"timestamp":1607523512,"path_taken":["M","M","M","M","$","R","E","?","T","M","R","M","E","?","R","BOSS","M","?","M","?","$","R","E","?","T","E"],"build_version":"2020-11-30","purchased_purges":1,"victory":false,"max_hp_per_floor":[75,75,75,75,75,75,75,75,75,75,75,75,75,75,75,75,75,75,52,52,52,52,52,52,52,52,52,52],"card_choices":[{"not_picked":["Biased Cognition","Rainbow"],"picked":"Multi-Cast","floor":0},{"not_picked":["Steam","Stack"],"picked":"Auto Shields","floor":1},{"not_picked":["Coolheaded","Steam"],"picked":"Chill","floor":2},{"not_picked":["Double Energy","White Noise"],"picked":"Cold Snap","floor":3},{"not_picked":["Hologram","Beam Cell"],"picked":"Coolheaded","floor":4},{"not_picked":["Cold Snap","Streamline"],"picked":"Genetic Algorithm","floor":7},{"not_picked":["Compile Driver","Recycle"],"picked":"Blizzard","floor":8},{"not_picked":["Chaos","Turbo"],"picked":"Aggregate","floor":10},{"not_picked":["Darkness","Steam"],"picked":"Sweeping Beam","floor":12},{"not_picked":["Steam","Tempest"],"picked":"Leap","floor":13},{"not_picked":["Amplify","Hyperbeam"],"picked":"Creative AI+1","floor":16},{"not_picked":["Coolheaded","Hologram+1"],"picked":"Force Field+1","floor":18},{"not_picked":["FTL","Stack"],"picked":"Storm+1","floor":20},{"not_picked":["Fission","Go for the Eyes"],"picked":"Barrage","floor":24}],"player_experience":246027,"relics_obtained":[{"floor":7,"key":"Ornamental Fan"},{"floor":8,"key":"Frozen Egg 2"},{"floor":9,"key":"Eternal Feather"},{"floor":13,"key":"Bronze Scales"},{"floor":21,"key":"Nilry\u0027s Codex"},{"floor":24,"key":"Juzu Bracelet"},{"floor":26,"key":"HornCleat"}],"event_choices":[{"damage_healed":0,"gold_gain":0,"player_choice":"Searched \u00271\u0027 times","damage_taken":0,"max_hp_gain":0,"max_hp_loss":0,"event_name":"Dead Adventurer","floor":8,"gold_loss":0},{"damage_healed":0,"gold_gain":0,"player_choice":"Fled","damage_taken":12,"max_hp_gain":0,"max_hp_loss":0,"event_name":"Scrap Ooze","floor":14,"gold_loss":0},{"damage_healed":0,"gold_gain":0,"player_choice":"Became a vampire","damage_taken":0,"max_hp_gain":0,"max_hp_loss":23,"event_name":"Vampires","floor":19,"gold_loss":0,"cards_obtained":["Bite","Bite","Bite","Bite","Bite"]},{"damage_healed":0,"gold_gain":0,"player_choice":"Obtained Book","damage_taken":16,"max_hp_gain":0,"max_hp_loss":0,"event_name":"Cursed Tome","floor":21,"gold_loss":0},{"damage_healed":0,"gold_gain":0,"player_choice":"Trade","damage_taken":0,"relics_obtained":["SsserpentHead"],"max_hp_gain":0,"max_hp_loss":0,"event_name":"FaceTrader","floor":25,"gold_loss":0}],"is_beta":false,"boss_relics":[{"not_picked":["Empty Cage","Busted Crown"],"picked":"Inserter"}],"items_purged_floors":[5],"is_endless":false,"potions_floor_spawned":[2,3,4,7,13,20],"killed_by":"Gremlin Leader","ascension_level":8}}