{"host":"v0kr0xkqfgnh389p","time":1607546091,"event":{"gold_per_floor":[113,113,38,38,38,38,57,68,94,129,129,143,143,43,43,140,140,160,160,143,143,143],"floor_reached":21,"playtime":927,"items_purged":["Languid","Defend_P"],"score":186,"play_id":"d90078d5-aebc-4340-8805-6a9ed32efb7e","local_time":"20201209153451","is_ascension_mode":true,"campfire_choices":[{"floor":6,"key":"RECALL"},{"floor":11,"key":"REST"},{"floor":13,"key":"REST"},{"data":"Eruption","floor":15,"key":"SMITH"}],"neow_cost":"CURSE","seed_source_timestamp":21359178377500,"circlet_count":0,"master_deck":["Strike_P","Strike_P","Strike_P+1","Strike_P","Defend_P+1","Defend_P+1","Defend_P+1","Eruption+1","Vigilance","FlurryOfBlows","Wireheading","DevaForm","Crescendo+1","infinitespire:Starlight","FollowUp+1"],"relics":["PureWater","hubris:MedicalManual","War Paint","Art of War","Black Star"],"potions_floor_usage":[16,16,21,21],"damage_taken":[{"damage":2,"enemies":"2 Louse","floor":1,"turns":5},{"damage":1,"enemies":"Jaw Worm","floor":7,"turns":4},{"damage":0,"enemies":"Small Slimes","floor":8,"turns":2},{"damage":36,"enemies":"Lagavulin","floor":10,"turns":4},{"damage":0,"enemies":"Blue Slaver","floor":12,"turns":4},{"damage":27,"enemies":"Slime Boss","floor":16,"turns":11},{"damage":18,"enemies":"Shell Parasite","floor":18,"turns":8},{"damage":20,"enemies":"2 Thieves","floor":20,"turns":4},{"damage":62,"enemies":"Snake Plant","floor":21,"turns":4}],"seed_played":"-331571473315316975","potions_obtained":[{"floor":7,"key":"Dexterity Potion"},{"floor":8,"key":"SpeedPotion"},{"floor":12,"key":"AttackPotion"},{"floor":16,"key":"Venom Potion"},{"floor":20,"key":"SkillPotion"}],"is_trial":false,"path_per_floor":["M","?","$","?","$","R","M","M","T","E","R","M","R","$","R","B",null,"M","AVR","M","M"],"character_chosen":"WATCHER","items_purchased":[],"campfire_rested":2,"item_purchase_floors":[],"current_hp_per_floor":[70,56,56,53,53,53,52,52,52,16,37,37,58,58,58,31,72,54,54,44,0,0],"gold":143,"neow_bonus":"ONE_RARE_RELIC","is_prod":false,"is_daily":false,"chose_seed":false,"campfire_upgraded":1,"win_rate":0,"timestamp":1607546091,"path_taken":["M","?","$","?","$","R","M","M","T","E","R","M","R","$","R","BOSS","M","AVR","M","M"],"build_version":"2020-11-30","purchased_purges":2,"victory":false,"max_hp_per_floor":[72,72,72,72,72,72,72,72,72,72,72,72,72,72,72,72,72,72,72,72,72,72],"card_choices":[{"not_picked":["Swivel","CarveReality","FlyingSleeves"],"picked":"SKIP","floor":1},{"not_picked":["FollowUp","CarveReality"],"picked":"FlurryOfBlows","floor":7},{"not_picked":["Collect","JustLucky","FlyingSleeves"],"picked":"SKIP","floor":8},{"not_picked":["Collect","Crescendo"],"picked":"Wireheading","floor":10},{"not_picked":["Replay:AtTheReady","ClearTheMind","Evaluate"],"picked":"SKIP","floor":12},{"not_picked":["Ragnarok","DeusExMachina"],"picked":"DevaForm","floor":16},{"not_picked":["Replay:AtTheReady","JustLucky"],"picked":"Crescendo+1","floor":18},{"not_picked":["JustLucky","CutThroughFate"],"picked":"FollowUp+1","floor":20}],"player_experience":676142,"relics_obtained":[{"floor":10,"key":"Art of War"}],"event_choices":[{"damage_healed":0,"gold_gain":0,"player_choice":"Entered Light","damage_taken":14,"max_hp_gain":0,"max_hp_loss":0,"event_name":"Shining Light","floor":2,"gold_loss":0,"cards_upgraded":["Defend_P","Strike_P"]},{"damage_healed":0,"gold_gain":0,"player_choice":"Success","damage_taken":3,"relics_obtained":["War Paint"],"max_hp_gain":0,"max_hp_loss":0,"event_name":"Scrap Ooze","floor":4,"gold_loss":0}],"is_beta":false,"boss_relics":[{"not_picked":["Snecko Eye","Painkiller Herb"],"picked":"Black Star"}],"items_purged_floors":[3,14],"is_endless":false,"potions_floor_spawned":[7,8,12,16,20],"killed_by":"Snake Plant","ascension_level":1}}