{"host":"eeb412nj2w7f9cz8","time":1607516707,"event":{"gold_per_floor":[111,123,142,152,169,169,184,184,237,253,285,285,303,41,41,158,158,170,170,20,20,20,48,48,67,94,105,119,129,129,163,163,259,259,278,278,26,0,0,0,20,20,20,20,35,35,35,51,51,51,51,51,28,57,57,57],"floor_reached":55,"playtime":3421,"items_purged":[],"score":684,"play_id":"32c6b53b-1ed7-4c26-8ca4-9027013066b0","local_time":"20201209202507","is_ascension_mode":false,"campfire_choices":[{"data":"TwelveNightmare","floor":6,"key":"SMITH"},{"data":"RedMoon","floor":8,"key":"SMITH"},{"data":"CeilingFear","floor":12,"key":"SMITH"},{"data":"MastersStateliness","floor":15,"key":"SMITH"},{"data":"DemonKingCradle","floor":24,"key":"SMITH"},{"data":"DiffusionOfMisfortune","floor":32,"key":"SMITH"},{"data":"TransientEternity","floor":40,"key":"SMITH"},{"data":"AfternoonTea","floor":42,"key":"SMITH"},{"data":"SuperhumanBloodyKnife","floor":44,"key":"SMITH"},{"data":"ScarletShoot","floor":47,"key":"SMITH"},{"floor":49,"key":"RECALL"},{"data":"ChainGang","floor":52,"key":"SMITH"}],"neow_cost":"NONE","seed_source_timestamp":7852452420620,"circlet_count":0,"master_deck":["Strike_RM","Strike_RM","Strike_RM","Defend_RM","Defend_RM","Defend_RM","Defend_RM","RedMoon+1","ScarletShoot+1","FitfulNightmare","TwelveNightmare+1","DiffusionOfMisfortune+1","ChainGang+1","AfternoonTea+1","CeilingFear+1","MastersStateliness+1","DemonKingCradle+1","Shame","BlasphemousPunishment+1","MastersStateliness+1","SuperhumanBloodyKnife+1","ChaoticDestiny+1","TransientEternity+1","Madness+1","Madness+1","BloodHunter+1","ScarletSymphony+1","DiffusionOfMisfortune+1","NightDance","HeartBreak"],"relics":["ScarletHat","LagranYue:RandomDrawCardRelic","Potion Belt","Akabeko","Toxic Egg 2","LagranYue:SoulBurningRelic","StrikeDummy","Boot","LagranYue:MagicReflectiveArmorRelic","Bag of Marbles","Juzu Bracelet","Blue Candle","ScarletEmblem","Bottled Tornado","Red Mask","Gremlin Horn","LagranYue:GuidanceLightRelic"],"potions_floor_usage":[16,16,16,23,25,31,31,31,33,50,55,55],"damage_taken":[{"damage":0,"enemies":"2 Louse","floor":1,"turns":3},{"damage":1,"enemies":"Jaw Worm","floor":2,"turns":5},{"damage":9,"enemies":"Small Slimes","floor":3,"turns":4},{"damage":0,"enemies":"3 Louse","floor":4,"turns":3},{"damage":10,"enemies":"Large Slime","floor":5,"turns":10},{"damage":0,"enemies":"2 Fungi Beasts","floor":7,"turns":3},{"damage":7,"enemies":"Gremlin Gang","floor":10,"turns":5},{"damage":7,"enemies":"Lagavulin","floor":11,"turns":8},{"damage":0,"enemies":"Lots of Slimes","floor":13,"turns":1},{"damage":22,"enemies":"The Guardian","floor":16,"turns":9},{"damage":0,"enemies":"Spheric Guardian","floor":18,"turns":3},{"damage":0,"enemies":"Slavers","floor":23,"turns":6},{"damage":2,"enemies":"Shell Parasite","floor":25,"turns":3},{"damage":10,"enemies":"3 Cultists","floor":27,"turns":2},{"damage":4,"enemies":"Cultist and Chosen","floor":28,"turns":7},{"damage":12,"enemies":"Shelled Parasite and Fungi","floor":29,"turns":3},{"damage":13,"enemies":"Book of Stabbing","floor":31,"turns":5},{"damage":49,"enemies":"Collector","floor":33,"turns":6},{"damage":0,"enemies":"Orb Walker","floor":35,"turns":3},{"damage":12,"enemies":"3 Shapes","floor":41,"turns":2},{"damage":1,"enemies":"3 Darklings","floor":45,"turns":4},{"damage":0,"enemies":"Spire Growth","floor":48,"turns":4},{"damage":44,"enemies":"Awakened One","floor":50,"turns":6},{"damage":3,"enemies":"Shield and Spear","floor":54,"turns":3},{"damage":82,"enemies":"The Heart","floor":55,"turns":3}],"seed_played":"-1929526930311626220","potions_obtained":[{"floor":1,"key":"Dexterity Potion"},{"floor":3,"key":"PowerPotion"},{"floor":4,"key":"Swift Potion"},{"floor":10,"key":"FearPotion"},{"floor":11,"key":"Dexterity Potion"},{"floor":13,"key":"SkillPotion"},{"floor":16,"key":"Explosive Potion"},{"floor":18,"key":"Swift Potion"},{"floor":23,"key":"Block Potion"},{"floor":29,"key":"ColorlessPotion"},{"floor":31,"key":"Regen Potion"},{"floor":45,"key":"LiquidBronze"},{"floor":48,"key":"Regen Potion"}],"is_trial":false,"path_per_floor":["M","M","M","M","M","R","M","R","T","M","E","R","M","$","R","B",null,"M","?","$","?","$","E","R","M","T","M","M","M","$","E","R","B",null,"M","?","$","?","?","R","M","R","T","R","M","$","R","M","R","B",null,"R","$","E","B"],"character_chosen":"REMILIA","items_purchased":["MastersStateliness","Toxic Egg 2","Boot","Bottled Tornado","NightDance"],"campfire_rested":0,"item_purchase_floors":[14,14,20,37,53],"current_hp_per_floor":[82,82,75,75,68,68,68,68,68,70,72,72,72,72,72,60,82,82,82,82,82,82,82,82,81,81,71,70,58,58,46,46,15,82,82,72,72,72,72,72,60,60,60,60,61,61,61,61,61,43,82,82,82,80,0,0],"gold":57,"neow_bonus":"TEN_PERCENT_HP_BONUS","is_prod":false,"is_daily":false,"chose_seed":false,"campfire_upgraded":11,"win_rate":0,"timestamp":1607516707,"path_taken":["M","M","M","M","M","R","M","R","T","M","E","R","M","$","R","BOSS","M","?","$","?","?","E","R","M","T","?","M","M","$","E","R","BOSS","M","?","$","?","?","R","M","R","T","R","M","$","R","M","R","BOSS","R","$","E","BOSS"],"build_version":"2020-11-30","purchased_purges":0,"victory":false,"max_hp_per_floor":[82,82,82,82,82,82,82,82,82,82,82,82,82,82,82,82,82,82,82,82,82,82,82,82,82,82,82,82,82,82,82,82,82,82,82,82,82,82,82,82,82,82,82,82,82,82,82,82,82,82,82,82,82,82,82,82],"card_choices":[{"not_picked":["ScarletSymphony","EmergencyRegeneration"],"picked":"FitfulNightmare","floor":1},{"not_picked":["RedRainbow","UnderTheZenith"],"picked":"TwelveNightmare","floor":2},{"not_picked":["MillenniumVampire","ScarletDevil"],"picked":"DiffusionOfMisfortune","floor":3},{"not_picked":["BloodHunter","CharismaGuard","UnstableMagic"],"picked":"SKIP","floor":4},{"not_picked":["VampireSweep","EndlessAdversity"],"picked":"ChainGang","floor":5},{"not_picked":["StarOfDavid","VampireFantasy"],"picked":"AfternoonTea","floor":7},{"not_picked":["CharismaGuard","BadLadyScramble","EndlessAdversity"],"picked":"SKIP","floor":10},{"not_picked":["ScarletDevil","NightLord"],"picked":"CeilingFear","floor":11},{"not_picked":["UnstableMagic","ScarletDevilSign","ScarletGensokyo"],"picked":"SKIP","floor":13},{"not_picked":["BloodyCatastrophe+1","ForecastOfChange"],"picked":"DemonKingCradle","floor":16},{"not_picked":["CharismaGuard","NightLord","AfternoonTea+1"],"picked":"SKIP","floor":18},{"not_picked":["AfternoonTea+1","EndlessAdversity"],"picked":"BlasphemousPunishment+1","floor":23},{"not_picked":["BloodyMagicSquare+1","RedRainbow+1"],"picked":"MastersStateliness+1","floor":25},{"not_picked":["RedMagic+1","BloodHunter+1","Septette+1"],"picked":"SKIP","floor":27},{"not_picked":["VampirishNight+1","VampireFantasy+1"],"picked":"SuperhumanBloodyKnife","floor":28},{"not_picked":["StarOfDavid+1","EmergencyRegeneration+1","TwelveNightmare"],"picked":"SKIP","floor":29},{"not_picked":["RedNightlessCastle+1","ForbiddenFruit+1"],"picked":"ChaoticDestiny+1","floor":31},{"not_picked":["ChaoticDestiny+1","ForecastOfChange"],"picked":"TransientEternity","floor":33},{"not_picked":["EternalNight+1","EndlessAdversity+1","ScarletImprint+1"],"picked":"SKIP","floor":35},{"not_picked":["EndlessAdversity+1","MastersStateliness"],"picked":"BloodHunter+1","floor":41},{"not_picked":["ScarletDevil+1","MastersStateliness"],"picked":"ScarletSymphony+1","floor":45},{"not_picked":["RedNightlessCastle+1","UnstableMagic+1"],"picked":"DiffusionOfMisfortune+1","floor":48},{"not_picked":["StarOfDavid","BlasphemousPunishment+1"],"picked":"HeartBreak","floor":54}],"player_experience":90175,"relics_obtained":[{"floor":9,"key":"Potion Belt"},{"floor":11,"key":"Akabeko"},{"floor":23,"key":"Bag of Marbles"},{"floor":31,"key":"Juzu Bracelet"},{"floor":33,"key":"Blue Candle"},{"floor":43,"key":"Gremlin Horn"},{"floor":54,"key":"LagranYue:GuidanceLightRelic"}],"event_choices":[{"damage_healed":0,"gold_gain":0,"player_choice":"Opened","damage_taken":0,"relics_obtained":["StrikeDummy"],"max_hp_gain":0,"max_hp_loss":0,"event_name":"The Mausoleum","floor":19,"gold_loss":0},{"damage_healed":0,"gold_gain":0,"player_choice":"Stole Relic","damage_taken":0,"relics_obtained":["LagranYue:MagicReflectiveArmorRelic"],"max_hp_gain":0,"max_hp_loss":0,"event_name":"Addict","floor":21,"gold_loss":0,"cards_obtained":["Shame"]},{"damage_healed":0,"gold_gain":0,"player_choice":"Embrace Madness","damage_taken":10,"max_hp_gain":0,"max_hp_loss":0,"event_name":"Winding Halls","floor":36,"gold_loss":0,"cards_obtained":["Madness","Madness"]},{"damage_healed":0,"gold_gain":0,"player_choice":"Paid","damage_taken":0,"relics_obtained":["Red Mask"],"max_hp_gain":0,"max_hp_loss":0,"event_name":"Tomb of Lord Red Mask","floor":38,"gold_loss":26},{"cards_removed":["Strike_RM"],"damage_healed":0,"gold_gain":0,"player_choice":"Removed Attack","damage_taken":0,"max_hp_gain":0,"max_hp_loss":0,"event_name":"Falling","floor":39,"gold_loss":0}],"is_beta":false,"boss_relics":[{"not_picked":["Astrolabe","Philosopher\u0027s Stone"],"picked":"LagranYue:SoulBurningRelic"},{"not_picked":["Black Star","Pandora\u0027s Box"],"picked":"ScarletEmblem"}],"items_purged_floors":[],"is_endless":false,"potions_floor_spawned":[1,3,4,10,11,13,16,18,23,29,31,45,48],"killed_by":"The Heart","ascension_level":0}}