{"host":"qqjv58wfhopf6ysa","time":1607485235,"event":{"gold_per_floor":[115,64,74,74,74,109,109,129,155,155,155,155],"floor_reached":11,"playtime":190,"items_purged":[],"score":96,"play_id":"c5dae828-e559-4c88-9aa8-d120f35e4eea","local_time":"20201209124035","is_ascension_mode":false,"campfire_choices":[{"data":"Defragment","floor":7,"key":"SMITH"}],"neow_cost":"NONE","seed_source_timestamp":35226761499100,"circlet_count":0,"master_deck":["Strike_B","Strike_B","Strike_B","Strike_B","Defend_B","Defend_B","Defend_B","Defend_B","Zap","Dualcast","Blizzard","ReplayTheSpireMod:Calculation Training+1","Defragment+1","Defragment+1","Consume+1","FIFO Queue"],"relics":["Slimebound:AbsorbEndCombat","REME_ComplimentaryCards","NeowsBlessing","infinitespire:Cubic Diamond","hubris:ToyBattleship","Vajra"],"potions_floor_usage":[11],"damage_taken":[{"damage":0,"enemies":"Small Slimes","floor":1,"turns":1},{"damage":0,"enemies":"2 Louse","floor":3,"turns":1},{"damage":0,"enemies":"Lagavulin","floor":6,"turns":1},{"damage":0,"enemies":"Cultist","floor":8,"turns":4},{"damage":26,"enemies":"3 Sentries","floor":11,"turns":4}],"seed_played":"3383852028501294724","potions_obtained":[{"floor":1,"key":"Doom Potion"},{"floor":6,"key":"PotionOfCapacity"},{"floor":8,"key":"DistilledChaos"}],"is_trial":false,"path_per_floor":["M","$","M","?","?","E","R","M","T","?","E"],"character_chosen":"DEFECT","items_purchased":["ReplayTheSpireMod:Calculation Training+1"],"campfire_rested":0,"item_purchase_floors":[2],"current_hp_per_floor":[75,75,75,75,75,75,75,75,75,75,49,49],"gold":155,"neow_bonus":"THREE_ENEMY_KILL","is_prod":false,"is_daily":false,"chose_seed":false,"campfire_upgraded":1,"win_rate":0,"timestamp":1607485235,"path_taken":["M","$","M","?","?","E","R","?","T","?","E"],"build_version":"2020-11-30","purchased_purges":0,"victory":false,"max_hp_per_floor":[75,75,75,75,75,75,75,75,75,75,75,75],"card_choices":[{"not_picked":["Redo","Scrape"],"picked":"Blizzard","floor":1},{"not_picked":["Redo","Go for the Eyes"],"picked":"Defragment","floor":3},{"not_picked":["Ball Lightning","BasicCrystalCard"],"picked":"Consume","floor":6},{"not_picked":["Ball Lightning","BootSequence"],"picked":"FIFO Queue","floor":8}],"player_experience":403232,"relics_obtained":[{"floor":6,"key":"hubris:ToyBattleship"},{"floor":9,"key":"Vajra"}],"event_choices":[{"damage_healed":0,"gold_gain":0,"player_choice":"Grow","damage_taken":0,"max_hp_gain":0,"max_hp_loss":0,"event_name":"Living Wall","floor":10,"gold_loss":0,"cards_upgraded":["Consume"]}],"is_beta":false,"boss_relics":[],"items_purged_floors":[],"is_endless":false,"potions_floor_spawned":[1,6,8],"killed_by":"3 Sentries","ascension_level":0}}