{"host":"1tl36azeqm6yhdgj","time":1607512227,"event":{"gold_per_floor":[114,114,128,128,2,41,41,15,15,36,56,87,87,120,120,120,120],"floor_reached":16,"playtime":450,"items_purged":[],"score":222,"play_id":"34d1cbbf-0cde-435a-984c-7545a1ad0f00","local_time":"20201209061027","is_ascension_mode":true,"campfire_choices":[{"floor":7.0,"key":"RECALL"},{"data":"Barricade","floor":15.0,"key":"SMITH"}],"neow_cost":"NONE","seed_source_timestamp":38800392352800,"circlet_count":0,"master_deck":["AscendersBane","Strike_R","Strike_R","Strike_R","Strike_R","Defend_R","Defend_R","Defend_R","Defend_R","Bash","Thunderclap","Infernal Blade","Fiend Fire","Spot Weakness","Barricade+1","Anger","Flex","Flame Barrier","Body Slam","Decay"],"special_seed":0,"relics":["Burning Blood","NeowsBlessing","Golden Idol","Oddly Smooth Stone","Blood Vial","Orichalcum"],"potions_floor_usage":[],"damage_taken":[{"damage":0.0,"enemies":"2 Louse","floor":1.0,"turns":1.0},{"damage":0.0,"enemies":"Jaw Worm","floor":3.0,"turns":1.0},{"damage":0.0,"enemies":"Lagavulin","floor":6.0,"turns":2.0},{"damage":0.0,"enemies":"Cultist","floor":10.0,"turns":2.0},{"damage":14.0,"enemies":"Exordium Thugs","floor":11.0,"turns":3.0},{"damage":6.0,"enemies":"3 Sentries","floor":12.0,"turns":8.0},{"damage":34.0,"enemies":"Lagavulin","floor":14.0,"turns":8.0},{"damage":47,"enemies":"Hexaghost","floor":16,"turns":9}],"seed_played":"7797776675000799","potions_obtained":[{"floor":3.0,"key":"EssenceOfSteel"},{"floor":11.0,"key":"SpeedPotion"},{"floor":12.0,"key":"AttackPotion"}],"is_trial":false,"path_per_floor":["M","?","M","?","$","E","R","$","T","M","M","E","?","E","R","B"],"character_chosen":"IRONCLAD","items_purchased":["Spot Weakness","Fire Potion","Anger"],"campfire_rested":0,"item_purchase_floors":[5,5,8],"current_hp_per_floor":[78,58,64,64,64,70,70,70,70,76,68,68,68,42,42,0,0],"gold":120,"neow_bonus":"THREE_ENEMY_KILL","is_prod":false,"is_daily":false,"chose_seed":false,"campfire_upgraded":1,"win_rate":0,"timestamp":1607512227,"path_taken":["M","?","M","?","$","E","R","?","T","M","M","E","?","E","R","BOSS"],"build_version":"2020-11-30","purchased_purges":0,"victory":false,"max_hp_per_floor":[80,80,80,80,80,80,80,80,80,80,80,80,80,80,80,80,80],"card_choices":[{"not_picked":["Sword Boomerang","Cleave"],"picked":"Thunderclap","floor":1.0},{"not_picked":["Wild Strike","Bloodletting"],"picked":"Infernal Blade","floor":3.0},{"not_picked":["Thunderclap","Body Slam"],"picked":"Barricade","floor":6.0},{"not_picked":["Pommel Strike","Heavy Blade"],"picked":"Flex","floor":10.0},{"not_picked":["Heavy Blade","Uppercut"],"picked":"Flame Barrier","floor":11.0},{"not_picked":["Reckless Charge","Thunderclap"],"picked":"Body Slam","floor":12.0},{"not_picked":["Fiend Fire","Anger","Seeing Red"],"picked":"SKIP","floor":14.0}],"player_experience":1893475,"relics_obtained":[{"floor":6.0,"key":"Oddly Smooth Stone"},{"floor":12.0,"key":"Blood Vial"},{"floor":14.0,"key":"Orichalcum"}],"event_choices":[{"damage_healed":0.0,"max_hp_gain":0.0,"max_hp_loss":0.0,"gold_gain":0.0,"event_name":"Golden Idol","player_choice":"Take Damage","floor":2.0,"gold_loss":0.0,"damage_taken":20.0,"relics_obtained":["Golden Idol"]},{"damage_healed":0.0,"max_hp_gain":0.0,"max_hp_loss":0.0,"gold_gain":0.0,"cards_transformed":["Strike_R"],"event_name":"Living Wall","player_choice":"Change","floor":4.0,"gold_loss":0.0,"damage_taken":0.0,"cards_obtained":["Fiend Fire"]},{"damage_healed":0.0,"max_hp_gain":0.0,"max_hp_loss":0.0,"gold_gain":0.0,"event_name":"Wheel of Change","player_choice":"Cursed","floor":13.0,"gold_loss":0.0,"damage_taken":0.0,"cards_obtained":["Decay"]}],"is_beta":false,"boss_relics":[],"items_purged_floors":[],"is_endless":false,"potions_floor_spawned":[3,11,12],"killed_by":"Hexaghost","ascension_level":11}}