{"host":"pcbz64t4k17ey4z1","time":1607540902,"event":{"gold_per_floor":[117,117,129,142,158,184,184,201,227,227,138,156,156,156],"floor_reached":13,"playtime":632,"items_purged":[],"score":157,"play_id":"54d1da18-f78c-4d47-bddb-3196a41ac9f9","local_time":"20201209190822","is_ascension_mode":true,"campfire_choices":[{"data":"Indignation","floor":7,"key":"SMITH"},{"data":"Replay:LoomingThreat","floor":10,"key":"SMITH"}],"neow_cost":"","seed_source_timestamp":1565011585549500,"circlet_count":0,"master_deck":["AscendersBane","Strike_P","Strike_P","Defend_P","Defend_P","Eruption","Vigilance","hubris:EnhanceAbility+1","Panacea","ReplayTheSpireMod:Private Reserves","Indignation+1","WreathOfFlame","Replay:LoomingThreat+1","ReplayTheSpireMod:Private Reserves","BattleHymn"],"relics":["PureWater","Hammer of Thor","Seething Fire","Anvil of the Gods","StuffTheSpire:Experiment12","StuffTheSpire:GrapeVine","Damaru"],"potions_floor_usage":[8,12],"damage_taken":[{"damage":0,"enemies":"Jaw Worm","floor":1,"turns":4},{"damage":0,"enemies":"Cultist","floor":3,"turns":3},{"damage":0,"enemies":"2 Louse","floor":4,"turns":3},{"damage":4,"enemies":"Red Slaver","floor":5,"turns":3},{"damage":9,"enemies":"Lagavulin","floor":6,"turns":7},{"damage":13,"enemies":"Exordium Thugs","floor":8,"turns":4},{"damage":19,"enemies":"3 Louse","floor":12,"turns":6},{"damage":26,"enemies":"Gremlin Nob","floor":13,"turns":3}],"seed_played":"-7755114821815846945","potions_obtained":[{"floor":5,"key":"Elixir"},{"floor":6,"key":"Fire Potion"},{"floor":8,"key":"Explosive Potion"},{"floor":12,"key":"Strength Potion"}],"is_trial":false,"path_per_floor":["M","?","M","M","M","E","R","M","T","R","$","M","E"],"character_chosen":"WATCHER","items_purchased":["StuffTheSpire:Experiment12","hubris:EnhanceAbility","Panacea","ReplayTheSpireMod:Private Reserves","ReplayTheSpireMod:Private Reserves"],"campfire_rested":0,"item_purchase_floors":[0,0,0,0,11],"current_hp_per_floor":[61,61,61,61,57,48,48,35,35,35,35,16,0,0],"gold":156,"neow_bonus":"","is_prod":false,"is_daily":false,"chose_seed":false,"campfire_upgraded":2,"win_rate":0,"timestamp":1607540902,"path_taken":["M","?","M","M","?","E","R","M","T","R","$","M","E"],"build_version":"2020-11-30","purchased_purges":0,"victory":false,"max_hp_per_floor":[68,68,68,68,68,68,68,68,68,68,68,68,68,68],"card_choices":[{"not_picked":["FlyingSleeves","Prostrate","Replay:ManipulateFuture"],"picked":"SKIP","floor":1},{"not_picked":["Evaluate","EmptyBody","Pray"],"picked":"SKIP","floor":3},{"not_picked":["FlurryOfBlows","BattleHymn"],"picked":"Indignation","floor":4},{"not_picked":["Pray","Replay:BluntJabs"],"picked":"WreathOfFlame","floor":5},{"not_picked":["FearNoEvil","Prostrate","Protect"],"picked":"SKIP","floor":6},{"not_picked":["Study","EmptyBody"],"picked":"Replay:LoomingThreat","floor":8},{"not_picked":["DeceiveReality","EmptyBody"],"picked":"BattleHymn","floor":12}],"player_experience":3702937,"relics_obtained":[{"floor":6,"key":"StuffTheSpire:GrapeVine"},{"floor":9,"key":"Damaru"}],"event_choices":[{"damage_healed":0,"gold_gain":0,"player_choice":"Upgraded","damage_taken":0,"max_hp_gain":0,"max_hp_loss":0,"event_name":"Upgrade Shrine","floor":2,"gold_loss":0,"cards_upgraded":["hubris:EnhanceAbility"]}],"is_beta":false,"boss_relics":[],"items_purged_floors":[],"is_endless":false,"potions_floor_spawned":[5,6,8,12],"killed_by":"Gremlin Nob","ascension_level":16}}