{"host":"ankk85k3o1tjewxq","time":1607526736,"event":{"gold_per_floor":[111,111,111,124,124,159,159,214,214,214,233,252,264,282,282,383,383,398,398,42,42,53,53,53,53,53,87,12,45,64,82,82,178,178,190,207,207,223,445,445,455,488,488,22,22,22,32,52,52,52,52],"floor_reached":50,"playtime":2325,"items_purged":["Strike_B","Strike_B"],"score":542,"play_id":"e5609035-8fb5-4cbb-8748-9d83d7345ac4","local_time":"20201209161216","is_ascension_mode":false,"campfire_choices":[{"data":"Electrodynamics","floor":7,"key":"SMITH"},{"data":"Zap","floor":10,"key":"SMITH"},{"floor":15,"key":"REST"},{"data":"Zap","floor":23,"key":"SMITH"},{"data":"Dualcast","floor":25,"key":"SMITH"},{"floor":32,"key":"REST"},{"data":"Thunder Strike","floor":40,"key":"SMITH"},{"data":"Finesse","floor":46,"key":"SMITH"},{"floor":49,"key":"REST"}],"neow_cost":"NONE","seed_source_timestamp":1750610655800,"circlet_count":0,"master_deck":["Defend_B","Defend_B","Defend_B","Defend_B","Zap+1","Dualcast+1","Electrodynamics+1","Ball Lightning","Ball Lightning","Zap+1","Defragment+1","Tempest","Thunder Strike+1","Double Energy+1","Hologram+1","Capacitor","Finesse+1","Reinforced Body+1"],"relics":["Cracked Core","Boot","PreservedInsect","Nunchaku","Nuclear Battery","Bottled Flame","InkBottle","Red Mask","Question Card","Empty Cage","Mercury Hourglass","Singing Bowl","Lizard Tail"],"potions_floor_usage":[16,33,33,33,35,38,41,42],"damage_taken":[{"damage":1,"enemies":"Jaw Worm","floor":1,"turns":4},{"damage":0,"enemies":"Small Slimes","floor":4,"turns":3},{"damage":41,"enemies":"Lagavulin","floor":6,"turns":8},{"damage":0,"enemies":"2 Louse","floor":11,"turns":2},{"damage":3,"enemies":"Exordium Wildlife","floor":12,"turns":3},{"damage":0,"enemies":"2 Fungi Beasts","floor":13,"turns":2},{"damage":7,"enemies":"Blue Slaver","floor":14,"turns":2},{"damage":0,"enemies":"Slime Boss","floor":16,"turns":5},{"damage":0,"enemies":"3 Byrds","floor":18,"turns":2},{"damage":25,"enemies":"Shell Parasite","floor":22,"turns":4},{"damage":0,"enemies":"Masked Bandits","floor":27,"turns":2},{"damage":27,"enemies":"Gremlin Leader","floor":29,"turns":3},{"damage":8,"enemies":"Snecko","floor":30,"turns":4},{"damage":15,"enemies":"Snake Plant","floor":31,"turns":3},{"damage":37,"enemies":"Automaton","floor":33,"turns":5},{"damage":27,"enemies":"3 Darklings","floor":35,"turns":3},{"damage":0,"enemies":"3 Shapes","floor":36,"turns":3},{"damage":9,"enemies":"Transient","floor":38,"turns":5},{"damage":0,"enemies":"4 Shapes","floor":41,"turns":3},{"damage":22,"enemies":"Nemesis","floor":42,"turns":5},{"damage":0,"enemies":"Sphere and 2 Shapes","floor":47,"turns":3},{"damage":19,"enemies":"Maw","floor":48,"turns":6},{"damage":110,"enemies":"Donu and Deca","floor":50,"turns":7}],"seed_played":"-7707816879920588603","potions_obtained":[{"floor":1,"key":"LiquidBronze"},{"floor":6,"key":"AttackPotion"},{"floor":13,"key":"SmokeBomb"},{"floor":16,"key":"EntropicBrew"},{"floor":21,"key":"FocusPotion"},{"floor":35,"key":"ColorlessPotion"},{"floor":36,"key":"Block Potion"}],"is_trial":false,"path_per_floor":["M","?","?","M","?","E","R","T","T","R","M","M","M","M","R","B",null,"M","?","$","?","M","R","?","R","T","?","$","E","M","M","R","B",null,"M","M","?","M","?","R","M","E","T","$","?","R","M","M","R","B"],"character_chosen":"DEFECT","items_purchased":["Defragment","Bottled Flame","Tempest","Capacitor","Lizard Tail"],"campfire_rested":3,"item_purchase_floors":[20,20,20,44,44],"current_hp_per_floor":[81,86,86,86,83,42,42,42,42,42,42,39,39,32,58,58,87,87,87,87,87,62,62,62,62,62,62,62,35,27,12,38,1,87,60,60,60,51,51,51,51,29,29,29,29,29,29,12,38,0,0],"gold":52,"neow_bonus":"TEN_PERCENT_HP_BONUS","is_prod":false,"is_daily":false,"chose_seed":false,"campfire_upgraded":6,"win_rate":0,"timestamp":1607526736,"path_taken":["M","?","?","M","?","E","R","?","T","R","?","M","M","M","R","BOSS","M","?","$","?","?","R","?","R","T","?","$","E","M","M","R","BOSS","M","M","?","?","?","R","M","E","T","$","?","R","M","M","R","BOSS"],"build_version":"2020-11-30","purchased_purges":2,"victory":false,"max_hp_per_floor":[82,87,87,87,87,87,87,87,87,87,87,87,87,87,87,87,87,87,87,87,87,87,87,87,87,87,87,87,87,87,87,87,87,87,87,87,87,87,87,87,87,87,87,87,87,87,87,89,89,89,89],"relic_stats":{"Nunchaku":[7],"Lizard Tail":44,"Singing Bowl":2,"counters":[23,87],"PreservedInsect":93,"Boot":[20],"Question Card":11,"obtain_stats":[{"Singing Bowl":43,"PreservedInsect":6,"Boot":5,"Question Card":29,"Empty Cage":34,"Nuclear Battery":17,"Mercury Hourglass":42,"Nunchaku":9,"Bottled Flame":20,"Lizard Tail":44,"Red Mask":27,"Cracked Core":0,"InkBottle":26},{"Singing Bowl":20,"PreservedInsect":3,"Boot":2,"Question Card":12,"Empty Cage":15,"Nuclear Battery":8,"Mercury Hourglass":20,"Nunchaku":3,"Bottled Flame":9,"Lizard Tail":20,"Red Mask":11,"Cracked Core":0,"InkBottle":10},{"Singing Bowl":71,"PreservedInsect":15,"Boot":7,"Question Card":40,"Empty Cage":52,"Nuclear Battery":29,"Mercury Hourglass":71,"Nunchaku":15,"Bottled Flame":31,"Lizard Tail":71,"Red Mask":37,"Cracked Core":0,"InkBottle":35}],"InkBottle":[17],"Mercury Hourglass":[52]},"card_choices":[{"not_picked":["Hello World","Tempest","Static Discharge"],"picked":"SKIP","floor":1},{"not_picked":["Recycle","Gash","Hologram"],"picked":"SKIP","floor":4},{"not_picked":["Chill","Auto Shields"],"picked":"Electrodynamics","floor":6},{"not_picked":["Streamline","Steam Power","Sweeping Beam"],"picked":"SKIP","floor":11},{"not_picked":["Doom and Gloom","Tempest"],"picked":"Ball Lightning","floor":12},{"not_picked":["Conserve Battery","Rebound"],"picked":"Ball Lightning","floor":13},{"not_picked":["Conserve Battery","Streamline","Steam"],"picked":"SKIP","floor":14},{"not_picked":["Coolheaded","Conserve Battery+1","Steam"],"picked":"SKIP","floor":18},{"not_picked":["Conserve Battery+1","Tempest","Gash"],"picked":"SKIP","floor":22},{"not_picked":["Hello World","Creative AI","Core Surge"],"picked":"SKIP","floor":29},{"not_picked":["Self Repair","Reprogram+1","Hologram","Leap"],"picked":"SKIP","floor":30},{"not_picked":["Compile Driver","Self Repair","Reprogram+1","Rip and Tear+1"],"picked":"SKIP","floor":31},{"not_picked":["Fission","Hyperbeam","Multi-Cast"],"picked":"Thunder Strike","floor":33},{"not_picked":["Streamline","Turbo+1","Hello World+1"],"picked":"Double Energy+1","floor":35},{"not_picked":["Ball Lightning","Rebound+1","Rip and Tear+1","Undo"],"picked":"SKIP","floor":36},{"not_picked":["Coolheaded","Stack+1","Rebound","Leap+1"],"picked":"SKIP","floor":38},{"not_picked":["Doom and Gloom","Beam Cell+1","Go for the Eyes+1","Force Field"],"picked":"SKIP","floor":41},{"not_picked":["Fission","Scrape","Stack+1"],"picked":"Hologram+1","floor":42},{"not_picked":["Good Instincts","Purity","Apotheosis"],"picked":"Finesse","floor":45},{"not_picked":["Streamline","Stack","Genetic Algorithm+1"],"picked":"Reinforced Body+1","floor":47},{"not_picked":["Steam+1","White Noise","Rebound","Ball Lightning"],"picked":"Singing Bowl","floor":48}],"player_experience":166032,"relics_obtained":[{"floor":6,"key":"PreservedInsect"},{"floor":9,"key":"Nunchaku"},{"floor":26,"key":"InkBottle"},{"floor":27,"key":"Red Mask"},{"floor":29,"key":"Question Card"},{"floor":42,"key":"Mercury Hourglass"},{"floor":43,"key":"Singing Bowl"}],"event_choices":[{"damage_healed":0,"gold_gain":0,"player_choice":"Donut","damage_taken":0,"max_hp_gain":5,"max_hp_loss":0,"event_name":"Big Fish","floor":2,"gold_loss":0},{"damage_healed":0,"gold_gain":0,"player_choice":"Ignored","damage_taken":0,"max_hp_gain":0,"max_hp_loss":0,"event_name":"Golden Wing","floor":3,"gold_loss":0},{"damage_healed":0,"gold_gain":0,"player_choice":"Relic ","damage_taken":3,"max_hp_gain":0,"max_hp_loss":0,"event_name":"betterThird:BetterScrap","floor":5,"gold_loss":0,"cards_obtained":["Predator"]},{"damage_healed":0,"gold_gain":0,"player_choice":"1 cards matched","damage_taken":0,"max_hp_gain":0,"max_hp_loss":0,"event_name":"Match and Keep!","floor":19,"gold_loss":0,"cards_obtained":["Zap"]},{"damage_healed":0,"gold_gain":0,"player_choice":"Got Potions","damage_taken":0,"max_hp_gain":0,"max_hp_loss":0,"event_name":"Lab","floor":21,"gold_loss":0},{"damage_healed":0,"gold_gain":0,"player_choice":"Upgraded","damage_taken":0,"max_hp_gain":0,"max_hp_loss":0,"event_name":"Upgrade Shrine","floor":24,"gold_loss":0,"cards_upgraded":["Defragment"]},{"damage_healed":0,"gold_gain":0,"player_choice":"Fought Bandits","damage_taken":0,"max_hp_gain":0,"max_hp_loss":0,"event_name":"Masked Bandits","floor":27,"gold_loss":0},{"damage_healed":0,"gold_gain":0,"player_choice":"Ignored","damage_taken":0,"max_hp_gain":0,"max_hp_loss":0,"event_name":"Transmorgrifier","floor":37,"gold_loss":0},{"damage_healed":0,"gold_gain":222,"player_choice":"Wore Mask","damage_taken":0,"max_hp_gain":0,"max_hp_loss":0,"event_name":"Tomb of Lord Red Mask","floor":39,"gold_loss":0},{"damage_healed":0,"gold_gain":0,"player_choice":"Memory 1","damage_taken":0,"max_hp_gain":0,"max_hp_loss":0,"event_name":"SensoryStone","floor":45,"gold_loss":0}],"is_beta":false,"boss_relics":[{"not_picked":["Runic Pyramid","FrozenCore"],"picked":"Nuclear Battery"},{"not_picked":["Fusion Hammer","Coffee Dripper"],"picked":"Empty Cage"}],"items_purged_floors":[28,44],"is_endless":false,"potions_floor_spawned":[1,6,13,14,16,27,30,35,36,42],"killed_by":"Donu and Deca","ascension_level":0}}