{"host":"eeb412nj2w7f9cz8","time":1607513102,"event":{"gold_per_floor":[114,127,137,147,160,177,187,187,187,201,201,230,122,122,122,224,224,239,272,272,39,57,57,74,74,119,119,119,119],"floor_reached":28,"playtime":2554,"items_purged":[],"score":247,"play_id":"4e25fd9f-f170-458c-aaac-08560ef992ef","local_time":"20201209192502","is_ascension_mode":false,"campfire_choices":[{"data":"LagranYue:AttackTopazCard","floor":11.0,"key":"SMITH"},{"floor":15.0,"key":"REST"},{"floor":23,"key":"REST"},{"data":"LagranYue:PowerDoubleArmsCard","floor":25,"key":"SMITH"},{"data":"LagranYue:PowerDarkTempleCard","floor":27,"key":"SMITH"}],"neow_cost":"NONE","seed_source_timestamp":4987871784140,"circlet_count":0,"master_deck":["LagranYue:BaseAttackCard","LagranYue:BaseAttackCard","LagranYue:BaseAttackCard","LagranYue:BaseDefendCard","LagranYue:BaseDefendCard","LagranYue:BaseDefendCard","LagranYue:AttackTopazCard+1","LagranYue:SkillBrokenSwordCard","LagranYue:BaseAttackCard","LagranYue:BaseDefendCard","LagranYue:SkillFalseAerialAceCard","LagranYue:PowerRemoveArmorCard","LagranYue:AttackCrowCrossbowCard","LagranYue:PowerRemoveArmorCard","LagranYue:AttackMagicMoonCard","LagranYue:AttackFaithCard+1","LagranYue:AttackFutureCard+1","LagranYue:PowerTwelveTrialsCard+1","LagranYue:AttackMagicMoonCard+1","LagranYue:PowerDoubleArmsCard+1","LagranYue:PowerBloodyTempleCard","LagranYue:AttackDevilCard+1","LagranYue:AttackBetterCard+1","LagranYue:AttackGodSwordCard+1","LagranYue:PowerDarkTempleCard+1","LagranYue:PurpleNightmareCard","LagranYue:AttackEngravingRoseCard+1","LagranYue:SkillKadeboSwordCard+1"],"special_seed":0,"relics":["LagranYue:ArmsProficiencyRelics","LagranYue:RandomDrawCardRelic","Prayer Wheel","Molten Egg 2","Ancient Tea Set","Runic Dome","Red Mask"],"potions_floor_usage":[22],"damage_taken":[{"damage":1.0,"enemies":"Cultist","floor":1.0,"turns":4.0},{"damage":1.0,"enemies":"Small Slimes","floor":2.0,"turns":4.0},{"damage":0.0,"enemies":"2 Louse","floor":3.0,"turns":4.0},{"damage":14.0,"enemies":"Blue Slaver","floor":4.0,"turns":6.0},{"damage":10.0,"enemies":"3 Louse","floor":5.0,"turns":4.0},{"damage":3.0,"enemies":"Exordium Wildlife","floor":6.0,"turns":7.0},{"damage":11.0,"enemies":"2 Fungi Beasts","floor":7.0,"turns":3.0},{"damage":21.0,"enemies":"Large Slime","floor":10.0,"turns":7.0},{"damage":4.0,"enemies":"Gremlin Nob","floor":12.0,"turns":3.0},{"damage":41.0,"enemies":"Hexaghost","floor":16.0,"turns":12.0},{"damage":0.0,"enemies":"3 Byrds","floor":18.0,"turns":2.0},{"damage":25.0,"enemies":"Masked Bandits","floor":19.0,"turns":5.0},{"damage":40,"enemies":"2 Thieves","floor":22,"turns":5},{"damage":10,"enemies":"Snecko","floor":24,"turns":4},{"damage":33,"enemies":"Slavers","floor":28,"turns":2}],"seed_played":"-7784526053995199941","potions_obtained":[{"floor":3.0,"key":"FearPotion"},{"floor":4.0,"key":"DuplicationPotion"},{"floor":5.0,"key":"Swift Potion"},{"floor":10.0,"key":"Explosive Potion"},{"floor":12.0,"key":"SpeedPotion"},{"floor":16.0,"key":"BlessingOfTheForge"},{"floor":19.0,"key":"Explosive Potion"}],"is_trial":false,"path_per_floor":["M","M","M","M","M","M","M","?","T","M","R","E","$","?","R","B",null,"M","?","?","$","M","R","M","R","T","R","E"],"character_chosen":"LagranYueCharacter","items_purchased":["LagranYue:AttackMagicMoonCard+1","Regen Potion","LagranYue:AttackGodSwordCard+1","LagranYue:PowerDarkTempleCard"],"campfire_rested":2,"item_purchase_floors":[13,13,21,21],"current_hp_per_floor":[81,80,80,66,56,53,42,42,42,21,21,18,18,18,42,17,84,87,63,46,46,7,35,28,28,28,28,0,0],"gold":119,"neow_bonus":"TEN_PERCENT_HP_BONUS","is_prod":false,"is_daily":false,"chose_seed":false,"campfire_upgraded":3,"win_rate":0.0,"timestamp":1607513102,"path_taken":["M","M","M","M","M","?","M","?","T","?","R","E","$","?","R","BOSS","M","?","?","$","M","R","?","R","T","R","E"],"build_version":"2020-11-30","purchased_purges":0,"victory":false,"max_hp_per_floor":[82,82,82,82,82,82,82,82,82,82,82,83,83,83,83,84,84,87,88,93,93,94,94,97,97,97,97,97,97],"card_choices":[{"not_picked":["LagranYue:PrematureBurialCard","LagranYue:SkillDevilKissCard"],"picked":"LagranYue:SkillFalseAerialAceCard","floor":1.0},{"not_picked":["LagranYue:AttackFaithCard","LagranYue:ProjectionCard","LagranYue:AttackPurpleCard"],"picked":"SKIP","floor":2.0},{"not_picked":["LagranYue:AttackKingCard","LagranYue:SkillBrokenShieldCard"],"picked":"LagranYue:PowerRemoveArmorCard","floor":3.0},{"not_picked":["LagranYue:SkillWoodSpearCard","LagranYue:MultipleThornsCard"],"picked":"LagranYue:AttackCrowCrossbowCard","floor":4.0},{"not_picked":["LagranYue:AttackDevilCard","LagranYue:BraveTemperamentCard"],"picked":"LagranYue:PowerRemoveArmorCard","floor":5.0},{"not_picked":["LagranYue:AttackPurpleCard","LagranYue:AttackGoldCard","LagranYue:ForgingCard"],"picked":"SKIP","floor":6.0},{"not_picked":["LagranYue:AttackRubyCard","LagranYue:AttackGoldCard"],"picked":"LagranYue:AttackMagicMoonCard","floor":7.0},{"not_picked":["LagranYue:TestChooseCard","LagranYue:SkillBrokenShieldCard"],"picked":"LagranYue:AttackFaithCard+1","floor":10.0},{"not_picked":["LagranYue:SkillBrokenSwordCard+1","LagranYue:AttackKingCard+1"],"picked":"LagranYue:AttackFutureCard+1","floor":10.0},{"not_picked":["LagranYue:AttackEnchantmentCard+1","LagranYue:AttackDevilCard+1"],"picked":"LagranYue:PowerTwelveTrialsCard","floor":12.0},{"not_picked":["LagranYue:AttackLakeCard+1","LagranYue:PowerDreamCard"],"picked":"LagranYue:PowerDoubleArmsCard","floor":16.0},{"not_picked":["LagranYue:AttackFireCard+1","LagranYue:RubyDefendCard"],"picked":"LagranYue:PowerBloodyTempleCard","floor":18.0},{"not_picked":["LagranYue:BraveTemperamentCard+1","LagranYue:AttackIceCard+1"],"picked":"LagranYue:AttackDevilCard+1","floor":18.0},{"not_picked":["LagranYue:SkillFalseAerialAceCard+1","LagranYue:EatTigerCard"],"picked":"LagranYue:AttackBetterCard+1","floor":19.0},{"not_picked":["LagranYue:AttackPurpleCard+1","LagranYue:EmeraldRemorseCard"],"picked":"LagranYue:PurpleNightmareCard","floor":22},{"not_picked":["LagranYue:AttackGoldCard+1","LagranYue:EatTigerCard"],"picked":"LagranYue:AttackEngravingRoseCard+1","floor":22},{"not_picked":["LagranYue:SkillExplosiveArmorCard","LagranYue:AttackRavagedCard+1"],"picked":"LagranYue:SkillKadeboSwordCard+1","floor":24},{"not_picked":["LagranYue:RoseCard+1","LagranYue:AttackEnchantmentCard+1","LagranYue:AttackMagicMoonCard+1"],"picked":"SKIP","floor":24}],"player_experience":87581,"relics_obtained":[{"floor":9.0,"key":"Molten Egg 2"},{"floor":12.0,"key":"Ancient Tea Set"},{"floor":19.0,"key":"Red Mask"}],"event_choices":[{"damage_healed":0.0,"max_hp_gain":0.0,"max_hp_loss":0.0,"gold_gain":0.0,"event_name":"WeMeetAgain","player_choice":"Gave Potion","floor":8.0,"gold_loss":0.0,"damage_taken":0.0,"relics_obtained":["Prayer Wheel"]},{"damage_healed":0.0,"max_hp_gain":0.0,"max_hp_loss":0.0,"gold_gain":0.0,"event_name":"Living Wall","player_choice":"Grow","floor":14.0,"gold_loss":0.0,"damage_taken":0.0,"cards_upgraded":["LagranYue:PowerTwelveTrialsCard"]},{"damage_healed":0.0,"max_hp_gain":0.0,"max_hp_loss":0.0,"gold_gain":0.0,"event_name":"Masked Bandits","player_choice":"Fought Bandits","floor":19.0,"gold_loss":0.0,"damage_taken":0.0},{"damage_healed":0.0,"max_hp_gain":5.0,"max_hp_loss":0.0,"gold_gain":0.0,"event_name":"Forgotten Altar","player_choice":"Shed Blood","floor":20.0,"gold_loss":0.0,"damage_taken":22.0}],"is_beta":false,"boss_relics":[{"not_picked":["Cursed Key","Ectoplasm"],"picked":"Runic Dome"}],"items_purged_floors":[],"is_endless":false,"potions_floor_spawned":[3,4,5,10,12,16,19],"killed_by":"Slavers","ascension_level":0}}