{"host":"kos1s9q8ffr8fqos","time":1607487886,"event":{"gold_per_floor":[110,126,126,140,29,29,64,64,91,117,143,186,195,208,208,322,322,322,322,322,70,70,96,96,126,126,126,139,139,14,45,45,144,144,156,96,115,128,147,172,172,198,244,244,52,52,70,120,120,120],"floor_reached":51,"playtime":3429,"items_purged":["Regret","stsjorbsmod:Strike_Wanderer","stsjorbsmod:Defend_Wanderer","Injury"],"score":939,"play_id":"19088994-3103-44f8-9dbd-d5c990a26f44","local_time":"20201208222446","is_ascension_mode":true,"campfire_choices":[{"data":"stsjorbsmod:TinyHut","floor":6,"key":"SMITH"},{"data":"stsjorbsmod:DoubleCheck","floor":8,"key":"SMITH"},{"data":"stsjorbsmod:MageArmor","floor":15,"key":"SMITH"},{"floor":24,"key":"REST"},{"data":"stsjorbsmod:Determination","floor":27,"key":"SMITH"},{"data":"stsjorbsmod:EyeOfTheStorm","floor":32,"key":"SMITH"},{"data":"stsjorbsmod:MageArmor","floor":41,"key":"SMITH"},{"floor":49,"key":"REST"}],"neow_cost":"TEN_PERCENT_HP_LOSS","seed_source_timestamp":537969844461099,"circlet_count":0,"master_deck":["stsjorbsmod:ForbiddenGrimoire+1","stsjorbsmod:Defend_Wanderer+1","stsjorbsmod:FreshAdventure+1","stsjorbsmod:EyeOfTheStorm+1","stsjorbsmod:RefuseToForget+1","stsjorbsmod:SmithingStrike+1","stsjorbsmod:FranticSearch+1","stsjorbsmod:TinyHut+1","stsjorbsmod:DoubleCheck+1","stsjorbsmod:MageArmor+1","stsjorbsmod:ColorSpray+1","Madness+1","stsjorbsmod:Stalwart+1","stsjorbsmod:DeathThroes+1","stsjorbsmod:MageArmor+1","stsjorbsmod:BlackTentacles+1","Panache+1","Madness+1","stsjorbsmod:BlackTentacles+1","stsjorbsmod:Rediscovery+1","stsjorbsmod:Thorns+1","stsjorbsmod:ChainLightning","stsjorbsmod:Mending+1","stsjorbsmod:Channel+1","stsjorbsmod:Counterspell+1","stsjorbsmod:Counterspell+1","stsjorbsmod:Mania+1","stsjorbsmod:DisguiseSelf+1","infinitespire:NeuralNetwork+1","stsjorbsmod:MagicMissiles+1"],"relics":["infinitespire:CheckeredPen","Empty Cage","IceCream?","Emotion Chip","GremlinMask","WaitingRoom","GoldenEye","infinitespire:Chaos","Vajra","Centennial Puzzle","HornCleat","Frozen Egg 2","Cursed Key","Ancient Tea Set","Strawberry","Blood Vial","infinitespire:Lychee Nut","stsjorbsmod:BottledMemoryRelic","stsjorbsmod:MindPalaceRelic"],"potions_floor_usage":[10,25,25,25,35,42,50,50,50],"damage_taken":[{"damage":6,"enemies":"Jaw Worm","floor":1,"turns":4},{"damage":0,"enemies":"2 Louse","floor":2,"turns":3},{"damage":4,"enemies":"Cultist","floor":4,"turns":3},{"damage":18,"enemies":"Gremlin Nob","floor":7,"turns":5},{"damage":15,"enemies":"3 Sentries","floor":10,"turns":5},{"damage":0,"enemies":"2 Fungi Beasts","floor":11,"turns":4},{"damage":6,"enemies":"Lagavulin","floor":12,"turns":6},{"damage":0,"enemies":"Looter","floor":14,"turns":1},{"damage":0,"enemies":"Hexaghost","floor":16,"turns":6},{"damage":1,"enemies":"Chosen","floor":18,"turns":2},{"damage":0,"enemies":"3 Byrds","floor":19,"turns":4},{"damage":22,"enemies":"Book of Stabbing","floor":23,"turns":5},{"damage":4,"enemies":"Slavers","floor":25,"turns":3},{"damage":2,"enemies":"Cultist and Chosen","floor":28,"turns":5},{"damage":0,"enemies":"Book of Stabbing","floor":31,"turns":3},{"damage":2,"enemies":"Collector","floor":33,"turns":5},{"damage":8,"enemies":"Orb Walker","floor":35,"turns":3},{"damage":2,"enemies":"3 Darklings","floor":37,"turns":3},{"damage":10,"enemies":"4 Shapes","floor":38,"turns":2},{"damage":0,"enemies":"Sphere and 2 Shapes","floor":39,"turns":3},{"damage":3,"enemies":"Giant Head","floor":40,"turns":6},{"damage":0,"enemies":"Reptomancer","floor":42,"turns":3},{"damage":31,"enemies":"Transient","floor":47,"turns":5},{"damage":0,"enemies":"Mind Bloom Boss Battle","floor":48,"turns":3},{"damage":10,"enemies":"Time Eater","floor":50,"turns":6}],"seed_played":"3687245011902448443","potions_obtained":[{"floor":1,"key":"stsjorbsmod:LiquidVirtue"},{"floor":2,"key":"stsjorbsmod:BurningPotion"},{"floor":11,"key":"DistilledChaos"},{"floor":12,"key":"SpeedPotion"},{"floor":16,"key":"SteroidPotion"},{"floor":23,"key":"ColorlessPotion"},{"floor":25,"key":"AttackPotion"},{"floor":31,"key":"blueLaboratory:PolymorphPotion"},{"floor":33,"key":"Dexterity Potion"},{"floor":35,"key":"LiquidBronze"},{"floor":37,"key":"Ancient Potion"},{"floor":47,"key":"blueLaboratory:Moonshine"}],"is_trial":false,"path_per_floor":["M","M","?","M","$","R","E","R","T","E","M","E","?","M","R","B",null,"M","M","?","$","?","E","R","E","T","R","M","?","$","E","R","B",null,"M","?","M","M","M","E","R","E","T","AVR","$","?","M","?","R","B",null],"character_chosen":"WANDERER","items_purchased":["stsjorbsmod:TinyHut","infinitespire:Chaos","stsjorbsmod:BottledMemoryRelic","stsjorbsmod:BurningPotion"],"campfire_rested":2,"item_purchase_floors":[5,21,45,45],"current_hp_per_floor":[60,62,62,60,60,60,45,45,45,32,36,34,34,36,36,42,62,62,62,52,52,52,32,51,47,47,47,45,45,45,45,45,43,64,56,56,57,51,53,54,54,61,61,53,53,53,31,50,57,49],"gold":120,"neow_bonus":"REMOVE_TWO","is_prod":false,"is_daily":false,"chose_seed":false,"campfire_upgraded":6,"win_rate":0,"timestamp":1607487886,"path_taken":["M","M","?","M","$","R","E","R","T","E","M","E","?","M","R","BOSS","M","M","?","$","?","E","R","E","T","R","M","?","?","E","R","BOSS","M","?","?","M","M","E","R","E","T","AVR","?","?","M","?","R","BOSS"],"build_version":"2020-11-30","purchased_purges":4,"victory":true,"max_hp_per_floor":[62,62,62,62,62,62,62,62,62,62,62,62,62,62,62,62,62,62,62,62,62,62,64,64,64,64,64,64,64,64,64,64,64,64,64,64,64,64,64,64,64,71,71,53,53,53,53,57,57,59],"card_choices":[{"not_picked":["stsjorbsmod:Prestidigitation","stsjorbsmod:WeightOfMemory"],"picked":"stsjorbsmod:RefuseToForget","floor":1},{"not_picked":["stsjorbsmod:TrueStrike","stsjorbsmod:Message"],"picked":"stsjorbsmod:SmithingStrike","floor":2},{"not_picked":["stsjorbsmod:Patron","stsjorbsmod:TrueStrike"],"picked":"stsjorbsmod:FranticSearch","floor":4},{"not_picked":["stsjorbsmod:ArcaneWeapon","stsjorbsmod:Firebolt"],"picked":"stsjorbsmod:DoubleCheck","floor":7},{"not_picked":["stsjorbsmod:ChatteringStrike","stsjorbsmod:BlackTentacles","stsjorbsmod:FracturedMind"],"picked":"SKIP","floor":10},{"not_picked":["stsjorbsmod:BurningFlask","stsjorbsmod:TrueStrike"],"picked":"stsjorbsmod:MageArmor","floor":11},{"not_picked":["stsjorbsmod:BookOfTongues","stsjorbsmod:SmithingStrike"],"picked":"stsjorbsmod:ColorSpray","floor":12},{"not_picked":["Good Instincts+1","Swift Strike+1"],"picked":"Madness+1","floor":13},{"not_picked":["stsjorbsmod:Firebolt","stsjorbsmod:Materialize","stsjorbsmod:SmithingStrike"],"picked":"SKIP","floor":14},{"not_picked":["stsjorbsmod:MirrorImage","stsjorbsmod:IvoryTower"],"picked":"stsjorbsmod:DeathThroes","floor":16},{"not_picked":["stsjorbsmod:UnseenServant+1","stsjorbsmod:ChainLightning+1"],"picked":"stsjorbsmod:Stalwart+1","floor":18},{"not_picked":["stsjorbsmod:Prepare","stsjorbsmod:Inferno+1","stsjorbsmod:Hibernate"],"picked":"SKIP","floor":19},{"not_picked":["stsjorbsmod:HedgeWizard","stsjorbsmod:ArcaneWeapon"],"picked":"stsjorbsmod:MageArmor","floor":23},{"not_picked":["stsjorbsmod:Patron","stsjorbsmod:ParryingBlow"],"picked":"stsjorbsmod:Determination","floor":25},{"not_picked":["stsjorbsmod:ArcaneWeapon","stsjorbsmod:BurningFlask"],"picked":"stsjorbsmod:BlackTentacles+1","floor":28},{"not_picked":["PanicButton","Good Instincts"],"picked":"Panache","floor":29},{"not_picked":["Impatience","Mind Blast"],"picked":"Madness","floor":29},{"not_picked":["stsjorbsmod:WanderingMind+1","stsjorbsmod:UnseenServant"],"picked":"stsjorbsmod:BlackTentacles+1","floor":31},{"not_picked":["stsjorbsmod:Feast","stsjorbsmod:DeathThroes"],"picked":"stsjorbsmod:Rediscovery+1","floor":33},{"not_picked":["stsjorbsmod:Prepare","stsjorbsmod:Rest"],"picked":"stsjorbsmod:Thorns+1","floor":35},{"not_picked":["stsjorbsmod:TrueStrike+1","stsjorbsmod:SmithingStrike+1"],"picked":"stsjorbsmod:Channel+1","floor":37},{"not_picked":["stsjorbsmod:LocateObject","stsjorbsmod:Thorns"],"picked":"stsjorbsmod:Counterspell+1","floor":38},{"not_picked":["stsjorbsmod:Patron","stsjorbsmod:TrueStrike+1"],"picked":"stsjorbsmod:Counterspell+1","floor":39},{"not_picked":["stsjorbsmod:ParryingBlow+1","stsjorbsmod:BurningFlask+1"],"picked":"stsjorbsmod:Mania+1","floor":40},{"not_picked":["stsjorbsmod:FlameWard","stsjorbsmod:Feast"],"picked":"stsjorbsmod:DisguiseSelf+1","floor":42},{"not_picked":["stsjorbsmod:TrueStrike+1","stsjorbsmod:BlackTentacles+1","stsjorbsmod:BurningFlask+1"],"picked":"SKIP","floor":47},{"not_picked":["stsjorbsmod:Will","stsjorbsmod:BurningFlask"],"picked":"stsjorbsmod:MagicMissiles+1","floor":48}],"player_experience":1190182,"relics_obtained":[{"floor":7,"key":"infinitespire:PuzzleCube"},{"floor":9,"key":"Whetstone"},{"floor":10,"key":"CeramicFish"},{"floor":12,"key":"Boot"},{"floor":23,"key":"Vajra"},{"floor":25,"key":"Centennial Puzzle"},{"floor":26,"key":"HornCleat"},{"floor":31,"key":"Frozen Egg 2"},{"floor":40,"key":"Ancient Tea Set"},{"floor":42,"key":"Strawberry"},{"floor":43,"key":"Blood Vial"},{"floor":48,"key":"stsjorbsmod:MindPalaceRelic"}],"event_choices":[{"damage_healed":0,"gold_gain":0,"player_choice":"Box","damage_taken":0,"relics_obtained":["Nunchaku"],"max_hp_gain":0,"max_hp_loss":0,"event_name":"Big Fish","floor":3,"gold_loss":0,"cards_obtained":["Regret"]},{"damage_healed":0,"gold_gain":0,"player_choice":"2","damage_taken":0,"max_hp_gain":0,"max_hp_loss":0,"event_name":"betterMatch:BetterMatch","floor":13,"gold_loss":0,"cards_obtained":["betterMatch:ColorlessUncommonCard"]},{"damage_healed":0,"gold_gain":0,"player_choice":"Ignored","damage_taken":0,"max_hp_gain":0,"max_hp_loss":0,"event_name":"Vampires","floor":22,"gold_loss":0},{"damage_healed":0,"gold_gain":2,"player_choice":"1","damage_taken":0,"max_hp_gain":0,"max_hp_loss":0,"event_name":"betterStone:BetterStone","floor":29,"gold_loss":0},{"damage_healed":0,"gold_gain":0,"cards_transformed":["stsjorbsmod:Determination","stsjorbsmod:Strike_Wanderer"],"player_choice":"Transformed Cards","damage_taken":0,"max_hp_gain":0,"max_hp_loss":0,"event_name":"Designer","floor":36,"gold_loss":60,"cards_obtained":["stsjorbsmod:ChainLightning","stsjorbsmod:Mending"]},{"cards_removed":["stsjorbsmod:DeathThroes"],"damage_healed":0,"gold_gain":0,"player_choice":"Removed Attack","damage_taken":0,"max_hp_gain":0,"max_hp_loss":0,"event_name":"Falling","floor":46,"gold_loss":0},{"damage_healed":0,"gold_gain":0,"player_choice":"Fight","damage_taken":0,"max_hp_gain":0,"max_hp_loss":0,"event_name":"MindBloom","floor":48,"gold_loss":0}],"is_beta":false,"boss_relics":[{"not_picked":["Fusion Hammer","Calling Bell"],"picked":"Ectoplasm"},{"not_picked":["SlaversCollar","Velvet Choker"],"picked":"Cursed Key"}],"items_purged_floors":[5,21,30,44],"is_endless":false,"potions_floor_spawned":[1,2,11,12,16,23,25,31,33,35,37,39,47,48],"ascension_level":2}}