{"host":"p7j7o00jacnw7qzt","time":1607529159,"event":{"gold_per_floor":[364,364,377,108,122,122,153,172,172,184,107,126,140,53,53,126,126,137,155,173,72,87,87,121,71,371,426,351,130,130,160,160,237,237,254,529,539,235,254,254,274,307,355,355,387,387,419,432,432,432,432,432,432,109,136,136],"floor_reached":57,"playtime":3397,"items_purged":["Defend_G","Strike_G","Defend_G","Strike_G","Defend_G","Defend_G","Regret","Survivor"],"score":3210,"play_id":"b86f5680-b034-40d9-945e-cb19ce85dcd9","local_time":"20201209105239","is_ascension_mode":true,"campfire_choices":[{"data":"Apotheosis","floor":6.0,"key":"SMITH"},{"data":"Acrobatics","floor":15.0,"key":"SMITH"},{"floor":23.0,"key":"REST"},{"floor":30.0,"key":"REST"},{"floor":32.0,"key":"RECALL"},{"data":"Acrobatics","floor":40.0,"key":"SMITH"},{"data":"Tactician","floor":44.0,"key":"SMITH"},{"data":"Terror","floor":46.0,"key":"SMITH"},{"floor":49.0,"key":"REST"},{"floor":53,"key":"REST"}],"neow_cost":"PERCENT_DAMAGE","seed_source_timestamp":0,"circlet_count":0,"master_deck":["AscendersBane","Neutralize","Infinite Blades","Apotheosis+1","Blade Dance","Noxious Fumes","Acrobatics+1","Terror+1","After Image","Tactician+1","Backflip","Choke","Calculated Gamble","Acrobatics+1","Eviscerate+1"],"special_seed":0,"relics":["Ring of the Snake","Matryoshka","MawBank","Smiling Mask","Empty Cage","StoneCalendar","Toy Ornithopter","Old Coin","PreservedInsect","Orrery","Anchor","Black Star","OrangePellets","Letter Opener","Potion Belt","Lantern","Vajra","Torii","Pocketwatch","StrikeDummy","Bottled Lightning","Boot","Bronze Scales"],"potions_floor_usage":[56,56,56],"damage_taken":[{"damage":5.0,"enemies":"2 Louse","floor":1.0,"turns":4.0},{"damage":5.0,"enemies":"Cultist","floor":3.0,"turns":5.0},{"damage":4.0,"enemies":"Small Slimes","floor":5.0,"turns":5.0},{"damage":17.0,"enemies":"Gremlin Nob","floor":7.0,"turns":4.0},{"damage":5.0,"enemies":"Gremlin Gang","floor":8.0,"turns":5.0},{"damage":1.0,"enemies":"Exordium Thugs","floor":12.0,"turns":5.0},{"damage":0.0,"enemies":"Looter","floor":13.0,"turns":3.0},{"damage":6.0,"enemies":"Slime Boss","floor":16.0,"turns":8.0},{"damage":6.0,"enemies":"2 Thieves","floor":18.0,"turns":5.0},{"damage":1.0,"enemies":"Spheric Guardian","floor":19.0,"turns":6.0},{"damage":8.0,"enemies":"Shelled Parasite and Fungi","floor":20.0,"turns":6.0},{"damage":0.0,"enemies":"Chosen and Byrds","floor":22.0,"turns":4.0},{"damage":31.0,"enemies":"Gremlin Leader","floor":24.0,"turns":5.0},{"damage":0.0,"enemies":"Book of Stabbing","floor":31.0,"turns":2.0},{"damage":0.0,"enemies":"Champ","floor":33.0,"turns":2.0},{"damage":0.0,"enemies":"3 Shapes","floor":35.0,"turns":3.0},{"damage":5.0,"enemies":"Orb Walker","floor":37.0,"turns":3.0},{"damage":1.0,"enemies":"Jaw Worm Horde","floor":39.0,"turns":2.0},{"damage":0.0,"enemies":"4 Shapes","floor":41.0,"turns":1.0},{"damage":0.0,"enemies":"Giant Head","floor":42.0,"turns":2.0},{"damage":0.0,"enemies":"Nemesis","floor":45.0,"turns":1.0},{"damage":0.0,"enemies":"Reptomancer","floor":47.0,"turns":1.0},{"damage":0.0,"enemies":"Transient","floor":48.0,"turns":1.0},{"damage":15.0,"enemies":"Time Eater","floor":50.0,"turns":9.0},{"damage":0.0,"enemies":"Awakened One","floor":51.0,"turns":3.0},{"damage":0,"enemies":"Shield and Spear","floor":55,"turns":1},{"damage":65,"enemies":"The Heart","floor":56,"turns":5}],"seed_played":"-8841971804331480945","potions_obtained":[{"floor":3.0,"key":"FearPotion"},{"floor":7.0,"key":"BlessingOfTheForge"},{"floor":12.0,"key":"Ancient Potion"},{"floor":16.0,"key":"DuplicationPotion"},{"floor":19.0,"key":"Block Potion"},{"floor":22.0,"key":"EntropicBrew"},{"floor":31.0,"key":"SkillPotion"},{"floor":37.0,"key":"FairyPotion"},{"floor":47.0,"key":"PowerPotion"},{"floor":55,"key":"Dexterity Potion"}],"is_trial":false,"path_per_floor":["M","?","M","$","M","R","E","M","T","?","$","M","M","$","R","B",null,"M","M","M","$","M","R","E","$","T","T","?","$","R","E","R","B",null,"M","?","M","$","M","R","M","E","T","R","E","R","E","M","R","B","B",null,"R","$","E","B",null],"character_chosen":"THE_SILENT","items_purchased":["Apotheosis","Noxious Fumes","Terror","Backflip","Orrery","OrangePellets","DistilledChaos","Bottled Lightning"],"campfire_rested":4,"item_purchase_floors":[4,11,14,21,29,38,38,54],"current_hp_per_floor":[39,39,34,34,30,30,13,8,8,8,8,7,7,7,7,1,50,44,43,35,35,35,54,23,23,23,23,23,23,42,42,42,42,60,60,60,55,55,54,54,54,54,54,54,54,54,54,54,66,51,51,62,66,66,66,1],"gold":136,"neow_bonus":"TWO_FIFTY_GOLD","is_prod":false,"is_daily":false,"chose_seed":false,"campfire_upgraded":5,"win_rate":0,"timestamp":1607529159,"path_taken":["M","?","M","$","?","R","E","M","T","?","$","M","M","$","R","BOSS","M","M","?","$","M","R","E","$","T","?","?","?","R","E","R","BOSS","M","?","M","$","M","R","?","E","T","R","E","R","E","M","R","BOSS","BOSS","R","$","E","BOSS"],"build_version":"2020-11-30","purchased_purges":8,"victory":true,"max_hp_per_floor":[66,66,66,66,66,66,66,66,66,66,66,66,66,66,66,66,66,66,66,66,66,66,66,66,66,66,66,66,66,66,66,66,66,66,66,66,66,66,66,66,66,66,66,66,66,66,66,66,66,66,66,66,66,66,66,66],"relic_stats":{"Torii":13,"counters":[27,101],"StoneCalendar":[52],"PreservedInsect":361,"Letter Opener":[288],"MawBank":24,"Smiling Mask":875,"Boot":[0],"OrangePellets":[4],"Bronze Scales":[48],"Black Star":4,"obtain_stats":[{"Potion Belt":42,"Lantern":43,"Torii":45,"Vajra":45,"StoneCalendar":24,"PreservedInsect":27,"Letter Opener":42,"MawBank":9,"Smiling Mask":10,"Empty Cage":17,"Boot":55,"Old Coin":26,"OrangePellets":38,"Anchor":31,"Matryoshka":7,"Bronze Scales":55,"Orrery":29,"Black Star":34,"Bottled Lightning":54,"StrikeDummy":47,"Toy Ornithopter":26,"Ring of the Snake":0,"Pocketwatch":47},{"Potion Belt":20,"Lantern":20,"Torii":21,"Vajra":21,"StoneCalendar":13,"PreservedInsect":13,"Letter Opener":20,"MawBank":5,"Smiling Mask":5,"Empty Cage":8,"Boot":26,"Old Coin":13,"OrangePellets":17,"Anchor":14,"Matryoshka":4,"Bronze Scales":26,"Orrery":13,"Black Star":15,"Bottled Lightning":25,"StrikeDummy":22,"Toy Ornithopter":13,"Ring of the Snake":0,"Pocketwatch":22},{"Potion Belt":80,"Lantern":80,"Torii":81,"Vajra":81,"StoneCalendar":65,"PreservedInsect":65,"Letter Opener":80,"MawBank":23,"Smiling Mask":23,"Empty Cage":39,"Boot":96,"Old Coin":65,"OrangePellets":75,"Anchor":67,"Matryoshka":18,"Bronze Scales":96,"Orrery":65,"Black Star":69,"Bottled Lightning":95,"StrikeDummy":82,"Toy Ornithopter":65,"Ring of the Snake":0,"Pocketwatch":82}],"Toy Ornithopter":0,"Ring of the Snake":[54],"Pocketwatch":[6]},"card_choices":[{"not_picked":["Slice","Underhanded Strike","Masterful Stab"],"picked":"SKIP","floor":1.0},{"not_picked":["PiercingWail","Poisoned Stab"],"picked":"Infinite Blades","floor":3.0},{"not_picked":["Riddle With Holes","Bouncing Flask"],"picked":"Blade Dance","floor":5.0},{"not_picked":["Corpse Explosion","Quick Slash"],"picked":"Backflip","floor":7.0},{"not_picked":["Caltrops","PiercingWail","Outmaneuver"],"picked":"SKIP","floor":8.0},{"not_picked":["Flying Knee","Leg Sweep"],"picked":"Acrobatics","floor":12.0},{"not_picked":["Cloak And Dagger","Crippling Poison","Distraction"],"picked":"SKIP","floor":13.0},{"not_picked":["Die Die Die","Venomology"],"picked":"After Image","floor":16.0},{"not_picked":["Blur","Slice","Dagger Throw+1"],"picked":"SKIP","floor":18.0},{"not_picked":["Catalyst","Deadly Poison","Bane"],"picked":"SKIP","floor":19.0},{"not_picked":["Prepared","Acrobatics"],"picked":"Tactician","floor":20.0},{"not_picked":["Flying Knee","Deadly Poison","Quick Slash+1"],"picked":"SKIP","floor":22.0},{"not_picked":["Flying Knee","Deadly Poison","Quick Slash+1"],"picked":"SKIP","floor":22.0},{"not_picked":["Terror","Unload","Well Laid Plans"],"picked":"SKIP","floor":24.0},{"not_picked":["Infinite Blades","Reflex"],"picked":"Choke","floor":29.0},{"not_picked":["Poisoned Stab","Flying Knee+1"],"picked":"Calculated Gamble","floor":31.0},{"not_picked":["Terror","Crippling Poison","Dagger Throw"],"picked":"SKIP","floor":35.0},{"not_picked":["Sucker Punch+1","Footwork","Outmaneuver"],"picked":"SKIP","floor":37.0},{"not_picked":["Noxious Fumes","All Out Attack"],"picked":"Acrobatics","floor":39.0},{"not_picked":["Acrobatics","Dodge and Roll","Caltrops"],"picked":"SKIP","floor":41.0},{"not_picked":["Backflip","Flying Knee","Prepared"],"picked":"SKIP","floor":42.0},{"not_picked":["Outmaneuver","A Thousand Cuts","Eviscerate+1"],"picked":"SKIP","floor":45.0},{"not_picked":["Outmaneuver","A Thousand Cuts"],"picked":"Eviscerate+1","floor":45.0},{"not_picked":["Backflip","Calculated Gamble","Prepared"],"picked":"SKIP","floor":47.0},{"not_picked":["Acrobatics+1","Escape Plan","Dagger Spray+1"],"picked":"SKIP","floor":48.0},{"not_picked":["Bane","Deflect","Eviscerate+1"],"picked":"SKIP","floor":55}],"player_experience":702223,"relics_obtained":[{"floor":7.0,"key":"Matryoshka"},{"floor":9.0,"key":"MawBank"},{"floor":24.0,"key":"StoneCalendar"},{"floor":26.0,"key":"Toy Ornithopter"},{"floor":26.0,"key":"Old Coin"},{"floor":27.0,"key":"PreservedInsect"},{"floor":31.0,"key":"Anchor"},{"floor":42.0,"key":"Letter Opener"},{"floor":42.0,"key":"Potion Belt"},{"floor":43.0,"key":"Lantern"},{"floor":45.0,"key":"Vajra"},{"floor":45.0,"key":"Torii"},{"floor":47.0,"key":"Pocketwatch"},{"floor":47.0,"key":"StrikeDummy"},{"floor":55,"key":"Boot"},{"floor":55,"key":"Bronze Scales"}],"event_choices":[{"cards_removed":["Strike_G"],"damage_healed":0.0,"max_hp_gain":0.0,"max_hp_loss":0.0,"gold_gain":0.0,"event_name":"Bonfire Elementals","player_choice":"Offered Basic","floor":2.0,"gold_loss":0.0,"damage_taken":0.0},{"cards_removed":["Backflip"],"damage_healed":0.0,"max_hp_gain":0.0,"max_hp_loss":0.0,"gold_gain":0.0,"event_name":"WeMeetAgain","player_choice":"Gave Card","floor":10.0,"gold_loss":0.0,"damage_taken":0.0,"relics_obtained":["Smiling Mask"]},{"cards_removed":["Defend_G"],"damage_healed":0.0,"max_hp_gain":0.0,"max_hp_loss":0.0,"gold_gain":0.0,"event_name":"Beggar","player_choice":"Gave Gold","floor":28.0,"gold_loss":75.0,"damage_taken":0.0},{"damage_healed":0.0,"max_hp_gain":0.0,"max_hp_loss":0.0,"gold_gain":275.0,"event_name":"Golden Shrine","player_choice":"Desecrate","floor":36.0,"gold_loss":0.0,"damage_taken":0.0,"cards_obtained":["Regret"]}],"is_beta":false,"boss_relics":[{"not_picked":["Busted Crown","Coffee Dripper"],"picked":"Empty Cage"},{"not_picked":["Philosopher\u0027s Stone","Runic Dome"],"picked":"Black Star"}],"items_purged_floors":[4,11,14,21,25,29,38,54],"is_endless":false,"potions_floor_spawned":[3,7,12,16,19,22,31,37,39,47,55],"ascension_level":20}}