{"host":"392s373lg2wb2580","time":1607484554,"event":{"gold_per_floor":[113,77,77,87,102,102,127,127,152,177,102,102,128,144,144,239,239,254,4,4,4,4,4,4,4,406,419,419,436,436,436],"floor_reached":30,"playtime":2235,"items_purged":[],"score":244,"play_id":"e6e92f87-b6af-4413-b30a-bf6da99ecb44","local_time":"20201209112914","is_ascension_mode":false,"campfire_choices":[{"floor":6.0,"key":"RECALL"},{"data":"Chaos","floor":8.0,"key":"SMITH"},{"data":"FIFO Queue","floor":12.0,"key":"SMITH"},{"floor":15.0,"key":"DIG"},{"data":"Fission","floor":25.0,"key":"SMITH"}],"neow_cost":"NONE","seed_source_timestamp":3475808955600,"circlet_count":0,"master_deck":["Strike_B","Strike_B","Strike_B","Strike_B","Defend_B","Defend_B","Defend_B","Defend_B","Zap","Dualcast","Storm","Chaos+1","Reboot","FIFO Queue+1","Defragment","Fission+1","Skim","Darkness+1","Glacier"],"special_seed":0,"relics":["Hallownest:DreamNailRelic","Gremlin Food","Replay:Bottled Steam","Strawberry","Replay:Baseball","Black Star","Hallownest:UnbreakableCardRelic","Carrot"],"potions_floor_usage":[30],"damage_taken":[{"damage":4.0,"enemies":"Hallownest:2_Tiktiks_and_1_Crawlid","floor":1.0,"turns":4.0},{"damage":3.0,"enemies":"Hallownest:monsterHuskGuard","floor":4.0,"turns":5.0},{"damage":2.0,"enemies":"Hallownest:2_Baldur","floor":5.0,"turns":5.0},{"damage":9.0,"enemies":"Hallownest:eliteVengeflyKing","floor":7.0,"turns":12.0},{"damage":9.0,"enemies":"Hallownest:eliteMossKnight","floor":10.0,"turns":8.0},{"damage":16.0,"enemies":"Hallownest:eliteVengeflyKing","floor":13.0,"turns":5.0},{"damage":0.0,"enemies":"Hallownest:monsterAspidMother","floor":14.0,"turns":5.0},{"damage":44.0,"enemies":"Hallownest:BossBrokenVessel","floor":16.0,"turns":11.0},{"damage":32.0,"enemies":"Hallownest:2_Mistakes","floor":18.0,"turns":8.0},{"damage":16.0,"enemies":"Hallownest:Flukemon_and_Top","floor":27.0,"turns":5.0},{"damage":23.0,"enemies":"Hallownest:2_Husk_Sentries","floor":29.0,"turns":8.0},{"damage":8,"enemies":"Hallownest:eliteSoulWarrior","floor":30,"turns":2}],"seed_played":"6210264986604477646","potions_obtained":[{"floor":4.0,"key":"FocusPotion"},{"floor":13.0,"key":"Dexterity Potion"},{"floor":14.0,"key":"Block Potion"},{"floor":16.0,"key":"PowerPotion"},{"floor":18.0,"key":"Ancient Potion"},{"floor":29.0,"key":"ColorlessPotion"}],"is_trial":false,"path_per_floor":["M","$","?","M","M","R","E","R","T","E","$","R","E","M","R","B",null,"M","?","PTL","PTL","$","?","$","R","?","M","T","M","E"],"character_chosen":"DEFECT","items_purchased":["Storm","Defragment"],"campfire_rested":0,"item_purchase_floors":[2,11],"current_hp_per_floor":[78,78,78,75,73,73,64,64,64,55,55,55,46,46,46,2,89,57,57,57,57,57,57,57,57,57,41,41,18,10,10],"gold":436,"neow_bonus":"TEN_PERCENT_HP_BONUS","is_prod":false,"is_daily":false,"chose_seed":false,"campfire_upgraded":3,"win_rate":0,"timestamp":1607484554,"path_taken":["M","$","?","?","?","R","E","R","T","E","?","R","E","M","R","BOSS","M","?","PTL","PTL","$","?","$","R","?","M","T","M","E"],"build_version":"2020-11-30","purchased_purges":0,"victory":false,"max_hp_per_floor":[82,82,82,82,82,82,82,82,82,82,82,82,89,89,89,89,89,89,89,89,89,89,89,89,89,89,89,89,89,89,89],"card_choices":[{"not_picked":["Leap","Force Field"],"picked":"Time Bomb","floor":1.0},{"not_picked":["Stack","Gash","Genetic Algorithm"],"picked":"SKIP","floor":4.0},{"not_picked":["Scrape","Barrage"],"picked":"Chaos","floor":5.0},{"not_picked":["Reinforced Body","Conserve Battery"],"picked":"Reboot","floor":7.0},{"not_picked":["Heatsinks","Barrage"],"picked":"FIFO Queue","floor":10.0},{"not_picked":["Tempest","Fusion","Force Field"],"picked":"SKIP","floor":13.0},{"not_picked":["Sweeping Beam","Hologram","Barrage"],"picked":"SKIP","floor":14.0},{"not_picked":["Creative AI","Seek"],"picked":"Fission","floor":16.0},{"not_picked":["Hologram","Barrage"],"picked":"Skim","floor":18.0},{"not_picked":["Fusion","ReplayGash"],"picked":"Darkness+1","floor":27.0},{"not_picked":["Beam Cell+1","Coolheaded+1"],"picked":"Glacier","floor":29.0}],"player_experience":75617,"relics_obtained":[{"floor":7.0,"key":"Gremlin Food"},{"floor":10.0,"key":"Replay:Bottled Steam"},{"floor":13.0,"key":"Strawberry"},{"floor":15.0,"key":"Replay:Baseball"},{"floor":28.0,"key":"Carrot"}],"event_choices":[],"is_beta":false,"boss_relics":[{"not_picked":["Replay:Bronze Core","Ring of Chaos"],"picked":"Black Star"}],"items_purged_floors":[],"is_endless":false,"potions_floor_spawned":[4,13,14,16,18,29],"killed_by":"Hallownest:eliteSoulWarrior","ascension_level":0}}