{"host":"csxyw8kq0by31otn","time":1607498510,"event":{"gold_per_floor":[112,112,112,134,321,333,377,405,470,25,25,37,56,71,71,174,174,186,199,214,7,27,27,44,44,44,55,65,164,164,183,183,278,278,290,290,290,133,148,148,181,200,200,200,211,311,321,332,332,332],"floor_reached":51,"playtime":2980,"items_purged":[],"score":735,"play_id":"2da8e4c2-1606-4d3e-927a-7ba32e073046","local_time":"20201209162150","is_ascension_mode":false,"campfire_choices":[{"data":"Dualcast","floor":6.0,"key":"SMITH"},{"floor":15.0,"key":"REST"},{"data":"Pain","floor":23.0,"key":"PURGE"},{"data":"Doubt","floor":25.0,"key":"PURGE"},{"data":"Echo Form","floor":32.0,"key":"SMITH"},{"data":"Creative AI","floor":40.0,"key":"SMITH"},{"floor":44,"key":"REST"},{"data":"White Noise","floor":49,"key":"SMITH"}],"neow_cost":"NONE","seed_source_timestamp":0,"circlet_count":0,"master_deck":["Zap","Dualcast+1","Coolheaded","Streamline","Sweeping Beam","Chill","Cold Snap","Leap","Conserve Battery","Melter","Beam Cell","Echo Form+1","Defragment","Darkness","Self Repair","Buffer","Stack","Beam Cell","Leap+1","Capacitor","Barrage","Coolheaded","Compile Driver+1","Ball Lightning","Double Energy","Blizzard","Loop","Machine Learning","Barrage+1","Metamorphosis","Conserve Battery","Creative AI+1","Turbo","White Noise+1","Redo","Electrodynamics","Redo","Loop"],"special_seed":0,"relics":["Cracked Core","NeowsBlessing","MawBank","Peace Pipe","Ancient Tea Set","Mummified Hand","DataDisk","WarpedTongs","Pandora\u0027s Box","Pen Nib","Bag of Preparation","Black Star","Orrery","Art of War","HornCleat","FossilizedHelix"],"potions_floor_usage":[45,50,50,50],"damage_taken":[{"damage":0.0,"enemies":"Jaw Worm","floor":1.0,"turns":1.0},{"damage":0.0,"enemies":"2 Louse","floor":4.0,"turns":1.0},{"damage":0.0,"enemies":"Lagavulin","floor":7.0,"turns":1.0},{"damage":7.0,"enemies":"Small Slimes","floor":8.0,"turns":2.0},{"damage":10.0,"enemies":"Blue Slaver","floor":12.0,"turns":3.0},{"damage":3.0,"enemies":"3 Louse","floor":13.0,"turns":3.0},{"damage":14.0,"enemies":"Gremlin Gang","floor":14.0,"turns":4.0},{"damage":37.0,"enemies":"The Guardian","floor":16.0,"turns":11.0},{"damage":7.0,"enemies":"Chosen","floor":18.0,"turns":6.0},{"damage":16.0,"enemies":"Shell Parasite","floor":19.0,"turns":6.0},{"damage":8.0,"enemies":"Sentry and Sphere","floor":20.0,"turns":5.0},{"damage":16.0,"enemies":"Centurion and Healer","floor":22.0,"turns":6.0},{"damage":0.0,"enemies":"Snake Plant","floor":24.0,"turns":5.0},{"damage":0.0,"enemies":"3 Cultists","floor":27.0,"turns":5.0},{"damage":0.0,"enemies":"Centurion and Healer","floor":28.0,"turns":4.0},{"damage":6.0,"enemies":"Shelled Parasite and Fungi","floor":31.0,"turns":5.0},{"damage":20.0,"enemies":"Automaton","floor":33.0,"turns":10.0},{"damage":21.0,"enemies":"3 Darklings","floor":35.0,"turns":7.0},{"damage":19.0,"enemies":"3 Shapes","floor":39.0,"turns":3.0},{"damage":43.0,"enemies":"Reptomancer","floor":41.0,"turns":5.0},{"damage":19.0,"enemies":"3 Darklings","floor":42.0,"turns":5.0},{"damage":11,"enemies":"Writhing Mass","floor":45,"turns":4},{"damage":0,"enemies":"Sphere and 2 Shapes","floor":47,"turns":5},{"damage":0,"enemies":"Maw","floor":48,"turns":7},{"damage":67,"enemies":"Time Eater","floor":50,"turns":8}],"seed_played":"4350475383862352898","potions_obtained":[{"floor":7.0,"key":"Block Potion"},{"floor":8.0,"key":"EssenceOfDarkness"},{"floor":13.0,"key":"EssenceOfDarkness"},{"floor":14.0,"key":"Energy Potion"},{"floor":20.0,"key":"LiquidBronze"},{"floor":22.0,"key":"Explosive Potion"},{"floor":24.0,"key":"DistilledChaos"},{"floor":27.0,"key":"Regen Potion"},{"floor":28.0,"key":"DuplicationPotion"},{"floor":39.0,"key":"SpeedPotion"},{"floor":42.0,"key":"PowerPotion"},{"floor":47,"key":"FearPotion"}],"is_trial":false,"path_per_floor":["M","?","?","M","?","R","E","M","T","$","?","M","M","M","R","B",null,"M","M","M","$","M","R","M","R","T","M","M","?","?","M","R","B",null,"M","?","?","$","M","R","E","M","T","R","M","?","M","M","R","B",null],"character_chosen":"DEFECT","items_purchased":["Mummified Hand","DataDisk","Leap","Pen Nib","Coolheaded","Orrery"],"campfire_rested":2,"item_purchase_floors":[10,10,10,21,21,38],"current_hp_per_floor":[75,75,63,63,63,63,63,56,56,56,56,46,43,29,51,14,75,75,75,67,67,65,65,72,72,72,75,75,75,85,85,85,72,85,85,85,85,85,76,76,40,28,28,53,56,56,70,84,84,24],"gold":332,"neow_bonus":"THREE_ENEMY_KILL","is_prod":false,"is_daily":false,"chose_seed":false,"campfire_upgraded":4,"win_rate":0.0,"timestamp":1607498510,"path_taken":["M","?","?","M","?","R","E","M","T","?","?","M","M","M","R","BOSS","M","M","?","$","M","R","M","R","T","M","M","?","?","?","R","BOSS","M","?","?","$","M","R","E","M","T","R","M","?","?","M","R","BOSS"],"build_version":"2020-11-30","purchased_purges":0,"victory":true,"max_hp_per_floor":[75,75,75,75,75,75,75,75,75,75,75,75,75,75,75,75,75,75,75,75,75,75,75,75,75,75,75,75,75,85,85,85,85,85,85,85,85,85,85,85,85,85,85,85,85,85,85,85,85,85],"card_choices":[{"not_picked":["Turbo","Recycle"],"picked":"Coolheaded","floor":1.0},{"not_picked":["Turbo","Coolheaded"],"picked":"Sweeping Beam","floor":4.0},{"not_picked":["Steam","Force Field"],"picked":"Chill","floor":7.0},{"not_picked":["Rebound","Redo"],"picked":"Cold Snap","floor":8.0},{"not_picked":["FTL","Redo"],"picked":"Conserve Battery","floor":12.0},{"not_picked":["Turbo","Steam Power"],"picked":"Melter","floor":13.0},{"not_picked":["Sweeping Beam","Static Discharge"],"picked":"Beam Cell","floor":14.0},{"not_picked":["Meteor Strike","Machine Learning"],"picked":"Echo Form","floor":16.0},{"not_picked":["Redo","Compile Driver+1"],"picked":"Leap+1","floor":18.0},{"not_picked":["Chaos","Sweeping Beam"],"picked":"Capacitor","floor":19.0},{"not_picked":["All For One","Turbo"],"picked":"Barrage","floor":20.0},{"not_picked":["Recycle","Melter"],"picked":"Compile Driver+1","floor":22.0},{"not_picked":["Genetic Algorithm","Cold Snap"],"picked":"Ball Lightning","floor":24.0},{"not_picked":["Stack+1","Sunder"],"picked":"Double Energy","floor":27.0},{"not_picked":["Leap","Gash+1"],"picked":"Blizzard","floor":28.0},{"not_picked":["Rebound+1","Chaos"],"picked":"Loop","floor":31.0},{"not_picked":["Biased Cognition","Meteor Strike"],"picked":"Machine Learning","floor":33.0},{"not_picked":["Rebound","Turbo"],"picked":"Barrage+1","floor":35.0},{"not_picked":["Secret Weapon","Bandage Up"],"picked":"Metamorphosis","floor":36.0},{"not_picked":["Ball Lightning+1","Doom and Gloom"],"picked":"Conserve Battery","floor":38.0},{"not_picked":["Streamline","Consume"],"picked":"Creative AI","floor":38.0},{"not_picked":["Scrape+1","Hologram"],"picked":"Turbo","floor":38.0},{"not_picked":["Ball Lightning+1","Conserve Battery"],"picked":"White Noise","floor":38.0},{"not_picked":["Cold Snap+1","Reprogram"],"picked":"Redo","floor":39.0},{"not_picked":["Streamline","Cold Snap+1"],"picked":"Electrodynamics","floor":41.0},{"not_picked":["Compile Driver+1","Streamline"],"picked":"Redo","floor":42.0},{"not_picked":["Coolheaded","Cold Snap","Hologram+1"],"picked":"SKIP","floor":45},{"not_picked":["Redo+1","Lockon+1"],"picked":"Loop","floor":47},{"not_picked":["Go for the Eyes+1","Rebound+1","Conserve Battery"],"picked":"SKIP","floor":48}],"player_experience":164869,"relics_obtained":[{"floor":7.0,"key":"Peace Pipe"},{"floor":9.0,"key":"Ancient Tea Set"},{"floor":26.0,"key":"Bag of Preparation"},{"floor":41.0,"key":"Art of War"},{"floor":41.0,"key":"HornCleat"},{"floor":43.0,"key":"FossilizedHelix"}],"event_choices":[{"damage_healed":0.0,"max_hp_gain":0.0,"max_hp_loss":0.0,"gold_gain":0.0,"cards_transformed":["Strike_B"],"event_name":"Living Wall","player_choice":"Change","floor":2.0,"gold_loss":0.0,"damage_taken":0.0,"cards_obtained":["Streamline"]},{"damage_healed":0.0,"max_hp_gain":0.0,"max_hp_loss":0.0,"gold_gain":0.0,"event_name":"Scrap Ooze","player_choice":"Success","floor":3.0,"gold_loss":0.0,"damage_taken":12.0,"relics_obtained":["MawBank"]},{"damage_healed":0.0,"max_hp_gain":0.0,"max_hp_loss":0.0,"gold_gain":175.0,"event_name":"Liars Game","player_choice":"AGREE","floor":5.0,"gold_loss":0.0,"damage_taken":0.0,"cards_obtained":["Doubt"]},{"damage_healed":0.0,"max_hp_gain":0.0,"max_hp_loss":0.0,"gold_gain":0.0,"event_name":"Accursed Blacksmith","player_choice":"Rummage","floor":11.0,"gold_loss":0.0,"damage_taken":0.0,"relics_obtained":["WarpedTongs"],"cards_obtained":["Pain"]},{"damage_healed":0.0,"max_hp_gain":0.0,"max_hp_loss":0.0,"gold_gain":99.0,"event_name":"Nest","player_choice":"Stole From Cult","floor":29.0,"gold_loss":0.0,"damage_taken":0.0},{"cards_removed":["Multi-Cast"],"damage_healed":0.0,"max_hp_gain":10.0,"max_hp_loss":0.0,"gold_gain":0.0,"event_name":"Bonfire Elementals","player_choice":"Offered Rare","floor":30.0,"gold_loss":0.0,"damage_taken":0.0},{"damage_healed":0.0,"max_hp_gain":0.0,"max_hp_loss":0.0,"gold_gain":0.0,"event_name":"SensoryStone","player_choice":"Memory 1","floor":36.0,"gold_loss":0.0,"damage_taken":0.0},{"damage_healed":0.0,"max_hp_gain":0.0,"max_hp_loss":0.0,"gold_gain":0.0,"event_name":"Tomb of Lord Red Mask","player_choice":"Ignored","floor":37.0,"gold_loss":0.0,"damage_taken":0.0},{"damage_healed":0,"gold_gain":100,"player_choice":"Pray","damage_taken":0,"max_hp_gain":0,"max_hp_loss":0,"event_name":"Golden Shrine","floor":46,"gold_loss":0}],"is_beta":false,"boss_relics":[{"not_picked":["Runic Dome","Tiny House"],"picked":"Pandora\u0027s Box"},{"not_picked":["Fusion Hammer","Runic Pyramid"],"picked":"Black Star"}],"items_purged_floors":[],"is_endless":false,"potions_floor_spawned":[7,8,13,14,20,22,24,27,28,39,42,47],"ascension_level":0}}