{"host":"jbw7u82x3ez0pquu","time":1607541353,"event":{"gold_per_floor":[127,157,169,199,227,239,251,263,275,320,356,71,71,92,92,215,215,239,260,0,0,0,0,0,31,31,45,45,61,61,82,82,82,82],"floor_reached":33,"playtime":1825,"items_purged":["Defend_R"],"score":347,"play_id":"90dc4862-5067-4d6c-8f60-5d24b7bf9a1a","local_time":"20201209201553","is_ascension_mode":true,"campfire_choices":[{"data":"Sentinel","floor":6,"key":"SMITH"},{"data":"Bash","floor":8,"key":"SMITH"},{"data":"Fire Breathing","floor":13,"key":"SMITH"},{"data":"Disarm","floor":15,"key":"SMITH"},{"floor":23,"key":"REST"},{"floor":30,"key":"REST"},{"data":"Spot Weakness","floor":32,"key":"SMITH"}],"neow_cost":"NONE","seed_source_timestamp":998607099011400,"circlet_count":0,"master_deck":["Strike_R+1","Strike_R+1","Strike_R+1","Strike_R+1","Strike_R+1","Defend_R+1","Defend_R+1","Defend_R+1","Bash+1","Wild Strike+1","Thunderclap+1","Injury","Sentinel+1","Ghostly Armor","Flame Barrier","Spot Weakness+1","Fire Breathing+1","Disarm+1","Impervious","Shrug It Off","Cleave","Disarm","RitualDagger","Shockwave","Pummel"],"relics":["Burning Blood","MawBank","Golden Idol","Gremlin Horn","White Beast Statue","Lizard Tail","Runic Cube","Regal Pillow","Magic Flower","Whetstone"],"potions_floor_usage":[10,14,16,16,16,19,25,25,29,33],"damage_taken":[{"damage":7,"enemies":"Small Slimes","floor":1,"turns":4},{"damage":6,"enemies":"Cultist","floor":2,"turns":3},{"damage":0,"enemies":"2 Louse","floor":4,"turns":2},{"damage":19,"enemies":"Blue Slaver","floor":5,"turns":4},{"damage":37,"enemies":"Lagavulin","floor":10,"turns":7},{"damage":4,"enemies":"Looter","floor":11,"turns":3},{"damage":7,"enemies":"Exordium Thugs","floor":14,"turns":3},{"damage":13,"enemies":"Slime Boss","floor":16,"turns":6},{"damage":28,"enemies":"Chosen","floor":18,"turns":5},{"damage":33,"enemies":"3 Byrds","floor":19,"turns":6},{"damage":60,"enemies":"Gremlin Leader","floor":25,"turns":6},{"damage":9,"enemies":"Snake Plant","floor":27,"turns":6},{"damage":33,"enemies":"Centurion and Healer","floor":29,"turns":6},{"damage":0,"enemies":"Shelled Parasite and Fungi","floor":31,"turns":8},{"damage":78,"enemies":"Champ","floor":33,"turns":12}],"seed_played":"8926702319352763832","potions_obtained":[{"floor":4,"key":"AttackPotion"},{"floor":5,"key":"EssenceOfSteel"},{"floor":10,"key":"LiquidMemories"},{"floor":11,"key":"Explosive Potion"},{"floor":14,"key":"ColorlessPotion"},{"floor":16,"key":"Block Potion"},{"floor":18,"key":"FearPotion"},{"floor":19,"key":"Explosive Potion"},{"floor":25,"key":"SteroidPotion"},{"floor":27,"key":"Swift Potion"},{"floor":29,"key":"Swift Potion"},{"floor":31,"key":"Energy Potion"}],"is_trial":false,"path_per_floor":["M","M","?","M","M","R","?","R","T","E","M","$","R","M","R","B",null,"M","M","?","?","$","R","?","E","T","M","?","M","R","M","R","B"],"character_chosen":"IRONCLAD","items_purchased":["Fire Breathing","Disarm","DuplicationPotion"],"campfire_rested":2,"item_purchase_floors":[12,12,12],"current_hp_per_floor":[71,71,71,77,64,64,64,64,64,33,35,35,35,34,34,27,67,45,18,18,18,18,57,57,46,46,46,40,16,55,64,64,0,0],"gold":82,"neow_bonus":"RANDOM_COMMON_RELIC","is_prod":false,"is_daily":false,"chose_seed":false,"campfire_upgraded":5,"win_rate":0,"timestamp":1607541353,"path_taken":["M","M","?","M","M","R","?","R","T","E","?","$","R","M","R","BOSS","M","M","?","?","$","R","?","E","T","?","?","M","R","M","R","BOSS"],"build_version":"2020-11-30","purchased_purges":1,"victory":false,"max_hp_per_floor":[80,80,80,80,80,80,80,80,80,80,80,80,80,80,80,80,80,80,80,80,80,80,80,80,80,80,80,80,80,80,80,80,80,80],"card_choices":[{"not_picked":["Combust","Seeing Red"],"picked":"Wild Strike","floor":1},{"not_picked":["Havoc","Wild Strike"],"picked":"Thunderclap","floor":2},{"not_picked":["Burning Pact","Hemokinesis"],"picked":"Sentinel","floor":4},{"not_picked":["Armaments","True Grit"],"picked":"Ghostly Armor","floor":5},{"not_picked":["Thunderclap","Armaments"],"picked":"Flame Barrier","floor":10},{"not_picked":["Armaments","Searing Blow"],"picked":"Spot Weakness","floor":11},{"not_picked":["Sever Soul","Hemokinesis","Barricade"],"picked":"SKIP","floor":14},{"not_picked":["Bludgeon","Berserk"],"picked":"Impervious","floor":16},{"not_picked":["Havoc","Perfected Strike+1"],"picked":"Shrug It Off","floor":18},{"not_picked":["Havoc","Entrench"],"picked":"Cleave","floor":19},{"not_picked":["Headbutt","Warcry+1"],"picked":"Disarm","floor":25},{"not_picked":["Flex","Cleave","Second Wind"],"picked":"SKIP","floor":27},{"not_picked":["Shrug It Off+1","Cleave"],"picked":"Shockwave","floor":29},{"not_picked":["Cleave","Pommel Strike+1"],"picked":"Pummel","floor":31}],"player_experience":142253,"relics_obtained":[{"floor":9,"key":"White Beast Statue"},{"floor":10,"key":"Lizard Tail"},{"floor":25,"key":"Magic Flower"},{"floor":26,"key":"Whetstone"}],"event_choices":[{"damage_healed":0,"gold_gain":0,"player_choice":"Take Wound","damage_taken":0,"relics_obtained":["Golden Idol"],"max_hp_gain":0,"max_hp_loss":0,"event_name":"Golden Idol","floor":3,"gold_loss":0,"cards_obtained":["Injury"]},{"damage_healed":0,"gold_gain":0,"player_choice":"Gave Potion","damage_taken":0,"relics_obtained":["Gremlin Horn"],"max_hp_gain":0,"max_hp_loss":0,"event_name":"WeMeetAgain","floor":7,"gold_loss":0},{"damage_healed":0,"gold_gain":0,"player_choice":"Paid Fearfully","damage_taken":0,"max_hp_gain":0,"max_hp_loss":0,"event_name":"Masked Bandits","floor":20,"gold_loss":260},{"damage_healed":0,"gold_gain":0,"player_choice":"Opened","damage_taken":0,"relics_obtained":["Regal Pillow"],"max_hp_gain":0,"max_hp_loss":0,"event_name":"The Mausoleum","floor":21,"gold_loss":0},{"damage_healed":0,"gold_gain":0,"player_choice":"Simplicity","damage_taken":0,"max_hp_gain":0,"max_hp_loss":0,"event_name":"Back to Basics","floor":24,"gold_loss":0,"cards_upgraded":["Strike_R","Strike_R","Strike_R","Strike_R","Strike_R","Defend_R","Defend_R","Defend_R"]},{"damage_healed":0,"gold_gain":0,"player_choice":"Joined the Cult","damage_taken":6,"max_hp_gain":0,"max_hp_loss":0,"event_name":"Nest","floor":28,"gold_loss":0,"cards_obtained":["RitualDagger"]}],"is_beta":false,"boss_relics":[{"not_picked":["Fusion Hammer","Ectoplasm"],"picked":"Runic Cube"}],"items_purged_floors":[12],"is_endless":false,"potions_floor_spawned":[4,5,10,11,14,16,18,19,25,27,29,31],"killed_by":"Champ","ascension_level":6}}