{"host":"migkglet3gdlgm9g","time":1607543382,"event":{"gold_per_floor":[117,137,150,34,51,51,51,78,101,129,144,164,177,194,194,269,269,281,291,322,43,43,43,68,68,122,152,170,193,193,205,205,205,205],"floor_reached":33,"playtime":1529,"items_purged":[],"score":598,"play_id":"0009e819-cd87-48c7-84aa-12b831542fae","local_time":"20201209204942","is_ascension_mode":true,"campfire_choices":[{"data":"Terror","floor":6,"key":"SMITH"},{"data":"All Out Attack","floor":15,"key":"SMITH"},{"data":"Blade Dance","floor":23,"key":"SMITH"},{"data":"Cloak And Dagger","floor":25,"key":"SMITH"},{"floor":30,"key":"REST"},{"data":"Footwork","floor":32,"key":"SMITH"}],"neow_cost":"NONE","seed_source_timestamp":181670133017900,"circlet_count":0,"master_deck":["AscendersBane","Strike_G","Strike_G","Strike_G","Strike_G","Defend_G","Defend_G","Defend_G","Defend_G+1","Defend_G","Survivor","Neutralize","Blur","Dash","Flying Knee","Backstab","Terror+1","Leg Sweep","All Out Attack+1","Tactician+1","Footwork+1","Blade Dance+1","PiercingWail","Deadly Poison+1","Outmaneuver","Cloak And Dagger+1","Bouncing Flask"],"relics":["Runic Pyramid","Centennial Puzzle","MealTicket","Tiny Chest","WristBlade","Red Mask","Meat on the Bone","Frozen Egg 2","Smiling Mask","Du-Vu Doll","War Paint"],"potions_floor_usage":[8,12,18,19,20,33],"damage_taken":[{"damage":5,"enemies":"Cultist","floor":1,"turns":5},{"damage":0,"enemies":"Jaw Worm","floor":2,"turns":5},{"damage":0,"enemies":"2 Louse","floor":3,"turns":3},{"damage":1,"enemies":"Looter","floor":5,"turns":4},{"damage":13,"enemies":"Lagavulin","floor":8,"turns":9},{"damage":5,"enemies":"3 Sentries","floor":10,"turns":8},{"damage":4,"enemies":"Red Slaver","floor":11,"turns":3},{"damage":5,"enemies":"Lots of Slimes","floor":12,"turns":4},{"damage":0,"enemies":"3 Louse","floor":13,"turns":4},{"damage":0,"enemies":"Looter","floor":14,"turns":2},{"damage":9,"enemies":"Slime Boss","floor":16,"turns":13},{"damage":24,"enemies":"3 Byrds","floor":18,"turns":8},{"damage":17,"enemies":"Spheric Guardian","floor":19,"turns":7},{"damage":4,"enemies":"Masked Bandits","floor":20,"turns":3},{"damage":12,"enemies":"Slavers","floor":24,"turns":6},{"damage":43,"enemies":"Book of Stabbing","floor":27,"turns":6},{"damage":13,"enemies":"Shelled Parasite and Fungi","floor":28,"turns":4},{"damage":0,"enemies":"Centurion and Healer","floor":31,"turns":5},{"damage":49,"enemies":"Automaton","floor":33,"turns":6}],"seed_played":"-8151096869888016490","potions_obtained":[{"floor":1,"key":"DistilledChaos"},{"floor":3,"key":"Block Potion"},{"floor":5,"key":"FairyPotion"},{"floor":8,"key":"Energy Potion"},{"floor":13,"key":"Block Potion"},{"floor":18,"key":"Fruit Juice"},{"floor":19,"key":"CunningPotion"},{"floor":28,"key":"LiquidBronze"},{"floor":31,"key":"GamblersBrew"}],"is_trial":false,"path_per_floor":["M","M","M","$","M","R","?","E","T","E","M","M","M","M","R","B",null,"M","M","?","$","?","R","E","R","T","E","M","T","R","M","R","B"],"character_chosen":"THE_SILENT","items_purchased":["Backstab","Terror","Meat on the Bone"],"campfire_rested":1,"item_purchase_floors":[4,4,21],"current_hp_per_floor":[54,54,54,54,53,53,53,40,40,35,31,26,26,26,26,17,54,30,18,14,29,29,29,29,29,29,19,18,18,39,39,39,0,0],"gold":205,"neow_bonus":"BOSS_RELIC","is_prod":false,"is_daily":false,"chose_seed":false,"campfire_upgraded":5,"win_rate":0,"timestamp":1607543382,"path_taken":["M","M","M","?","M","R","?","E","T","E","?","M","M","M","R","BOSS","M","M","?","$","?","R","E","R","T","E","M","?","R","M","R","BOSS"],"build_version":"2020-11-30","purchased_purges":0,"victory":false,"max_hp_per_floor":[66,66,66,66,66,66,66,66,66,66,66,66,66,66,66,66,66,66,71,71,71,71,71,71,71,71,71,71,71,71,71,71,71,71],"card_choices":[{"not_picked":["Eviscerate","Accuracy"],"picked":"Blur","floor":1},{"not_picked":["Predator","Deadly Poison"],"picked":"Dash","floor":2},{"not_picked":["Underhanded Strike","Choke"],"picked":"Flying Knee","floor":3},{"not_picked":["Finisher","Blade Dance"],"picked":"Leg Sweep","floor":5},{"not_picked":["Backstab","Bane"],"picked":"All Out Attack","floor":8},{"not_picked":["Dagger Throw","Distraction"],"picked":"Tactician","floor":10},{"not_picked":["Backflip","Outmaneuver","Deflect"],"picked":"SKIP","floor":11},{"not_picked":["Flechettes","Bane"],"picked":"Footwork","floor":12},{"not_picked":["Prepared","Backflip"],"picked":"Blade Dance","floor":13},{"not_picked":["Bane","Masterful Stab"],"picked":"PiercingWail","floor":14},{"not_picked":["Bane","Backstab+1"],"picked":"Deadly Poison+1","floor":18},{"not_picked":["PiercingWail","Crippling Poison"],"picked":"Outmaneuver","floor":19},{"not_picked":["Acrobatics","Bane+1"],"picked":"Cloak And Dagger","floor":20},{"not_picked":["Blade Dance","Deadly Poison","Venomology"],"picked":"SKIP","floor":24},{"not_picked":["Dodge and Roll","Expertise","Outmaneuver"],"picked":"SKIP","floor":27},{"not_picked":["Finisher","Cloak And Dagger","Sucker Punch"],"picked":"SKIP","floor":28},{"not_picked":["Leg Sweep","Slice+1"],"picked":"Bouncing Flask","floor":31}],"player_experience":2051465,"relics_obtained":[{"floor":8,"key":"Centennial Puzzle"},{"floor":9,"key":"MealTicket"},{"floor":10,"key":"Tiny Chest"},{"floor":20,"key":"Red Mask"},{"floor":24,"key":"Frozen Egg 2"},{"floor":26,"key":"Smiling Mask"},{"floor":27,"key":"Du-Vu Doll"},{"floor":29,"key":"War Paint"}],"event_choices":[{"cards_removed":["Strike_G"],"damage_healed":0,"gold_gain":0,"player_choice":"Offered Basic","damage_taken":0,"max_hp_gain":0,"max_hp_loss":0,"event_name":"Bonfire Elementals","floor":7,"gold_loss":0},{"damage_healed":0,"gold_gain":0,"player_choice":"Fought Bandits","damage_taken":0,"max_hp_gain":0,"max_hp_loss":0,"event_name":"Masked Bandits","floor":20,"gold_loss":0}],"is_beta":false,"boss_relics":[{"not_picked":["Cursed Key","Calling Bell"],"picked":"WristBlade"}],"items_purged_floors":[],"is_endless":false,"potions_floor_spawned":[1,3,5,8,13,18,19,28,31],"killed_by":"Automaton","ascension_level":20}}