{"host":"d1za9dvx43o9v494","time":1607507367,"event":{"gold_per_floor":[99,99,99,112,112,112,166,180,197,229,259,278,4,15,34,34,34],"floor_reached":16,"playtime":1108,"items_purged":["champ:Strike"],"score":102,"play_id":"97643b38-3bbf-45c7-991f-ab93fd3f8610","local_time":"20201209124927","is_ascension_mode":false,"campfire_choices":[{"data":"champ:Execute","floor":1,"key":"SMITH"},{"floor":6,"key":"RECALL"}],"neow_cost":"NONE","seed_source_timestamp":650782217055414,"circlet_count":0,"master_deck":["champ:Strike","champ:Strike","champ:Strike","champ:Defend","champ:Defend","champ:Defend","champ:Defend","champ:Execute+1","champ:Taunt","champ:FanOfKnives+1","champ:BladeFlurry","champ:AdrenalArmor","champ:Encircle","champ:EnragedBash","champ:CrownThrow","champ:EndlessRage"],"relics":["champ:ChampionCrown","Akabeko","Ancient Tea Set","Odd Mushroom","Lantern"],"potions_floor_usage":[10,16,16,16],"damage_taken":[{"damage":10,"enemies":"2 Louse","floor":4,"turns":2},{"damage":3,"enemies":"Jaw Worm","floor":8,"turns":4},{"damage":6,"enemies":"Cultist","floor":9,"turns":3},{"damage":42,"enemies":"Gremlin Nob","floor":10,"turns":5},{"damage":17,"enemies":"The Mushroom Lair","floor":11,"turns":4},{"damage":5,"enemies":"2 Fungi Beasts","floor":12,"turns":2},{"damage":18,"enemies":"downfall:FleeingMerchant","floor":13,"turns":4},{"damage":29,"enemies":"3 Louse","floor":14,"turns":3},{"damage":8,"enemies":"Exordium Wildlife","floor":15,"turns":2},{"damage":66,"enemies":"downfall:Defect","floor":16,"turns":5}],"seed_played":"-8482245137462679590","potions_obtained":[{"floor":0,"key":"LiquidBronze"},{"floor":0,"key":"Dexterity Potion"},{"floor":0,"key":"Strength Potion"},{"floor":10,"key":"SteroidPotion"},{"floor":11,"key":"DistilledChaos"}],"is_trial":false,"path_per_floor":["R","?","?","M","?","R","T","M","M","E","?","M","$","M","M","B"],"character_chosen":"THE_CHAMP","items_purchased":["champ:EndlessRage","Lantern"],"campfire_rested":0,"item_purchase_floors":[13,13],"current_hp_per_floor":[90,90,90,85,85,85,85,82,82,56,50,50,50,36,34,0,0],"gold":34,"neow_bonus":"THREE_SMALL_POTIONS","is_prod":false,"is_daily":false,"chose_seed":false,"campfire_upgraded":1,"win_rate":0.0,"timestamp":1607507367,"path_taken":["R","?","?","?","?","R","T","M","M","E","?","M","?","?","M","BOSS"],"build_version":"2020-11-30","purchased_purges":1,"victory":false,"max_hp_per_floor":[90,90,90,90,90,90,90,90,90,90,90,90,90,90,90,90,90],"card_choices":[{"not_picked":["champ:DefensiveShout","champ:CalledShot"],"picked":"champ:FanOfKnives","floor":4},{"not_picked":["champ:Haymaker","champ:FanOfKnives"],"picked":"champ:BladeFlurry","floor":8},{"not_picked":["champ:BerserkersShout","champ:Circumvent"],"picked":"champ:AdrenalArmor","floor":9},{"not_picked":["champ:FlashCut","champ:SkillfulDodge","champ:BerserkersShout"],"picked":"SKIP","floor":10},{"not_picked":["champ:Haymaker","champ:Circumvent"],"picked":"champ:Encircle","floor":11},{"not_picked":["champ:Haymaker","champ:CrookedStrike"],"picked":"champ:EnragedBash","floor":12},{"not_picked":["champ:Aggression","champ:Haymaker"],"picked":"champ:CrownThrow","floor":13},{"not_picked":["champ:Duel","champ:GladiatorsShout","champ:Haymaker"],"picked":"SKIP","floor":14},{"not_picked":["champ:FanOfKnives","champ:FalseCounter","champ:StanceDance"],"picked":"SKIP","floor":15}],"player_experience":520241,"relics_obtained":[{"floor":7,"key":"Akabeko"},{"floor":10,"key":"Ancient Tea Set"},{"floor":11,"key":"Odd Mushroom"}],"event_choices":[{"damage_healed":0,"gold_gain":0,"player_choice":"Ignored","damage_taken":0,"max_hp_gain":0,"max_hp_loss":0,"event_name":"NoteForYourself","floor":3,"gold_loss":0},{"damage_healed":0,"gold_gain":0,"player_choice":"Grow","damage_taken":0,"max_hp_gain":0,"max_hp_loss":0,"event_name":"Living Wall","floor":5,"gold_loss":0,"cards_upgraded":["champ:FanOfKnives"]},{"damage_healed":0,"gold_gain":0,"player_choice":"Fought Mushrooms","damage_taken":0,"max_hp_gain":0,"max_hp_loss":0,"event_name":"Mushrooms","floor":11,"gold_loss":0}],"is_beta":false,"boss_relics":[],"items_purged_floors":[13],"is_endless":false,"potions_floor_spawned":[9,10,11],"killed_by":"downfall:Defect","ascension_level":0}}