{"host":"aeidq2c3auzxo1yh","time":1607539409,"event":{"gold_per_floor":[114,114,125,125,125,125,141,168,192,192,227,60,60,74,74,148,148,148,68,68,68,68,68],"floor_reached":22,"playtime":976,"items_purged":["Strike_R"],"score":588,"play_id":"6d1c96b9-b358-4b72-abe6-1e36af8fd9a7","local_time":"20201209234329","is_ascension_mode":true,"campfire_choices":[{"data":"Bash","floor":6,"key":"SMITH"},{"data":"Hemokinesis","floor":10,"key":"SMITH"},{"floor":13,"key":"REST"},{"data":"Shrug It Off","floor":15,"key":"SMITH"}],"neow_cost":"NONE","seed_source_timestamp":3053070184892700,"circlet_count":0,"master_deck":["AscendersBane","Strike_R","Strike_R","Strike_R","Defend_R","Defend_R","Defend_R","Defend_R","Bash+1","Cleave+1","Cleave","Wild Strike","Hemokinesis+1","Shrug It Off+1","Evolve","Double Tap+1","Spot Weakness","Inflame","Sword Boomerang"],"special_seed":0,"relics":["Burning Blood","Tiny Chest","Vajra","Oddly Smooth Stone","Ectoplasm"],"potions_floor_usage":[8,11,16,16,22,22],"damage_taken":[{"damage":28,"enemies":"Jaw Worm","floor":1,"turns":7},{"damage":2,"enemies":"Cultist","floor":3,"turns":4},{"damage":4,"enemies":"2 Louse","floor":7,"turns":2},{"damage":27,"enemies":"Gremlin Nob","floor":8,"turns":4},{"damage":27,"enemies":"Lagavulin","floor":11,"turns":6},{"damage":4,"enemies":"Blue Slaver","floor":14,"turns":3},{"damage":38,"enemies":"The Guardian","floor":16,"turns":10},{"damage":6,"enemies":"Chosen","floor":18,"turns":5},{"damage":26,"enemies":"2 Thieves","floor":19,"turns":4},{"damage":26,"enemies":"Snake Plant","floor":21,"turns":3},{"damage":25,"enemies":"Sentry and Sphere","floor":22,"turns":4}],"seed_played":"6363408568131997923","potions_obtained":[{"floor":1,"key":"SkillPotion"},{"floor":8,"key":"DuplicationPotion"},{"floor":11,"key":"SteroidPotion"},{"floor":16,"key":"SteroidPotion"},{"floor":18,"key":"Strength Potion"}],"is_trial":false,"path_per_floor":["M","?","M","?","?","R","M","E","T","R","E","$","R","M","R","B",null,"M","M","?","M","M"],"character_chosen":"IRONCLAD","items_purchased":["Evolve","PowerPotion"],"campfire_rested":1,"item_purchase_floors":[12,12],"current_hp_per_floor":[46,46,50,55,55,55,57,36,36,36,15,15,39,41,41,9,62,62,42,42,22,0,0],"gold":68,"neow_bonus":"THREE_CARDS","is_prod":false,"is_daily":false,"chose_seed":false,"campfire_upgraded":3,"win_rate":0,"timestamp":1607539409,"path_taken":["M","?","?","?","?","R","M","E","T","R","E","$","R","M","R","BOSS","M","M","?","?","M"],"build_version":"2020-11-30","purchased_purges":1,"victory":false,"max_hp_per_floor":[75,75,75,80,80,80,80,80,80,80,80,80,80,80,80,80,80,80,80,80,80,80,80],"relic_stats":{"counters":[11,52],"Tiny Chest":0,"Ectoplasm":123,"obtain_stats":[{"Vajra":9,"Oddly Smooth Stone":11,"Tiny Chest":8,"Ectoplasm":17,"Burning Blood":0},{"Vajra":4,"Oddly Smooth Stone":5,"Tiny Chest":4,"Ectoplasm":7,"Burning Blood":0},{"Vajra":17,"Oddly Smooth Stone":23,"Tiny Chest":17,"Ectoplasm":36,"Burning Blood":0}],"Burning Blood":60},"card_choices":[{"not_picked":["Dark Embrace","Dropkick"],"picked":"Cleave","floor":1},{"not_picked":["Warcry","Dual Wield"],"picked":"Cleave","floor":3},{"not_picked":["Sword Boomerang","Dual Wield","Pommel Strike"],"picked":"SKIP","floor":7},{"not_picked":["Body Slam","Clash"],"picked":"Hemokinesis","floor":8},{"not_picked":["Power Through","Sword Boomerang"],"picked":"Shrug It Off","floor":11},{"not_picked":["Burning Pact","Dropkick","Entrench"],"picked":"SKIP","floor":14},{"not_picked":["Immolate","Limit Break"],"picked":"Double Tap","floor":16},{"not_picked":["Clash","Havoc"],"picked":"Spot Weakness","floor":18},{"not_picked":["Headbutt","Cleave"],"picked":"Inflame","floor":19},{"not_picked":["Headbutt","True Grit"],"picked":"Sword Boomerang","floor":21}],"player_experience":814961,"relics_obtained":[{"floor":8,"key":"Tiny Chest"},{"floor":9,"key":"Vajra"},{"floor":11,"key":"Oddly Smooth Stone"}],"event_choices":[{"damage_healed":0,"gold_gain":0,"player_choice":"Upgraded","damage_taken":0,"max_hp_gain":0,"max_hp_loss":0,"event_name":"Upgrade Shrine","floor":2,"gold_loss":0,"cards_upgraded":["Cleave"]},{"damage_healed":0,"gold_gain":0,"player_choice":"Donut","damage_taken":0,"max_hp_gain":5,"max_hp_loss":0,"event_name":"Big Fish","floor":4,"gold_loss":0},{"damage_healed":0,"gold_gain":0,"cards_transformed":["Strike_R"],"player_choice":"Change","damage_taken":0,"max_hp_gain":0,"max_hp_loss":0,"event_name":"Living Wall","floor":5,"gold_loss":0,"cards_obtained":["Wild Strike"]},{"damage_healed":0,"gold_gain":0,"player_choice":"Forge","damage_taken":0,"max_hp_gain":0,"max_hp_loss":0,"event_name":"Accursed Blacksmith","floor":20,"gold_loss":0,"cards_upgraded":["Double Tap"]}],"is_beta":false,"boss_relics":[{"not_picked":["Tiny House","SacredBark"],"picked":"Ectoplasm"}],"items_purged_floors":[12],"is_endless":false,"potions_floor_spawned":[1,8,11,16,18],"killed_by":"Sentry and Sphere","ascension_level":20}}