{"host":"l2dnabsh5e0fsksb","time":1607520460,"event":{"gold_per_floor":[99,125,50,105,555,555,580,593,593,623,643,93,105,120,138,239,239,164,191,225,252,264,264,264],"floor_reached":22,"playtime":924,"items_purged":["Slimebound:Icky"],"score":298,"play_id":"3575140a-43bd-42f0-be02-311e5b1bb1a1","local_time":"20201209235740","is_ascension_mode":true,"campfire_choices":[{"floor":1,"key":"RECALL"},{"data":"wariomod:ImFeelingLucky","floor":3,"key":"SMITH"},{"data":"wariomod:Leap","floor":6,"key":"SMITH"},{"data":"wariomod:SmackSlam","floor":18,"key":"SMITH"}],"neow_cost":"NONE","seed_source_timestamp":11153286667185,"circlet_count":0,"master_deck":["wariomod:Strike","wariomod:Strike","wariomod:Strike","wariomod:Strike","wariomod:Defend","wariomod:Defend","wariomod:Defend","wariomod:Defend+1","wariomod:Step+1","wariomod:Leap+1","wariomod:ImFeelingLucky+1","Slimebound:Icky","wariomod:RacingSpeed","wariomod:SmackSlam+1"],"special_seed":0,"relics":["wariomod:TheHat","downfall:HeartsMalice","Oddly Smooth Stone","downfall:HeartBlessingRed","Singing Bowl","Pocketwatch","wariomod:SunglassHat","Vajra","Black Star","downfall:HeartBlessingBlue","Omamori","MawBank","War Paint"],"potions_floor_usage":[10,13,16,16,22,22],"damage_taken":[{"damage":0,"enemies":"Gremlin Nob","floor":2,"turns":1},{"damage":0,"enemies":"3 Sentries","floor":4,"turns":1},{"damage":0,"enemies":"Small Slimes","floor":8,"turns":3},{"damage":14,"enemies":"3 Sentries","floor":10,"turns":4},{"damage":2,"enemies":"2 Louse","floor":11,"turns":2},{"damage":0,"enemies":"downfall:FleeingMerchant","floor":12,"turns":5},{"damage":3,"enemies":"Jaw Worm","floor":13,"turns":2},{"damage":4,"enemies":"Red Slaver","floor":14,"turns":5},{"damage":0,"enemies":"2 Fungi Beasts","floor":15,"turns":2},{"damage":17,"enemies":"downfall:CharBossIronclad","floor":16,"turns":11},{"damage":63,"enemies":"Gremlin Leader","floor":20,"turns":8},{"damage":18,"enemies":"3 Byrds","floor":21,"turns":5},{"damage":31,"enemies":"Slavers","floor":22,"turns":2}],"seed_played":"-1548584128617806145","potions_obtained":[{"floor":2,"key":"Explosive Potion"},{"floor":11,"key":"Weak Potion"},{"floor":13,"key":"DistilledChaos"},{"floor":14,"key":"FearPotion"},{"floor":16,"key":"Dexterity Potion"},{"floor":20,"key":"CultistPotion"}],"is_trial":false,"path_per_floor":["R","E","R","?","?","R","T","M","?","E","M","$","M","M","M","B",null,"R","T","E","M","E"],"character_chosen":"THE_BANDIT","items_purchased":["wariomod:SunglassHat","Vajra"],"campfire_rested":0,"item_purchase_floors":[12,12],"current_hp_per_floor":[80,80,80,82,82,82,82,82,82,70,68,68,67,65,67,52,92,102,102,41,25,0,0,0],"gold":264,"neow_bonus":"THREE_ENEMY_KILL","is_prod":false,"is_daily":false,"chose_seed":false,"campfire_upgraded":3,"win_rate":0,"timestamp":1607520460,"path_taken":["R","E","R","?","?","R","T","M","?","E","M","?","M","M","M","BOSS","R","?","E","M","E"],"build_version":"2020-11-30","purchased_purges":1,"victory":false,"max_hp_per_floor":[80,80,80,82,82,82,82,82,82,84,84,84,86,88,90,92,92,102,102,104,106,106,106,106],"card_choices":[{"not_picked":["wariomod:HappyHop","wariomod:BumRush"],"picked":"wariomod:ImFeelingLucky","floor":2},{"not_picked":["wariomod:DonateDraw","wariomod:BigUpgrade","wariomod:f"],"picked":"Singing Bowl","floor":4},{"not_picked":["wariomod:SmallSprint","wariomod:DisarmingMoves"],"picked":"wariomod:RacingSpeed","floor":8},{"not_picked":["wariomod:ChargeForth","wariomod:DisarmingMoves","wariomod:ThatsNotAll"],"picked":"Singing Bowl","floor":10},{"not_picked":["wariomod:DoubleDip","wariomod:HastyRush"],"picked":"wariomod:SmackSlam","floor":11},{"not_picked":["wariomod:SmallSprint","wariomod:ThatsNotAll","wariomod:BlastDash"],"picked":"Singing Bowl","floor":13},{"not_picked":["wariomod:BodyBlock","wariomod:SmallSprint","wariomod:BoomBoom"],"picked":"Singing Bowl","floor":14},{"not_picked":["wariomod:Purify","wariomod:BlastDash","wariomod:HappyHit"],"picked":"Singing Bowl","floor":15},{"not_picked":["wariomod:GodlyGift","wariomod:BoomAndDoom","wariomod:EnergizedBombs"],"picked":"Singing Bowl","floor":16},{"not_picked":["wariomod:TreasureDig","wariomod:DanceDash","wariomod:f"],"picked":"Singing Bowl","floor":20},{"not_picked":["wariomod:DanceDash","wariomod:DoubleDash","wariomod:SmallSprint"],"picked":"Singing Bowl","floor":21}],"player_experience":1720392,"relics_obtained":[{"floor":2,"key":"Oddly Smooth Stone"},{"floor":4,"key":"Singing Bowl"},{"floor":10,"key":"Pocketwatch"},{"floor":19,"key":"Omamori"},{"floor":20,"key":"MawBank"},{"floor":20,"key":"War Paint"}],"event_choices":[{"cards_removed":["Slimebound:Icky"],"damage_healed":0,"gold_gain":0,"player_choice":"Card Removal","damage_taken":0,"max_hp_gain":0,"max_hp_loss":0,"event_name":"The Cleric","floor":9,"gold_loss":0}],"is_beta":false,"boss_relics":[{"not_picked":["Coffee Dripper","Tiny House"],"picked":"Black Star"}],"items_purged_floors":[12],"is_endless":false,"potions_floor_spawned":[2,11,13,14,16,20],"killed_by":"Slavers","ascension_level":3}}