{"host":"agga6lej02o7kt08","time":1607539808,"event":{"gold_per_floor":[118,138,63,77,91,121,121,140,164,164,64,393,393,404,404,501,501,484,484,495,96,96,127,127,155,206,217,250,266,266,284,284,389,389,405,421,421,431,431,464,464,464,487,516,516,550,568,682,682,682,682,682,551,576,576],"floor_reached":56,"playtime":2968,"items_purged":["ats:Defend Up","ats:Powerful Strike","ats:Powerful Strike","ats:Powerful Strike","ats:Defend Up"],"score":1709,"play_id":"93f9d214-58d9-4f9b-a950-3896ba4022e4","local_time":"20201210035008","is_ascension_mode":true,"campfire_choices":[{"data":"ats:Assault Order","floor":7,"key":"SMITH"},{"data":"ats:Armor Crushing Shot","floor":10,"key":"SMITH"},{"floor":24,"key":"REST"},{"data":"ats:Attack Strengthen","floor":32,"key":"SMITH"},{"data":"ats:Very Hot Blade","floor":41,"key":"SMITH"},{"floor":49,"key":"RECALL"},{"data":"ats:Echo Reverb","floor":52,"key":"SMITH"}],"neow_cost":"NONE","seed_source_timestamp":726912137868800,"circlet_count":0,"master_deck":["ats:Armor Crushing Shot+1","ats:Defend Up","ats:Emotion Absorption+1","ats:Emotion Absorption+1","ats:Soul Absorption+1","ats:Assault Order+1","ats:Echo Reverb+1","ats:Fate+1","ats:Attack Strengthen+1","ats:Very Hot Blade+1","ats:Attack Strengthen+1","infinitespire:Execution+1","ats:Very Hot Blade+1","ats:Counter Healing Mode+1"],"relics":["ats:Sanity","REME_ComplimentaryCards","War Paint","ats:MaxSp2","Old Coin","ats:Originium","REME_LowDesire","Omamori","hubris:ToyBattleship","Replay:Accelerometer","infinitespire:PuzzleCube","hubris:SphereOfDissonance","Mercury Hourglass","Toxic Egg 2","Snack Pack","Black Star","hubris:Icosahedron","Pear","ats:Military Tradition","HandDrill","Coffee Dripper","aspiration:TomeofQuesting","infinitespire:ShieldingShard","Ginger","infinitespire:WardingShard","ReplayFunnel","Replay:Bottled Steam","ats:Assault","Replay:Arrowhead","hubris:PeanutButter"],"potions_floor_usage":[6,12,18,40,50,55,55],"damage_taken":[{"damage":0,"enemies":"Small Slimes","floor":1,"turns":3},{"damage":2,"enemies":"Jaw Worm","floor":2,"turns":3},{"damage":0,"enemies":"Cultist","floor":4,"turns":3},{"damage":6,"enemies":"Large Slime","floor":5,"turns":6},{"damage":20,"enemies":"Lagavulin","floor":6,"turns":12},{"damage":0,"enemies":"Gremlin Gang","floor":8,"turns":6},{"damage":0,"enemies":"3 Sentries","floor":12,"turns":9},{"damage":0,"enemies":"2 Fungi Beasts","floor":14,"turns":3},{"damage":21,"enemies":"Fading Forest","floor":16,"turns":11},{"damage":12,"enemies":"2 Thieves","floor":18,"turns":4},{"damage":16,"enemies":"Shell Parasite","floor":20,"turns":5},{"damage":29,"enemies":"Slavers","floor":23,"turns":4},{"damage":1,"enemies":"Book of Stabbing","floor":25,"turns":3},{"damage":8,"enemies":"Snecko","floor":27,"turns":5},{"damage":0,"enemies":"Slavers","floor":28,"turns":1},{"damage":0,"enemies":"Snake Plant","floor":29,"turns":2},{"damage":0,"enemies":"Chosen and Byrds","floor":31,"turns":3},{"damage":0,"enemies":"Collector","floor":33,"turns":2},{"damage":10,"enemies":"3 Shapes","floor":35,"turns":3},{"damage":8,"enemies":"3 Darklings","floor":36,"turns":3},{"damage":0,"enemies":"Transient","floor":38,"turns":3},{"damage":0,"enemies":"Giant Head","floor":40,"turns":3},{"damage":0,"enemies":"Nemesis","floor":44,"turns":3},{"damage":0,"enemies":"R_Hoarder","floor":46,"turns":2},{"damage":6,"enemies":"Sphere and 2 Shapes","floor":47,"turns":2},{"damage":0,"enemies":"Maw","floor":48,"turns":2},{"damage":0,"enemies":"Replay:Hell Engine","floor":50,"turns":2},{"damage":27,"enemies":"Shield and Spear","floor":54,"turns":2},{"damage":53,"enemies":"The Heart","floor":55,"turns":5}],"seed_played":"-7791081107328303430","potions_obtained":[{"floor":4,"key":"Dexterity Potion"},{"floor":5,"key":"Energy Potion"},{"floor":8,"key":"ColorlessPotion"},{"floor":25,"key":"FearPotion"},{"floor":28,"key":"Languid Potion"},{"floor":29,"key":"EssenceOfSteel"},{"floor":40,"key":"Languid Potion"},{"floor":47,"key":"ColorlessPotion"},{"floor":48,"key":"Strength Potion"}],"is_trial":false,"path_per_floor":["M","M","$","M","M","E","R","M","T","R","$","E","?","M","R","B",null,"M","?","M","$","?","E","R","E","T","M","E","M","AVR","M","R","B",null,"M","M","?","M","?","E","R","AVR","T","E","T","E","M","M","R","B",null,"R","$","E","B",null],"character_chosen":"DOCTOR_CLASS","items_purchased":["Replay:Accelerometer","infinitespire:PuzzleCube","ats:Assault","ats:Counter Healing Mode+1"],"campfire_rested":1,"item_purchase_floors":[21,21,53,53],"current_hp_per_floor":[65,63,63,63,57,37,37,37,37,37,37,37,30,30,30,17,58,46,46,30,30,30,1,22,21,21,13,13,13,13,17,17,19,59,53,53,53,63,63,81,81,81,81,82,82,82,82,82,82,82,82,82,82,69,26],"gold":576,"neow_bonus":"RANDOM_EVENT","is_prod":false,"is_daily":false,"chose_seed":false,"campfire_upgraded":5,"win_rate":0,"timestamp":1607539808,"path_taken":["M","M","$","M","M","E","R","M","T","R","$","E","?","M","R","BOSS","M","?","?","$","?","E","R","E","T","?","E","M","AVR","M","R","BOSS","M","M","?","M","?","E","R","AVR","T","E","?","E","?","M","R","BOSS","R","$","E","BOSS"],"build_version":"2020-11-30","purchased_purges":5,"victory":true,"max_hp_per_floor":[72,72,72,72,72,72,72,72,72,72,72,72,72,72,72,72,72,72,72,72,72,72,72,72,72,72,72,72,72,72,72,72,72,72,72,72,72,72,72,82,82,82,82,82,82,82,82,82,82,82,82,82,82,82,82],"card_choices":[{"not_picked":["ats:Ignite","ats:Attack Strengthen","ats:Poison Spread"],"picked":"SKIP","floor":1},{"not_picked":["ats:Curse Doll","ats:Magnetic Hammer","ats:Very Hot Blade"],"picked":"SKIP","floor":2},{"not_picked":["ats:Attack Strengthen","ats:Shell Defense"],"picked":"ats:Soul Absorption","floor":4},{"not_picked":["ats:Shell Defense","ats:Cat Scratch"],"picked":"ats:Assault Order","floor":5},{"not_picked":["ats:Attack Strengthen","ats:Support Order","ats:Rapid Magazine"],"picked":"SKIP","floor":6},{"not_picked":["ats:Revitalization","ats:Mental Burst","ats:Curse Doll"],"picked":"SKIP","floor":8},{"not_picked":["ats:Shell Defense","ats:Flexible Camouflage","ats:Just Like an Apocalypse"],"picked":"SKIP","floor":12},{"not_picked":["ats:Spore Proliferation","ats:Consecutive Shot: Auto"],"picked":"ats:Echo Reverb","floor":14},{"not_picked":["ats:Fractured Body","ats:True Silver Slash"],"picked":"ats:Fate","floor":16},{"not_picked":["ats:Shell Defense","ats:Poison Spread","ats:Explosion Area Strengthen+1","Panache"],"picked":"SKIP","floor":18},{"not_picked":["ats:Flexible Camouflage","ats:Rapid Magazine","Chrysalis"],"picked":"ats:Attack Strengthen+1","floor":20},{"not_picked":["ats:Thermite Blade","ats:Shadow Raid+1","ats:Cat Scratch+1","ReplayTheSpireMod:Uncanny Aura"],"picked":"SKIP","floor":23},{"not_picked":["ats:Ignite","ats:Consecutive Shot: Auto","Trip"],"picked":"ats:Very Hot Blade+1","floor":25},{"not_picked":["ats:Poison Spread+1","ats:Fate","ats:Rapid Magazine","Trip"],"picked":"SKIP","floor":27},{"not_picked":["ats:Revitalization+1","ats:Cat Scratch","ats:Explosion Area Strengthen+1","Replay:Parry"],"picked":"SKIP","floor":28},{"not_picked":["ats:Cat Scratch","ats:Poison Spread","Metamorphosis+1"],"picked":"ats:Attack Strengthen","floor":29},{"not_picked":["ats:Poison Spread+1","ats:Consecutive Shot: Auto","ats:Magnetic Hammer+1","REME_ShortnessOfBreath+1"],"picked":"SKIP","floor":31},{"not_picked":["ats:Curse Doll+1","ats:Shell Defense+1","ats:Cat Scratch","REME_PuzzleBox+1"],"picked":"SKIP","floor":35},{"not_picked":["ats:Flexible Camouflage+1","ats:Shadow Raid+1","REME_BattleFury"],"picked":"ats:Very Hot Blade","floor":36},{"not_picked":["ats:Consecutive Shot: Auto+1","ats:Just Like an Apocalypse+1","ats:Chain Hook","REME_BuildACard+1"],"picked":"SKIP","floor":38},{"not_picked":["ats:Charging Defense+1","ats:Red Shift","ats:Assault Order+1","Crow Ritual"],"picked":"SKIP","floor":40},{"not_picked":["ats:Assault Order+1","ats:Revitalization+1","ats:Charging Defense+1","Discovery+1"],"picked":"SKIP","floor":44},{"not_picked":["ats:Poison Spread","ats:Defend Order+1","ats:Consecutive Shot: Auto","Panacea+1"],"picked":"SKIP","floor":46},{"not_picked":["ats:Nebulous Foxfire+1","ats:Cat Scratch","ats:Support Order+1","REME_BattleFury"],"picked":"SKIP","floor":47},{"not_picked":["ats:Chain Hook+1","ats:Assault Order+1","ats:Neurotoxin","Midas Touch+1"],"picked":"SKIP","floor":48},{"not_picked":["ats:Soul Absorption+1","ats:Automatic Cover+1","ats:Overload+1","Impatience+1"],"picked":"SKIP","floor":54}],"player_experience":1077444,"relics_obtained":[{"floor":6,"key":"War Paint"},{"floor":9,"key":"ats:MaxSp2"},{"floor":12,"key":"Old Coin"},{"floor":15,"key":"ats:Originium"},{"floor":17,"key":"Omamori"},{"floor":17,"key":"hubris:ToyBattleship"},{"floor":23,"key":"hubris:SphereOfDissonance"},{"floor":25,"key":"Mercury Hourglass"},{"floor":28,"key":"Toxic Egg 2"},{"floor":40,"key":"Pear"},{"floor":40,"key":"ats:Military Tradition"},{"floor":43,"key":"aspiration:TomeofQuesting"},{"floor":44,"key":"infinitespire:ShieldingShard"},{"floor":44,"key":"Ginger"},{"floor":45,"key":"infinitespire:WardingShard"},{"floor":46,"key":"ReplayFunnel"},{"floor":46,"key":"Replay:Bottled Steam"},{"floor":54,"key":"Replay:Arrowhead"},{"floor":54,"key":"hubris:PeanutButter"}],"event_choices":[{"damage_healed":0,"gold_gain":0,"player_choice":"Grow","damage_taken":0,"max_hp_gain":0,"max_hp_loss":0,"event_name":"Living Wall","floor":0,"gold_loss":0,"cards_upgraded":["ats:Emotion Absorption"]},{"cards_removed":["ats:Defend Up"],"damage_healed":0,"gold_gain":0,"player_choice":"Card Removal","damage_taken":7,"max_hp_gain":0,"max_hp_loss":0,"event_name":"Golden Wing","floor":13,"gold_loss":0},{"damage_healed":0,"gold_gain":0,"player_choice":"Forge","damage_taken":0,"max_hp_gain":0,"max_hp_loss":0,"event_name":"Accursed Blacksmith","floor":19,"gold_loss":0,"cards_upgraded":["ats:Fate"]},{"damage_healed":0,"gold_gain":0,"player_choice":"Bought 0 Potions","damage_taken":0,"max_hp_gain":0,"max_hp_loss":0,"event_name":"The Woman in Blue","floor":22,"gold_loss":0},{"damage_healed":0,"gold_gain":0,"player_choice":"Memory 1","damage_taken":0,"max_hp_gain":0,"max_hp_loss":0,"event_name":"SensoryStone","floor":37,"gold_loss":0}],"is_beta":false,"boss_relics":[{"not_picked":["Kintsugi","hubris:ScarierMask"],"picked":"REME_LowDesire"},{"not_picked":["Snecko Eye","Philosopher\u0027s Stone"],"picked":"Black Star"}],"items_purged_floors":[3,11,21,30,42],"is_endless":false,"potions_floor_spawned":[4,5,8,25,28,29,40,46,47,48],"ascension_level":7}}