{"host":"p245q48pmopyklqs","time":1607489838,"event":{"gold_per_floor":[114,130,55,55,66,66,100,100,124,124,124,124,142,177,177,250,250,260,274,292,292,342,342,361,7,32,32,32],"floor_reached":27,"playtime":2204,"items_purged":["Defend_G","Defend_G"],"score":467,"play_id":"1c10b659-21ef-4013-8ae9-0fec2c8ba94c","local_time":"20201209135718","is_ascension_mode":true,"campfire_choices":[{"data":"Phantasmal Killer","floor":6.0,"key":"SMITH"},{"data":"Noxious Fumes","floor":8.0,"key":"SMITH"},{"data":"Underhanded Strike","floor":10.0,"key":"SMITH"},{"data":"Neutralize","floor":12.0,"key":"SMITH"},{"floor":15,"key":"REST"},{"data":"Cloak And Dagger","floor":23,"key":"SMITH"}],"neow_cost":"TEN_PERCENT_HP_LOSS","seed_source_timestamp":5377667324100,"circlet_count":0,"master_deck":["AscendersBane","Defend_G+1","Defend_G+1","Defend_G","Survivor+1","Neutralize+1","Phantasmal Killer+1","Endless Agony","Dagger Throw","Noxious Fumes+1","Underhanded Strike+1","Acrobatics","Backflip","Corpse Explosion","Outmaneuver+1","Cloak And Dagger+1","Bite","Bite","Bite","Bite","Bite","Well Laid Plans"],"special_seed":0,"relics":["Ring of the Snake","Vajra","War Paint","Bag of Marbles","SacredBark","Regal Pillow"],"potions_floor_usage":[14,16,18,24],"damage_taken":[{"damage":0.0,"enemies":"Jaw Worm","floor":1.0,"turns":2.0},{"damage":0.0,"enemies":"Cultist","floor":2.0,"turns":3.0},{"damage":0.0,"enemies":"2 Louse","floor":5.0,"turns":3.0},{"damage":28.0,"enemies":"Lagavulin","floor":7.0,"turns":8.0},{"damage":0.0,"enemies":"2 Fungi Beasts","floor":13.0,"turns":2.0},{"damage":4,"enemies":"3 Sentries","floor":14,"turns":5},{"damage":16,"enemies":"The Guardian","floor":16,"turns":9},{"damage":0,"enemies":"3 Byrds","floor":18,"turns":2},{"damage":25,"enemies":"2 Thieves","floor":19,"turns":3},{"damage":0,"enemies":"3 Cultists","floor":20,"turns":2},{"damage":22,"enemies":"Snecko","floor":24,"turns":6},{"damage":11,"enemies":"Chosen and Byrds","floor":27,"turns":3}],"seed_played":"3471489433644955956","potions_obtained":[{"floor":5.0,"key":"Swift Potion"},{"floor":7.0,"key":"PowerPotion"},{"floor":14,"key":"BlessingOfTheForge"},{"floor":19,"key":"Fire Potion"}],"is_trial":false,"path_per_floor":["M","M","$","?","M","R","E","R","T","R","?","R","M","E","R","B",null,"M","M","M","?","?","R","M","$","T","M"],"character_chosen":"THE_SILENT","items_purchased":["Well Laid Plans","Regal Pillow"],"campfire_rested":1,"item_purchase_floors":[25,25],"current_hp_per_floor":[59,59,59,41,41,41,13,13,13,13,13,13,13,9,27,11,48,48,23,23,23,23,23,7,7,7,0,0],"gold":32,"neow_bonus":"THREE_RARE_CARDS","is_prod":false,"is_daily":false,"chose_seed":false,"campfire_upgraded":5,"win_rate":0,"timestamp":1607489838,"path_taken":["M","M","$","?","M","R","E","R","T","R","?","R","?","E","R","BOSS","M","M","M","?","?","R","M","$","T","?"],"build_version":"2020-11-30","purchased_purges":2,"victory":false,"max_hp_per_floor":[60,60,60,60,60,60,60,60,60,60,60,60,60,60,60,60,60,60,60,60,42,42,42,42,42,42,42,42],"relic_stats":{"Regal Pillow":0,"counters":[12,48],"War Paint":["Survivor","Defend_G"],"obtain_stats":[{"Regal Pillow":25,"SacredBark":17,"Vajra":7,"Bag of Marbles":14,"War Paint":9,"Ring of the Snake":0},{"Regal Pillow":11,"SacredBark":7,"Vajra":4,"Bag of Marbles":6,"War Paint":4,"Ring of the Snake":0},{"Regal Pillow":45,"SacredBark":32,"Vajra":16,"Bag of Marbles":23,"War Paint":16,"Ring of the Snake":0}],"Ring of the Snake":[25]},"card_choices":[{"not_picked":["Doppelganger","Wraith Form v2"],"picked":"Phantasmal Killer","floor":0.0},{"not_picked":["Backflip","Reflex"],"picked":"Endless Agony","floor":1.0},{"not_picked":["Acrobatics","Expertise"],"picked":"Dagger Throw","floor":2.0},{"not_picked":["Dodge and Roll","Expertise"],"picked":"Noxious Fumes","floor":5.0},{"not_picked":["Distraction","Acrobatics"],"picked":"Underhanded Strike","floor":7.0},{"not_picked":["Prepared","Phantasmal Killer"],"picked":"Acrobatics","floor":13.0},{"not_picked":["Bane","Prepared"],"picked":"Backflip","floor":14},{"not_picked":["Malaise","Venomology"],"picked":"Corpse Explosion","floor":16},{"not_picked":["Outmaneuver+1","Flying Knee","Dagger Throw+1"],"picked":"SKIP","floor":18},{"not_picked":["Flying Knee","Dagger Throw+1"],"picked":"Outmaneuver+1","floor":18},{"not_picked":["Poisoned Stab","Deadly Poison","Dagger Throw+1"],"picked":"SKIP","floor":19},{"not_picked":["Dagger Throw","Noxious Fumes"],"picked":"Cloak And Dagger","floor":20},{"not_picked":["Deadly Poison","A Thousand Cuts","Endless Agony"],"picked":"SKIP","floor":24}],"player_experience":2237780,"relics_obtained":[{"floor":7.0,"key":"Vajra"},{"floor":9.0,"key":"War Paint"},{"floor":14,"key":"Bag of Marbles"}],"event_choices":[{"damage_healed":0.0,"max_hp_gain":0.0,"max_hp_loss":0.0,"gold_gain":0.0,"event_name":"Shining Light","player_choice":"Entered Light","floor":4.0,"gold_loss":0.0,"damage_taken":18.0,"cards_upgraded":["Strike_G","Defend_G"]},{"damage_healed":0.0,"max_hp_gain":0.0,"max_hp_loss":0.0,"gold_gain":0.0,"event_name":"Lab","player_choice":"Got Potions","floor":11.0,"gold_loss":0.0,"damage_taken":0.0},{"damage_healed":0,"gold_gain":0,"player_choice":"Became a vampire","damage_taken":0,"max_hp_gain":0,"max_hp_loss":18,"event_name":"Vampires","floor":21,"gold_loss":0,"cards_obtained":["Bite","Bite","Bite","Bite","Bite"]},{"damage_healed":0,"gold_gain":50,"player_choice":"Pray","damage_taken":0,"max_hp_gain":0,"max_hp_loss":0,"event_name":"Golden Shrine","floor":22,"gold_loss":0}],"is_beta":false,"boss_relics":[{"not_picked":["Busted Crown","Ectoplasm"],"picked":"SacredBark"}],"items_purged_floors":[3,25],"is_endless":false,"potions_floor_spawned":[5,7,13,14,19],"killed_by":"Chosen and Byrds","ascension_level":20}}