{"host":"av29givzkpzpqtbm","time":1607495951,"event":{"gold_per_floor":[109,109,6,156,231,91,25,25,25,44,121,22,22,33,33,107,107,120,520,520,520,539,570,508,627,673,707,413,448,351,351,351,428,428,448,448,461,0,0,32,60,73,73,17,30,2,27,62,14,119,199,199,199,173,263,378],"floor_reached":57,"playtime":2338,"items_purged":["Strike_G","Doubt","Strike_G","Defend_G","Defend_G","Defend_G","Defend_G","Strike_G","Strike_G","Strike_G","Poisoned Stab","Deadly Poison","Catalyst+1","Deadly Poison","Replay:Bag of Tricks","Defend_G","Neutralize"],"score":3756,"play_id":"f89971bb-4f4f-49b0-be0b-da946bdf78f6","local_time":"20201209143911","is_ascension_mode":true,"campfire_choices":[{"floor":32.0,"key":"RECALL"}],"neow_cost":"NONE","seed_source_timestamp":126383097471200,"circlet_count":0,"master_deck":["AscendersBane","MostiFishMod:SephirahHod+1","ReplayTheSpireMod:Scrap Shanks","MostiFishMod:NightSea+1","MostiFishMod:ShivMaster","testmod-EternalityOfKhronos","Accuracy","Concentrate","MostiFishMod:WinterMarkForm","Dagger Spray"],"special_seed":0,"relics":["Ring of the Snake","testmod-TestBox","MostiFishMod:Hod","testmod-Justice","Question Card","Pondfish Scales","WingedGreaves","Replay:Wax Seal","Omamori","testmod-IndustrialRevolution","Orrery","aspiration:VileToxins","Ginger","Replay:Mystery Machine","ReplayTheSpireMod:CursedCoin","OrangePellets","DaCapo","ImportantClient","Runic Pyramid","BargainBundle","ReplayTheSpireMod:Lightbulb","Onion Ring","Lee\u0027s Waffle","ReplayTheSpireMod:TigerMarble","ReplayTheSpireMod:Shallot","testmod-Register","Old Coin","Medical Kit","Gambling Chip","Replay:Rubber Ducky","Replay:Accelerometer","Bottled Tornado","ClockworkSouvenir","Oddly Smooth Stone","Gremlin Horn","testmod-ObsoleteBoomerang","BionicSphere","testmod-CasingShield","aspiration:Stabinomicon","testmod-Nine","Red Mask","Replay:WaspNest","Strawberry","Toy Ornithopter","ReplayTheSpireMod:Ninjato","Darkstone Periapt","Bird Faced Urn","Replay:Bandana","Replay:Baseball","Dodecahedron","Sling","testmod-AssaultLearning"],"potions_floor_usage":[56],"damage_taken":[{"damage":0.0,"enemies":"Small Slimes","floor":1.0,"turns":1.0},{"damage":0.0,"enemies":"2 Louse","floor":10.0,"turns":2.0},{"damage":0.0,"enemies":"Cultist","floor":14.0,"turns":2.0},{"damage":25.0,"enemies":"The Guardian","floor":16.0,"turns":8.0},{"damage":13.0,"enemies":"3 Byrds","floor":18.0,"turns":6.0},{"damage":0.0,"enemies":"Spheric Guardian","floor":22.0,"turns":2.0},{"damage":0.0,"enemies":"Gremlin Leader","floor":23.0,"turns":6.0},{"damage":0.0,"enemies":"Book of Stabbing","floor":27.0,"turns":6.0},{"damage":0.0,"enemies":"Gremlin Leader","floor":29.0,"turns":1.0},{"damage":0.0,"enemies":"Pondfish","floor":33.0,"turns":5.0},{"damage":0.0,"enemies":"3 Shapes","floor":35.0,"turns":2.0},{"damage":0.0,"enemies":"3 Darklings","floor":37.0,"turns":13.0},{"damage":0.0,"enemies":"R_Hoarder","floor":40.0,"turns":5.0},{"damage":0,"enemies":"Nemesis","floor":41,"turns":9},{"damage":0,"enemies":"Transient","floor":42,"turns":4},{"damage":0,"enemies":"Jaw Worm Horde","floor":45,"turns":2},{"damage":0,"enemies":"Mind Bloom Boss Battle","floor":47,"turns":3},{"damage":0,"enemies":"R_Hoarder","floor":48,"turns":3},{"damage":0,"enemies":"Awakened One","floor":50,"turns":6},{"damage":0,"enemies":"Donu and Deca","floor":51,"turns":3},{"damage":0,"enemies":"Shield and Spear","floor":55,"turns":2},{"damage":0,"enemies":"The Heart","floor":56,"turns":5}],"seed_played":"6210864718686508966","potions_obtained":[{"floor":1.0,"key":"LiquidMemories"},{"floor":10.0,"key":"Swift Potion"},{"floor":16.0,"key":"LifebloodPotion"},{"floor":18.0,"key":"Swift Potion"},{"floor":22.0,"key":"Adrenaline Potion"},{"floor":27.0,"key":"Languid Potion"},{"floor":27.0,"key":"SpeedPotion"},{"floor":41,"key":"testmod-TimePotion"}],"is_trial":false,"path_per_floor":["M","?","$","?","?","R","R","?","T","M","R","$","M","M","R","B",null,"M","?","$","?","M","E","$","R","T","E","$","E","R","?","R","B",null,"M","?","M","?","$","E","E","M","T","$","M","R","?","E","R","B","B",null,"R","$","E","B",null],"character_chosen":"THE_SILENT","items_purchased":["Pondfish Scales","WingedGreaves","Replay:Wax Seal","Omamori","testmod-IndustrialRevolution","Orrery","aspiration:VileToxins","Ginger","ReplayTheSpireMod:CursedCoin","OrangePellets","ReplayTheSpireMod:Scrap Shanks","Elixir","MostiFishMod:NightSea","DaCapo","BargainBundle","ReplayTheSpireMod:Lightbulb","Onion Ring","Lee\u0027s Waffle","testmod-EternalityOfKhronos","ReplayTheSpireMod:TigerMarble","Accuracy","testmod-SpacePotion","testmod-Register","Old Coin","Medical Kit","Deadly Poison","Gambling Chip","Bottled Tornado","ClockworkSouvenir","Oddly Smooth Stone","MostiFishMod:WinterMarkForm","Dagger Spray","testmod-TaurusBlackCat","Gremlin Horn","BionicSphere","testmod-CasingShield","Toy Ornithopter","ReplayTheSpireMod:Ninjato","Darkstone Periapt","Replay:Baseball","Dodecahedron","Sling"],"campfire_rested":0,"item_purchase_floors":[3,3,6,6,6,6,7,7,11,11,11,11,12,12,20,20,20,20,20,20,24,24,24,25,25,25,25,28,28,28,28,28,28,28,30,30,44,44,46,49,49,54],"current_hp_per_floor":[59,64,64,64,53,53,53,53,53,53,53,53,53,53,53,28,60,47,47,78,78,78,78,78,78,78,78,78,78,78,57,57,57,73,73,73,73,73,73,73,80,80,80,80,80,80,80,85,85,85,85,85,85,85,85,85],"gold":378,"neow_bonus":"UPGRADE_CARD","is_prod":false,"is_daily":false,"chose_seed":false,"campfire_upgraded":0,"win_rate":0,"timestamp":1607495951,"path_taken":["M","?","$","?","?","R","R","?","T","?","R","?","?","?","R","BOSS","M","?","$","?","?","E","$","R","T","E","?","E","R","?","R","BOSS","M","?","?","?","?","E","E","?","T","?","?","R","?","E","R","BOSS","BOSS","R","$","E","BOSS"],"build_version":"2020-11-30","purchased_purges":17,"victory":true,"max_hp_per_floor":[66,71,71,71,71,71,71,71,71,71,71,71,71,71,71,71,71,71,71,78,78,78,78,78,78,78,78,78,78,78,78,78,78,78,78,78,78,78,78,78,85,85,85,85,85,85,85,85,85,85,85,85,85,85,85,85],"card_choices":[{"not_picked":["Slice","Backflip","Prepared"],"picked":"SKIP","floor":1.0},{"not_picked":["Dagger Throw","Distraction","MostiFishMod:PerfectParry"],"picked":"Poisoned Stab","floor":6.0},{"not_picked":["MostiFishMod:PerfectParry","MostiFishMod:AdrenalineArouse","Cloak And Dagger","Expertise"],"picked":"SKIP","floor":10.0},{"not_picked":["Skewer","Outmaneuver","Setup","Infinite Blades"],"picked":"SKIP","floor":14.0},{"not_picked":["ReplayTheSpireMod:From All Sides","MostiFishMod:HiddenBlade","Bullet Time"],"picked":"MostiFishMod:ShivMaster","floor":16.0},{"not_picked":["Underhanded Strike","Tactician+1","Quick Slash","Well Laid Plans"],"picked":"SKIP","floor":18.0},{"not_picked":["Dodge and Roll","Flechettes","Deadly Poison","PiercingWail"],"picked":"SKIP","floor":22.0},{"not_picked":["Poisoned Stab+1","Dagger Spray","Outmaneuver"],"picked":"Catalyst+1","floor":23.0},{"not_picked":["Dodge and Roll","Quick Slash","Dagger Throw"],"picked":"Concentrate","floor":27.0},{"not_picked":["MostiFishMod:SpreadingSpore","Sucker Punch","ReplayTheSpireMod:Tripwire","Prepared"],"picked":"SKIP","floor":29.0},{"not_picked":["Well Laid Plans","Footwork+1","Bouncing Flask","Predator"],"picked":"SKIP","floor":35.0},{"not_picked":["Dagger Throw","Quick Slash+1","Sucker Punch","Skewer+1"],"picked":"SKIP","floor":37.0},{"not_picked":["Dagger Spray","MostiFishMod:AdrenalineArouse","Tactician+1","Terror"],"picked":"SKIP","floor":40.0},{"not_picked":["Sucker Punch","Dagger Throw","Hidden Blade","Leg Sweep"],"picked":"SKIP","floor":41},{"not_picked":["Hidden Blade","Dodge and Roll","Acrobatics","MostiFishMod:PerfectParry"],"picked":"SKIP","floor":42},{"not_picked":["MostiFishMod:PerfectParry","Backflip","Crippling Poison+1","Sucker Punch"],"picked":"SKIP","floor":45},{"not_picked":["Cloak And Dagger","Adrenaline","Quick Slash","Slice"],"picked":"SKIP","floor":48},{"not_picked":["Outmaneuver","Poisoned Stab","Dagger Throw","Backflip"],"picked":"SKIP","floor":55}],"player_experience":338743,"relics_obtained":[{"floor":1.0,"key":"Question Card"},{"floor":9.0,"key":"Replay:Mystery Machine"},{"floor":16.0,"key":"ImportantClient"},{"floor":23.0,"key":"ReplayTheSpireMod:Shallot"},{"floor":26.0,"key":"Replay:Rubber Ducky"},{"floor":27.0,"key":"Replay:Accelerometer"},{"floor":29.0,"key":"testmod-ObsoleteBoomerang"},{"floor":31.0,"key":"aspiration:Stabinomicon"},{"floor":40.0,"key":"Replay:WaspNest"},{"floor":41,"key":"Strawberry"},{"floor":47,"key":"Bird Faced Urn"},{"floor":48,"key":"Replay:Bandana"},{"floor":55,"key":"testmod-AssaultLearning"}],"event_choices":[{"damage_healed":0.0,"max_hp_gain":5.0,"max_hp_loss":0.0,"gold_gain":0.0,"event_name":"Big Fish","player_choice":"Donut","floor":2.0,"gold_loss":0.0,"damage_taken":0.0},{"damage_healed":0.0,"max_hp_gain":0.0,"max_hp_loss":0.0,"gold_gain":150.0,"event_name":"Liars Game","player_choice":"AGREE","floor":4.0,"gold_loss":0.0,"damage_taken":0.0,"cards_obtained":["Doubt"]},{"damage_healed":0.0,"max_hp_gain":0.0,"max_hp_loss":0.0,"gold_gain":75.0,"event_name":"World of Goop","player_choice":"Gather Gold","floor":5.0,"gold_loss":0.0,"damage_taken":11.0},{"cards_removed":["Survivor"],"damage_healed":0.0,"max_hp_gain":0.0,"max_hp_loss":0.0,"gold_gain":0.0,"event_name":"Purifier","player_choice":"Purged","floor":8.0,"gold_loss":0.0,"damage_taken":0.0},{"damage_healed":0.0,"max_hp_gain":0.0,"max_hp_loss":0.0,"gold_gain":0.0,"event_name":"Accursed Blacksmith","player_choice":"Forge","floor":13.0,"gold_loss":0.0,"damage_taken":0.0,"cards_upgraded":["MostiFishMod:NightSea"]},{"damage_healed":0.0,"max_hp_gain":0.0,"max_hp_loss":0.0,"gold_gain":400.0,"event_name":"¶÷ÂåË¹µÄÅÌ×Ó","player_choice":"Sell","floor":19.0,"relics_lost":["DaveBox"],"gold_loss":0.0,"damage_taken":0.0},{"damage_healed":0.0,"max_hp_gain":0.0,"max_hp_loss":0.0,"gold_gain":0.0,"event_name":"Match and Keep!","player_choice":"1 cards matched","floor":21.0,"gold_loss":0.0,"damage_taken":0.0,"cards_obtained":["Replay:Bag of Tricks"]},{"damage_healed":0.0,"max_hp_gain":0.0,"max_hp_loss":0.0,"gold_gain":0.0,"event_name":"Cursed Tome","player_choice":"Obtained Book","floor":31.0,"gold_loss":0.0,"damage_taken":21.0},{"cards_removed":["testmod-TaurusBlackCat"],"damage_healed":0.0,"max_hp_gain":0.0,"max_hp_loss":0.0,"gold_gain":0.0,"event_name":"Purifier","player_choice":"Purged","floor":36.0,"gold_loss":0.0,"damage_taken":0.0},{"damage_healed":0.0,"max_hp_gain":0.0,"max_hp_loss":0.0,"gold_gain":0.0,"event_name":"Tomb of Lord Red Mask","player_choice":"Paid","floor":38.0,"gold_loss":461.0,"damage_taken":0.0,"relics_obtained":["Red Mask"]},{"damage_healed":0,"gold_gain":0,"player_choice":"Fight","damage_taken":0,"max_hp_gain":0,"max_hp_loss":0,"event_name":"MindBloom","floor":47,"gold_loss":0}],"is_beta":false,"boss_relics":[{"not_picked":["DiscerningMonocle","Pandora\u0027s Box"],"picked":"Runic Pyramid"},{"not_picked":["Cursed Key","Astrolabe"],"picked":"testmod-Nine"}],"items_purged_floors":[3,6,6,6,6,6,6,6,6,6,24,25,28,28,28,28,28],"is_endless":false,"potions_floor_spawned":[1,10,10,14,16,18,18,22,23,23,27,27,35,37,40,41,41,42,42,47,48,55],"ascension_level":20}}