{"host":"p245q48pmopyklqs","time":1607492797,"event":{"gold_per_floor":[118,118,133,153,165,165,165,165,165,199,199,4,14,64,64,140,140,150,167,167,180,191,191,191,209,209,209,209],"floor_reached":27,"playtime":898,"items_purged":["Strike_G"],"score":430,"play_id":"b189310e-718e-43ca-99cd-77a00cb4f0f6","local_time":"20201209144637","is_ascension_mode":true,"campfire_choices":[{"data":"Sucker Punch","floor":6.0,"key":"SMITH"},{"data":"Masterful Stab","floor":8.0,"key":"SMITH"},{"data":"Corpse Explosion","floor":11.0,"key":"SMITH"},{"data":"Dodge and Roll","floor":15.0,"key":"SMITH"},{"floor":23.0,"key":"REST"}],"neow_cost":"TEN_PERCENT_HP_LOSS","seed_source_timestamp":10263724680900,"circlet_count":0,"master_deck":["AscendersBane","Strike_G","Strike_G","Strike_G","Defend_G","Defend_G","Defend_G","Defend_G","Defend_G","Survivor","Neutralize","Sucker Punch+1","PiercingWail","Masterful Stab+1","Dagger Spray","Corpse Explosion+1","Dodge and Roll+1","After Image","After Image","Crippling Poison","Deflect","Leg Sweep"],"special_seed":0,"relics":["Ring of the Snake","The Specimen","Paper Crane","Incense Burner","Membership Card","Runic Dome","Gremlin Horn"],"potions_floor_usage":[27],"damage_taken":[{"damage":3.0,"enemies":"Jaw Worm","floor":1.0,"turns":5.0},{"damage":11.0,"enemies":"Small Slimes","floor":3.0,"turns":4.0},{"damage":0.0,"enemies":"2 Louse","floor":4.0,"turns":3.0},{"damage":17.0,"enemies":"Lots of Slimes","floor":5.0,"turns":10.0},{"damage":5.0,"enemies":"3 Sentries","floor":10.0,"turns":6.0},{"damage":1.0,"enemies":"2 Fungi Beasts","floor":13.0,"turns":3.0},{"damage":8.0,"enemies":"The Guardian","floor":16.0,"turns":12.0},{"damage":0.0,"enemies":"Spheric Guardian","floor":18.0,"turns":7.0},{"damage":0.0,"enemies":"Shell Parasite","floor":19.0,"turns":6.0},{"damage":0.0,"enemies":"Chosen and Byrds","floor":21.0,"turns":8.0},{"damage":27.0,"enemies":"Sentry and Sphere","floor":22.0,"turns":5.0},{"damage":16,"enemies":"Cultist and Chosen","floor":25,"turns":7},{"damage":16,"enemies":"Gremlin Leader","floor":27,"turns":4}],"seed_played":"3010986939716550935","potions_obtained":[{"floor":4.0,"key":"SteroidPotion"},{"floor":10.0,"key":"BlessingOfTheForge"},{"floor":13.0,"key":"Dexterity Potion"},{"floor":22.0,"key":"PowerPotion"}],"is_trial":false,"path_per_floor":["M","?","M","M","M","R","?","R","T","E","R","$","M","?","R","B",null,"M","M","?","M","M","R","?","M","T","E"],"character_chosen":"THE_SILENT","items_purchased":["Membership Card"],"campfire_rested":1,"item_purchase_floors":[12],"current_hp_per_floor":[56,56,45,45,28,28,48,48,48,43,43,43,42,42,42,34,54,54,54,38,38,11,30,30,14,14,0,0],"gold":209,"neow_bonus":"ONE_RARE_RELIC","is_prod":false,"is_daily":false,"chose_seed":false,"campfire_upgraded":4,"win_rate":0,"timestamp":1607492797,"path_taken":["M","?","M","M","M","R","?","R","T","E","R","$","M","?","R","BOSS","M","?","?","M","M","R","?","M","T","E"],"build_version":"2020-11-30","purchased_purges":1,"victory":false,"max_hp_per_floor":[60,60,60,60,60,60,60,60,60,60,60,60,60,60,60,60,60,60,60,65,65,65,65,65,65,65,65,65],"relic_stats":{"Gremlin Horn":[1,1],"counters":[13,80],"obtain_stats":[{"Runic Dome":17,"The Specimen":0,"Gremlin Horn":26,"Incense Burner":10,"Membership Card":12,"Paper Crane":9,"Ring of the Snake":0},{"Runic Dome":7,"The Specimen":0,"Gremlin Horn":12,"Incense Burner":5,"Membership Card":5,"Paper Crane":4,"Ring of the Snake":0},{"Runic Dome":43,"The Specimen":0,"Gremlin Horn":76,"Incense Burner":28,"Membership Card":28,"Paper Crane":22,"Ring of the Snake":0}],"Ring of the Snake":[26]},"card_choices":[{"not_picked":["Underhanded Strike","Catalyst"],"picked":"Sucker Punch","floor":1.0},{"not_picked":["Tactician","Infinite Blades"],"picked":"PiercingWail","floor":3.0},{"not_picked":["Quick Slash","Concentrate"],"picked":"Masterful Stab","floor":4.0},{"not_picked":["Bane","Sucker Punch"],"picked":"Dagger Spray","floor":5.0},{"not_picked":["Dagger Spray","Footwork"],"picked":"Corpse Explosion","floor":10.0},{"not_picked":["Outmaneuver","Deflect"],"picked":"Dodge and Roll","floor":13.0},{"not_picked":["Malaise","Tools of the Trade"],"picked":"After Image","floor":16.0},{"not_picked":["Acrobatics","Flying Knee","Quick Slash"],"picked":"SKIP","floor":18.0},{"not_picked":["Underhanded Strike","Poisoned Stab"],"picked":"After Image","floor":19.0},{"not_picked":["All Out Attack+1","Tactician"],"picked":"Crippling Poison","floor":21.0},{"not_picked":["Cloak And Dagger","Poisoned Stab"],"picked":"Deflect","floor":22.0},{"not_picked":["Dagger Throw","Infinite Blades"],"picked":"Leg Sweep","floor":25}],"player_experience":2241559,"relics_obtained":[{"floor":9.0,"key":"Paper Crane"},{"floor":10.0,"key":"Incense Burner"},{"floor":26,"key":"Gremlin Horn"}],"event_choices":[{"cards_removed":["Strike_G"],"damage_healed":0.0,"max_hp_gain":0.0,"max_hp_loss":0.0,"gold_gain":0.0,"event_name":"Living Wall","player_choice":"Forget","floor":2.0,"gold_loss":0.0,"damage_taken":0.0},{"damage_healed":20.0,"max_hp_gain":0.0,"max_hp_loss":0.0,"gold_gain":0.0,"event_name":"Big Fish","player_choice":"Banana","floor":7.0,"gold_loss":0.0,"damage_taken":0.0},{"damage_healed":0.0,"max_hp_gain":0.0,"max_hp_loss":0.0,"gold_gain":50.0,"event_name":"Golden Shrine","player_choice":"Pray","floor":14.0,"gold_loss":0.0,"damage_taken":0.0},{"damage_healed":0.0,"max_hp_gain":5.0,"max_hp_loss":0.0,"gold_gain":0.0,"event_name":"Forgotten Altar","player_choice":"Shed Blood","floor":20.0,"gold_loss":0.0,"damage_taken":21.0}],"is_beta":false,"boss_relics":[{"not_picked":["Tiny House","HoveringKite"],"picked":"Runic Dome"}],"items_purged_floors":[12],"is_endless":false,"potions_floor_spawned":[4,10,13,16,22],"killed_by":"Gremlin Leader","ascension_level":20}}