{"host":"3q9keoo8j4hzgybw","time":1607473732,"event":{"gold_per_floor":[115,126,126,126,37,67,67,80,80,80,110,35,35,60,60,161,161,116,41,41,41,41,41,41,41,41,41,41,41,41,41,41,41,41,41,41,41,41,41,41,41,41,41,41,41,41,41,41,41,41],"floor_reached":51,"playtime":2186,"items_purged":["Strike_W"],"score":904,"play_id":"c18e6e2b-5bb3-4c1a-8d5c-459a1198bfb7","local_time":"20201209012852","is_ascension_mode":true,"campfire_choices":[{"data":"Negative_Energy_Arrows","floor":7,"key":"SMITH"},{"data":"Toxic_Smoke_Screen","floor":10,"key":"SMITH"},{"floor":13,"key":"REST"},{"data":"Summon_Death_Knight","floor":15,"key":"SMITH"},{"data":"Summon_Death_Knight","floor":23,"key":"SMITH"},{"data":"Negative_Energy_Sphere","floor":25,"key":"SMITH"},{"data":"Summon_Lich","floor":29,"key":"SMITH"},{"data":"Negative_Energy_Sphere","floor":32,"key":"SMITH"},{"data":"Scare","floor":41,"key":"SMITH"},{"data":"Negative_Energy_Shield","floor":46,"key":"SMITH"},{"floor":49,"key":"REST"}],"neow_cost":"NONE","seed_source_timestamp":47842375222600,"circlet_count":0,"master_deck":["Strike_W","Strike_W","Defend_W","Defend_W","Defend_W","Negative_Energy_Arrows+1","Bone_Wall","Negative_Energy_Sphere+1","Swift Strike+1","Toxic_Smoke_Screen+1","Summon_Death_Knight+1","Negative_Energy_Javelin+1","Summon_Death_Knight+1","Negative_Energy_Sphere+1","Blood_for_Blood+1","Summon_Lich+1","Spectral_Walk","Summon_Undead_Army+1","Scare+1","Finesse","Toxic_Smoke_Screen+1","Negative_Energy_Shield+1","Toxic_Smoke_Screen+1"],"relics":["Vampire_Amulet","Mercury Hourglass","Lantern","Thread and Needle","Ectoplasm","HornCleat","Gremlin Horn","Bronze Scales","Whetstone","Busted Crown","WingedGreaves","Mummified Hand","Darkstone Periapt","Old Coin","Meat on the Bone","Potion Belt"],"potions_floor_usage":[6,33,33,33,45,50,50],"damage_taken":[{"damage":4,"enemies":"Jaw Worm","floor":1,"turns":4},{"damage":2,"enemies":"Small Slimes","floor":2,"turns":3},{"damage":36,"enemies":"Gremlin Nob","floor":6,"turns":5},{"damage":7,"enemies":"2 Louse","floor":8,"turns":2},{"damage":35,"enemies":"Lagavulin","floor":11,"turns":6},{"damage":8,"enemies":"Gremlin Nob","floor":14,"turns":3},{"damage":16,"enemies":"The Guardian","floor":16,"turns":10},{"damage":15,"enemies":"2 Thieves","floor":18,"turns":4},{"damage":6,"enemies":"Gremlin Leader","floor":24,"turns":7},{"damage":21,"enemies":"Slavers","floor":27,"turns":4},{"damage":0,"enemies":"Chosen","floor":31,"turns":3},{"damage":0,"enemies":"Automaton","floor":33,"turns":9},{"damage":0,"enemies":"3 Darklings","floor":35,"turns":4},{"damage":2,"enemies":"Mind Bloom Boss Battle","floor":36,"turns":5},{"damage":0,"enemies":"Orb Walker","floor":37,"turns":3},{"damage":22,"enemies":"Giant Head","floor":40,"turns":9},{"damage":10,"enemies":"Nemesis","floor":42,"turns":7},{"damage":0,"enemies":"Transient","floor":44,"turns":5},{"damage":12,"enemies":"Giant Head","floor":45,"turns":9},{"damage":18,"enemies":"Nemesis","floor":47,"turns":7},{"damage":0,"enemies":"Writhing Mass","floor":48,"turns":5},{"damage":4,"enemies":"Time Eater","floor":50,"turns":11}],"seed_played":"-2554831368282178633","potions_obtained":[{"floor":1,"key":"Regen Potion"},{"floor":2,"key":"Dexterity Potion"},{"floor":11,"key":"SteroidPotion"},{"floor":18,"key":"EssenceOfSteel"},{"floor":24,"key":"DistilledChaos"},{"floor":36,"key":"AttackPotion"},{"floor":37,"key":"PowerPotion"},{"floor":44,"key":"PowerPotion"},{"floor":47,"key":"SteroidPotion"},{"floor":48,"key":"FearPotion"}],"is_trial":false,"path_per_floor":["M","M","?","?","$","E","R","M","T","R","E","$","R","E","R","B",null,"M","?","?","?","$","R","E","R","T","E","$","R","T","M","R","B",null,"M","?","M","?","?","E","R","E","T","M","E","R","E","M","R","B",null],"character_chosen":"NECROMANCER","items_purchased":["Swift Strike"],"campfire_rested":2,"item_purchase_floors":[5],"current_hp_per_floor":[80,82,75,75,75,53,53,50,50,50,17,17,41,35,35,21,82,71,71,71,71,71,71,79,79,79,64,64,64,64,66,66,72,82,82,82,82,82,82,62,62,54,54,56,46,46,42,44,68,66],"gold":41,"neow_bonus":"TEN_PERCENT_HP_BONUS","is_prod":false,"is_daily":false,"chose_seed":false,"campfire_upgraded":9,"win_rate":0,"timestamp":1607473732,"path_taken":["M","M","?","?","$","E","R","M","T","R","E","$","R","E","R","BOSS","M","?","?","?","?","R","E","R","T","E","$","R","?","M","R","BOSS","M","?","M","?","?","E","R","E","T","?","E","R","E","M","R","BOSS"],"build_version":"2020-11-30","purchased_purges":1,"victory":true,"max_hp_per_floor":[82,82,82,82,82,82,82,82,82,82,82,82,82,82,82,82,82,82,82,82,82,82,82,82,82,82,82,82,82,82,82,82,82,82,82,82,82,82,82,82,82,82,82,82,82,82,82,82,82,82],"card_choices":[{"not_picked":["Strike_from_Beyond","Acid_Javelin"],"picked":"Negative_Energy_Sphere","floor":1},{"not_picked":["Blood_Curse","Death_Coil","Uncharnel"],"picked":"SKIP","floor":2},{"not_picked":["Exploit","Death_March_Dance"],"picked":"Toxic_Smoke_Screen","floor":6},{"not_picked":["Blood_Curse","Consume_Illness","Thousand_Bone_Knives"],"picked":"SKIP","floor":8},{"not_picked":["Negative_Energy_Burst","Bone_Spikes"],"picked":"Summon_Death_Knight","floor":11},{"not_picked":["Scare","Blood_Wake"],"picked":"Negative_Energy_Javelin","floor":14},{"not_picked":["Hellfire","Blood_Magic"],"picked":"Summon_Death_Knight","floor":16},{"not_picked":["Chill_Blood","Blood_Whip"],"picked":"Negative_Energy_Sphere","floor":18},{"not_picked":["Blood_Is_Power","Vampiric_Strike+1"],"picked":"Blood_for_Blood+1","floor":24},{"not_picked":["Spectral_Armor","Bone_Prison"],"picked":"Summon_Lich","floor":27},{"not_picked":["Violent_Necrosis","Epidemic"],"picked":"Spectral_Walk","floor":31},{"not_picked":[],"picked":"Summon_Undead_Army+1","floor":35},{"not_picked":[],"picked":"Scare","floor":37},{"not_picked":[],"picked":"Finesse","floor":39},{"not_picked":[],"picked":"Toxic_Smoke_Screen+1","floor":40},{"not_picked":["Toxic_Smoke_Screen"],"picked":"SKIP","floor":42},{"not_picked":["Toxic_Smoke_Screen"],"picked":"SKIP","floor":42},{"not_picked":[],"picked":"Negative_Energy_Shield","floor":44},{"not_picked":["Bone_Spikes+1"],"picked":"SKIP","floor":45},{"not_picked":["Hellfire"],"picked":"SKIP","floor":47},{"not_picked":[],"picked":"Toxic_Smoke_Screen+1","floor":48}],"player_experience":32135,"relics_obtained":[{"floor":9,"key":"Mercury Hourglass"},{"floor":11,"key":"Lantern"},{"floor":14,"key":"Thread and Needle"},{"floor":24,"key":"HornCleat"},{"floor":26,"key":"Gremlin Horn"},{"floor":27,"key":"Bronze Scales"},{"floor":30,"key":"Whetstone"},{"floor":36,"key":"WingedGreaves"},{"floor":40,"key":"Mummified Hand"},{"floor":42,"key":"Darkstone Periapt"},{"floor":43,"key":"Old Coin"},{"floor":45,"key":"Meat on the Bone"},{"floor":47,"key":"Potion Belt"}],"event_choices":[{"cards_removed":["Defend_W"],"damage_healed":0,"gold_gain":0,"player_choice":"Card Removal","damage_taken":7,"max_hp_gain":0,"max_hp_loss":0,"event_name":"Golden Wing","floor":3,"gold_loss":0},{"damage_healed":0,"gold_gain":0,"player_choice":"Ignored","damage_taken":0,"max_hp_gain":0,"max_hp_loss":0,"event_name":"Liars Game","floor":4,"gold_loss":0},{"cards_removed":["Strike_W"],"damage_healed":0,"gold_gain":0,"player_choice":"Gave Gold","damage_taken":0,"max_hp_gain":0,"max_hp_loss":0,"event_name":"Beggar","floor":19,"gold_loss":75},{"damage_healed":0,"gold_gain":0,"player_choice":"Ignored","damage_taken":0,"max_hp_gain":0,"max_hp_loss":0,"event_name":"Cursed Tome","floor":20,"gold_loss":0},{"damage_healed":0,"gold_gain":0,"player_choice":"Ignored","damage_taken":0,"max_hp_gain":0,"max_hp_loss":0,"event_name":"The Mausoleum","floor":21,"gold_loss":0},{"damage_healed":0,"gold_gain":0,"player_choice":"Fight","damage_taken":0,"max_hp_gain":0,"max_hp_loss":0,"event_name":"MindBloom","floor":36,"gold_loss":0},{"damage_healed":0,"gold_gain":0,"player_choice":"Memory 1","damage_taken":0,"max_hp_gain":0,"max_hp_loss":0,"event_name":"SensoryStone","floor":39,"gold_loss":0}],"is_beta":false,"boss_relics":[{"not_picked":["Empty Cage","Fusion Hammer"],"picked":"Ectoplasm"},{"not_picked":["SlaversCollar","Philosopher\u0027s Stone"],"picked":"Busted Crown"}],"items_purged_floors":[12],"is_endless":false,"potions_floor_spawned":[1,2,11,18,24,36,37,44,47,48],"ascension_level":1}}