{"host":"qyjrmrr57odine7m","time":1607525630,"event":{"gold_per_floor":[117,133,133,152,227,153,153,183,183,201,233,245,260,295,295,391,391,401,401,500,83,83,94,114,114,114,140,153,169,201,46,46,150,150,165,165,176,176,235,244,244,262,323,323,323,344,353,353,353,353],"floor_reached":51,"playtime":4071,"items_purged":[],"score":730,"play_id":"c7f53412-3fef-4d2d-aaa1-1eacf7fd61f8","local_time":"20201209145350","is_ascension_mode":false,"campfire_choices":[{"floor":15,"key":"REST"},{"floor":32,"key":"RECALL"}],"neow_cost":"NONE","seed_source_timestamp":1793252208700,"circlet_count":0,"master_deck":["Zap+1","Defragment+1","Static Discharge+1","Lockon+1","Leap+1","Buffer+1","Redo+1","Self Repair+1","Defragment+1","Leap+1","Leap+1","Electrodynamics+1","Ball Lightning+1","Leap+1","Lockon+1"],"relics":["Cracked Core","Hammer of Thor","Seething Fire","Anvil of the Gods","Matryoshka","Anchor","Smiling Mask","Bottled Tornado","Strawberry","War Paint","Coffee Dripper","Mummified Hand","Bag of Marbles","Lantern","Dream Catcher","HornCleat","CeramicFish","DataDisk","Cursed Key","WingedGreaves","Bronze Scales"],"potions_floor_usage":[8,50,50,50,50,50],"damage_taken":[{"damage":0,"enemies":"Small Slimes","floor":1,"turns":2},{"damage":0,"enemies":"Jaw Worm","floor":2,"turns":2},{"damage":0,"enemies":"Cultist","floor":4,"turns":2},{"damage":1,"enemies":"3 Sentries","floor":8,"turns":7},{"damage":0,"enemies":"Blue Slaver","floor":10,"turns":3},{"damage":28,"enemies":"Gremlin Nob","floor":11,"turns":4},{"damage":1,"enemies":"Exordium Wildlife","floor":12,"turns":4},{"damage":0,"enemies":"Large Slime","floor":13,"turns":4},{"damage":11,"enemies":"3 Sentries","floor":14,"turns":5},{"damage":4,"enemies":"Slime Boss","floor":16,"turns":8},{"damage":1,"enemies":"3 Byrds","floor":18,"turns":4},{"damage":0,"enemies":"2 Thieves","floor":23,"turns":4},{"damage":11,"enemies":"Snake Plant","floor":24,"turns":4},{"damage":0,"enemies":"Gremlin Leader","floor":27,"turns":7},{"damage":0,"enemies":"Shelled Parasite and Fungi","floor":28,"turns":4},{"damage":0,"enemies":"3 Cultists","floor":29,"turns":6},{"damage":13,"enemies":"Book of Stabbing","floor":30,"turns":7},{"damage":6,"enemies":"Collector","floor":33,"turns":7},{"damage":0,"enemies":"Orb Walker","floor":35,"turns":3},{"damage":0,"enemies":"3 Shapes","floor":37,"turns":3},{"damage":30,"enemies":"Mind Bloom Boss Battle","floor":39,"turns":3},{"damage":10,"enemies":"Writhing Mass","floor":42,"turns":3},{"damage":0,"enemies":"Transient","floor":46,"turns":5},{"damage":33,"enemies":"Awakened One","floor":50,"turns":7}],"seed_played":"6570879185125007146","potions_obtained":[{"floor":2,"key":"SkillPotion"},{"floor":4,"key":"EntropicBrew"},{"floor":13,"key":"FocusPotion"},{"floor":14,"key":"Regen Potion"},{"floor":33,"key":"PowerPotion"},{"floor":41,"key":"CultistPotion"}],"is_trial":false,"path_per_floor":["M","M","?","M","?","$","?","E","T","M","E","M","M","E","R","B",null,"M","?","?","$","T","M","M","?","T","E","M","M","E","$","R","B",null,"M","?","M","$","?","?","?","M","T","R","?","M","?","$","R","B",null],"character_chosen":"DEFECT","items_purchased":["Static Discharge","CultistPotion","Self Repair","Mummified Hand","DataDisk"],"campfire_rested":1,"item_purchase_floors":[6,21,21,21,31],"current_hp_per_floor":[82,82,82,82,71,71,71,70,70,70,49,48,48,37,63,59,89,88,88,88,88,88,89,88,88,88,89,89,89,89,89,89,89,89,89,89,89,89,69,69,69,69,69,69,69,79,89,89,89,66],"gold":353,"neow_bonus":"TEN_PERCENT_HP_BONUS","is_prod":false,"is_daily":false,"chose_seed":false,"campfire_upgraded":0,"win_rate":0,"timestamp":1607525630,"path_taken":["M","M","?","M","?","$","?","E","T","?","E","M","M","E","R","BOSS","M","?","?","$","?","M","?","?","T","E","M","M","E","$","R","BOSS","M","?","M","$","?","?","?","?","T","R","?","M","?","?","R","BOSS"],"build_version":"2020-11-30","purchased_purges":0,"victory":true,"max_hp_per_floor":[82,82,82,82,82,82,82,82,82,82,89,89,89,89,89,89,89,89,89,89,89,89,89,89,89,89,89,89,89,89,89,89,89,89,89,89,89,89,89,89,89,89,89,89,89,89,89,89,89,89],"card_choices":[{"not_picked":["Rebound","Hello World","Sunder"],"picked":"SKIP","floor":1},{"not_picked":["Leap","Cold Snap"],"picked":"Gash","floor":2},{"not_picked":["Hologram","Conserve Battery"],"picked":"Defragment","floor":4},{"not_picked":["Force Field","Cold Snap","Turbo"],"picked":"SKIP","floor":8},{"not_picked":["Beam Cell","Loop","Go for the Eyes"],"picked":"SKIP","floor":10},{"not_picked":["Barrage","Undo"],"picked":"Lockon","floor":11},{"not_picked":["Coolheaded","Barrage"],"picked":"Leap","floor":12},{"not_picked":["Stack","Capacitor"],"picked":"Leap","floor":13},{"not_picked":["Chill","BootSequence","Turbo"],"picked":"SKIP","floor":14},{"not_picked":["Amplify","Hyperbeam"],"picked":"Buffer","floor":16},{"not_picked":["Go for the Eyes","Sweeping Beam"],"picked":"Redo","floor":18},{"not_picked":["Cold Snap","Reprogram"],"picked":"Defragment","floor":23},{"not_picked":["Steam Power+1","Hologram","FTL"],"picked":"SKIP","floor":24},{"not_picked":["Steam","Self Repair"],"picked":"Echo Form","floor":27},{"not_picked":["Skim+1","White Noise"],"picked":"Leap","floor":28},{"not_picked":["Compile Driver","Turbo"],"picked":"Leap","floor":29},{"not_picked":["Cold Snap","All For One","Coolheaded"],"picked":"SKIP","floor":30},{"not_picked":["Buffer","Biased Cognition"],"picked":"Electrodynamics","floor":33},{"not_picked":["Cold Snap","Undo+1","Beam Cell+1"],"picked":"SKIP","floor":35},{"not_picked":["Rebound+1","Rip and Tear","Redo+1"],"picked":"SKIP","floor":37},{"not_picked":["BootSequence+1","Redo"],"picked":"Ball Lightning","floor":39},{"not_picked":["Gash","Rebound+1","Steam+1"],"picked":"SKIP","floor":42},{"not_picked":["Rebound+1","Auto Shields+1"],"picked":"Lockon+1","floor":46}],"player_experience":1117649,"relics_obtained":[{"floor":8,"key":"Anchor"},{"floor":9,"key":"Smiling Mask"},{"floor":9,"key":"Bottled Tornado"},{"floor":11,"key":"Strawberry"},{"floor":14,"key":"War Paint"},{"floor":22,"key":"Bag of Marbles"},{"floor":22,"key":"Lantern"},{"floor":26,"key":"Dream Catcher"},{"floor":27,"key":"HornCleat"},{"floor":30,"key":"CeramicFish"},{"floor":39,"key":"WingedGreaves"},{"floor":43,"key":"Bronze Scales"}],"event_choices":[{"damage_healed":0,"gold_gain":0,"player_choice":"Box","damage_taken":0,"relics_obtained":["Matryoshka"],"max_hp_gain":0,"max_hp_loss":0,"event_name":"Big Fish","floor":3,"gold_loss":0,"cards_obtained":["Regret"]},{"damage_healed":0,"gold_gain":75,"player_choice":"Gather Gold","damage_taken":11,"max_hp_gain":0,"max_hp_loss":0,"event_name":"World of Goop","floor":5,"gold_loss":0},{"damage_healed":0,"gold_gain":0,"player_choice":"Ignored","damage_taken":0,"max_hp_gain":0,"max_hp_loss":0,"event_name":"NoteForYourself","floor":7,"gold_loss":0},{"damage_healed":0,"gold_gain":0,"player_choice":"Ignored","damage_taken":0,"max_hp_gain":0,"max_hp_loss":0,"event_name":"Cursed Tome","floor":19,"gold_loss":0},{"damage_healed":0,"gold_gain":99,"player_choice":"Stole From Cult","damage_taken":0,"max_hp_gain":0,"max_hp_loss":0,"event_name":"Nest","floor":20,"gold_loss":0},{"damage_healed":0,"gold_gain":0,"player_choice":"Read","damage_taken":0,"max_hp_gain":0,"max_hp_loss":0,"event_name":"The Library","floor":25,"gold_loss":0,"cards_obtained":["Gash"]},{"damage_healed":0,"gold_gain":0,"player_choice":"Ignored","damage_taken":0,"max_hp_gain":0,"max_hp_loss":0,"event_name":"Tomb of Lord Red Mask","floor":36,"gold_loss":0},{"damage_healed":0,"gold_gain":0,"player_choice":"Fight","damage_taken":0,"max_hp_gain":0,"max_hp_loss":0,"event_name":"MindBloom","floor":39,"gold_loss":0},{"cards_removed":["Leap"],"damage_healed":0,"gold_gain":0,"player_choice":"Removed Skill","damage_taken":0,"max_hp_gain":0,"max_hp_loss":0,"event_name":"Falling","floor":40,"gold_loss":0},{"damage_healed":0,"gold_gain":0,"player_choice":"Got Potions","damage_taken":0,"max_hp_gain":0,"max_hp_loss":0,"event_name":"Lab","floor":41,"gold_loss":0},{"damage_healed":0,"gold_gain":0,"player_choice":"Memory 1","damage_taken":0,"max_hp_gain":0,"max_hp_loss":0,"event_name":"SensoryStone","floor":45,"gold_loss":0},{"damage_healed":22,"gold_gain":0,"player_choice":"Writhe","damage_taken":0,"max_hp_gain":0,"max_hp_loss":0,"event_name":"Winding Halls","floor":47,"gold_loss":0,"cards_obtained":["Writhe"]}],"is_beta":false,"boss_relics":[{"not_picked":["Busted Crown","SlaversCollar"],"picked":"Coffee Dripper"},{"not_picked":["Runic Dome","Black Star"],"picked":"Cursed Key"}],"items_purged_floors":[],"is_endless":false,"potions_floor_spawned":[2,4,13,14,16,18,27,30,33,42],"ascension_level":0}}