{"host":"cglr1m0d8tytrlaz","time":1607479821,"event":{"gold_per_floor":[118,135,151,167,242,242,276,276,276,276,276,292,292,318,318,18,18,116,116,135,135,149,163,178,213,244,256,268,311,323,346,391,403,415,445,457,565,577,599,627,639,661,686,724,736,315,342,358,358,383,109,109,109,109,109],"floor_reached":54,"playtime":8123,"items_purged":["Strike_G","Strike_G","Strike_G"],"score":886,"play_id":"87d8fd70-2a17-4182-a2cb-f7f332f86e1a","local_time":"20201208201021","is_ascension_mode":true,"campfire_choices":[{"data":"Noxious Fumes","floor":6,"key":"SMITH"},{"floor":8,"key":"REST"},{"data":"Backflip","floor":15,"key":"SMITH"},{"data":"Adrenaline","floor":17,"key":"SMITH"},{"floor":27,"key":"REST"},{"data":"Strike_G","floor":36,"key":"PURGE"},{"floor":45,"key":"REST"},{"floor":49,"key":"RECALL"},{"data":"Strike_G+1","floor":53,"key":"PURGE"}],"neow_cost":"NONE","seed_source_timestamp":262540390632300,"circlet_count":0,"master_deck":["Defend_G","Defend_G","Defend_G","Defend_G","Defend_G+1","Neutralize+1","Noxious Fumes+1","Bane","Adrenaline+1","Deadly Poison","Backflip+1","m_Survivalism","Bane","Replay:Bag of Tricks","Burst","Escape Plan+1","Toxin Wave","Catalyst","Footwork","Crippling Poison","Sneak Up","Deflect","Night Terror+1","ReplayTheSpireMod:Speed Training","Grand Finale+1","Pot Of Greed","Pot Of Greed","Pot Of Greed","Blur","Apotheosis+1","Dodge and Roll"],"relics":["Ring of the Snake","Mercury Hourglass","Divine Protection","ClockworkSouvenir","Black Star","Question Card","Golden Egg","MawBank","Paper Crane","Singing Bowl","Bottled Lightning","Pear","Happy Flower","Simple Rune","Ring of Chaos","Grinning Jar","Potion Belt","Snake Skull","Bag of Preparation","Replay:Ringing Soul","ReplayTheSpireMod:Shallot","Bronze Scales"],"potions_floor_usage":[7,14,24,29,32,37,42,44,50,54],"damage_taken":[{"damage":2,"enemies":"2 Louse","floor":1,"turns":4},{"damage":9,"enemies":"Jaw Worm","floor":2,"turns":6},{"damage":0,"enemies":"Cultist","floor":3,"turns":3},{"damage":7,"enemies":"Lots of Slimes","floor":4,"turns":5},{"damage":12,"enemies":"Gremlin Nob","floor":7,"turns":3},{"damage":1,"enemies":"Exordium Thugs","floor":12,"turns":4},{"damage":2,"enemies":"Lagavulin","floor":14,"turns":7},{"damage":0,"enemies":"The Guardian","floor":18,"turns":9},{"damage":8,"enemies":"2 Thieves","floor":20,"turns":4},{"damage":0,"enemies":"Chosen","floor":22,"turns":4},{"damage":0,"enemies":"3 Cultists","floor":23,"turns":3},{"damage":12,"enemies":"Centurion and Healer","floor":24,"turns":5},{"damage":13,"enemies":"Replay:Snechameleon","floor":25,"turns":5},{"damage":0,"enemies":"Chosen and Byrds","floor":26,"turns":6},{"damage":17,"enemies":"Gremlin Leader","floor":29,"turns":6},{"damage":0,"enemies":"Snake Plant","floor":31,"turns":3},{"damage":8,"enemies":"Book of Stabbing","floor":32,"turns":6},{"damage":0,"enemies":"Sentry and Sphere","floor":35,"turns":4},{"damage":31,"enemies":"Champ","floor":37,"turns":11},{"damage":33,"enemies":"3 Darklings","floor":39,"turns":5},{"damage":0,"enemies":"3 Shapes","floor":40,"turns":3},{"damage":0,"enemies":"Writhing Mass","floor":42,"turns":5},{"damage":0,"enemies":"Maw","floor":43,"turns":7},{"damage":22,"enemies":"Giant Head","floor":44,"turns":8},{"damage":8,"enemies":"Jaw Worm Horde","floor":48,"turns":5},{"damage":6,"enemies":"Reptomancer","floor":50,"turns":6},{"damage":49,"enemies":"Donu and Deca","floor":54,"turns":9}],"seed_played":"6096935550387324887","potions_obtained":[{"floor":2,"key":"LiquidBronze"},{"floor":3,"key":"LiquidMemories"},{"floor":4,"key":"DuplicationPotion"},{"floor":12,"key":"FearPotion"},{"floor":14,"key":"SteroidPotion"},{"floor":20,"key":"SpeedPotion"},{"floor":26,"key":"Elixir"},{"floor":35,"key":"GamblersBrew"},{"floor":37,"key":"SkillPotion"},{"floor":40,"key":"BlessingOfTheForge"},{"floor":43,"key":"Adrenaline Potion"},{"floor":48,"key":"AttackPotion"}],"is_trial":false,"path_per_floor":["M","M","M","M","?","R","E","R","PTL","PTL","T","M","?","E","R","$","R","B",null,"M","T","M","M","M","E","M","R","T","E","T","M","E","PTL","PTL","M","R","B",null,"M","M","?","M","M","E","R","$","T","M","R","E","$","?","R","B"],"character_chosen":"THE_SILENT","items_purchased":["Replay:Bag of Tricks","ClockworkSouvenir","Snake Skull","Apotheosis","Bronze Scales"],"campfire_rested":3,"item_purchase_floors":[16,16,46,46,51],"current_hp_per_floor":[68,59,59,52,41,41,29,50,50,50,50,49,49,47,47,47,47,47,64,56,56,56,56,44,31,31,52,52,37,47,49,43,43,43,43,43,12,68,37,37,37,39,39,17,44,44,44,38,38,35,35,35,35,0,0],"gold":109,"neow_bonus":"RANDOM_EVENT","is_prod":false,"is_daily":false,"chose_seed":false,"campfire_upgraded":3,"win_rate":0,"timestamp":1607479821,"path_taken":["M","M","M","M","?","R","E","R","PTL","PTL","T","M","?","E","R","?","R","BOSS","M","?","?","M","M","E","M","R","T","E","?","M","E","PTL","PTL","M","R","BOSS","M","M","?","M","M","E","R","$","T","M","R","E","$","?","R","BOSS"],"build_version":"2020-11-30","purchased_purges":3,"victory":false,"max_hp_per_floor":[70,70,70,70,70,70,70,70,70,70,70,70,70,70,70,70,70,70,70,70,70,70,70,70,70,70,70,70,72,82,84,86,86,86,86,86,86,86,88,88,88,90,90,90,90,90,90,92,92,95,95,95,95,95,95],"relic_stats":{"Singing Bowl":12,"Happy Flower":[21],"counters":[27,143],"Bronze Scales":[24],"Snake Skull":[43],"Black Star":5,"Bag of Preparation":[6],"Question Card":17,"MawBank":252,"obtain_stats":[{"Potion Belt":44,"Divine Protection":14,"Golden Egg":25,"Pear":30,"Singing Bowl":29,"Happy Flower":32,"Ring of Chaos":38,"Snake Skull":46,"Bag of Preparation":47,"Paper Crane":28,"Question Card":21,"MawBank":25,"Mercury Hourglass":7,"ClockworkSouvenir":16,"Replay:Ringing Soul":50,"ReplayTheSpireMod:Shallot":50,"Bronze Scales":51,"Simple Rune":32,"Black Star":19,"Bottled Lightning":29,"Grinning Jar":44,"Ring of the Snake":0},{"Potion Belt":24,"Divine Protection":7,"Golden Egg":13,"Pear":15,"Singing Bowl":15,"Happy Flower":17,"Ring of Chaos":19,"Snake Skull":24,"Bag of Preparation":24,"Paper Crane":14,"Question Card":9,"MawBank":13,"Mercury Hourglass":5,"ClockworkSouvenir":7,"Replay:Ringing Soul":26,"ReplayTheSpireMod:Shallot":26,"Bronze Scales":26,"Simple Rune":17,"Black Star":8,"Bottled Lightning":15,"Grinning Jar":24,"Ring of the Snake":0},{"Potion Belt":123,"Divine Protection":31,"Golden Egg":61,"Pear":72,"Singing Bowl":72,"Happy Flower":81,"Ring of Chaos":96,"Snake Skull":123,"Bag of Preparation":123,"Paper Crane":66,"Question Card":44,"MawBank":61,"Mercury Hourglass":21,"ClockworkSouvenir":31,"Replay:Ringing Soul":134,"ReplayTheSpireMod:Shallot":134,"Bronze Scales":134,"Simple Rune":81,"Black Star":40,"Bottled Lightning":72,"Grinning Jar":123,"Ring of the Snake":0}],"Ring of the Snake":[54],"Mercury Hourglass":[437]},"card_choices":[{"not_picked":["Slice","Backflip"],"picked":"Noxious Fumes","floor":1},{"not_picked":["Flying Knee","Hidden Blade"],"picked":"Backstab","floor":2},{"not_picked":["Deadly Poison","Prepared"],"picked":"Bane","floor":3},{"not_picked":["Expertise","ReplayTheSpireMod:Speed Training"],"picked":"Adrenaline","floor":4},{"not_picked":["Quick Slash","ReplayTheSpireMod:Tripwire"],"picked":"Deadly Poison","floor":7},{"not_picked":["Poisoned Stab","Slice"],"picked":"Backflip","floor":12},{"not_picked":["Quick Slash","Deflect"],"picked":"Bane","floor":14},{"not_picked":["Storm of Steel","Tools of the Trade"],"picked":"Burst","floor":18},{"not_picked":["Backflip","Cloak And Dagger"],"picked":"Escape Plan+1","floor":20},{"not_picked":["Concentrate","Predator+1","Poisoned Stab+1"],"picked":"Toxin Wave","floor":22},{"not_picked":["Prepared","Sucker Punch","Slice"],"picked":"Catalyst","floor":23},{"not_picked":["Heel Hook","Predator","Acrobatics"],"picked":"Footwork","floor":24},{"not_picked":["Predator","Sneak Up","Sucker Punch"],"picked":"Crippling Poison","floor":25},{"not_picked":["Blade Dance","Backflip","Riddle With Holes"],"picked":"Sneak Up","floor":26},{"not_picked":["Infinite Blades","Hidden Blade","ReplayTheSpireMod:Scrap Shanks+1","Prepared"],"picked":"Singing Bowl","floor":29},{"not_picked":["ReplayTheSpireMod:Scrap Shanks","Eviscerate+1","Blade Dance+1","Backflip"],"picked":"Singing Bowl","floor":31},{"not_picked":["Crippling Poison","Dagger Spray","Die Die Die","Terror"],"picked":"Singing Bowl","floor":32},{"not_picked":["Blade Dance","Slice","Hidden Blade"],"picked":"Deflect","floor":35},{"not_picked":["Unload","Venomology","Adrenaline"],"picked":"Night Terror","floor":37},{"not_picked":["Quick Slash+1","Bane+1","Dodge and Roll","Crippling Poison+1"],"picked":"Singing Bowl","floor":39},{"not_picked":["Flying Knee+1","All Out Attack","ReplayTheSpireMod:Tripwire+1"],"picked":"ReplayTheSpireMod:Speed Training","floor":40},{"not_picked":["ReplayTheSpireMod:Speed Training","Dagger Throw","Quick Slash","Backflip"],"picked":"Singing Bowl","floor":42},{"not_picked":["Backflip+1","Prepared+1","Accuracy+1"],"picked":"Grand Finale","floor":43},{"not_picked":["Tactician","Prepared","Concentrate+1"],"picked":"Blur","floor":44},{"not_picked":["Hidden Blade","Riddle With Holes+1","Heel Hook","Deadly Poison+1"],"picked":"Singing Bowl","floor":48},{"not_picked":["Slice+1","Backflip","Dagger Throw"],"picked":"Dodge and Roll","floor":50}],"player_experience":1063821,"relics_obtained":[{"floor":7,"key":"Mercury Hourglass"},{"floor":14,"key":"Divine Protection"},{"floor":21,"key":"Question Card"},{"floor":25,"key":"Golden Egg"},{"floor":25,"key":"MawBank"},{"floor":28,"key":"Paper Crane"},{"floor":29,"key":"Singing Bowl"},{"floor":29,"key":"Bottled Lightning"},{"floor":30,"key":"Pear"},{"floor":32,"key":"Happy Flower"},{"floor":32,"key":"Simple Rune"},{"floor":44,"key":"Grinning Jar"},{"floor":44,"key":"Potion Belt"},{"floor":47,"key":"Bag of Preparation"},{"floor":50,"key":"Replay:Ringing Soul"},{"floor":50,"key":"ReplayTheSpireMod:Shallot"}],"event_choices":[{"damage_healed":0,"gold_gain":0,"player_choice":"Grow","damage_taken":0,"max_hp_gain":0,"max_hp_loss":0,"event_name":"Living Wall","floor":0,"gold_loss":0,"cards_upgraded":["Neutralize"]},{"damage_healed":0,"gold_gain":75,"player_choice":"Gather Gold","damage_taken":11,"max_hp_gain":0,"max_hp_loss":0,"event_name":"World of Goop","floor":5,"gold_loss":0},{"damage_healed":0,"gold_gain":0,"player_choice":"Ignored","damage_taken":0,"max_hp_gain":0,"max_hp_loss":0,"event_name":"Tomb of Lord Red Mask","floor":41,"gold_loss":0},{"cards_removed":["Backstab"],"damage_healed":0,"gold_gain":0,"player_choice":"Removed Attack","damage_taken":0,"max_hp_gain":0,"max_hp_loss":0,"event_name":"Falling","floor":52,"gold_loss":0}],"is_beta":false,"boss_relics":[{"not_picked":["WristBlade","Replay:Grab Bag"],"picked":"Black Star"},{"not_picked":["Sozu","Runic Pyramid"],"picked":"Ring of Chaos"}],"items_purged_floors":[16,46,51],"is_endless":false,"potions_floor_spawned":[2,3,4,12,14,20,26,35,37,40,43,48],"killed_by":"Donu and Deca","ascension_level":5}}