{"host":"vr9wnd613htmpuvd","time":1607532761,"event":{"gold_per_floor":[117,117,130,144,164,193,209,241,289,308,47,122,134,152,152,256,256,276,276,290,290,309,309,341,360,386,416,416,466,466,479,479,575,575,587,587,587],"floor_reached":36,"playtime":3770,"items_purged":[],"score":468,"play_id":"fb6c5668-c1b1-4208-a0b0-414c58fcaf52","local_time":"20201209165241","is_ascension_mode":false,"campfire_choices":[{"floor":15.0,"key":"REST"},{"floor":23.0,"key":"REST"},{"floor":28.0,"key":"REST"},{"floor":32.0,"key":"REST"}],"neow_cost":"NONE","seed_source_timestamp":1607532670105600,"circlet_count":0,"master_deck":["Strike_G","Strike_G","Strike_G","Strike_G","Strike_G","Defend_G","Defend_G","Defend_G","Defend_G","Defend_G","Survivor","Neutralize","Blade Dance","Blade Dance","All Out Attack","Hidden Blade","Cloak And Dagger","Calculated Gamble","conspire:PoisonWeapons","hubris:Counter","Blade Dance","Escape Plan","ReplayTheSpireMod:From All Sides","Quick Slash+1","ReplayTheSpireMod:Scrap Shanks","ReplayTheSpireMod:Shiv Toss+1","Doppelganger+1","conspire:PoisonWeapons+1","Choke","After Image","Prepared+1"],"special_seed":0,"relics":["StuffTheSpire:OccultApparatus","Boot","Replay:Rubber Ducky","Snake Skull","infinitespire:Lucky Rock","StuffTheSpire:Tea","Sozu","Toxic Egg 2","hubris:ToyBattleship","Unceasing Top","MealTicket","Shovel","StuffTheSpire:Kangaroo"],"potions_floor_usage":[],"damage_taken":[{"damage":1.0,"enemies":"2 Louse","floor":1.0,"turns":3.0},{"damage":2.0,"enemies":"Cultist","floor":3.0,"turns":5.0},{"damage":0.0,"enemies":"Jaw Worm","floor":4.0,"turns":3.0},{"damage":10.0,"enemies":"Exordium Thugs","floor":5.0,"turns":4.0},{"damage":11.0,"enemies":"Gremlin Nob","floor":6.0,"turns":3.0},{"damage":0.0,"enemies":"Looter","floor":7.0,"turns":2.0},{"damage":6.0,"enemies":"Replay:BlueRogue","floor":8.0,"turns":5.0},{"damage":0.0,"enemies":"Gremlin Gang","floor":10.0,"turns":4.0},{"damage":3.0,"enemies":"Exordium Thugs","floor":13.0,"turns":3.0},{"damage":0.0,"enemies":"2 Fungi Beasts","floor":14.0,"turns":2.0},{"damage":20.0,"enemies":"Fading Forest","floor":16.0,"turns":11.0},{"damage":8.0,"enemies":"theJungle:5_Spyders","floor":18.0,"turns":5.0},{"damage":6.0,"enemies":"theJungle:MUSHROOMGANG","floor":20.0,"turns":2.0},{"damage":0.0,"enemies":"theJungle:JungleHuntersEncounter","floor":22.0,"turns":5.0},{"damage":22.0,"enemies":"theJungle:2_Phrogs","floor":24.0,"turns":6.0},{"damage":0.0,"enemies":"theJungle:Lyon","floor":25.0,"turns":2.0},{"damage":18.0,"enemies":"Nightmare","floor":27.0,"turns":5.0},{"damage":6.0,"enemies":"Snake Plant","floor":31.0,"turns":2.0},{"damage":36.0,"enemies":"theJungle:FunGuy","floor":33.0,"turns":6.0},{"damage":2,"enemies":"3 Darklings","floor":35,"turns":3},{"damage":4,"enemies":"3 Shapes","floor":36,"turns":2}],"seed_played":"508298964436081546","potions_obtained":[{"floor":3.0,"key":"LiquidMemories"},{"floor":4.0,"key":"hexamod:EctoCoolerPotion"},{"floor":5.0,"key":"sneckomod:MuddlingPotion"},{"floor":6.0,"key":"Poison Potion"},{"floor":14.0,"key":"GamblersBrew"}],"is_trial":false,"path_per_floor":["M","?","M","M","M","E","M","E","T","M","$","?","M","M","R_BF","B",null,"M","?","M","?","M","R","E","M","T","NM","R","T","?","M","R","B",null,"M","M"],"character_chosen":"THE_SILENT","items_purchased":["StuffTheSpire:Tea"],"campfire_rested":4,"item_purchase_floors":[11],"current_hp_per_floor":[69,69,67,67,57,46,46,40,40,40,40,33,30,30,51,41,70,62,62,56,49,49,70,48,48,48,30,51,51,29,23,44,8,70,68,64,64],"gold":587,"neow_bonus":"RANDOM_COMMON_RELIC","is_prod":false,"is_daily":false,"chose_seed":false,"campfire_upgraded":0,"win_rate":0.0,"timestamp":1607532761,"path_taken":["M","?","M","M","M","E","M","E","T","M","$","?","?","M","R_BF","BOSS","M","?","M","?","M","R","E","?","T","NM","R","?","?","M","R","BOSS","M","M"],"build_version":"2020-11-30","purchased_purges":0,"victory":false,"max_hp_per_floor":[70,70,70,70,70,70,70,70,70,70,70,70,70,70,70,70,70,70,70,70,70,70,70,70,70,70,70,70,70,70,70,70,70,70,70,70,70],"card_choices":[{"not_picked":["Dagger Throw","StuffTheSpire:Python"],"picked":"Blade Dance","floor":1.0},{"not_picked":["Poisoned Stab","PiercingWail"],"picked":"Blade Dance","floor":3.0},{"not_picked":["Crippling Poison","PiercingWail"],"picked":"All Out Attack","floor":4.0},{"not_picked":["StuffTheSpire:BumpUp","Draining Mist"],"picked":"Hidden Blade","floor":5.0},{"not_picked":["Expertise","Quick Slash"],"picked":"Cloak And Dagger","floor":6.0},{"not_picked":["StuffTheSpire:Python","Bane"],"picked":"Calculated Gamble","floor":7.0},{"not_picked":["PiercingWail","Grand Finale"],"picked":"conspire:PoisonWeapons","floor":8.0},{"not_picked":["Slice","Underhanded Strike"],"picked":"hubris:Counter","floor":10.0},{"not_picked":["Outmaneuver","Hidden Blade"],"picked":"Blade Dance","floor":13.0},{"not_picked":["hubris:Counter","Dodge and Roll"],"picked":"Escape Plan","floor":14.0},{"not_picked":["Storm of Steel","Unload"],"picked":"ReplayTheSpireMod:From All Sides","floor":16.0},{"not_picked":["conspire:PoisonWeapons","hubris:TrickCloak"],"picked":"Quick Slash+1","floor":18.0},{"not_picked":["hubris:Sniper+1","Bane"],"picked":"ReplayTheSpireMod:Scrap Shanks","floor":20.0},{"not_picked":["StuffTheSpire:MirrorStance","Noxious Fumes+1"],"picked":"ReplayTheSpireMod:Shiv Toss+1","floor":22.0},{"not_picked":["Deflect+1","Hidden Blade+1"],"picked":"Doppelganger+1","floor":24.0},{"not_picked":["StuffTheSpire:BumpUp","Quick Slash"],"picked":"conspire:PoisonWeapons+1","floor":25.0},{"not_picked":["StuffTheSpire:Incursion+1","Prepared+1"],"picked":"Choke","floor":27.0},{"not_picked":["ReplayTheSpireMod:Exploit Weakness+1","StuffTheSpire:BumpUp+1","Bane"],"picked":"SKIP","floor":31.0},{"not_picked":["Grand Finale","Glass Knife"],"picked":"After Image","floor":33.0},{"not_picked":["StuffTheSpire:Injection+1","hubris:TrickCloak+1"],"picked":"Prepared+1","floor":35}],"player_experience":358889,"relics_obtained":[{"floor":6.0,"key":"Replay:Rubber Ducky"},{"floor":8.0,"key":"Snake Skull"},{"floor":9.0,"key":"infinitespire:Lucky Rock"},{"floor":24.0,"key":"Toxic Egg 2"},{"floor":26.0,"key":"hubris:ToyBattleship"},{"floor":27.0,"key":"Unceasing Top"},{"floor":29.0,"key":"MealTicket"}],"event_choices":[{"damage_healed":0.0,"max_hp_gain":0.0,"max_hp_loss":0.0,"gold_gain":75.0,"event_name":"FaceTrader","player_choice":"Touch","floor":12.0,"gold_loss":0.0,"damage_taken":7.0},{"cards_removed":["ReplayTheSpireMod:From All Sides"],"damage_healed":0.0,"max_hp_gain":0.0,"max_hp_loss":0.0,"gold_gain":0.0,"event_name":"betterNote:BetterNote","player_choice":"Give","floor":19.0,"gold_loss":0.0,"damage_taken":0.0,"cards_obtained":["None"]},{"damage_healed":0.0,"max_hp_gain":0.0,"max_hp_loss":0.0,"gold_gain":0.0,"event_name":"Wheel of Change","player_choice":"Damaged","floor":21.0,"gold_loss":0.0,"damage_taken":7.0}],"is_beta":false,"boss_relics":[{"not_picked":["Runic Pyramid","Painkiller Herb"],"picked":"Sozu"},{"not_picked":["halation:ForbiddenBikini","halation:SmartPhone"],"picked":"StuffTheSpire:Kangaroo"}],"items_purged_floors":[],"is_endless":true,"potions_floor_spawned":[3,4,5,6,14,18,31,35],"killed_by":"3 Shapes","ascension_level":0}}