{"host":"27wa8ufp4ryspt1p","time":1607483593,"event":{"gold_per_floor":[985,985,1035,1060,1086,1116,1116,1157,1204,1242,1242,1242,681,700,257,342,383,409,409,444,477,477,477,577,212,254,41,84,102,144,175,175,278,320,355,355,371,422,497,497,542,270,324,167,36,215,366,497,671,832,1069,1204,1362,1424,1171,813,1013,639,143,143,404],"floor_reached":62,"playtime":2942,"items_purged":["Bromod:EnergySiphon","Decay","Regret"],"score":3805,"play_id":"57dbc3e6-608d-4205-943c-baa8acfea4e0","local_time":"20201208211313","daily_mods":["SealedDeck","Colorless Cards","Heirloom","Elite Swarm","Lethality"],"is_ascension_mode":true,"campfire_choices":[{"floor":7.0,"key":"RECALL"},{"data":"Apotheosis","floor":12.0,"key":"SMITH"},{"data":"DoctorFetus","floor":23,"key":"SMITH"},{"data":"Hololive_DurableLive","floor":32,"key":"SMITH"},{"data":"Hololive_DDD","floor":40,"key":"SMITH"}],"neow_cost":"","seed_source_timestamp":0,"circlet_count":0,"master_deck":["AscendersBane","Hololive_CocoNews","Hololive_FlyingPonyTail","Dark Shackles","Hololive_CallSakuraMiko","Mayhem","Hololive_CallInugamiKorone+1","Hololive_CallMurasakiShion","expansioncontent:DefensiveMode","Apotheosis+1","ReplayTheSpireMod:Brewmster+1","EpicFetus+1","expansioncontent:DefensiveStance","REME_ProfessionalPlagiarism","Hololive_CallInugamiKorone+1","Hololive_CallInugamiKorone+1","Hololive_RevenueBasedLive+1","DoctorFetus+1","Hololive_RevenueBasedLive+1","Hololive_Breathe","expansioncontent:DefensiveMode+1","Hololive_Breathe","Hololive_StrengthChampion+1","Replay:SS_fish_2","Hololive_CallNakiriAyame","Hololive_HuntDinosaur","Hololive_CallOkamiMio","Sadistic Nature","Hololive_DurableLive+1","Hololive_DDD+1","StuffTheSpire:FreeRealEstate+1","Hololive_IdolExercise","Hololive_RevenueBasedLive","ReplayTheSpireMod:Faulty Equipment","Hololive_CallTokinoSora","Hololive_DDD","Creative AI","Poisoned Strike","Hololive_DiamondStrike","Replay:SS_fish_1","Hololive_CallShirakamiFubuki+1","REME_PuzzleBox","Hololive_CallDoris+1","Hololive_CallMinatoAqua","Sadistic Nature","Hololive_CallUsadaPekora","StuffTheSpire:Rapture","StuffTheSpire:Innocence"],"special_seed":0,"relics":["Hololive_TheStar","infinitespire:Joker Card","HushsDoor","REME_ComplimentaryCards","SalivaCoin","Gambling Chip","hubris:TenFootPole","Hololive_LightStick","NineVolt","Happy Flower","conspire:DeflatedDodgeball","MerchantsRug","hubris:RunicObelisk","Orichalcum","Coffee Dripper","StuffTheSpire:GrapeVine","hubris:SlimyHat","Bottled Tornado","aspiration:HummingbirdHeart","MiniBlackHole","wanderingMiniBosses:OtherGremlinHorn","Elementarium:ElementariumTrophy","energizedSpire:SpiderWeb","halation:PinkSoulGem","hubris:GlazedTorus","Torii","Replay:Bandana","ReplayTheSpireMod:CursedCoin","Membership Card","trackpad:WondrousWand","paleoftheancients:Timepiece","paleoftheancients:KeyRelic","Bronze Scales","paleoftheancients:SoulOfTheThorton","hubris:TinFlute","qcfpunch:Chain_With_Nametags","Guardian:PocketSentry","Replay:Bottled Eggs","paleoftheancients:SoulOfTheVixen","StuffTheSpire:Saxophone","Lantern","Counterbalance","halation:IllGainedPizza","hubris:DisguiseKit","aspiration:AnachronicSnailShell"],"potions_floor_usage":[51,51,52,53,53,53,57],"damage_taken":[{"damage":0.0,"enemies":"Jaw Worm","floor":3.0,"turns":5.0},{"damage":0.0,"enemies":"Jaw Worm","floor":4.0,"turns":3.0},{"damage":1.0,"enemies":"2 Louse","floor":5.0,"turns":5.0},{"damage":0.0,"enemies":"Replay:BlueRogue","floor":6.0,"turns":4.0},{"damage":0.0,"enemies":"Lagavulin","floor":8.0,"turns":4.0},{"damage":0.0,"enemies":"Small Slimes","floor":9.0,"turns":4.0},{"damage":0.0,"enemies":"Gremlin Nob","floor":10.0,"turns":3.0},{"damage":0.0,"enemies":"Small Slimes","floor":14.0,"turns":2.0},{"damage":0.0,"enemies":"The Guardian","floor":16.0,"turns":5.0},{"damage":0.0,"enemies":"Elementarium:2_ELEMENTALS","floor":18.0,"turns":2.0},{"damage":0.0,"enemies":"Elementarium:VoidCorruption","floor":20.0,"turns":2.0},{"damage":6.0,"enemies":"Elementarium:VoidBeast","floor":21.0,"turns":4.0},{"damage":0,"enemies":"Elementarium:CYCLONE_AND_LIVING_STORMCLOUD","floor":26,"turns":3},{"damage":0,"enemies":"Elementarium:FIRE_NOBILITY","floor":28,"turns":4},{"damage":0,"enemies":"Elementarium:CYCLONE_AND_LIVING_STORMCLOUD","floor":29,"turns":3},{"damage":0,"enemies":"Elementarium:WarGolem","floor":30,"turns":3},{"damage":0,"enemies":"Elementarium:RubyGolem","floor":31,"turns":5},{"damage":0,"enemies":"Elementarium:GoldenDragon","floor":33,"turns":5},{"damage":0,"enemies":"3 Darklings","floor":35,"turns":3},{"damage":0,"enemies":"3 Shapes","floor":37,"turns":3},{"damage":0,"enemies":"3 Darklings","floor":39,"turns":4},{"damage":0,"enemies":"Nemesis","floor":41,"turns":3},{"damage":0,"enemies":"Maw","floor":43,"turns":3},{"damage":0,"enemies":"Nightmare","floor":46,"turns":5},{"damage":0,"enemies":"Maw","floor":47,"turns":4},{"damage":0,"enemies":"R_Hoarder","floor":48,"turns":4},{"damage":0,"enemies":"bossMod:newShapes","floor":50,"turns":5},{"damage":0,"enemies":"hubris:GrandSnecko","floor":51,"turns":6},{"damage":44,"enemies":"hubris:GrandSnecko","floor":52,"turns":3},{"damage":0,"enemies":"hubris:GrandSnecko","floor":53,"turns":5},{"damage":0,"enemies":"paleoftheancients:Thorton3","floor":54,"turns":2},{"damage":0,"enemies":"paleoftheancients:Thorton3","floor":57,"turns":4},{"damage":0,"enemies":"paleoftheancients:N","floor":61,"turns":5}],"seed_played":"4999133715605033315","potions_obtained":[{"floor":6.0,"key":"Flashbang"},{"floor":8.0,"key":"Explosive Potion"},{"floor":20.0,"key":"ZuzhouPotion:ReiMu"},{"floor":21.0,"key":"SkillPotion"},{"floor":28,"key":"Guardian:BlockOnCardUsePotion"},{"floor":37,"key":"SkillPotion"},{"floor":53,"key":"Swift Potion"}],"is_trial":true,"path_per_floor":["?","?","MIM","M","M","E","R","E","MIM","E","?","R","$","M","R","B",null,"M","$","M","M","AVR","R","?","R","MIM","R","E","M","E","M","R","B",null,"M","?","M","$","M","R","E","R","MIM","R","$","NM","M","E","R_BF","B","B","M","M","M","$","R","M","R","$","?","B",null],"character_chosen":"Hololive_HololiveCharacter","items_purchased":["Happy Flower","conspire:DeflatedDodgeball","MerchantsRug","Hololive_CallInugamiKorone","Guide Book","Hololive_RevenueBasedLive+1","Hololive_RevenueBasedLive+1","StuffTheSpire:GrapeVine","hubris:SlimyHat","Orrery","Bottled Tornado","infinitespire:Joker Card","aspiration:SeaSaltIceCream","Hololive_RevenueBasedLive","ReplayTheSpireMod:CursedCoin","Membership Card","Hololive_CallTokinoSora","trackpad:WondrousWand","hubris:TinFlute","qcfpunch:Chain_With_Nametags","Hololive_CallShirakamiFubuki+1","Guardian:PocketSentry","REME_PuzzleBox","Replay:Bottled Eggs","StuffTheSpire:Saxophone","Lantern","Hololive_CallMinatoAqua","trackpad:PocketGalaxy","Counterbalance","Sadistic Nature","Hololive_CallUsadaPekora","halation:IllGainedPizza","hubris:DisguiseKit","aspiration:AnachronicSnailShell"],"campfire_rested":0,"item_purchase_floors":[13,13,13,15,15,15,19,25,25,25,27,42,44,44,45,45,45,45,55,55,55,56,56,56,58,58,58,58,58,59,59,59,59,59],"current_hp_per_floor":[27,27,27,27,26,26,26,26,26,26,26,26,26,26,26,26,29,29,29,29,23,23,23,23,23,23,23,30,30,30,30,30,30,30,30,30,30,30,30,30,30,30,30,30,30,30,30,31,31,31,31,31,31,31,31,31,31,31,31,31,31],"gold":404,"neow_bonus":"","is_prod":false,"is_daily":false,"chose_seed":false,"campfire_upgraded":4,"win_rate":0,"timestamp":1607483593,"path_taken":["?","?","?","?","M","E","R","E","MIM","E","?","R","$","M","R","BOSS","M","$","M","M","AVR","R","?","R","MIM","R","E","?","E","M","R","BOSS","M","?","M","$","?","R","E","R","MIM","R","$","NM","M","E","R_BF","BOSS","BOSS","M","M","?","$","R","M","R","$","?","BOSS"],"build_version":"2020-11-30","purchased_purges":3,"victory":true,"max_hp_per_floor":[30,30,30,30,30,30,30,30,30,30,30,30,30,30,30,30,30,30,30,30,30,30,30,30,30,30,30,30,30,30,30,30,30,30,30,30,30,30,30,30,30,30,30,30,30,30,30,31,31,31,31,31,31,31,31,31,31,31,31,31,31],"relic_stats":{"Happy Flower":[32],"Torii":0,"counters":[33,123],"Gambling Chip":[52],"Bronze Scales":[114],"Orichalcum":[198],"obtain_stats":[{"NineVolt":10,"trackpad:WondrousWand":45,"wanderingMiniBosses:OtherGremlinHorn":31,"Bottled Tornado":27,"qcfpunch:Unceasing_Flame":48,"trackpad:PocketGalaxy":58,"qcfpunch:Chain_With_Nametags":55,"hubris:TinFlute":55,"KeepersGift":0,"MerchantsRug":13,"paleoftheancients:KeyRelic":51,"Happy Flower":13,"ReplayTheSpireMod:CursedCoin":45,"Counterbalance":58,"Guardian:PocketSentry":56,"aspiration:SeaSaltIceCream":44,"paleoftheancients:Timepiece":51,"Elementarium:ElementariumTrophy":33,"infinitespire:Broken Mirror":6,"qcfpunch:School_Backpack":46,"Bronze Scales":51,"Hololive_TheStar":0,"hubris:TenFootPole":3,"HushsDoor":0,"Lantern":58,"Torii":43,"StuffTheSpire:GrapeVine":25,"hubris:SlimyHat":25,"hubris:RunicObelisk":17,"Replay:Bandana":44,"Gambling Chip":0,"aspiration:AnachronicSnailShell":59,"MiniBlackHole":30,"Replay:Bottled Eggs":56,"hubris:GlazedTorus":41,"hubris:DisguiseKit":59,"halation:BottledLove":8,"Guide Book":15,"StuffTheSpire:Saxophone":58,"halation:IllGainedPizza":59,"infinitespire:Joker Card":42,"aspiration:HummingbirdHeart":28,"paleoftheancients:SoulOfTheVixen":57,"Orichalcum":22,"energizedSpire:SpiderWeb":34,"Hololive_LightStick":9,"Orrery":25,"SalivaCoin":0,"Coffee Dripper":22,"Membership Card":45,"paleoftheancients:SoulOfTheThorton":54,"conspire:DeflatedDodgeball":13,"halation:PinkSoulGem":36,"REME_ComplimentaryCards":0},{"NineVolt":7,"trackpad:WondrousWand":23,"wanderingMiniBosses:OtherGremlinHorn":17,"Bottled Tornado":13,"qcfpunch:Unceasing_Flame":26,"trackpad:PocketGalaxy":32,"qcfpunch:Chain_With_Nametags":31,"hubris:TinFlute":31,"KeepersGift":0,"MerchantsRug":7,"paleoftheancients:KeyRelic":28,"Happy Flower":7,"ReplayTheSpireMod:CursedCoin":23,"Counterbalance":32,"Guardian:PocketSentry":31,"aspiration:SeaSaltIceCream":23,"paleoftheancients:Timepiece":28,"Elementarium:ElementariumTrophy":18,"infinitespire:Broken Mirror":4,"qcfpunch:School_Backpack":24,"Bronze Scales":28,"Hololive_TheStar":0,"hubris:TenFootPole":1,"HushsDoor":0,"Lantern":32,"Torii":23,"StuffTheSpire:GrapeVine":12,"hubris:SlimyHat":12,"hubris:RunicObelisk":9,"Replay:Bandana":23,"Gambling Chip":0,"aspiration:AnachronicSnailShell":32,"MiniBlackHole":16,"Replay:Bottled Eggs":31,"hubris:GlazedTorus":22,"hubris:DisguiseKit":32,"halation:BottledLove":5,"Guide Book":8,"StuffTheSpire:Saxophone":32,"halation:IllGainedPizza":32,"infinitespire:Joker Card":22,"aspiration:HummingbirdHeart":14,"paleoftheancients:SoulOfTheVixen":32,"Orichalcum":12,"energizedSpire:SpiderWeb":18,"Hololive_LightStick":6,"Orrery":12,"SalivaCoin":0,"Coffee Dripper":12,"Membership Card":23,"paleoftheancients:SoulOfTheThorton":31,"conspire:DeflatedDodgeball":7,"halation:PinkSoulGem":19,"REME_ComplimentaryCards":0},{"NineVolt":28,"trackpad:WondrousWand":81,"wanderingMiniBosses:OtherGremlinHorn":60,"Bottled Tornado":45,"qcfpunch:Unceasing_Flame":93,"trackpad:PocketGalaxy":118,"qcfpunch:Chain_With_Nametags":114,"hubris:TinFlute":114,"KeepersGift":0,"MerchantsRug":28,"paleoftheancients:KeyRelic":104,"Happy Flower":28,"ReplayTheSpireMod:CursedCoin":81,"Counterbalance":118,"Guardian:PocketSentry":114,"aspiration:SeaSaltIceCream":81,"paleoftheancients:Timepiece":104,"Elementarium:ElementariumTrophy":65,"infinitespire:Broken Mirror":17,"qcfpunch:School_Backpack":85,"Bronze Scales":104,"Hololive_TheStar":0,"hubris:TenFootPole":5,"HushsDoor":0,"Lantern":118,"Torii":81,"StuffTheSpire:GrapeVine":43,"hubris:SlimyHat":43,"hubris:RunicObelisk":35,"Replay:Bandana":81,"Gambling Chip":0,"aspiration:AnachronicSnailShell":118,"MiniBlackHole":55,"Replay:Bottled Eggs":114,"hubris:GlazedTorus":78,"hubris:DisguiseKit":118,"halation:BottledLove":21,"Guide Book":30,"StuffTheSpire:Saxophone":118,"halation:IllGainedPizza":118,"infinitespire:Joker Card":78,"aspiration:HummingbirdHeart":49,"paleoftheancients:SoulOfTheVixen":118,"Orichalcum":43,"energizedSpire:SpiderWeb":65,"Hololive_LightStick":25,"Orrery":43,"SalivaCoin":0,"Coffee Dripper":43,"Membership Card":81,"paleoftheancients:SoulOfTheThorton":114,"conspire:DeflatedDodgeball":28,"halation:PinkSoulGem":68,"REME_ComplimentaryCards":0}]},"card_choices":[{"not_picked":["Degenerate","Hololive_Breathe","Hololive_CocoNews"],"picked":"Apotheosis","floor":4.0},{"not_picked":["PanicButton","Hololive_CallShiroganeNoel","Hololive_LuckPotion"],"picked":"Bomb","floor":5.0},{"not_picked":["REME_BuildACard","expansioncontent:Corrupt","Hololive_OpenUp"],"picked":"ReplayTheSpireMod:Brewmster","floor":6.0},{"not_picked":["Hololive_BeCareful","expansioncontent:DashGenerateEvil","REME_ProfessionalPlagiarism"],"picked":"EpicFetus","floor":8.0},{"not_picked":["Hololive_CallOmaruPolka","Hololive_HuntDinosaur","Hololive_RevenueBasedLive"],"picked":"expansioncontent:DefensiveStance","floor":9.0},{"not_picked":["Secret Technique","Hololive_Rebirth","hubris:EnhanceAbility"],"picked":"REME_ProfessionalPlagiarism","floor":10.0},{"not_picked":["Degenerate","hubris:Ssssneak","StuffTheSpire:PlasmaPunch"],"picked":"Hololive_CallInugamiKorone","floor":14.0},{"not_picked":["Hololive_ScarfAndHalo","HandOfGreed","Mayhem"],"picked":"DoctorFetus","floor":16.0},{"not_picked":["Hololive_CocoNews","Hololive_FlyingPonyTail+1","Hololive_CallMurasakiShion","PlatinumSkin"],"picked":"SKIP","floor":18.0},{"not_picked":["Assess","Hololive_StrengthChampion","Hololive_CallAkiRosenthal"],"picked":"Hololive_Breathe","floor":20.0},{"not_picked":["Hololive_OvertimeWork","Hololive_FlyingPonyTail+1","Hololive_CocoNews"],"picked":"expansioncontent:DefensiveMode+1","floor":21.0},{"not_picked":["Hololive_OvertimeWork","Hololive_CocoNews","Hololive_FlyingPonyTail"],"picked":"Hololive_Breathe","floor":24},{"not_picked":["StuffTheSpire:Recharge","Degenerate","Hololive_Rebound"],"picked":"Hololive_StrengthChampion+1","floor":25},{"not_picked":["Hololive_Breathe+1","Hololive_Rebound","Dark Shackles"],"picked":"Replay:SS_fish_2","floor":25},{"not_picked":["StuffTheSpire:PlasmaPulse","Hololive_SoulCatcher+1","Hololive_RevenueBasedLive"],"picked":"Hololive_CallNakiriAyame","floor":25},{"not_picked":["Hololive_CocoNews","Hololive_FlyingPonyTail","Hololive_Trident"],"picked":"Hololive_HuntDinosaur","floor":25},{"not_picked":["Hololive_CocoNews","Hololive_RevenueBasedLive+1","Hololive_CallMurasakiShion"],"picked":"Hololive_CallOkamiMio","floor":26},{"not_picked":["REME_BattleFury","Hololive_BeCareful","Violence"],"picked":"Sadistic Nature","floor":28},{"not_picked":["Hololive_Rebound","Hololive_Drill","Hololive_CocoNews","Hololive_ManjiGathering"],"picked":"SKIP","floor":29},{"not_picked":["Hololive_Recruit","ReplayUltimateDefense","Thinking Ahead"],"picked":"Hololive_DurableLive","floor":30},{"not_picked":["Forethought","Hololive_HuntDinosaur","expansioncontent:BronzeBeam+1","expansioncontent:SlimeTackle"],"picked":"SKIP","floor":31},{"not_picked":["Hololive_Thief","Hololive_DurableLive","Panache"],"picked":"Hololive_DDD","floor":33},{"not_picked":["Hololive_LuckPotion+1","Hololive_OvertimeWork+1","Hololive_Breathe","Degenerate"],"picked":"SKIP","floor":35},{"not_picked":["expansioncontent:ChargeUp","Hololive_StrengthChampion","Hololive_CallSpadeEcho","Hololive_Breathe"],"picked":"SKIP","floor":37},{"not_picked":["Degenerate","Hololive_FlyingPonyTail+1","BettingIsNotGood"],"picked":"StuffTheSpire:FreeRealEstate+1","floor":39},{"not_picked":["Hololive_Thief","Hololive_MaximGun","Hololive_OpenUp"],"picked":"Hololive_IdolExercise","floor":41},{"not_picked":["Hololive_Nanodesu","Hololive_OpenUp","Hololive_StarCraft"],"picked":"Hololive_DDD","floor":46},{"not_picked":["Headbutt","Sword Boomerang","StuffTheSpire:Incineration"],"picked":"SKIP","floor":47},{"not_picked":["Good Instincts","Hololive_HuntDinosaur","Hololive_LuckPotion+1","Hololive_Rebound"],"picked":"SKIP","floor":47},{"not_picked":["Rainbow","Machine Learning"],"picked":"Creative AI","floor":48},{"not_picked":["Hololive_WolfAndLamb","Magnetism","Master of Strategy"],"picked":"Poisoned Strike","floor":48},{"not_picked":["Hololive_LuckPotion","Hololive_CallOkamiMio","Hololive_FlyingPonyTail"],"picked":"Hololive_DiamondStrike","floor":53},{"not_picked":["Hololive_HuntDinosaur","Thinking Ahead","expansioncontent:Sear"],"picked":"Replay:SS_fish_1","floor":54},{"not_picked":["Hololive_Spy","expansioncontent:SlimeTackle","Specialist"],"picked":"Hololive_CallDoris+1","floor":57}],"player_experience":3877658,"relics_obtained":[{"floor":3.0,"key":"hubris:TenFootPole"},{"floor":6.0,"key":"infinitespire:Broken Mirror"},{"floor":8.0,"key":"halation:BottledLove"},{"floor":9.0,"key":"Hololive_LightStick"},{"floor":10.0,"key":"NineVolt"},{"floor":28,"key":"aspiration:HummingbirdHeart"},{"floor":30,"key":"MiniBlackHole"},{"floor":31,"key":"wanderingMiniBosses:OtherGremlinHorn"},{"floor":41,"key":"hubris:GlazedTorus"},{"floor":43,"key":"Torii"},{"floor":46,"key":"qcfpunch:School_Backpack"},{"floor":48,"key":"qcfpunch:Unceasing_Flame"},{"floor":54,"key":"paleoftheancients:SoulOfTheThorton"},{"floor":57,"key":"paleoftheancients:SoulOfTheVixen"}],"event_choices":[{"damage_healed":0.0,"max_hp_gain":0.0,"max_hp_loss":0.0,"gold_gain":0.0,"event_name":"conspire:LoneGhost","player_choice":"Agree","floor":11.0,"gold_loss":0.0,"damage_taken":0.0}],"is_beta":false,"boss_relics":[{"not_picked":["aspiration:SilentSkillbook","Astrolabe"],"picked":"hubris:RunicObelisk"},{"not_picked":[]},{"not_picked":["halation:LoveArrow","SacredBark"],"picked":"energizedSpire:SpiderWeb"},{"not_picked":[]}],"items_purged_floors":[22,55,56],"is_endless":false,"potions_floor_spawned":[6,8,16,20,21,28,33,37,46,47,53],"ascension_level":20}}