{"host":"l5g01qlg1ltohrba","time":1607491824,"event":{"gold_per_floor":[111,286,306,75,89,89,89,89,115,115,115,138,201,44,44,142,142,156,156,173,173,30,60,60,79,79,79,79,414,444,472,472,568,568,579,629,629,661,674,674,674,674,701,727,727,761,761,771,771,771,771,771,43,78,78],"floor_reached":56,"playtime":4077,"items_purged":["Doubt"],"score":1468,"play_id":"8fcf5c3f-15f6-4caf-b48e-5bda4f2a1927","local_time":"20201208213024","is_ascension_mode":false,"campfire_choices":[{"data":"AbbyMod:DemonPancake","floor":6,"key":"SMITH"},{"floor":8,"key":"REST"},{"data":"AbbyMod:SweetPancakes","floor":10,"key":"SMITH"},{"data":"AbbyMod:FleetingSanity","floor":15,"key":"SMITH"},{"floor":32,"key":"REST"},{"floor":40,"key":"RECALL"},{"data":"AbbyMod:PrayerOfFaith","floor":42,"key":"SMITH"},{"data":"AbbyMod:FatalEntropy","floor":45,"key":"SMITH"},{"data":"AbbyMod:BadGirl","floor":49,"key":"SMITH"},{"data":"AbbyMod:MysteryKey","floor":52,"key":"SMITH"}],"neow_cost":"NONE","seed_source_timestamp":122871765290000,"circlet_count":0,"master_deck":["AbbyMod:Ab_Strike","AbbyMod:Ab_Strike+1","AbbyMod:Ab_Strike","AbbyMod:Ab_Strike+1","AbbyMod:Ab_Defend+1","AbbyMod:Ab_Defend+1","AbbyMod:Ab_Defend+1","AbbyMod:FleetingSanity+1","AbbyMod:ForeheadBeam+1","AbbyMod:Kinoko","AbbyMod:DemonPancake+1","AbbyMod:TentacleSwarm","AbbyMod:FatalEntropy+1","AbbyMod:MysteryKey+1","AbbyMod:FamiliarShield+1","AbbyMod:PrayerOfFaith+1","AbbyMod:BlackKey","AbbyMod:TentacleSwarm","AbbyMod:SilverKey+1","AbbyMod:BadGirl+1","Bandage Up","AbbyMod:FarAwayFriend+1","AbbyMod:Kuroboshi+1","AbbyMod:PrayerOfFaith","Mayhem","AbbyMod:LossOfSanity"],"relics":["AbbyMod:Salem_Diary","Chemical X","Odd Mushroom","Mummified Hand","Juzu Bracelet","Black Star","Darkstone Periapt","WingedGreaves","Centennial Puzzle","Gambling Chip","Old Coin","Bronze Scales","Pear","TungstenRod","Vajra","beaked:MawFillet","FossilizedHelix","Whetstone","Orichalcum","Potion Belt","Letter Opener","Eternal Feather","Pen Nib","Bag of Preparation","Calipers","Sling","Gremlin Horn","War Paint"],"potions_floor_usage":[13,20,23,30,31,38,50,55],"damage_taken":[{"damage":0,"enemies":"Jaw Worm","floor":1,"turns":4},{"damage":7,"enemies":"Small Slimes","floor":3,"turns":5},{"damage":5,"enemies":"2 Louse","floor":5,"turns":2},{"damage":17,"enemies":"The Mushroom Lair","floor":12,"turns":5},{"damage":5,"enemies":"Lagavulin Event","floor":13,"turns":5},{"damage":24,"enemies":"Hexaghost","floor":16,"turns":6},{"damage":10,"enemies":"Chosen","floor":18,"turns":5},{"damage":20,"enemies":"3 Byrds","floor":20,"turns":5},{"damage":20,"enemies":"Book of Stabbing","floor":23,"turns":6},{"damage":0,"enemies":"Snecko","floor":25,"turns":3},{"damage":27,"enemies":"Gremlin Leader","floor":29,"turns":6},{"damage":27,"enemies":"Slavers","floor":30,"turns":5},{"damage":3,"enemies":"Book of Stabbing","floor":31,"turns":5},{"damage":16,"enemies":"Automaton","floor":33,"turns":9},{"damage":0,"enemies":"3 Darklings","floor":35,"turns":7},{"damage":0,"enemies":"Mind Bloom Boss Battle","floor":36,"turns":4},{"damage":10,"enemies":"Nemesis","floor":38,"turns":7},{"damage":0,"enemies":"Orb Walker","floor":39,"turns":5},{"damage":19,"enemies":"Reptomancer","floor":44,"turns":5},{"damage":0,"enemies":"Nemesis","floor":46,"turns":7},{"damage":0,"enemies":"Transient","floor":48,"turns":5},{"damage":0,"enemies":"Time Eater","floor":50,"turns":8},{"damage":62,"enemies":"Shield and Spear","floor":54,"turns":7},{"damage":33,"enemies":"The Heart","floor":55,"turns":8}],"seed_played":"4993915937217063584","potions_obtained":[{"floor":3,"key":"SkillPotion"},{"floor":12,"key":"SteroidPotion"},{"floor":20,"key":"BlessingOfTheForge"},{"floor":29,"key":"GamblersBrew"},{"floor":30,"key":"Block Potion"},{"floor":38,"key":"Fruit Juice"},{"floor":48,"key":"DistilledChaos"},{"floor":54,"key":"Fire Potion"}],"is_trial":false,"path_per_floor":["M","?","M","$","M","R","?","R","T","R","?","?","?","$","R","B",null,"M","?","M","?","$","E","?","M","T","?","?","E","E","E","R","B",null,"M","?","?","E","M","R","?","R","T","E","R","E","?","M","R","B",null,"R","$","E","B",null],"character_chosen":"Ab_Foreigner","items_purchased":["Chemical X","Juzu Bracelet","AbbyMod:PrayerOfFaith","AbbyMod:SweetPancakes","Calipers","AbbyMod:PrayerOfFaith","Mayhem","Sling"],"campfire_rested":2,"item_purchase_floors":[4,14,22,22,53,53,53,53],"current_hp_per_floor":[66,66,59,59,54,54,41,60,60,60,60,51,46,46,46,22,74,64,64,44,68,68,52,78,78,78,78,78,51,34,31,57,41,88,88,88,88,87,91,91,91,91,91,76,88,92,92,92,93,93,93,93,93,35,6],"gold":78,"neow_bonus":"TEN_PERCENT_HP_BONUS","is_prod":false,"is_daily":false,"chose_seed":false,"campfire_upgraded":7,"win_rate":1,"timestamp":1607491824,"path_taken":["M","?","M","$","M","R","?","R","T","R","?","?","?","?","R","BOSS","M","?","M","?","$","E","?","M","T","?","?","E","E","E","R","BOSS","M","?","?","E","M","R","?","R","T","E","R","E","?","M","R","BOSS","R","$","E","BOSS"],"build_version":"2020-11-30","purchased_purges":1,"victory":true,"max_hp_per_floor":[66,66,66,66,66,66,66,66,66,66,66,74,74,74,74,74,74,74,74,74,74,74,78,78,78,78,78,78,78,88,88,88,88,88,88,88,88,93,93,93,93,93,93,93,93,93,93,93,93,93,93,93,93,93,93],"card_choices":[{"not_picked":["AbbyMod:LossOfSanity","AbbyMod:PreciousMemories"],"picked":"AbbyMod:SweetPancakes","floor":1},{"not_picked":["AbbyMod:LargeTentacle","AbbyMod:AttoSecond"],"picked":"AbbyMod:Kinoko","floor":3},{"not_picked":["AbbyMod:SuperMuscular","AbbyMod:SanityCheck"],"picked":"AbbyMod:DemonPancake","floor":5},{"not_picked":["AbbyMod:Keyblade","AbbyMod:EyesOfMadness"],"picked":"AbbyMod:TentacleSwarm","floor":12},{"not_picked":["AbbyMod:ExposedCore","AbbyMod:WitchTrial"],"picked":"AbbyMod:FatalEntropy","floor":13},{"not_picked":["AbbyMod:AbsoluteCorruption","AbbyMod:BlackKey"],"picked":"AbbyMod:MysteryKey","floor":16},{"not_picked":["AbbyMod:LiftSkirt+1","AbbyMod:PapaProtection"],"picked":"AbbyMod:FamiliarShield+1","floor":18},{"not_picked":["AbbyMod:AceInTheHole","AbbyMod:OldOneLimb+1","AbbyMod:LargeTentacle"],"picked":"SKIP","floor":20},{"not_picked":["AbbyMod:Kuroboshi","AbbyMod:Takeuchi"],"picked":"AbbyMod:BlackKey","floor":23},{"not_picked":["AbbyMod:Takeuchi","AbbyMod:RecklessSlam"],"picked":"AbbyMod:TentacleSwarm","floor":25},{"not_picked":["AbbyMod:RecklessSlam","AbbyMod:LossOfSanity"],"picked":"AbbyMod:SilverKey+1","floor":29},{"not_picked":["AbbyMod:ChocoKey","AbbyMod:AttoSecond+1","AbbyMod:CommandSpell"],"picked":"SKIP","floor":30},{"not_picked":["AbbyMod:HeroCreationA","AbbyMod:SanityCheck+1","AbbyMod:TentacleSwarm"],"picked":"SKIP","floor":31},{"not_picked":["AbbyMod:VoidPriest","AbbyMod:MindCleanse"],"picked":"AbbyMod:BadGirl","floor":33},{"not_picked":["AbbyMod:SuperMuscular+1","AbbyMod:FamiliarShield"],"picked":"AbbyMod:WorldStrongest+1","floor":35},{"not_picked":["Discovery","Impatience"],"picked":"Bandage Up","floor":37},{"not_picked":["AbbyMod:RecklessSlam+1","AbbyMod:SavingThrow","AbbyMod:AlignStars+1"],"picked":"SKIP","floor":38},{"not_picked":["AbbyMod:Hitomi+1","AbbyMod:CloneArmy"],"picked":"AbbyMod:FarAwayFriend+1","floor":39},{"not_picked":["AbbyMod:EquivalentExchange","AbbyMod:RecklessSlam+1","AbbyMod:OldOneLimb+1"],"picked":"SKIP","floor":44},{"not_picked":["AbbyMod:Memocide+1","AbbyMod:SanityCheck","AbbyMod:Takeuchi+1"],"picked":"SKIP","floor":46},{"not_picked":["AbbyMod:WitchTrial","AbbyMod:VoidHeretic"],"picked":"AbbyMod:Kuroboshi+1","floor":48},{"not_picked":["AbbyMod:Ab_FiveStars+1","AbbyMod:CloneArmy"],"picked":"AbbyMod:LossOfSanity","floor":54}],"player_experience":10029,"relics_obtained":[{"floor":12,"key":"Odd Mushroom"},{"floor":13,"key":"Mummified Hand"},{"floor":23,"key":"Darkstone Periapt"},{"floor":23,"key":"WingedGreaves"},{"floor":26,"key":"Centennial Puzzle"},{"floor":29,"key":"Gambling Chip"},{"floor":29,"key":"Old Coin"},{"floor":30,"key":"Bronze Scales"},{"floor":30,"key":"Pear"},{"floor":31,"key":"TungstenRod"},{"floor":31,"key":"Vajra"},{"floor":36,"key":"FossilizedHelix"},{"floor":38,"key":"Whetstone"},{"floor":38,"key":"Orichalcum"},{"floor":43,"key":"Potion Belt"},{"floor":44,"key":"Letter Opener"},{"floor":44,"key":"Eternal Feather"},{"floor":46,"key":"Pen Nib"},{"floor":46,"key":"Bag of Preparation"},{"floor":54,"key":"Gremlin Horn"},{"floor":54,"key":"War Paint"}],"event_choices":[{"damage_healed":0,"gold_gain":175,"player_choice":"AGREE","damage_taken":0,"max_hp_gain":0,"max_hp_loss":0,"event_name":"Liars Game","floor":2,"gold_loss":0,"cards_obtained":["Doubt"]},{"damage_healed":0,"gold_gain":0,"player_choice":"Entered Light","damage_taken":13,"max_hp_gain":0,"max_hp_loss":0,"event_name":"Shining Light","floor":7,"gold_loss":0,"cards_upgraded":["AbbyMod:Ab_Defend","AbbyMod:Ab_Strike"]},{"damage_healed":0,"gold_gain":0,"player_choice":"Leave","damage_taken":0,"max_hp_gain":0,"max_hp_loss":0,"event_name":"The Cleric","floor":11,"gold_loss":0},{"damage_healed":0,"gold_gain":0,"player_choice":"Fought Mushrooms","damage_taken":0,"max_hp_gain":0,"max_hp_loss":0,"event_name":"Mushrooms","floor":12,"gold_loss":0},{"damage_healed":0,"gold_gain":0,"player_choice":"Searched \u00272\u0027 times","damage_taken":0,"max_hp_gain":0,"max_hp_loss":0,"event_name":"Dead Adventurer","floor":13,"gold_loss":0},{"damage_healed":0,"gold_gain":0,"player_choice":"Ignored","damage_taken":0,"max_hp_gain":0,"max_hp_loss":0,"event_name":"Vampires","floor":19,"gold_loss":0},{"damage_healed":24,"gold_gain":0,"player_choice":"Heal","damage_taken":0,"max_hp_gain":0,"max_hp_loss":0,"event_name":"The Library","floor":21,"gold_loss":0},{"damage_healed":26,"gold_gain":0,"player_choice":"Full Heal","damage_taken":0,"max_hp_gain":0,"max_hp_loss":0,"event_name":"Wheel of Change","floor":24,"gold_loss":0},{"damage_healed":0,"gold_gain":0,"player_choice":"Ignored","damage_taken":0,"max_hp_gain":0,"max_hp_loss":0,"event_name":"N\u0027loth","floor":28,"gold_loss":0},{"damage_healed":0,"gold_gain":0,"player_choice":"Fight","damage_taken":0,"max_hp_gain":0,"max_hp_loss":0,"event_name":"MindBloom","floor":36,"gold_loss":0},{"damage_healed":0,"gold_gain":0,"player_choice":"Memory 1","damage_taken":0,"max_hp_gain":0,"max_hp_loss":0,"event_name":"SensoryStone","floor":37,"gold_loss":0},{"damage_healed":0,"gold_gain":0,"player_choice":"Ignored","damage_taken":0,"max_hp_gain":0,"max_hp_loss":0,"event_name":"Tomb of Lord Red Mask","floor":41,"gold_loss":0},{"damage_healed":0,"gold_gain":0,"player_choice":"Ignored","damage_taken":0,"max_hp_gain":0,"max_hp_loss":0,"event_name":"Mysterious Sphere","floor":47,"gold_loss":0}],"is_beta":false,"boss_relics":[{"not_picked":["Coffee Dripper","SacredBark"],"picked":"Black Star"},{"not_picked":["Tiny House","Fusion Hammer"],"picked":"beaked:MawFillet"}],"items_purged_floors":[4],"is_endless":false,"potions_floor_spawned":[3,12,20,29,30,38,48,54],"ascension_level":0}}