{"host":"u2dm6glrpyjr66v9","time":1607504497,"event":{"gold_per_floor":[112,112,128,128,140,167,178,178,201,201,212,77,111,111,111],"floor_reached":14,"playtime":344,"items_purged":[],"score":100,"play_id":"90f5bee9-137b-4aeb-aa8c-c2798ac6164a","local_time":"20201209180137","is_ascension_mode":false,"campfire_choices":[{"floor":8,"key":"REST"}],"neow_cost":"NONE","seed_source_timestamp":1185176756302100,"circlet_count":0,"master_deck":["Strike_B","Strike_B","Strike_B","Strike_B","Defend_B","Defend_B","Defend_B","Defend_B","Zap+1","Dualcast","Ball Lightning","Heatsinks","Melter","Barrage","Beam Cell","Heatsinks","Ball Lightning","Hologram","Creative AI"],"relics":["Cracked Core","NeowsBlessing","Regal Pillow","PreservedInsect"],"potions_floor_usage":[13,13],"damage_taken":[{"damage":0,"enemies":"Cultist","floor":1,"turns":1},{"damage":0,"enemies":"Small Slimes","floor":3,"turns":1},{"damage":0,"enemies":"Jaw Worm","floor":5,"turns":1},{"damage":26,"enemies":"Lagavulin","floor":6,"turns":5},{"damage":18,"enemies":"Lots of Slimes","floor":7,"turns":4},{"damage":19,"enemies":"2 Fungi Beasts","floor":11,"turns":3},{"damage":37,"enemies":"3 Sentries","floor":13,"turns":6},{"damage":12,"enemies":"3 Louse","floor":14,"turns":1}],"seed_played":"-5500063551308700188","potions_obtained":[{"floor":5,"key":"SkillPotion"},{"floor":6,"key":"Swift Potion"},{"floor":13,"key":"Strength Potion"}],"is_trial":false,"path_per_floor":["M","?","M","?","M","E","M","R","T","?","M","$","E","M"],"character_chosen":"DEFECT","items_purchased":["Heatsinks","Ball Lightning","Hologram"],"campfire_rested":1,"item_purchase_floors":[12,12,12],"current_hp_per_floor":[75,75,75,75,75,49,31,68,68,68,49,49,12,0,0],"gold":111,"neow_bonus":"THREE_ENEMY_KILL","is_prod":false,"is_daily":false,"chose_seed":false,"campfire_upgraded":0,"win_rate":0.0,"timestamp":1607504497,"path_taken":["M","?","?","?","M","E","?","R","T","?","M","$","E","M"],"build_version":"2020-11-30","purchased_purges":0,"victory":false,"max_hp_per_floor":[75,75,75,75,75,75,75,75,75,75,75,75,75,75,75],"card_choices":[{"not_picked":["Sweeping Beam","Stack"],"picked":"Ball Lightning","floor":1},{"not_picked":["Coolheaded","Consume"],"picked":"Rebound","floor":3},{"not_picked":["Compile Driver","Gash"],"picked":"Heatsinks","floor":5},{"not_picked":["Gash","White Noise"],"picked":"Melter","floor":6},{"not_picked":["Sweeping Beam","Go for the Eyes"],"picked":"Barrage","floor":7},{"not_picked":["Cold Snap","Stack"],"picked":"Beam Cell","floor":11},{"not_picked":["Scrape","Steam"],"picked":"Creative AI","floor":13}],"player_experience":38486,"relics_obtained":[{"floor":6,"key":"Regal Pillow"},{"floor":13,"key":"PreservedInsect"}],"event_choices":[{"damage_healed":0,"gold_gain":0,"player_choice":"Forge","damage_taken":0,"max_hp_gain":0,"max_hp_loss":0,"event_name":"Accursed Blacksmith","floor":2,"gold_loss":0,"cards_upgraded":["Zap"]},{"cards_removed":["Rebound"],"damage_healed":0,"gold_gain":0,"player_choice":"Card Removal","damage_taken":0,"max_hp_gain":0,"max_hp_loss":0,"event_name":"Wheel of Change","floor":4,"gold_loss":0},{"damage_healed":0,"gold_gain":0,"player_choice":"0 cards matched","damage_taken":0,"max_hp_gain":0,"max_hp_loss":0,"event_name":"Match and Keep!","floor":10,"gold_loss":0,"cards_obtained":[]}],"is_beta":false,"boss_relics":[],"items_purged_floors":[],"is_endless":false,"potions_floor_spawned":[5,6,13],"killed_by":"3 Louse","ascension_level":0}}