{"host":"raoabm19igg6waea","time":1607473953,"event":{"gold_per_floor":[119,130,130,130,55,86,86,143,143,172,188,223,242,256,256,256,256],"floor_reached":16,"playtime":880,"items_purged":["Strike_R"],"score":189,"play_id":"631bd103-4df2-478c-8be9-6665c20aeb8a","local_time":"20201209013233","is_ascension_mode":true,"campfire_choices":[{"data":"Cleave","floor":7.0,"key":"SMITH"},{"floor":15,"key":"REST"}],"neow_cost":"NONE","seed_source_timestamp":1066982240327900,"circlet_count":0,"master_deck":["Strike_R","Strike_R","Strike_R","Strike_R","Defend_R","Defend_R","Defend_R","Defend_R","Bash+1","Pommel Strike+1","Thunderclap","Cleave+1","Iron Wave","Searing Blow"],"special_seed":0,"relics":["Burning Blood","NeowsBlessing","hubris:ToyBattleship","ReplayTheSpireMod:Ninjato","Omamori","Chameleon Ring","Replay:Kaleidoscope"],"potions_floor_usage":[10,12,14,16],"damage_taken":[{"damage":3.0,"enemies":"conspire:RoseBush","floor":1.0,"turns":1.0},{"damage":0.0,"enemies":"2 Louse","floor":2.0,"turns":1.0},{"damage":0.0,"enemies":"Gremlin Nob","floor":6.0,"turns":1.0},{"damage":20.0,"enemies":"3 Sentries","floor":8.0,"turns":5.0},{"damage":35,"enemies":"Lagavulin","floor":10,"turns":4},{"damage":8,"enemies":"Jaw Worm","floor":11,"turns":4},{"damage":12,"enemies":"Gremlin Nob","floor":12,"turns":3},{"damage":15,"enemies":"Lots of Slimes","floor":13,"turns":2},{"damage":11,"enemies":"Blue Slaver","floor":14,"turns":3},{"damage":50,"enemies":"The Guardian","floor":16,"turns":13}],"seed_played":"-3246671930693148498","potions_obtained":[{"floor":2.0,"key":"construct:ShiftPotion"},{"floor":6.0,"key":"Weak Potion"},{"floor":8.0,"key":"Strength Potion"},{"floor":10,"key":"SteroidPotion"},{"floor":12,"key":"Fruit Juice"}],"is_trial":false,"path_per_floor":["M","M","?","?","$","E","R","?","T","E","M","E","M","M","R","B"],"character_chosen":"IRONCLAD","items_purchased":[],"campfire_rested":1,"item_purchase_floors":[],"current_hp_per_floor":[75,80,80,80,80,80,80,66,66,37,35,29,20,22,48,0,0],"gold":256,"neow_bonus":"THREE_ENEMY_KILL","is_prod":false,"is_daily":false,"chose_seed":false,"campfire_upgraded":1,"win_rate":0,"timestamp":1607473953,"path_taken":["M","M","?","?","$","E","R","?","T","E","M","E","M","M","R","BOSS"],"build_version":"2020-11-30","purchased_purges":1,"victory":false,"max_hp_per_floor":[80,80,80,80,80,80,80,80,80,80,80,80,80,87,87,87,87],"card_choices":[{"not_picked":["Rupture","Rage"],"picked":"Pommel Strike","floor":1.0},{"not_picked":["Abandon","Sword Boomerang"],"picked":"Thunderclap","floor":2.0},{"not_picked":["Pommel Strike","Havoc"],"picked":"Cleave","floor":6.0},{"not_picked":["ReplayTheSpireMod:Strike From Hell","True Grit"],"picked":"Iron Wave","floor":10},{"not_picked":["Sword Boomerang","Hemokinesis","Cleave"],"picked":"SKIP","floor":11},{"not_picked":["Blood for Blood","Havoc","Iron Wave"],"picked":"SKIP","floor":12},{"not_picked":["Feel No Pain","Bloodletting"],"picked":"Searing Blow","floor":13},{"not_picked":["ReplayTheSpireMod:Muscle Training","Clothesline","hubris:SharpeningStone"],"picked":"SKIP","floor":14}],"player_experience":357503,"relics_obtained":[{"floor":6.0,"key":"hubris:ToyBattleship"},{"floor":8.0,"key":"ReplayTheSpireMod:Ninjato"},{"floor":9.0,"key":"Omamori"},{"floor":10,"key":"Chameleon Ring"},{"floor":12,"key":"Replay:Kaleidoscope"}],"event_choices":[{"damage_healed":0.0,"max_hp_gain":0.0,"max_hp_loss":0.0,"gold_gain":0.0,"event_name":"Living Wall","player_choice":"Grow","floor":4.0,"gold_loss":0.0,"damage_taken":0.0,"cards_upgraded":["Bash"]},{"damage_healed":0.0,"max_hp_gain":0.0,"max_hp_loss":0.0,"gold_gain":0.0,"event_name":"Dead Adventurer","player_choice":"Searched \u00272\u0027 times","floor":8.0,"gold_loss":0.0,"damage_taken":0.0}],"is_beta":false,"boss_relics":[],"items_purged_floors":[5],"is_endless":false,"potions_floor_spawned":[2,6,8,10,12],"killed_by":"The Guardian","ascension_level":6}}