{"host":"0vd2boh2oi7jm085","time":1607515611,"event":{"gold_per_floor":[219,219,233,1,20,20,38,50,50,50,66,66,93,111,111,186,186,198,25,25,25,35,35,35,68,68,80,92,114,146,1,1,74,74,92,109,109,124,124,124,124,124],"floor_reached":41,"playtime":839,"items_purged":[],"score":725,"play_id":"4093ce2f-a4e7-4019-9e98-dc3f71514e16","local_time":"20201209040651","is_ascension_mode":true,"campfire_choices":[{"data":"Carnage","floor":6.0,"key":"SMITH"},{"data":"Immolate","floor":10.0,"key":"SMITH"},{"data":"Flex","floor":12.0,"key":"SMITH"},{"data":"Flex","floor":15.0,"key":"SMITH"},{"floor":23.0,"key":"REST"},{"floor":28.0,"key":"REST"},{"data":"Double Tap","floor":32.0,"key":"SMITH"},{"floor":40,"key":"REST"}],"neow_cost":"NONE","seed_source_timestamp":26031058059700,"circlet_count":0,"master_deck":["AscendersBane","Strike_R","Strike_R","Strike_R","Strike_R","Strike_R","Defend_R","Defend_R","Defend_R","Defend_R","Bash","Flex+1","Cleave","Carnage+1","Immolate+1","Flex+1","Pummel","Thunderclap","Demon Form","Ghostly","Ghostly","Ghostly","Double Tap+1","Demon Form+1","Blind"],"special_seed":0,"relics":["Burning Blood","InkBottle","Odd Mushroom","Philosopher\u0027s Stone","Happy Flower","MutagenicStrength","HornCleat","MawBank","Vajra","SlaversCollar"],"potions_floor_usage":[33,41,41],"damage_taken":[{"damage":9.0,"enemies":"Jaw Worm","floor":1.0,"turns":6.0},{"damage":10.0,"enemies":"Cultist","floor":3.0,"turns":5.0},{"damage":5.0,"enemies":"Small Slimes","floor":5.0,"turns":2.0},{"damage":11.0,"enemies":"Looter","floor":7.0,"turns":3.0},{"damage":0.0,"enemies":"Large Slime","floor":8.0,"turns":3.0},{"damage":10.0,"enemies":"Lots of Slimes","floor":11.0,"turns":2.0},{"damage":0.0,"enemies":"The Mushroom Lair","floor":13.0,"turns":1.0},{"damage":0.0,"enemies":"2 Fungi Beasts","floor":14.0,"turns":2.0},{"damage":7.0,"enemies":"Slime Boss","floor":16.0,"turns":7.0},{"damage":21.0,"enemies":"3 Byrds","floor":18.0,"turns":3.0},{"damage":27.0,"enemies":"Shell Parasite","floor":22.0,"turns":3.0},{"damage":17.0,"enemies":"Book of Stabbing","floor":25.0,"turns":4.0},{"damage":13.0,"enemies":"Shelled Parasite and Fungi","floor":29.0,"turns":5.0},{"damage":1.0,"enemies":"Centurion and Healer","floor":30.0,"turns":2.0},{"damage":28,"enemies":"Champ","floor":33,"turns":8},{"damage":9,"enemies":"3 Darklings","floor":35,"turns":3},{"damage":12,"enemies":"Orb Walker","floor":36,"turns":3},{"damage":14,"enemies":"Sphere and 2 Shapes","floor":38,"turns":3},{"damage":45,"enemies":"2 Orb Walkers","floor":41,"turns":2}],"seed_played":"-8574746271879326930","potions_obtained":[{"floor":1.0,"key":"Strength Potion"},{"floor":7.0,"key":"Fruit Juice"},{"floor":8.0,"key":"BloodPotion"},{"floor":25.0,"key":"DuplicationPotion"},{"floor":36,"key":"GamblersBrew"}],"is_trial":false,"path_per_floor":["M","?","M","$","M","R","M","M","T","R","M","R","?","M","R","B",null,"M","$","?","$","M","R","?","E","T","?","R","M","M","$","R","B",null,"M","M","?","M","?","R","?"],"character_chosen":"IRONCLAD","items_purchased":["Carnage","Immolate","Happy Flower","Vajra"],"campfire_rested":3,"item_purchase_floors":[4,4,19,31],"current_hp_per_floor":[65,65,61,61,62,62,62,68,68,68,64,64,70,76,76,75,79,64,64,64,64,43,67,40,29,29,37,40,33,38,38,38,16,34,31,25,25,17,17,29,0,0],"gold":124,"neow_bonus":"HUNDRED_GOLD","is_prod":false,"is_daily":false,"chose_seed":false,"campfire_upgraded":5,"win_rate":0,"timestamp":1607515611,"path_taken":["M","?","M","$","M","R","?","?","T","R","M","R","?","M","R","BOSS","M","$","?","$","M","R","?","E","T","?","R","M","M","$","R","BOSS","M","M","?","?","?","R","?"],"build_version":"2020-11-30","purchased_purges":0,"victory":false,"max_hp_per_floor":[75,75,75,75,75,75,80,80,80,80,80,80,80,80,80,80,80,80,80,80,80,80,80,40,40,40,40,40,40,40,40,40,40,40,40,40,40,40,40,40,40,40],"card_choices":[{"not_picked":["Blood for Blood","Clothesline"],"picked":"Flex","floor":1.0},{"not_picked":["Clothesline","Iron Wave"],"picked":"Cleave","floor":3.0},{"not_picked":["Clash","Rage","True Grit"],"picked":"SKIP","floor":5.0},{"not_picked":["Clash","Bludgeon"],"picked":"Flex","floor":7.0},{"not_picked":["Sword Boomerang","Armaments","Wild Strike"],"picked":"SKIP","floor":8.0},{"not_picked":["Twin Strike","Metallicize"],"picked":"Pummel","floor":11.0},{"not_picked":["Havoc","Second Wind"],"picked":"Thunderclap","floor":13.0},{"not_picked":["Armaments","Shrug It Off","Sentinel"],"picked":"SKIP","floor":14.0},{"not_picked":["Fiend Fire","Limit Break"],"picked":"Demon Form","floor":16.0},{"not_picked":["Sword Boomerang","Uppercut","True Grit"],"picked":"SKIP","floor":18.0},{"not_picked":["Clash","Dual Wield","Body Slam"],"picked":"SKIP","floor":22.0},{"not_picked":["Berserk","Shrug It Off"],"picked":"Double Tap","floor":25.0},{"not_picked":["Power Through","Flex","Armaments"],"picked":"SKIP","floor":29.0},{"not_picked":["Second Wind","Headbutt","Twin Strike"],"picked":"SKIP","floor":30.0},{"not_picked":["Bludgeon","Brutality"],"picked":"Demon Form","floor":33},{"not_picked":["Perfected Strike","Metallicize","Anger"],"picked":"SKIP","floor":35},{"not_picked":["Twin Strike+1","Anger","Pummel"],"picked":"SKIP","floor":36},{"not_picked":["Perfected Strike","Battle Trance","Clothesline"],"picked":"SKIP","floor":38},{"not_picked":["Madness","Thinking Ahead"],"picked":"Blind","floor":39}],"player_experience":71039,"relics_obtained":[{"floor":9.0,"key":"InkBottle"},{"floor":13.0,"key":"Odd Mushroom"},{"floor":25.0,"key":"HornCleat"},{"floor":26.0,"key":"MawBank"}],"event_choices":[{"damage_healed":0.0,"max_hp_gain":0.0,"max_hp_loss":0.0,"gold_gain":0.0,"event_name":"Transmorgrifier","player_choice":"Ignored","floor":2.0,"gold_loss":0.0,"damage_taken":0.0},{"damage_healed":0.0,"max_hp_gain":0.0,"max_hp_loss":0.0,"gold_gain":0.0,"event_name":"Mushrooms","player_choice":"Fought Mushrooms","floor":13.0,"gold_loss":0.0,"damage_taken":0.0},{"damage_healed":0.0,"max_hp_gain":0.0,"max_hp_loss":0.0,"gold_gain":0.0,"event_name":"Drug Dealer","player_choice":"Inject Mutagens","floor":20.0,"gold_loss":0.0,"damage_taken":0.0,"relics_obtained":["MutagenicStrength"]},{"damage_healed":0.0,"max_hp_gain":0.0,"max_hp_loss":40.0,"gold_gain":0.0,"event_name":"Ghosts","player_choice":"Became a Ghost","floor":24.0,"gold_loss":0.0,"damage_taken":0.0,"cards_obtained":["Ghostly","Ghostly","Ghostly"]},{"damage_healed":8.0,"max_hp_gain":0.0,"max_hp_loss":0.0,"gold_gain":0.0,"event_name":"The Library","player_choice":"Heal","floor":27.0,"gold_loss":0.0,"damage_taken":0.0},{"damage_healed":0,"gold_gain":0,"player_choice":"Forge","damage_taken":0,"max_hp_gain":0,"max_hp_loss":0,"event_name":"Accursed Blacksmith","floor":37,"gold_loss":0,"cards_upgraded":["Demon Form"]},{"damage_healed":0,"gold_gain":0,"player_choice":"Memory 1","damage_taken":0,"max_hp_gain":0,"max_hp_loss":0,"event_name":"SensoryStone","floor":39,"gold_loss":0},{"damage_healed":0,"gold_gain":0,"player_choice":"Fight","damage_taken":0,"max_hp_gain":0,"max_hp_loss":0,"event_name":"Mysterious Sphere","floor":41,"gold_loss":0}],"is_beta":false,"boss_relics":[{"not_picked":["Runic Dome","Sozu"],"picked":"Philosopher\u0027s Stone"},{"not_picked":["Black Star","Runic Cube"],"picked":"SlaversCollar"}],"items_purged_floors":[],"is_endless":false,"potions_floor_spawned":[1,7,8,11,13,25,29,36],"killed_by":"2 Orb Walkers","ascension_level":16}}