{"host":"ds28d883r3sz42zs","time":1607513382,"event":{"gold_per_floor":[164,184,202,152,227,227,255,271,297,297,326,3,18,18,18,18,18],"floor_reached":16,"playtime":489,"items_purged":["Strike_B"],"score":160,"play_id":"8a328414-6b81-403d-9c26-85bd3db2aa87","local_time":"20201209062942","is_ascension_mode":true,"campfire_choices":[{"data":"Barrage","floor":6,"key":"SMITH"},{"floor":10,"key":"REST"},{"data":"Barrage+1","floor":15,"key":"SMITH"}],"neow_cost":"NONE","seed_source_timestamp":633176896064600,"circlet_count":0,"master_deck":["Strike_B","Strike_B","Defend_B","Defend_B","Defend_B","Zap+1","Dualcast","Conserve Battery","Barrage+2","Cold Snap","BootSequence","Compile Driver","Compile Driver","Capacitor","Streamline"],"relics":["Cracked Core","conspire:InfiniteJournal","Tiny House","infinitespire:Beetle Shell","hubris:OldNail","Regal Pillow","Kunai"],"potions_floor_usage":[11,16],"damage_taken":[{"damage":6,"enemies":"Small Slimes","floor":1,"turns":4},{"damage":9,"enemies":"2 Louse","floor":2,"turns":2},{"damage":0,"enemies":"Cultist","floor":3,"turns":3},{"damage":17,"enemies":"3 Sentries","floor":7,"turns":9},{"damage":4,"enemies":"Blue Slaver","floor":8,"turns":3},{"damage":28,"enemies":"Gremlin Nob","floor":11,"turns":4},{"damage":0,"enemies":"Large Slime","floor":13,"turns":4},{"damage":25,"enemies":"Hexaghost","floor":16,"turns":9}],"seed_played":"5452457108964858615","potions_obtained":[{"floor":0,"key":"Ancient Potion"},{"floor":3,"key":"FearPotion"},{"floor":7,"key":"PowerPotion"},{"floor":11,"key":"Strength Potion"}],"is_trial":false,"path_per_floor":["M","M","M","?","?","R","E","M","T","R","E","$","M","?","R","B"],"character_chosen":"DEFECT","items_purchased":["Kunai"],"campfire_rested":1,"item_purchase_floors":[12],"current_hp_per_floor":[67,58,58,58,47,47,30,26,26,50,22,22,22,22,22,0,0],"gold":18,"neow_bonus":"DOUBLE_BOSS_RELIC","is_prod":false,"is_daily":false,"chose_seed":false,"campfire_upgraded":2,"win_rate":0,"timestamp":1607513382,"path_taken":["M","M","M","?","?","R","E","M","T","R","E","$","M","?","R","BOSS"],"build_version":"2020-11-30","purchased_purges":1,"victory":false,"max_hp_per_floor":[80,80,80,80,80,80,80,80,80,80,80,80,80,80,80,80,80],"relic_stats":{"Regal Pillow":0,"counters":[8,38],"Kunai":[4],"obtain_stats":[{"Regal Pillow":11,"Tiny House":0,"infinitespire:Beetle Shell":7,"Kunai":12,"Cracked Core":0,"hubris:OldNail":9,"conspire:InfiniteJournal":0},{"Regal Pillow":6,"Tiny House":0,"infinitespire:Beetle Shell":4,"Kunai":6,"Cracked Core":0,"hubris:OldNail":5,"conspire:InfiniteJournal":0},{"Regal Pillow":25,"Tiny House":0,"infinitespire:Beetle Shell":18,"Kunai":25,"Cracked Core":0,"hubris:OldNail":21,"conspire:InfiniteJournal":0}]},"card_choices":[{"not_picked":["Genetic Algorithm","Barrage"],"picked":"Conserve Battery","floor":0},{"not_picked":["StuffTheSpire:Rend","StuffTheSpire:SnapShoot"],"picked":"Barrage","floor":1},{"not_picked":["ReplayTheSpireMod:Reroute Power","Sweeping Beam"],"picked":"Cold Snap","floor":2},{"not_picked":["Conserve Battery","ReplayTheSpireMod:Dual Polarity"],"picked":"BootSequence","floor":3},{"not_picked":["Heatsinks","Panic Button"],"picked":"Compile Driver","floor":7},{"not_picked":["Leap","conspire:Rain"],"picked":"Compile Driver","floor":8},{"not_picked":["Steam Power","FTL"],"picked":"Capacitor","floor":11},{"not_picked":["StuffTheSpire:LoadUp","Panic Button"],"picked":"Streamline","floor":13}],"player_experience":714921,"relics_obtained":[{"floor":7,"key":"infinitespire:Beetle Shell"},{"floor":9,"key":"hubris:OldNail"},{"floor":11,"key":"Regal Pillow"}],"event_choices":[{"cards_removed":["Defend_B"],"damage_healed":0,"gold_gain":0,"player_choice":"Card Removal","damage_taken":0,"max_hp_gain":0,"max_hp_loss":0,"event_name":"The Cleric","floor":4,"gold_loss":50},{"damage_healed":0,"gold_gain":75,"player_choice":"Gold","damage_taken":11,"max_hp_gain":0,"max_hp_loss":0,"event_name":"betterThird:BetterGoop","floor":5,"gold_loss":0},{"cards_removed":["Strike_B"],"damage_healed":0,"gold_gain":0,"player_choice":"Offered Basic","damage_taken":0,"max_hp_gain":0,"max_hp_loss":0,"event_name":"Bonfire Elementals","floor":14,"gold_loss":0}],"is_beta":false,"boss_relics":[],"items_purged_floors":[12],"is_endless":false,"potions_floor_spawned":[3,7,11],"killed_by":"Hexaghost","ascension_level":9}}