{"host":"ds28d883r3sz42zs","time":1607531798,"event":{"gold_per_floor":[169,48,65,65,81,81,113,113,113,142,157,157,192,117,117,117,117],"floor_reached":16,"playtime":352,"items_purged":["Defend_R"],"score":280,"play_id":"42f8c5e4-07be-4a9e-952f-d17b25d8d8ad","local_time":"20201209113638","is_ascension_mode":true,"campfire_choices":[{"data":"Uppercut","floor":6,"key":"SMITH"},{"data":"Clash","floor":8,"key":"SMITH"},{"data":"Bash","floor":15,"key":"SMITH"}],"neow_cost":"PERCENT_DAMAGE","seed_source_timestamp":651721494995000,"circlet_count":0,"master_deck":["Strike_R","Strike_R","Strike_R","Strike_R","Strike_R","Defend_R","Defend_R","Bash+1","Clash+1","Clash","Burning Pact","Uppercut+1","Headbutt","Feed"],"special_seed":0,"relics":["Burning Blood","FossilizedHelix","Happy Flower","Smiling Mask","hubris:MysteriousPyramids","Golden Idol","Juzu Bracelet"],"potions_floor_usage":[16,16],"damage_taken":[{"damage":0,"enemies":"Jaw Worm","floor":1,"turns":2},{"damage":0,"enemies":"Small Slimes","floor":3,"turns":2},{"damage":0,"enemies":"Cultist","floor":5,"turns":3},{"damage":32,"enemies":"3 Sentries","floor":7,"turns":7},{"damage":0,"enemies":"Lagavulin","floor":10,"turns":3},{"damage":0,"enemies":"Looter","floor":11,"turns":1},{"damage":19,"enemies":"3 Sentries","floor":13,"turns":5}],"seed_played":"2568244291254958111","potions_obtained":[{"floor":1,"key":"DistilledChaos"},{"floor":11,"key":"BlessingOfTheForge"},{"floor":13,"key":"LiquidBronze"}],"is_trial":false,"path_per_floor":["M","$","M","?","M","R","E","R","T","E","M","?","E","?","R","B"],"character_chosen":"IRONCLAD","items_purchased":["Clash"],"campfire_rested":0,"item_purchase_floors":[2],"current_hp_per_floor":[57,57,63,56,62,62,36,36,36,42,48,48,35,35,35,0,0],"gold":117,"neow_bonus":"ONE_RARE_RELIC","is_prod":false,"is_daily":false,"chose_seed":false,"campfire_upgraded":3,"win_rate":0,"timestamp":1607531798,"path_taken":["M","$","M","?","M","R","E","R","T","E","M","?","E","?","R","BOSS"],"build_version":"2020-11-30","purchased_purges":1,"victory":false,"max_hp_per_floor":[80,80,80,80,80,80,80,80,80,80,80,74,74,74,74,74,74],"relic_stats":{"Happy Flower":[5],"counters":[8,29],"Golden Idol":7,"Juzu Bracelet":0,"Smiling Mask":0,"obtain_stats":[{"Happy Flower":7,"Golden Idol":12,"Juzu Bracelet":13,"hubris:MysteriousPyramids":10,"Smiling Mask":9,"Burning Blood":0,"FossilizedHelix":0},{"Happy Flower":4,"Golden Idol":6,"Juzu Bracelet":7,"hubris:MysteriousPyramids":5,"Smiling Mask":4,"Burning Blood":0,"FossilizedHelix":0},{"Happy Flower":14,"Golden Idol":18,"Juzu Bracelet":23,"hubris:MysteriousPyramids":17,"Smiling Mask":14,"Burning Blood":0,"FossilizedHelix":0}],"Burning Blood":42},"card_choices":[{"not_picked":["Iron Wave","Sentinel"],"picked":"Clash","floor":1},{"not_picked":["ReplayTheSpireMod:Muscle Training","Disarm"],"picked":"Burning Pact","floor":3},{"not_picked":["Armaments","Iron Wave"],"picked":"Uppercut","floor":5},{"not_picked":["Blood for Blood","Replay:Undeath\u0027s Touch","Run Through"],"picked":"SKIP","floor":7},{"not_picked":["conspire:HitWhereItHurts","Run Through","Anger"],"picked":"SKIP","floor":10},{"not_picked":["Cleave","hubris:ReadiedAction"],"picked":"Headbutt","floor":11},{"not_picked":["Barricade","Sword Boomerang","Wild Strike"],"picked":"SKIP","floor":13},{"not_picked":["Replay:Many Hands","Immolate"],"picked":"Feed","floor":14}],"player_experience":718277,"relics_obtained":[{"floor":7,"key":"Happy Flower"},{"floor":9,"key":"Smiling Mask"},{"floor":10,"key":"hubris:MysteriousPyramids"},{"floor":13,"key":"Juzu Bracelet"}],"event_choices":[{"cards_removed":["Defend_R"],"damage_healed":0,"gold_gain":0,"player_choice":"Card Removal","damage_taken":7,"max_hp_gain":0,"max_hp_loss":0,"event_name":"Golden Wing","floor":4,"gold_loss":0},{"damage_healed":0,"gold_gain":0,"player_choice":"Lose Max HP","damage_taken":0,"relics_obtained":["Golden Idol"],"max_hp_gain":0,"max_hp_loss":6,"event_name":"Golden Idol","floor":12,"gold_loss":0},{"damage_healed":0,"gold_gain":0,"player_choice":"1","damage_taken":0,"max_hp_gain":0,"max_hp_loss":0,"event_name":"betterMatch:BetterMatch","floor":14,"gold_loss":0,"cards_obtained":["betterMatch:RareCard","betterMatch:UncommonCard","betterMatch:CommonCard","betterMatch:ColorlessUncommonCard"]}],"is_beta":false,"boss_relics":[],"items_purged_floors":[2],"is_endless":false,"potions_floor_spawned":[1,11,13],"killed_by":"The Guardian","ascension_level":9}}