{"host":"v0kr0xkqfgnh389p","time":1607551852,"event":{"gold_per_floor":[110,110,110,35,45,45,74,74,97,115,130,130,160,174,174,278,278,288,213,227,239,149,180,180,215,240,240,240,252,264,88,122,133,133,237,237,280,322,367,410,458,458,503,503,527,566,6,82,133,152,152,251,251,304,13,62,97,150,171,211,211,265,265,282,282,290,341,341,443,443,457,457,556,147,147,147,153,159,159,137,137],"floor_reached":80,"playtime":5768,"items_purged":["Strike_P","ForeignInfluence"],"score":1578,"play_id":"372515a1-780f-4202-b383-38e0db277fd9","local_time":"20201209171052","is_ascension_mode":true,"campfire_choices":[{"floor":6,"key":"RECALL"},{"floor":8,"key":"REST"},{"floor":12,"key":"REST"},{"floor":34,"key":"REST"},{"floor":42,"key":"REST"},{"floor":44,"key":"REST"},{"floor":51,"key":"REST"},{"floor":61,"key":"REST"},{"floor":65,"key":"REST"},{"floor":68,"key":"DIG"},{"floor":76,"key":"REST"}],"neow_cost":"NONE","seed_source_timestamp":22288417784000,"circlet_count":0,"master_deck":["Eruption+1","Vigilance","infinitespire:SevenWalls","LikeWater","Prostrate+1","ThirdEye+1","Ragnarok","LikeWater","Alpha","CurseOfTheBell","Replay:ManipulateFuture+1","ReplayTheSpireMod:Chaos Vortex","ReplayUltimateDefense","SandsOfTime","Nirvana+1","Replay:Hum","Wallop","hubris:DuctTapeCard+2","Nirvana+1","Prostrate+1","Prostrate+1","Weave","DevaForm","Tantrum","infinitespire:Punishment","infinitespire:Punishment","FollowUp+1"],"relics":["Fusion Hammer","infinitespire:Cubic Diamond","Replay:PocketPolymizer","ReplayTheSpireMod:Lightbulb","Calling Bell","infinitespire:PuzzleCube","Replay:WaspNest","hubris:Spice","Omamori","Regal Pillow","Snack Pack","Art of War","Pet Ghost","Empty Cage","Potion Belt","hubris:DuctTape","Oddly Smooth Stone","VioletLotus","Toy Ornithopter","War Paint","Replay:Purple Gloves","Black Star","Replay:Blank Codex","Torii","hubris:ToyBattleship","Garlic"],"potions_floor_usage":[7,16,16,23,33,37,41,41,52,59,80,80,80,80,80,80,80,80,80],"damage_taken":[{"damage":0,"enemies":"Cultist","floor":1,"turns":2},{"damage":0,"enemies":"Small Slimes","floor":5,"turns":2},{"damage":1,"enemies":"Gremlin Nob","floor":7,"turns":3},{"damage":0,"enemies":"2 Louse","floor":10,"turns":2},{"damage":8,"enemies":"Lots of Slimes","floor":11,"turns":5},{"damage":7,"enemies":"3 Sentries","floor":13,"turns":6},{"damage":0,"enemies":"3 Louse","floor":14,"turns":2},{"damage":61,"enemies":"Fading Forest","floor":16,"turns":11},{"damage":0,"enemies":"Chosen","floor":18,"turns":3},{"damage":7,"enemies":"Spheric Guardian","floor":20,"turns":4},{"damage":29,"enemies":"3 Cultists","floor":21,"turns":4},{"damage":16,"enemies":"Slavers","floor":23,"turns":3},{"damage":0,"enemies":"Gremlin Leader","floor":25,"turns":4},{"damage":0,"enemies":"Snake Plant","floor":29,"turns":4},{"damage":0,"enemies":"Sentry and Sphere","floor":30,"turns":5},{"damage":0,"enemies":"Nightmare","floor":32,"turns":8},{"damage":0,"enemies":"Centurion and Healer","floor":33,"turns":5},{"damage":0,"enemies":"Champ","floor":35,"turns":5},{"damage":0,"enemies":"Orb Walker","floor":37,"turns":6},{"damage":0,"enemies":"3 Shapes","floor":38,"turns":5},{"damage":0,"enemies":"3 Darklings","floor":39,"turns":5},{"damage":0,"enemies":"Spire Growth","floor":40,"turns":4},{"damage":0,"enemies":"Writhing Mass","floor":41,"turns":7},{"damage":44,"enemies":"Maw","floor":43,"turns":5},{"damage":0,"enemies":"Spire Growth","floor":46,"turns":5},{"damage":4,"enemies":"Sphere and 2 Shapes","floor":48,"turns":5},{"damage":0,"enemies":"Nightmare","floor":49,"turns":9},{"damage":0,"enemies":"Writhing Mass","floor":50,"turns":5},{"damage":0,"enemies":"hubris:GrandSnecko","floor":52,"turns":8},{"damage":6,"enemies":"2 Louse","floor":54,"turns":4},{"damage":9,"enemies":"Small Slimes","floor":56,"turns":5},{"damage":0,"enemies":"Jaw Worm","floor":57,"turns":5},{"damage":12,"enemies":"Red Slaver","floor":58,"turns":5},{"damage":26,"enemies":"Nightmare","floor":59,"turns":7},{"damage":8,"enemies":"3 Louse","floor":60,"turns":5},{"damage":15,"enemies":"Gremlin Nob","floor":64,"turns":5},{"damage":0,"enemies":"Looter","floor":66,"turns":2},{"damage":20,"enemies":"Exordium Thugs","floor":67,"turns":4},{"damage":0,"enemies":"Fading Forest","floor":69,"turns":9},{"damage":0,"enemies":"Spheric Guardian","floor":71,"turns":1},{"damage":7,"enemies":"Shell Parasite","floor":77,"turns":4},{"damage":27,"enemies":"Book of Stabbing","floor":78,"turns":5},{"damage":62,"enemies":"Nightmare_Alpha","floor":80,"turns":5}],"seed_played":"-3949202493976044560","potions_obtained":[{"floor":5,"key":"PowerPotion"},{"floor":11,"key":"BottledMiracle"},{"floor":13,"key":"Swift Potion"},{"floor":16,"key":"SpeedPotion"},{"floor":18,"key":"Toxic Potion"},{"floor":25,"key":"Energy Potion"},{"floor":30,"key":"Languid Potion"},{"floor":39,"key":"EssenceOfSteel"},{"floor":40,"key":"Weak Potion"},{"floor":48,"key":"SkillPotion"},{"floor":50,"key":"FairyPotion"},{"floor":54,"key":"EssenceOfSteel"},{"floor":57,"key":"SpeedPotion"},{"floor":67,"key":"BlessingOfTheForge"},{"floor":71,"key":"EssenceOfSteel"},{"floor":75,"key":"infinitespire:BlackPotion"},{"floor":75,"key":"EntropicBrew"}],"is_trial":false,"path_per_floor":["M","?","?","$","M","R","E","R","T","M","M","R","E","M","R_BF","B",null,"M","?","M","M","?","E","AVR","E","T","PTL","PTL","M","M","$","NM","M","R","B",null,"M","M","M","M","M","R","M","R","T","M","$","M","NM","M","R","B",null,"M","$","M","M","M","NM","M","R","T","T","E","R","M","M","R_BF","B",null,"M","?","?","$","?","R","M","E","T","NM"],"character_chosen":"WATCHER","items_purchased":["ReplayUltimateDefense","hubris:Spice","hubris:DuctTape","hubris:Spice","Torii"],"campfire_rested":9,"item_purchase_floors":[31,47,47,55,74],"current_hp_per_floor":[72,54,54,54,54,54,53,72,72,72,64,72,65,65,72,21,80,80,80,73,44,44,28,28,28,28,28,28,30,32,32,36,38,77,80,80,80,80,80,80,80,80,40,79,79,80,88,86,88,88,88,88,88,82,80,71,73,61,45,37,72,64,64,48,48,48,30,30,40,40,40,24,24,24,24,40,35,12,12,0,0],"gold":137,"neow_bonus":"BOSS_RELIC","is_prod":false,"is_daily":false,"chose_seed":false,"campfire_upgraded":0,"win_rate":0,"timestamp":1607551852,"path_taken":["M","?","?","$","M","R","E","R","T","M","M","R","E","M","R_BF","BOSS","M","?","M","M","?","E","AVR","E","T","PTL","PTL","M","M","$","NM","M","R","BOSS","M","M","M","M","M","R","M","R","T","?","?","M","NM","M","R","BOSS","M","?","M","?","M","NM","M","R","T","?","E","R","M","M","R_BF","BOSS","M","?","?","$","?","R","?","E","T","NM"],"build_version":"2020-11-30","purchased_purges":2,"victory":false,"max_hp_per_floor":[72,72,72,72,72,72,72,72,72,72,72,72,72,72,72,72,80,80,80,80,80,80,80,80,80,80,80,80,80,80,80,80,80,80,80,80,80,80,80,80,80,80,80,80,80,80,88,88,88,88,88,88,88,88,80,80,80,72,72,72,72,64,64,48,48,48,48,48,40,40,40,40,40,40,40,40,40,32,32,32,32],"card_choices":[{"not_picked":["EmptyFist","BowlingBash","CutThroughFate"],"picked":"SKIP","floor":1},{"not_picked":["infinitespire:Fortify","infinitespire:FinalStrike"],"picked":"infinitespire:SevenWalls","floor":2},{"not_picked":["FlyingSleeves","BowlingBash","Evaluate"],"picked":"SKIP","floor":5},{"not_picked":["WheelKick","Pray"],"picked":"Adaptation","floor":7},{"not_picked":["Replay:AtTheReady","CrushJoints"],"picked":"Prostrate","floor":10},{"not_picked":["Replay:Anticipation","BowlingBash","FearNoEvil"],"picked":"SKIP","floor":11},{"not_picked":["WaveOfTheHand","Evaluate"],"picked":"Ragnarok","floor":13},{"not_picked":["Nirvana","Consecrate"],"picked":"LikeWater","floor":14},{"not_picked":["LessonLearned","SpiritShield"],"picked":"Alpha","floor":16},{"not_picked":["Evaluate+1","SashWhip","Replay:Vibes"],"picked":"SKIP","floor":18},{"not_picked":["EmptyBody","FlurryOfBlows","Replay:AtTheReady"],"picked":"SKIP","floor":20},{"not_picked":["LikeWater","CarveReality"],"picked":"Replay:ManipulateFuture+1","floor":21},{"not_picked":["Pray","Sanctity"],"picked":"Scrawl","floor":23},{"not_picked":["JustLucky","Replay:AtTheReady","Replay:ManipulateFuture"],"picked":"SKIP","floor":25},{"not_picked":["Replay:ManipulateFuture","PathToVictory","EmptyBody+1"],"picked":"SKIP","floor":29},{"not_picked":["Pray","CutThroughFate","Swivel+1"],"picked":"SKIP","floor":30},{"not_picked":["infinitespire:SealOfDarkness+","ReplayTheSpireMod:Haul"],"picked":"infinitespire:Collect","floor":32},{"not_picked":["Replay:BluntJabs+1","Replay:Cycle"],"picked":"SandsOfTime","floor":32},{"not_picked":["DeusExMachina","Sanctity+1"],"picked":"Nirvana+1","floor":33},{"not_picked":["Vault","ConjureBlade"],"picked":"Wish","floor":35},{"not_picked":["Sanctity","Consecrate+1","FollowUp"],"picked":"SKIP","floor":37},{"not_picked":["EmptyFist+1","Replay:AtTheReady","Protect+1"],"picked":"SKIP","floor":38},{"not_picked":["Collect","EmptyFist"],"picked":"Replay:Hum","floor":39},{"not_picked":["Study+1","FlyingSleeves+1","Replay:BluntJabs+1"],"picked":"SKIP","floor":40},{"not_picked":["Replay:Hum","Crescendo+1","Protect"],"picked":"SKIP","floor":41},{"not_picked":["CrushJoints","Replay:BluntJabs","SashWhip"],"picked":"SKIP","floor":43},{"not_picked":["CarveReality","Fasting2+1"],"picked":"Wish","floor":46},{"not_picked":["CrushJoints","Replay:ManipulateFuture+1"],"picked":"Nirvana+1","floor":48},{"not_picked":["EmptyBody","Halt+1"],"picked":"Prostrate+1","floor":49},{"not_picked":["InnerPeace+1","Consecrate"],"picked":"Prostrate+1","floor":50},{"not_picked":["Replay:LoomingThreat","Omniscience"],"picked":"DevaForm","floor":52},{"not_picked":["Halt","Replay:ManipulateFuture","WaveOfTheHand"],"picked":"SKIP","floor":54},{"not_picked":["CarveReality","Crescendo","FlurryOfBlows"],"picked":"SKIP","floor":56},{"not_picked":["Replay:Battleflow","FearNoEvil","SignatureMove"],"picked":"SKIP","floor":57},{"not_picked":["Consecrate","FlyingSleeves"],"picked":"hubris:SpiceAddiction","floor":58},{"not_picked":["Replay:ManipulateFuture","SpiritShield"],"picked":"Tantrum","floor":59},{"not_picked":["Perseverance","Replay:ManipulateFuture","Consecrate"],"picked":"SKIP","floor":60},{"not_picked":["Prostrate","Replay:AtTheReady"],"picked":"hubris:SpiceAddiction","floor":64},{"not_picked":["Meditate","SandsOfTime","FlurryOfBlows"],"picked":"SKIP","floor":66},{"not_picked":["Replay:AtTheReady","Pray","Meditate"],"picked":"SKIP","floor":67},{"not_picked":["Scrawl","Blasphemy"],"picked":"hubris:SpiceAddiction","floor":69},{"not_picked":["infinitespire:FutureSight","infinitespire:SevenWalls"],"picked":"infinitespire:Punishment","floor":69},{"not_picked":["FlurryOfBlows","WheelKick","EmptyFist"],"picked":"SKIP","floor":71},{"not_picked":["BowlingBash","Halt"],"picked":"FollowUp+1","floor":77},{"not_picked":["Protect","Crescendo","Halt"],"picked":"SKIP","floor":78}],"player_experience":676142,"relics_obtained":[{"floor":7,"key":"Replay:PocketPolymizer"},{"floor":13,"key":"ReplayTheSpireMod:Lightbulb"},{"floor":17,"key":"infinitespire:PuzzleCube"},{"floor":17,"key":"Replay:WaspNest"},{"floor":17,"key":"hubris:Spice"},{"floor":23,"key":"Omamori"},{"floor":25,"key":"Snack Pack"},{"floor":26,"key":"Art of War"},{"floor":32,"key":"Pet Ghost"},{"floor":45,"key":"Potion Belt"},{"floor":49,"key":"Oddly Smooth Stone"},{"floor":59,"key":"Toy Ornithopter"},{"floor":62,"key":"hubris:Spice"},{"floor":63,"key":"War Paint"},{"floor":64,"key":"hubris:Spice"},{"floor":68,"key":"Replay:Purple Gloves"},{"floor":72,"key":"Replay:Blank Codex"},{"floor":78,"key":"hubris:ToyBattleship"},{"floor":78,"key":"hubris:Spice"},{"floor":79,"key":"Garlic"}],"event_choices":[{"cards_removed":["Strike_P"],"damage_healed":0,"gold_gain":0,"player_choice":"Gave Gold","damage_taken":0,"max_hp_gain":0,"max_hp_loss":0,"event_name":"Beggar","floor":19,"gold_loss":75},{"cards_removed":["Defend_P"],"damage_healed":0,"gold_gain":0,"player_choice":"Upgrade and Remove","damage_taken":0,"max_hp_gain":0,"max_hp_loss":0,"event_name":"Designer","floor":22,"gold_loss":90,"cards_upgraded":["Eruption"]},{"damage_healed":0,"gold_gain":0,"player_choice":"Obtained Book","damage_taken":16,"max_hp_gain":0,"max_hp_loss":0,"event_name":"Cursed Tome","floor":72,"gold_loss":0},{"damage_healed":0,"gold_gain":99,"player_choice":"Stole From Cult","damage_taken":0,"max_hp_gain":0,"max_hp_loss":0,"event_name":"Nest","floor":73,"gold_loss":0},{"damage_healed":0,"gold_gain":0,"player_choice":"Got Potions","damage_taken":0,"max_hp_gain":0,"max_hp_loss":0,"event_name":"Lab","floor":75,"gold_loss":0}],"is_beta":false,"boss_relics":[{"not_picked":["hubris:Stopwatch","Painkiller Herb"],"picked":"Calling Bell"},{"not_picked":["hubris:RunicObelisk","hubris:BlackHole"],"picked":"Empty Cage"},{"not_picked":["hubris:HollowSoul","SlaversCollar"],"picked":"VioletLotus"},{"not_picked":["hubris:Spice","hubris:Spice"],"picked":"Black Star"}],"items_purged_floors":[4,74],"is_endless":true,"potions_floor_spawned":[5,11,13,16,18,25,30,39,40,48,50,54,57,67,71,77],"killed_by":"Nightmare_Alpha","ascension_level":1}}