{"host":"08sn1703g14rasc1","time":1607549180,"event":{"gold_per_floor":[111,76,76,87,100,100,100,100,100,131,0,0,0,31,43,179,191,224,236,248,220,248,289,301,328,340,377,389,401,426,454,466,478,478],"floor_reached":33,"playtime":1739,"items_purged":[],"score":393,"play_id":"429775de-4420-4256-9579-861b82b5e79b","local_time":"20201209132620","is_ascension_mode":true,"campfire_choices":[{"data":"Perfected Strike","floor":6.0,"key":"SMITH"},{"data":"Bash","floor":8.0,"key":"SMITH"},{"floor":12.0,"key":"REST"},{"floor":15.0,"key":"REST"},{"data":"Disarm","floor":24.0,"key":"SMITH"},{"floor":29,"key":"RECALL"},{"data":"Juggernaut","floor":32,"key":"SMITH"}],"neow_cost":"NONE","seed_source_timestamp":3323803514900,"circlet_count":0,"master_deck":["Strike_R+1","Strike_R+1","Strike_R+1","Strike_R+1","Strike_R+1","Defend_R+1","Defend_R+1","Defend_R+1","Defend_R+1","Bash+1","Flash of Steel","Burning Pact","Warcry","Perfected Strike+1","Infernal Blade","Bandage Up","True Grit","Disarm","Juggernaut+1","Disarm+1","Cleave","Intimidate","Seeing Red","Spot Weakness+1","Offering"],"special_seed":0,"relics":["Burning Blood","Bloody Idol","Matryoshka","Potion Belt","MawBank","SacredBark","Centennial Puzzle","Meat on the Bone","Red Skull"],"potions_floor_usage":[30,31,33],"damage_taken":[{"damage":10.0,"enemies":"Small Slimes","floor":1.0,"turns":3.0},{"damage":2.0,"enemies":"2 Louse","floor":4.0,"turns":3.0},{"damage":0.0,"enemies":"Cultist","floor":5.0,"turns":4.0},{"damage":40.0,"enemies":"Lagavulin","floor":10.0,"turns":5.0},{"damage":21.0,"enemies":"3 Sentries","floor":14.0,"turns":4.0},{"damage":15.0,"enemies":"Slime Boss","floor":16.0,"turns":8.0},{"damage":34.0,"enemies":"3 Byrds","floor":18.0,"turns":6.0},{"damage":22.0,"enemies":"Shell Parasite","floor":22.0,"turns":7.0},{"damage":54.0,"enemies":"Gremlin Leader","floor":23.0,"turns":5.0},{"damage":36.0,"enemies":"3 Cultists","floor":25.0,"turns":6.0},{"damage":41.0,"enemies":"Slavers","floor":27.0,"turns":9.0},{"damage":27,"enemies":"Snecko","floor":30,"turns":6},{"damage":7,"enemies":"Snake Plant","floor":31,"turns":3},{"damage":94,"enemies":"Champ","floor":33,"turns":13}],"seed_played":"780705078364420500","potions_obtained":[{"floor":1.0,"key":"ColorlessPotion"},{"floor":3.0,"key":"BloodPotion"},{"floor":3.0,"key":"FearPotion"},{"floor":16.0,"key":"LiquidBronze"},{"floor":18.0,"key":"SneckoOil"},{"floor":21.0,"key":"LiquidBronze"},{"floor":21.0,"key":"Regen Potion"},{"floor":21.0,"key":"CultistPotion"},{"floor":22.0,"key":"EntropicBrew"},{"floor":30,"key":"SkillPotion"}],"is_trial":false,"path_per_floor":["M","?","?","M","M","R","?","R","T","E","$","R","?","E","R","B",null,"M","?","?","?","M","E","R","M","T","E","$","R","M","M","R","B"],"character_chosen":"IRONCLAD","items_purchased":["Bandage Up","Dark Embrace"],"campfire_rested":2,"item_purchase_floors":[11,11],"current_hp_per_floor":[68,80,80,80,80,80,60,60,60,26,26,50,50,55,79,71,78,54,54,54,59,80,56,61,45,50,61,66,71,60,69,74,0,0],"gold":478,"neow_bonus":"RANDOM_COLORLESS","is_prod":false,"is_daily":false,"chose_seed":false,"campfire_upgraded":4,"win_rate":0,"timestamp":1607549180,"path_taken":["M","?","?","?","M","R","?","R","T","E","?","R","?","E","R","BOSS","M","?","?","?","?","E","R","M","T","E","?","R","M","M","R","BOSS"],"build_version":"2020-11-30","purchased_purges":0,"victory":false,"max_hp_per_floor":[80,80,80,80,80,80,80,80,80,80,80,80,80,80,80,80,80,80,80,80,80,80,80,80,80,80,80,80,80,80,80,80,80,80],"card_choices":[{"not_picked":["Impatience","Discovery"],"picked":"Flash of Steel","floor":0.0},{"not_picked":["Wild Strike","Uppercut"],"picked":"Burning Pact","floor":1.0},{"not_picked":["Entrench","Clash"],"picked":"Warcry","floor":4.0},{"not_picked":["Intimidate","Shrug It Off"],"picked":"Perfected Strike","floor":5.0},{"not_picked":["Second Wind","Clash"],"picked":"Infernal Blade","floor":10.0},{"not_picked":["Flex","Second Wind"],"picked":"Disarm","floor":14.0},{"not_picked":["Limit Break","Brutality"],"picked":"Juggernaut","floor":16.0},{"not_picked":["Uppercut+1","Clothesline+1"],"picked":"Disarm","floor":18.0},{"not_picked":["Wild Strike","Heavy Blade"],"picked":"Cleave","floor":22.0},{"not_picked":["Warcry","Havoc"],"picked":"Intimidate","floor":23.0},{"not_picked":["Flex+1","Sword Boomerang+1"],"picked":"Seeing Red","floor":25.0},{"not_picked":["Heavy Blade","Fire Breathing"],"picked":"Spot Weakness+1","floor":27.0},{"not_picked":["Uppercut","Combust"],"picked":"Offering","floor":30},{"not_picked":["Havoc+1","Twin Strike","Headbutt"],"picked":"SKIP","floor":31}],"player_experience":386392,"relics_obtained":[{"floor":9.0,"key":"Matryoshka"},{"floor":10.0,"key":"Potion Belt"},{"floor":14.0,"key":"MawBank"},{"floor":23.0,"key":"Centennial Puzzle"},{"floor":26.0,"key":"Meat on the Bone"},{"floor":27.0,"key":"Red Skull"}],"event_choices":[{"damage_healed":20.0,"max_hp_gain":0.0,"max_hp_loss":0.0,"gold_gain":0.0,"event_name":"The Cleric","player_choice":"Healed","floor":2.0,"gold_loss":35.0,"damage_taken":0.0},{"damage_healed":0.0,"max_hp_gain":0.0,"max_hp_loss":0.0,"gold_gain":0.0,"event_name":"Lab","player_choice":"Got Potions","floor":3.0,"gold_loss":0.0,"damage_taken":0.0},{"damage_healed":0.0,"max_hp_gain":0.0,"max_hp_loss":0.0,"gold_gain":0.0,"event_name":"Golden Idol","player_choice":"Take Damage","floor":7.0,"gold_loss":0.0,"damage_taken":20.0,"relics_obtained":["Golden Idol"]},{"damage_healed":0.0,"max_hp_gain":0.0,"max_hp_loss":0.0,"gold_gain":0.0,"cards_transformed":["Dark Embrace"],"event_name":"Living Wall","player_choice":"Change","floor":13.0,"gold_loss":0.0,"damage_taken":0.0,"cards_obtained":["True Grit"]},{"damage_healed":0.0,"max_hp_gain":0.0,"max_hp_loss":0.0,"gold_gain":0.0,"event_name":"Back to Basics","player_choice":"Simplicity","floor":19.0,"gold_loss":0.0,"damage_taken":0.0,"cards_upgraded":["Strike_R","Strike_R","Strike_R","Strike_R","Strike_R","Defend_R","Defend_R","Defend_R","Defend_R"]},{"damage_healed":0.0,"max_hp_gain":0.0,"max_hp_loss":0.0,"gold_gain":0.0,"event_name":"Forgotten Altar","player_choice":"Gave Idol","floor":20.0,"relics_lost":["Golden Idol"],"gold_loss":0.0,"damage_taken":0.0,"relics_obtained":["Bloody Idol"]},{"damage_healed":0.0,"max_hp_gain":0.0,"max_hp_loss":0.0,"gold_gain":0.0,"event_name":"The Woman in Blue","player_choice":"Bought 3 Potions","floor":21.0,"gold_loss":0.0,"damage_taken":0.0}],"is_beta":false,"boss_relics":[{"not_picked":["Ectoplasm","SlaversCollar"],"picked":"SacredBark"}],"items_purged_floors":[],"is_endless":false,"potions_floor_spawned":[1,4,16,18,22,30],"killed_by":"Champ","ascension_level":7}}