{"host":"v9ordiuf4xzdpttp","time":1607492127,"event":{"gold_per_floor":[156,156,237,18,54,129,129,23,23,68,68,146,146,224,224,536,536,566,481,481,562,601,601,700,211,511,607,607,685,727,727,727,727,727],"floor_reached":33,"playtime":2249,"items_purged":["Defend_G","Strike_G","Strike_G","Dodge and Roll"],"score":455,"play_id":"85f3f8fc-199f-4dc8-babc-baf23bb7d0fb","local_time":"20201209003527","daily_mods":["Vintage","DeadlyEvents","Elite Swarm","Midas"],"is_ascension_mode":true,"campfire_choices":[{"floor":11,"key":"REST"},{"floor":13,"key":"REST"},{"floor":15,"key":"REST"},{"floor":23,"key":"REST"},{"floor":32,"key":"REST"}],"neow_cost":"","seed_source_timestamp":0,"circlet_count":0,"master_deck":["Strike_G","Strike_G","Strike_G","Defend_G","Defend_G","Defend_G","Defend_G","Survivor","Neutralize","Caltrops","Dagger Throw","Envenom","Blade Dance","infinitespire:Neurotoxin+1","Noxious Fumes+1","Slice","REME_SpectralBlade","Storm of Steel+1","Burst","Night Terror","REME_GrazeFinale","Well Laid Plans","expansioncontent:DonusPower","Adrenaline","infinitespire:Collect","infinitespire:UltimateForm"],"relics":["Ring of the Snake","REME_ComplimentaryCards","construct:FoamFinger","REME_HourglassOfDeath","Pen Nib","Lantern","conspire:Flyswatter","aspiration:SneckoTail","DemoMod:Relodestone","Fusion Hammer","Centennial Puzzle","DemoMod:MeltedRock","DemoMod:OrangeGuonStone","hubris:Metronome","DemoMod:PoisonVial","MerchantsRug","Guide Book","Bag of Preparation","Old Coin","Blue Doll","aspiration:SeaSaltIceCream","Frozen Eye","Sozu","aspiration:Lifesprig","Mirror"],"potions_floor_usage":[18,24,24,27,29],"damage_taken":[{"damage":1,"enemies":"Jaw Worm","floor":1,"turns":4},{"damage":31,"enemies":"conspire:MimicChest","floor":3,"turns":6},{"damage":4,"enemies":"Small Slimes","floor":5,"turns":3},{"damage":15,"enemies":"HollowMod:MossKnight","floor":6,"turns":8},{"damage":2,"enemies":"conspire:RoseBush","floor":10,"turns":3},{"damage":23,"enemies":"3 Sentries","floor":12,"turns":5},{"damage":4,"enemies":"Lagavulin","floor":14,"turns":4},{"damage":27,"enemies":"Fading Forest","floor":16,"turns":11},{"damage":0,"enemies":"3 Byrds","floor":18,"turns":2},{"damage":49,"enemies":"Replay:Snechameleon","floor":21,"turns":4},{"damage":0,"enemies":"Shell Parasite","floor":22,"turns":2},{"damage":9,"enemies":"HollowMod:Nosk","floor":24,"turns":5},{"damage":7,"enemies":"conspire:Head Lice","floor":27,"turns":4},{"damage":0,"enemies":"Slavers","floor":29,"turns":2},{"damage":7,"enemies":"conspire:HollyBat","floor":30,"turns":4},{"damage":21,"enemies":"Pondfish","floor":33,"turns":2}],"seed_played":"7241453546579586531","potions_obtained":[{"floor":3,"key":"Block Potion"},{"floor":10,"key":"AttackPotion"},{"floor":21,"key":"Explosive Potion"},{"floor":24,"key":"Toxic Potion"},{"floor":27,"key":"Strength Potion"}],"is_trial":true,"path_per_floor":["M","?","?","$","M","E","$","$","T","M","R","E","R","E","R","B",null,"M","?","?","E","M","R","E","$","T","E","AVR","E","M","?","R_BF","B"],"character_chosen":"THE_SILENT","items_purchased":["Envenom","Blade Dance","Dodge and Roll","Lantern","Noxious Fumes+1","Slice","MerchantsRug","Well Laid Plans","Guide Book","Bag of Preparation","expansioncontent:DonusPower"],"campfire_rested":5,"item_purchase_floors":[4,4,4,7,8,8,25,25,25,25,25],"current_hp_per_floor":[69,69,38,38,34,19,9,9,9,7,28,5,26,22,37,26,52,52,52,46,3,8,23,20,20,20,13,13,13,6,6,21,0,0],"gold":727,"neow_bonus":"","is_prod":false,"is_daily":false,"chose_seed":false,"campfire_upgraded":0,"win_rate":0.0,"timestamp":1607492127,"path_taken":["M","?","?","$","M","E","?","$","T","?","R","?","R","E","R","BOSS","M","?","?","?","M","R","E","$","T","E","AVR","E","?","?","R_BF","BOSS"],"build_version":"2020-11-30","purchased_purges":4,"victory":false,"max_hp_per_floor":[70,70,70,70,70,70,70,70,70,70,70,70,70,52,52,52,52,52,52,52,52,52,52,52,52,52,52,52,52,52,52,52,52,52],"card_choices":[{"not_picked":["Bane","Choke"],"picked":"Dagger Throw","floor":3},{"not_picked":["ReplayTheSpireMod:From All Sides","After Image"],"picked":"infinitespire:Neurotoxin","floor":6},{"not_picked":["A Thousand Cuts","Phantasmal Killer"],"picked":"REME_SpectralBlade","floor":12},{"not_picked":["Tools of the Trade","Replay:Bag of Tricks"],"picked":"Storm of Steel","floor":14},{"not_picked":["Atom Bomb","Grand Finale"],"picked":"Burst","floor":16},{"not_picked":["Wraith Form v2","Malaise"],"picked":"Night Terror","floor":21},{"not_picked":["REME_ShadowForm","Envenom"],"picked":"REME_GrazeFinale","floor":24},{"not_picked":["Night Terror","Die Die Die"],"picked":"Adrenaline","floor":27},{"not_picked":["REME_SpectralBlade","Malaise","Venomology"],"picked":"SKIP","floor":29}],"player_experience":181329,"relics_obtained":[{"floor":1,"key":"construct:FoamFinger"},{"floor":5,"key":"REME_HourglassOfDeath"},{"floor":6,"key":"Pen Nib"},{"floor":9,"key":"conspire:Flyswatter"},{"floor":10,"key":"aspiration:SneckoTail"},{"floor":12,"key":"DemoMod:Relodestone"},{"floor":14,"key":"infinitespire:Lychee Nut"},{"floor":18,"key":"Centennial Puzzle"},{"floor":21,"key":"DemoMod:OrangeGuonStone"},{"floor":22,"key":"hubris:Metronome"},{"floor":24,"key":"DemoMod:PoisonVial"},{"floor":26,"key":"Old Coin"},{"floor":27,"key":"Blue Doll"},{"floor":29,"key":"DemoMod:WeirdEgg"},{"floor":30,"key":"Mirror"}],"event_choices":[{"damage_healed":0,"gold_gain":0,"player_choice":"Obtained Relic","damage_taken":0,"relics_obtained":["DemoMod:MeltedRock"],"max_hp_gain":0,"max_hp_loss":0,"event_name":"Addict","floor":19,"gold_loss":85},{"damage_healed":0,"gold_gain":0,"player_choice":"","damage_taken":6,"max_hp_gain":0,"max_hp_loss":0,"event_name":"Knowing Skull","floor":20,"potions_obtained":[],"gold_loss":0,"cards_obtained":[]},{"damage_healed":0,"gold_gain":0,"player_choice":"Bought 0 Potions","damage_taken":0,"max_hp_gain":0,"max_hp_loss":0,"event_name":"The Woman in Blue","floor":31,"gold_loss":0}],"is_beta":false,"boss_relics":[{"not_picked":["Astrolabe","relicPack:KazumaCape"],"picked":"Fusion Hammer"}],"items_purged_floors":[4,25,25,25],"is_endless":false,"potions_floor_spawned":[3,10,21,24,27,29],"killed_by":"Pondfish","ascension_level":1}}