{"host":"hjw1ay65n7jm40lc","time":1607516886,"event":{"gold_per_floor":[110,110,130,143,163,163,124,156,179,179,211,211,40,40,40,138,138,138,138,138,138,138,138,53,53,53,7,7,7,7,7,7,7,7,7,7,7,7,7,7,7],"floor_reached":40,"playtime":2824,"items_purged":["Strike_G"],"score":530,"play_id":"e7fdcb4b-38b6-4195-ac23-b8011845854f","local_time":"20201209072806","is_ascension_mode":true,"campfire_choices":[{"data":"Caltrops","floor":6,"key":"SMITH"},{"data":"Well Laid Plans","floor":10,"key":"SMITH"},{"data":"Footwork","floor":15,"key":"SMITH"},{"floor":32,"key":"REST"}],"neow_cost":"TEN_PERCENT_HP_LOSS","seed_source_timestamp":7971475130500,"circlet_count":0,"master_deck":["Defend_G","Defend_G","Defend_G","Survivor","Blade Dance","Riddle With Holes","Dagger Spray","Caltrops+1","Well Laid Plans+1","Catalyst","Footwork+1","Poisoned Stab","Dodge and Roll","Venomology","Unload","Footwork","Crippling Poison","Backflip","Deadly Poison","Crippling Poison+1","Die Die Die","Riddle With Holes+1","A Thousand Cuts+1","Heel Hook+1","PiercingWail","Writhe","Parasite","Leg Sweep+1"],"relics":["Ring of the Snake","CaptainsWheel","GremlinMask","Bag of Marbles","Nunchaku","Regal Pillow","Ectoplasm","Nilry\u0027s Codex","Dream Catcher","Question Card","Meat on the Bone","Boot","Centennial Puzzle","Astrolabe","Du-Vu Doll"],"potions_floor_usage":[16,16,23,23,25,25,25,30,31,33,33,35,35,36,36,39,40,40,40],"damage_taken":[{"damage":4,"enemies":"2 Louse","floor":1,"turns":3},{"damage":1,"enemies":"Cultist","floor":3,"turns":4},{"damage":0,"enemies":"Jaw Worm","floor":4,"turns":4},{"damage":11,"enemies":"3 Louse","floor":5,"turns":3},{"damage":6,"enemies":"3 Sentries","floor":8,"turns":7},{"damage":9,"enemies":"Lagavulin","floor":11,"turns":7},{"damage":6,"enemies":"Slime Boss","floor":16,"turns":7},{"damage":6,"enemies":"Spheric Guardian","floor":18,"turns":5},{"damage":0,"enemies":"3 Byrds","floor":21,"turns":4},{"damage":0,"enemies":"Book of Stabbing","floor":23,"turns":5},{"damage":19,"enemies":"Gremlin Leader","floor":25,"turns":6},{"damage":0,"enemies":"Snecko","floor":29,"turns":5},{"damage":0,"enemies":"3 Cultists","floor":30,"turns":5},{"damage":0,"enemies":"Cultist and Chosen","floor":31,"turns":7},{"damage":9,"enemies":"Champ","floor":33,"turns":9},{"damage":32,"enemies":"3 Darklings","floor":35,"turns":5},{"damage":30,"enemies":"2 Orb Walkers","floor":36,"turns":5},{"damage":13,"enemies":"3 Shapes","floor":37,"turns":3},{"damage":25,"enemies":"Writhing Mass","floor":39,"turns":5},{"damage":23,"enemies":"Reptomancer","floor":40,"turns":4}],"seed_played":"-7466021369458362490","potions_obtained":[{"floor":4,"key":"Fire Potion"},{"floor":5,"key":"Block Potion"},{"floor":11,"key":"BlessingOfTheForge"},{"floor":18,"key":"SneckoOil"},{"floor":23,"key":"Fruit Juice"},{"floor":25,"key":"SneckoOil"},{"floor":30,"key":"SkillPotion"},{"floor":33,"key":"ColorlessPotion"},{"floor":37,"key":"Dexterity Potion"},{"floor":39,"key":"Strength Potion"}],"is_trial":false,"path_per_floor":["M","?","M","M","M","R","$","E","T","R","E","?","$","?","R","B",null,"M","?","?","M","?","E","?","E","T","$","T","M","M","M","R","B",null,"M","?","M","?","M","E"],"character_chosen":"THE_SILENT","items_purchased":["Well Laid Plans","Footwork","Poisoned Stab","Backflip"],"campfire_rested":1,"item_purchase_floors":[7,13,13,27],"current_hp_per_floor":[59,59,58,58,47,47,47,41,41,41,32,53,53,53,53,47,63,57,41,41,41,41,41,41,27,27,27,27,39,39,39,68,59,68,36,18,17,34,21,0,0],"gold":7,"neow_bonus":"ONE_RARE_RELIC","is_prod":false,"is_daily":false,"chose_seed":false,"campfire_upgraded":3,"win_rate":0,"timestamp":1607516886,"path_taken":["M","?","M","?","M","R","?","E","T","R","E","?","$","?","R","BOSS","M","?","?","?","?","E","?","E","T","?","?","M","?","M","R","BOSS","M","?","M","?","M","E"],"build_version":"2020-11-30","purchased_purges":1,"victory":false,"max_hp_per_floor":[63,63,63,63,63,63,63,63,63,63,63,63,63,63,63,63,63,63,63,63,63,63,63,63,68,68,68,68,68,68,68,68,68,68,68,68,68,68,68,68,68],"relic_stats":{"Nunchaku":[15],"Regal Pillow":9,"Dream Catcher":1,"Centennial Puzzle":[18],"counters":[20,103],"Astrolabe":["Riddle With Holes","A Thousand Cuts","Heel Hook"],"Ectoplasm":349,"Question Card":10,"Boot":[110],"obtain_stats":[{"Regal Pillow":11,"Nilry\u0027s Codex":19,"Astrolabe":34,"GremlinMask":2,"Question Card":24,"Boot":26,"Du-Vu Doll":36,"CaptainsWheel":0,"Nunchaku":9,"Dream Catcher":23,"Centennial Puzzle":28,"Ectoplasm":17,"Bag of Marbles":8,"Ring of the Snake":0,"Meat on the Bone":25},{"Regal Pillow":6,"Nilry\u0027s Codex":8,"Astrolabe":15,"GremlinMask":1,"Question Card":10,"Boot":11,"Du-Vu Doll":17,"CaptainsWheel":0,"Nunchaku":5,"Dream Catcher":10,"Centennial Puzzle":11,"Ectoplasm":7,"Bag of Marbles":5,"Ring of the Snake":0,"Meat on the Bone":11},{"Regal Pillow":28,"Nilry\u0027s Codex":40,"Astrolabe":81,"GremlinMask":3,"Question Card":49,"Boot":55,"Du-Vu Doll":91,"CaptainsWheel":0,"Nunchaku":21,"Dream Catcher":49,"Centennial Puzzle":55,"Ectoplasm":35,"Bag of Marbles":21,"Ring of the Snake":0,"Meat on the Bone":55}],"Ring of the Snake":[40],"Meat on the Bone":48},"card_choices":[{"not_picked":["PiercingWail","Heel Hook"],"picked":"Blade Dance","floor":1},{"not_picked":["Outmaneuver","Acrobatics"],"picked":"Riddle With Holes","floor":3},{"not_picked":["PiercingWail","Endless Agony"],"picked":"Dagger Spray","floor":4},{"not_picked":["Blade Dance","Quick Slash"],"picked":"Caltrops","floor":5},{"not_picked":["Outmaneuver","Backflip","Bane"],"picked":"SKIP","floor":8},{"not_picked":["Dodge and Roll","Crippling Poison"],"picked":"Catalyst","floor":11},{"not_picked":["Bullet Time","Die Die Die"],"picked":"Venomology","floor":16},{"not_picked":["Dagger Throw","Flying Knee+1","Reflex"],"picked":"SKIP","floor":18},{"not_picked":["Poisoned Stab","Dagger Throw","Blur"],"picked":"SKIP","floor":21},{"not_picked":["Masterful Stab","Terror","Glass Knife"],"picked":"SKIP","floor":23},{"not_picked":["Masterful Stab","Terror","Glass Knife"],"picked":"SKIP","floor":23},{"not_picked":["Dodge and Roll","Skewer","Acrobatics+1"],"picked":"Crippling Poison","floor":25},{"not_picked":["Outmaneuver","Quick Slash","Endless Agony","Acrobatics+1"],"picked":"SKIP","floor":29},{"not_picked":["Flying Knee","Dodge and Roll","Eviscerate","Underhanded Strike"],"picked":"SKIP","floor":30},{"not_picked":["Outmaneuver","Deflect+1","Sucker Punch"],"picked":"Deadly Poison","floor":31},{"not_picked":["Bouncing Flask","Reflex","Dash"],"picked":"Crippling Poison+1","floor":32},{"not_picked":["Glass Knife","Phantasmal Killer","Doppelganger"],"picked":"Die Die Die","floor":33},{"not_picked":["Poisoned Stab+1","Deadly Poison","Sucker Punch+1","Backflip+1"],"picked":"SKIP","floor":35},{"not_picked":["Escape Plan+1","Backflip","Sucker Punch+1"],"picked":"PiercingWail","floor":36},{"not_picked":["Deadly Poison","Prepared","Sucker Punch","Flying Knee"],"picked":"SKIP","floor":37},{"not_picked":["Distraction","Deadly Poison","Dash+1"],"picked":"Leg Sweep+1","floor":39}],"player_experience":72838,"relics_obtained":[{"floor":8,"key":"Bag of Marbles"},{"floor":9,"key":"Nunchaku"},{"floor":11,"key":"Regal Pillow"},{"floor":19,"key":"Nilry\u0027s Codex"},{"floor":23,"key":"Dream Catcher"},{"floor":25,"key":"Meat on the Bone"},{"floor":26,"key":"Boot"},{"floor":28,"key":"Centennial Puzzle"},{"floor":36,"key":"Du-Vu Doll"}],"event_choices":[{"damage_healed":0,"gold_gain":0,"player_choice":"Trade","damage_taken":0,"relics_obtained":["GremlinMask"],"max_hp_gain":0,"max_hp_loss":0,"event_name":"FaceTrader","floor":2,"gold_loss":0},{"damage_healed":21,"gold_gain":0,"player_choice":"Banana","damage_taken":0,"max_hp_gain":0,"max_hp_loss":0,"event_name":"Big Fish","floor":12,"gold_loss":0},{"damage_healed":0,"gold_gain":0,"cards_transformed":["Strike_G"],"player_choice":"Change","damage_taken":0,"max_hp_gain":0,"max_hp_loss":0,"event_name":"Living Wall","floor":14,"gold_loss":0,"cards_obtained":["Dodge and Roll"]},{"damage_healed":0,"gold_gain":0,"player_choice":"Obtained Book","damage_taken":16,"max_hp_gain":0,"max_hp_loss":0,"event_name":"Cursed Tome","floor":19,"gold_loss":0},{"cards_removed":["Strike_G"],"damage_healed":0,"gold_gain":0,"player_choice":"Offered Basic","damage_taken":0,"max_hp_gain":0,"max_hp_loss":0,"event_name":"Bonfire Elementals","floor":20,"gold_loss":0},{"damage_healed":0,"gold_gain":0,"cards_transformed":["Strike_G","Strike_G"],"player_choice":"Became Test Subject","damage_taken":0,"max_hp_gain":0,"max_hp_loss":0,"event_name":"Drug Dealer","floor":22,"gold_loss":0,"cards_obtained":["Unload","Footwork"]},{"damage_healed":0,"gold_gain":0,"player_choice":"Obtained Relic","damage_taken":0,"relics_obtained":["Question Card"],"max_hp_gain":0,"max_hp_loss":0,"event_name":"Addict","floor":24,"gold_loss":85},{"damage_healed":0,"gold_gain":0,"player_choice":"Fight","damage_taken":0,"max_hp_gain":0,"max_hp_loss":0,"event_name":"Mysterious Sphere","floor":36,"gold_loss":0},{"damage_healed":17,"gold_gain":0,"player_choice":"Writhe","damage_taken":0,"max_hp_gain":0,"max_hp_loss":0,"event_name":"Winding Halls","floor":38,"gold_loss":0,"cards_obtained":["Writhe"]}],"is_beta":false,"boss_relics":[{"not_picked":["Coffee Dripper","Velvet Choker"],"picked":"Ectoplasm"},{"not_picked":["Fusion Hammer","Ring of the Serpent"],"picked":"Astrolabe"}],"items_purged_floors":[13],"is_endless":false,"potions_floor_spawned":[4,5,11,18,23,25,30,33,37,39],"killed_by":"Reptomancer","ascension_level":2}}