{"host":"0tgaq9vq0v96979e","time":1607487951,"event":{"gold_per_floor":[117,132,51,63,74,101,115,140,217,231,260,185,215,235,235,338,338,310,310,129,129,140,140,157,184,244,282,294,54,64,75,75,179,179,189,235,73,89,103,103,137,137,137,172,185,36,36,48,48,48,48],"floor_reached":50,"playtime":2814,"items_purged":["Strike_G","Defend_G","Strike_G"],"score":732,"play_id":"fd958c00-79b2-4cb4-ab0f-0f2ff7ebb85a","local_time":"20201208232551","is_ascension_mode":true,"campfire_choices":[{"floor":15,"key":"REST"},{"data":"Catalyst","floor":23,"key":"SMITH"},{"floor":28,"key":"REST"},{"floor":32,"key":"REST"},{"data":"Blur","floor":40,"key":"SMITH"},{"data":"Blur","floor":47,"key":"SMITH"},{"data":"Bouncing Flask","floor":49,"key":"SMITH"}],"neow_cost":"NONE","seed_source_timestamp":14114762042800,"circlet_count":0,"master_deck":["Strike_G","Strike_G+1","Defend_G","Defend_G","Defend_G","Defend_G","Survivor","Neutralize+1","Blind","Dash","Phantasmal Killer","Escape Plan","Terror","Bouncing Flask+1","Crippling Poison","Blur+1","Adrenaline","Skewer","Catalyst+1","Bane+1","Blur+1","Heel Hook","Corpse Explosion","Infinite Blades+1","Accuracy","Deflect+1","Doppelganger"],"relics":["Ring of the Snake","Snake Skull","Tiny Chest","Pear","Ginger","SlaversCollar","Whetstone","MawBank","MealTicket","Mummified Hand","Eternal Feather","Cursed Key","Omamori","Smiling Mask","Toy Ornithopter","Vajra","Oddly Smooth Stone"],"potions_floor_usage":[6,11,25,33,33,35,44,50,50],"damage_taken":[{"damage":0,"enemies":"Cultist","floor":1,"turns":4},{"damage":0,"enemies":"2 Louse","floor":2,"turns":4},{"damage":4,"enemies":"Small Slimes","floor":4,"turns":5},{"damage":6,"enemies":"2 Fungi Beasts","floor":5,"turns":5},{"damage":16,"enemies":"Gremlin Nob","floor":6,"turns":3},{"damage":6,"enemies":"Red Slaver","floor":7,"turns":3},{"damage":10,"enemies":"Lagavulin","floor":8,"turns":5},{"damage":3,"enemies":"Looter","floor":10,"turns":3},{"damage":14,"enemies":"3 Sentries","floor":11,"turns":7},{"damage":1,"enemies":"3 Louse","floor":14,"turns":4},{"damage":20,"enemies":"The Guardian","floor":16,"turns":11},{"damage":19,"enemies":"2 Thieves","floor":18,"turns":5},{"damage":8,"enemies":"3 Byrds","floor":22,"turns":5},{"damage":21,"enemies":"Sentry and Sphere","floor":24,"turns":6},{"damage":15,"enemies":"Book of Stabbing","floor":25,"turns":5},{"damage":4,"enemies":"Gremlin Leader","floor":27,"turns":4},{"damage":18,"enemies":"Snake Plant","floor":30,"turns":4},{"damage":8,"enemies":"Snecko","floor":31,"turns":3},{"damage":59,"enemies":"Champ","floor":33,"turns":11},{"damage":4,"enemies":"3 Darklings","floor":35,"turns":4},{"damage":0,"enemies":"Orb Walker","floor":38,"turns":3},{"damage":28,"enemies":"4 Shapes","floor":39,"turns":3},{"damage":39,"enemies":"Nemesis","floor":41,"turns":5},{"damage":18,"enemies":"Giant Head","floor":44,"turns":6},{"damage":8,"enemies":"Writhing Mass","floor":45,"turns":5},{"damage":0,"enemies":"3 Darklings","floor":48,"turns":3},{"damage":72,"enemies":"Time Eater","floor":50,"turns":9}],"seed_played":"8944165606134331326","potions_obtained":[{"floor":5,"key":"Fire Potion"},{"floor":6,"key":"Dexterity Potion"},{"floor":8,"key":"EssenceOfSteel"},{"floor":14,"key":"Strength Potion"},{"floor":24,"key":"GhostInAJar"},{"floor":27,"key":"Fire Potion"},{"floor":33,"key":"Fruit Juice"},{"floor":35,"key":"SteroidPotion"},{"floor":41,"key":"DistilledChaos"}],"is_trial":false,"path_per_floor":["M","M","$","M","M","E","M","E","T","M","E","$","?","M","R","B",null,"M","?","$","T","M","R","M","E","T","E","R","$","M","M","R","B",null,"M","T","$","M","M","R","E","?","T","E","M","$","R","M","R","B"],"character_chosen":"THE_SILENT","items_purchased":["Phantasmal Killer","Catalyst","Eternal Feather","Accuracy","Oddly Smooth Stone"],"campfire_rested":3,"item_purchase_floors":[3,20,29,37,46],"current_hp_per_floor":[70,70,70,66,60,44,38,28,38,35,21,21,21,20,44,24,80,61,61,61,61,53,53,32,17,17,13,37,52,34,26,62,8,85,81,81,85,85,57,72,33,33,33,20,12,27,42,42,57,0,0],"gold":48,"neow_bonus":"RANDOM_COLORLESS","is_prod":false,"is_daily":false,"chose_seed":false,"campfire_upgraded":4,"win_rate":0,"timestamp":1607487951,"path_taken":["M","M","$","M","M","E","M","E","T","M","E","$","?","M","R","BOSS","M","?","$","?","M","R","M","E","T","E","R","$","M","M","R","BOSS","M","?","$","M","M","R","E","?","T","E","?","$","R","M","R","BOSS"],"build_version":"2020-11-30","purchased_purges":3,"victory":false,"max_hp_per_floor":[70,70,70,70,70,70,70,70,80,80,80,80,80,80,80,80,80,80,80,80,80,80,80,80,80,80,80,80,80,80,80,80,85,85,85,85,85,85,85,85,85,85,85,85,85,85,85,85,85,85,85],"card_choices":[{"not_picked":["Madness","Good Instincts"],"picked":"Blind","floor":0},{"not_picked":["Backflip","Sucker Punch"],"picked":"Dash","floor":1},{"not_picked":["Sucker Punch","Tactician","Flying Knee"],"picked":"SKIP","floor":2},{"not_picked":["Deflect","Cloak And Dagger"],"picked":"Escape Plan","floor":4},{"not_picked":["Well Laid Plans","Reflex"],"picked":"Terror","floor":5},{"not_picked":["Infinite Blades","Concentrate"],"picked":"Bouncing Flask","floor":6},{"not_picked":["Flechettes","Dash"],"picked":"Crippling Poison","floor":7},{"not_picked":["Heel Hook","Distraction"],"picked":"Blur","floor":8},{"not_picked":["Setup","Deadly Poison","Dodge and Roll"],"picked":"SKIP","floor":10},{"not_picked":["Blade Dance","Setup","Backflip"],"picked":"SKIP","floor":11},{"not_picked":["Blade Dance","Acrobatics","Quick Slash"],"picked":"SKIP","floor":14},{"not_picked":["Wraith Form v2","Unload"],"picked":"Adrenaline","floor":16},{"not_picked":["Prepared","Riddle With Holes","Outmaneuver"],"picked":"SKIP","floor":18},{"not_picked":["Leg Sweep+1","Cloak And Dagger+1"],"picked":"Bane+1","floor":22},{"not_picked":["Backstab","PiercingWail"],"picked":"Blur","floor":24},{"not_picked":["Dagger Spray","Skewer+1"],"picked":"Heel Hook","floor":25},{"not_picked":["Terror+1","Underhanded Strike"],"picked":"Corpse Explosion","floor":27},{"not_picked":["Dagger Throw","Distraction","Bane"],"picked":"SKIP","floor":30},{"not_picked":["Tactician","Dodge and Roll","Flying Knee"],"picked":"SKIP","floor":31},{"not_picked":["Crippling Poison","Skewer"],"picked":"Infinite Blades+1","floor":35},{"not_picked":["Quick Slash","Flying Knee+1"],"picked":"Deflect+1","floor":38},{"not_picked":["Well Laid Plans","Expertise","Backflip"],"picked":"SKIP","floor":39},{"not_picked":["Dagger Throw","Backflip","Outmaneuver+1"],"picked":"SKIP","floor":41},{"not_picked":["Slice","Flying Knee+1"],"picked":"Doppelganger","floor":44},{"not_picked":["Sucker Punch","Backflip+1","All Out Attack+1"],"picked":"SKIP","floor":45},{"not_picked":["Quick Slash","Poisoned Stab","Deflect"],"picked":"SKIP","floor":48}],"player_experience":544231,"relics_obtained":[{"floor":6,"key":"Snake Skull"},{"floor":8,"key":"Tiny Chest"},{"floor":9,"key":"Pear"},{"floor":11,"key":"Ginger"},{"floor":21,"key":"Whetstone"},{"floor":25,"key":"MawBank"},{"floor":26,"key":"MealTicket"},{"floor":27,"key":"Mummified Hand"},{"floor":36,"key":"Omamori"},{"floor":41,"key":"Smiling Mask"},{"floor":43,"key":"Toy Ornithopter"},{"floor":44,"key":"Vajra"}],"event_choices":[{"damage_healed":0,"gold_gain":30,"player_choice":"Searched \u00271\u0027 times","damage_taken":0,"max_hp_gain":0,"max_hp_loss":0,"event_name":"Dead Adventurer","floor":13,"gold_loss":0},{"damage_healed":0,"gold_gain":0,"cards_transformed":["Strike_G"],"player_choice":"Transformed","damage_taken":0,"max_hp_gain":0,"max_hp_loss":0,"event_name":"Transmorgrifier","floor":19,"gold_loss":0,"cards_obtained":["Skewer"]},{"cards_removed":["Doubt"],"damage_healed":0,"gold_gain":0,"player_choice":"Removed Curses","damage_taken":0,"max_hp_gain":0,"max_hp_loss":0,"event_name":"Fountain of Cleansing","floor":42,"gold_loss":0}],"is_beta":false,"boss_relics":[{"not_picked":["Calling Bell","Runic Pyramid"],"picked":"SlaversCollar"},{"not_picked":["Runic Dome","Coffee Dripper"],"picked":"Cursed Key"}],"items_purged_floors":[12,20,37],"is_endless":false,"potions_floor_spawned":[5,6,8,14,24,27,33,35,41],"killed_by":"Time Eater","ascension_level":4}}