{"host":"3fg0b0yrknwgx30i","time":1607548253,"event":{"gold_per_floor":[114,127,12,187,202,229,229,250,250,250,250,325,349,0,0,119,119,140,140,140,226,226,270,270,214,264,285,25,41,41,61,61,181,181,200,218,18,36,99,142,0,0,0,0,0,0],"floor_reached":45,"playtime":2426,"items_purged":["Regret","Doubt"],"score":579,"play_id":"a5e0343f-40c7-4b19-baec-56eee0435d2d","local_time":"20201209161053","is_ascension_mode":false,"campfire_choices":[{"data":"Infinite Blades","floor":15.0,"key":"SMITH"},{"floor":24.0,"key":"REST"},{"floor":32.0,"key":"REST"},{"data":"Prepared","floor":42,"key":"SMITH"}],"neow_cost":"CURSE","seed_source_timestamp":0,"circlet_count":3,"master_deck":["Defend_G","Defend_G","Defend_G","Defend_G","Defend_G","Survivor","Neutralize","Poisoned Stab","Dagger Spray","Prepared+1","Flash of Steel","Acrobatics","Accuracy","Infinite Blades+1","A Thousand Cuts","ReplayTheSpireMod:Exploit Weakness+1","Bite","Bite","Bite","Bite","Bite","Backstab","Hidden Blade","Finisher+1","Blade Dance","Prepared","Tools of the Trade","Blade Dance+1","Blade Dance","Blade Dance+1","Acrobatics","Prepared+1"],"special_seed":0,"relics":["Ring of the Snake","Incense Burner","Circlet","Golden Idol","Pear","MealTicket","Replay:Baseball","Lee\u0027s Waffle","HoveringKite","Nilry\u0027s Codex","Snake Skull","Garlic","Replay:Ringing Soul","Darkstone Periapt","SlaversCollar","Anchor","Question Card","Red Mask","Nunchaku"],"potions_floor_usage":[],"damage_taken":[{"damage":8.0,"enemies":"Jaw Worm","floor":1.0,"turns":8.0},{"damage":0.0,"enemies":"2 Louse","floor":2.0,"turns":2.0},{"damage":8.0,"enemies":"Small Slimes","floor":5.0,"turns":3.0},{"damage":29.0,"enemies":"Replay:BlueRogue","floor":6.0,"turns":7.0},{"damage":2.0,"enemies":"3 Louse","floor":8.0,"turns":3.0},{"damage":10.0,"enemies":"Looter","floor":13.0,"turns":3.0},{"damage":71.0,"enemies":"The Guardian","floor":16.0,"turns":14.0},{"damage":14.0,"enemies":"3 Byrds","floor":18.0,"turns":5.0},{"damage":50.0,"enemies":"Gremlin Leader","floor":23.0,"turns":6.0},{"damage":7.0,"enemies":"Replay:Snechameleon","floor":25.0,"turns":6.0},{"damage":10.0,"enemies":"Spheric Guardian","floor":27.0,"turns":4.0},{"damage":21.0,"enemies":"Snecko","floor":29.0,"turns":4.0},{"damage":38.0,"enemies":"3 Cultists","floor":31.0,"turns":5.0},{"damage":66.0,"enemies":"Automaton","floor":33.0,"turns":8.0},{"damage":19.0,"enemies":"Orb Walker","floor":35.0,"turns":3.0},{"damage":26.0,"enemies":"3 Darklings","floor":36.0,"turns":4.0},{"damage":32,"enemies":"Sphere and 2 Shapes","floor":38,"turns":5},{"damage":0,"enemies":"Mind Bloom Boss Battle","floor":39,"turns":3},{"damage":13,"enemies":"R_Hoarder","floor":40,"turns":6},{"damage":71,"enemies":"Reptomancer","floor":45,"turns":2}],"seed_played":"5962721872349093531","potions_obtained":[{"floor":1.0,"key":"Adrenaline Potion"},{"floor":6.0,"key":"SpeedPotion"},{"floor":16.0,"key":"Dexterity Potion"},{"floor":18.0,"key":"Block Potion"},{"floor":21.0,"key":"ColorlessPotion"},{"floor":21.0,"key":"PowerPotion"},{"floor":29.0,"key":"LiquidBronze"},{"floor":33.0,"key":"Weak Potion"},{"floor":35.0,"key":"SkillPotion"},{"floor":39,"key":"Ancient Potion"}],"is_trial":false,"path_per_floor":["M","M","$","?","M","E","?","M","T","T","?","?","M","$","R","B",null,"M","?","?","?","T","E","R","E","T","M","$","M","$","M","R","B",null,"M","M","$","M","?","E","?","R","T","$","E"],"character_chosen":"THE_SILENT","items_purchased":["Prepared","Flash of Steel","Infinite Blades","Lee\u0027s Waffle","Swift Potion","Hidden Blade","Swift Potion","Finisher+1","Anchor","Blade Dance"],"campfire_rested":2,"item_purchase_floors":[3,3,14,14,14,28,28,28,37,37],"current_hp_per_floor":[62,62,62,62,54,25,25,23,33,33,33,22,12,82,82,11,82,68,52,52,52,52,12,29,35,35,35,53,43,58,35,55,10,72,62,44,62,41,50,52,52,52,52,67,0,0],"gold":0,"neow_bonus":"ONE_RARE_RELIC","is_prod":false,"is_daily":false,"chose_seed":false,"campfire_upgraded":2,"win_rate":0.0,"timestamp":1607548253,"path_taken":["M","M","$","?","M","E","?","M","T","?","?","?","M","$","R","BOSS","M","?","?","?","?","E","R","E","T","M","?","?","$","M","R","BOSS","M","M","$","M","?","E","?","R","T","?","E"],"build_version":"2020-11-30","purchased_purges":2,"victory":false,"max_hp_per_floor":[70,70,70,70,70,70,65,65,75,75,75,75,75,82,82,82,82,82,82,57,57,57,57,57,60,60,60,63,66,66,69,69,72,72,75,75,78,81,84,87,87,87,87,87,87,87],"card_choices":[{"not_picked":["Bane","Dodge and Roll"],"picked":"Poisoned Stab","floor":1.0},{"not_picked":["Outmaneuver","Choke"],"picked":"Dagger Spray","floor":2.0},{"not_picked":["Calculated Gamble","Dodge and Roll"],"picked":"Acrobatics","floor":5.0},{"not_picked":["Dodge and Roll","All Out Attack","Dagger Throw"],"picked":"SKIP","floor":6.0},{"not_picked":["Hidden Blade","Replay:Poison Smokescreen","Sucker Punch"],"picked":"SKIP","floor":8.0},{"not_picked":["Finisher","Die Die Die"],"picked":"Accuracy","floor":13.0},{"not_picked":["Phantasmal Killer","Die Die Die"],"picked":"A Thousand Cuts","floor":16.0},{"not_picked":["Quick Slash","Bane+1"],"picked":"ReplayTheSpireMod:Exploit Weakness+1","floor":18.0},{"not_picked":["Calculated Gamble+1","Night Terror","Deadly Poison+1"],"picked":"SKIP","floor":23.0},{"not_picked":["Bane+1","Leg Sweep"],"picked":"Backstab","floor":25.0},{"not_picked":["Outmaneuver+1","Eviscerate","Bane"],"picked":"SKIP","floor":27.0},{"not_picked":["Poisoned Stab","Prepared"],"picked":"Blade Dance","floor":29.0},{"not_picked":["Masterful Stab","Backflip"],"picked":"Prepared","floor":31.0},{"not_picked":["Glass Knife","Die Die Die"],"picked":"Tools of the Trade","floor":33.0},{"not_picked":["Leg Sweep+1","ReplayTheSpireMod:Exploit Weakness"],"picked":"Blade Dance+1","floor":35.0},{"not_picked":["ReplayTheSpireMod:The Works+1","Backflip+1","Flying Knee+1"],"picked":"SKIP","floor":36.0},{"not_picked":["Outmaneuver","Dagger Throw+1"],"picked":"Blade Dance+1","floor":38},{"not_picked":["Heel Hook","Cloak And Dagger"],"picked":"Acrobatics","floor":39},{"not_picked":["Backflip","Poisoned Stab"],"picked":"Prepared+1","floor":40}],"player_experience":87727,"relics_obtained":[{"floor":6.0,"key":"Circlet"},{"floor":9.0,"key":"Pear"},{"floor":10.0,"key":"MealTicket"},{"floor":19.0,"key":"Nilry\u0027s Codex"},{"floor":21.0,"key":"Snake Skull"},{"floor":22.0,"key":"Garlic"},{"floor":23.0,"key":"Replay:Ringing Soul"},{"floor":25.0,"key":"Darkstone Periapt"},{"floor":26.0,"key":"Circlet"},{"floor":39,"key":"Circlet"},{"floor":40,"key":"Question Card"},{"floor":43,"key":"Nunchaku"}],"event_choices":[{"damage_healed":0.0,"max_hp_gain":0.0,"max_hp_loss":0.0,"gold_gain":175.0,"event_name":"Liars Game","player_choice":"AGREE","floor":4.0,"gold_loss":0.0,"damage_taken":0.0,"cards_obtained":["Doubt"]},{"damage_healed":0.0,"max_hp_gain":0.0,"max_hp_loss":5.0,"gold_gain":0.0,"event_name":"Golden Idol","player_choice":"Lose Max HP","floor":7.0,"gold_loss":0.0,"damage_taken":0.0,"relics_obtained":["Golden Idol"]},{"damage_healed":0.0,"max_hp_gain":0.0,"max_hp_loss":0.0,"gold_gain":0.0,"event_name":"Big Fish","player_choice":"Box","floor":11.0,"gold_loss":0.0,"damage_taken":0.0,"relics_obtained":["Replay:Baseball"],"cards_obtained":["Regret"]},{"damage_healed":0.0,"max_hp_gain":0.0,"max_hp_loss":0.0,"gold_gain":75.0,"event_name":"World of Goop","player_choice":"Gather Gold","floor":12.0,"gold_loss":0.0,"damage_taken":11.0},{"damage_healed":0.0,"max_hp_gain":0.0,"max_hp_loss":0.0,"gold_gain":0.0,"event_name":"Cursed Tome","player_choice":"Obtained Book","floor":19.0,"gold_loss":0.0,"damage_taken":16.0},{"damage_healed":0.0,"max_hp_gain":0.0,"max_hp_loss":25.0,"gold_gain":0.0,"event_name":"Vampires","player_choice":"Became a vampire","floor":20.0,"gold_loss":0.0,"damage_taken":0.0,"cards_obtained":["Bite","Bite","Bite","Bite","Bite"]},{"damage_healed":0,"gold_gain":0,"player_choice":"Fight","damage_taken":0,"max_hp_gain":0,"max_hp_loss":0,"event_name":"MindBloom","floor":39,"gold_loss":0},{"damage_healed":0,"gold_gain":0,"player_choice":"Paid","damage_taken":0,"relics_obtained":["Red Mask"],"max_hp_gain":0,"max_hp_loss":0,"event_name":"Tomb of Lord Red Mask","floor":41,"gold_loss":142}],"is_beta":false,"boss_relics":[{"not_picked":["Fusion Hammer","SacredBark"],"picked":"HoveringKite"},{"not_picked":["ReplayTheSpireMod:DimensionalGlitch","Busted Crown"],"picked":"SlaversCollar"}],"items_purged_floors":[14,28],"is_endless":false,"potions_floor_spawned":[1,6,16,18,29,33,35,39],"killed_by":"Reptomancer","ascension_level":0}}