{"host":"l1pzlbpva2o8t11s","time":1607511686,"event":{"gold_per_floor":[110,110,110,123,142,142,152,102,102,137,312,339,352,352,352,352,352],"floor_reached":16,"playtime":785,"items_purged":[],"score":116,"play_id":"f54e433f-9557-4c37-9e3f-c41e6c9790d2","local_time":"20201209120126","is_ascension_mode":true,"campfire_choices":[{"data":"Static Discharge","floor":6,"key":"SMITH"},{"floor":15,"key":"REST"}],"neow_cost":"NONE","seed_source_timestamp":9852892260900,"circlet_count":0,"master_deck":["Strike_B","Strike_B","Strike_B","Defend_B","Defend_B","Defend_B","Zap+1","Dualcast","Static Discharge+1","Doubt"],"relics":["Cracked Core","Smiling Mask","Kunai","Bronze Scales"],"potions_floor_usage":[7,12],"damage_taken":[{"damage":1,"enemies":"2 Louse","floor":1,"turns":2},{"damage":0,"enemies":"Small Slimes","floor":4,"turns":3},{"damage":1,"enemies":"Cultist","floor":5,"turns":3},{"damage":2,"enemies":"Blue Slaver","floor":7,"turns":2},{"damage":16,"enemies":"Lagavulin","floor":10,"turns":5},{"damage":24,"enemies":"Gremlin Nob","floor":12,"turns":4},{"damage":1,"enemies":"Exordium Thugs","floor":13,"turns":4},{"damage":43,"enemies":"Slime Boss","floor":16,"turns":9}],"seed_played":"-381891103664900277","potions_obtained":[{"floor":4,"key":"SpeedPotion"},{"floor":5,"key":"GamblersBrew"}],"is_trial":false,"path_per_floor":["M","?","$","M","M","R","M","?","T","E","?","E","M","T","R","B"],"character_chosen":"DEFECT","items_purchased":[],"campfire_rested":1,"item_purchase_floors":[],"current_hp_per_floor":[74,67,67,67,66,66,64,64,64,48,48,24,23,23,45,2,2],"gold":352,"neow_bonus":"UPGRADE_CARD","is_prod":false,"is_daily":false,"chose_seed":false,"campfire_upgraded":1,"win_rate":0,"timestamp":1607511686,"path_taken":["M","?","$","M","M","R","M","?","T","E","?","E","M","?","R","BOSS"],"build_version":"2020-11-30","purchased_purges":0,"victory":false,"max_hp_per_floor":[75,75,75,75,75,75,75,75,75,75,75,75,75,75,75,75,75],"relic_stats":{"counters":[8,32],"Bronze Scales":[15],"Kunai":[0],"Smiling Mask":0,"obtain_stats":[{"Bronze Scales":12,"Kunai":10,"Cracked Core":0,"Smiling Mask":9},{"Bronze Scales":6,"Kunai":5,"Cracked Core":0,"Smiling Mask":4},{"Bronze Scales":19,"Kunai":15,"Cracked Core":0,"Smiling Mask":10}]},"card_choices":[{"not_picked":["Rebound","Hello World","Turbo"],"picked":"SKIP","floor":1},{"not_picked":["Steam","Beam Cell"],"picked":"Static Discharge","floor":4},{"not_picked":["Stack","Aggregate","Lockon"],"picked":"SKIP","floor":5},{"not_picked":["Conserve Battery","Coolheaded","Heatsinks"],"picked":"SKIP","floor":7},{"not_picked":["Compile Driver","Reprogram","Stack"],"picked":"SKIP","floor":10},{"not_picked":["Tempest","Skim","Stack"],"picked":"SKIP","floor":12},{"not_picked":["Coolheaded","Rebound","Heatsinks"],"picked":"SKIP","floor":13}],"player_experience":149783,"relics_obtained":[{"floor":9,"key":"Smiling Mask"},{"floor":10,"key":"Kunai"},{"floor":12,"key":"Bronze Scales"}],"event_choices":[{"cards_removed":["Strike_B"],"damage_healed":0,"gold_gain":0,"player_choice":"Card Removal","damage_taken":7,"max_hp_gain":0,"max_hp_loss":0,"event_name":"Golden Wing","floor":2,"gold_loss":0},{"cards_removed":["Defend_B"],"damage_healed":0,"gold_gain":0,"player_choice":"Card Removal","damage_taken":0,"max_hp_gain":0,"max_hp_loss":0,"event_name":"The Cleric","floor":8,"gold_loss":50},{"damage_healed":0,"gold_gain":175,"player_choice":"AGREE","damage_taken":0,"max_hp_gain":0,"max_hp_loss":0,"event_name":"Liars Game","floor":11,"gold_loss":0,"cards_obtained":["Doubt"]}],"is_beta":false,"boss_relics":[],"items_purged_floors":[],"is_endless":false,"potions_floor_spawned":[4,5],"killed_by":"Slime Boss","ascension_level":1}}