{"host":"vvp4eihuvtuugjfx","time":1607523648,"event":{"gold_per_floor":[111,0,40,58,0,0,28,42,75,90,116,116,136,163,163,163,163],"floor_reached":16,"playtime":1830,"items_purged":[],"score":125,"play_id":"293c12fc-749d-46ff-83e2-3bc692484cc6","local_time":"20201209152048","is_ascension_mode":true,"campfire_choices":[{"data":"HollowMod:VengefulVoid","floor":6,"key":"SMITH"},{"floor":15,"key":"REST"}],"neow_cost":"NONE","seed_source_timestamp":2374420929521200,"circlet_count":0,"master_deck":["HollowMod:NailStrikeStart","HollowMod:NailStrikeStart","HollowMod:NailStrikeStart","HollowMod:NailStrikeStart","HollowMod:QuickDashStart","HollowMod:QuickDashStart","HollowMod:QuickDashStart","HollowMod:QuickDashStart","HollowMod:FocusHealStart","HollowMod:PogoStrike","Flash of Steel","HollowMod:VengefulVoid+1","HollowMod:DungDefenderAura","HollowMod:SoulMaster","HollowMod:SiblingsSouls","HollowMod:AbyssShriek","HollowMod:DashSlash","HollowMod:BlackTendrils","HollowMod:WraithStrike","HollowMod:CycloneSlash","HollowMod:SharpenedShadows"],"relics":["HollowMod:VesselMask","Hallownest:BankAccountRelic","Blue Doll","Question Card","Smiling Mask","Matryoshka","Anchor"],"potions_floor_usage":[11,11,14,14],"damage_taken":[{"damage":3,"enemies":"Hallownest:2_MossCreeps","floor":1,"turns":5},{"damage":2,"enemies":"Hallownest:2_Baldur","floor":4,"turns":3},{"damage":13,"enemies":"Hallownest:eliteMossKnight","floor":7,"turns":18},{"damage":7,"enemies":"2_ Uuma","floor":8,"turns":4},{"damage":4,"enemies":"Hallownest:2_Tiktiks_1_Baldur_1_Crawlid","floor":9,"turns":13},{"damage":11,"enemies":"Hallownest:2_Tiktiks_1_Baldur_1_Crawlid","floor":10,"turns":5},{"damage":8,"enemies":"Hallownest:eliteVengeflyKing","floor":11,"turns":7},{"damage":0,"enemies":"Hallownest:monsterAspidMother","floor":12,"turns":2},{"damage":20,"enemies":"Hallownest:1_Ooma_and_2_Uuma","floor":13,"turns":6},{"damage":39,"enemies":"Hallownest:eliteCrystalGuardian","floor":14,"turns":6},{"damage":33,"enemies":"Hallownest:BossFalseKnight","floor":16,"turns":3}],"seed_played":"4845750383591327268","potions_obtained":[{"floor":4,"key":"Elixir"},{"floor":8,"key":"Strength Potion"},{"floor":10,"key":"PowerPotion"},{"floor":13,"key":"construct:ShiftPotion"}],"is_trial":false,"path_per_floor":["M","?","$","M","?","R","E","M","MIM","M","E","M","M","E","R","B"],"character_chosen":"THE_BUGKNIGHT","items_purchased":[],"campfire_rested":1,"item_purchase_floors":[],"current_hp_per_floor":[73,73,73,71,71,71,70,63,69,64,56,58,40,3,25,0,0],"gold":163,"neow_bonus":"RANDOM_COLORLESS","is_prod":false,"is_daily":false,"chose_seed":false,"campfire_upgraded":1,"win_rate":0,"timestamp":1607523648,"path_taken":["M","?","$","M","?","R","E","M","MIM","M","E","?","M","E","R","BOSS"],"build_version":"2020-11-30","purchased_purges":0,"victory":false,"max_hp_per_floor":[75,75,75,75,75,75,75,75,75,75,75,75,75,75,75,75,75],"card_choices":[{"not_picked":["Specialist","Mind Blast"],"picked":"Flash of Steel","floor":0},{"not_picked":["HollowMod:HuntersJournal","HollowMod:DoubleDash"],"picked":"HollowMod:VengefulVoid","floor":1},{"not_picked":["HollowMod:MonarchWings","HollowMod:FallenFury"],"picked":"HollowMod:DungDefenderAura","floor":4},{"not_picked":["HollowMod:GoodIntentions","HollowMod:MawleksShell"],"picked":"HollowMod:SoulMaster","floor":7},{"not_picked":["HollowMod:QuirrelsAssistance","HollowMod:DesolateDive","HollowMod:InfectedCysts"],"picked":"HollowMod:SiblingsSouls","floor":8},{"not_picked":["HollowMod:MothsMistake","HollowMod:ShadowDash","HollowMod:QuirrelsAssistance"],"picked":"HollowMod:AbyssShriek","floor":9},{"not_picked":["HollowMod:FallenFury","HollowMod:HowlingWraiths","HollowMod:InfectedCysts"],"picked":"HollowMod:DashSlash","floor":10},{"not_picked":["HollowMod:NewLittleFool","HollowMod:theNailsmith","HollowMod:QuirrelsAssistance"],"picked":"HollowMod:BlackTendrils","floor":11},{"not_picked":["HollowMod:MothsMistake","HollowMod:InfectedCysts","HollowMod:ChannelNail"],"picked":"HollowMod:WraithStrike","floor":12},{"not_picked":["HollowMod:SoulStrike","HollowMod:CornifersMapStart","HollowMod:CoiledNail"],"picked":"HollowMod:CycloneSlash","floor":13},{"not_picked":["HollowMod:GreatSlash","HollowMod:MothsMistake","HollowMod:SoulStrike"],"picked":"HollowMod:SharpenedShadows","floor":14}],"player_experience":684409,"relics_obtained":[{"floor":7,"key":"Question Card"},{"floor":9,"key":"Smiling Mask"},{"floor":11,"key":"Matryoshka"},{"floor":14,"key":"Anchor"}],"event_choices":[],"is_beta":false,"boss_relics":[],"items_purged_floors":[],"is_endless":false,"potions_floor_spawned":[4,8,10,13],"killed_by":"Hallownest:BossFalseKnight","ascension_level":1}}