{"host":"irbs4k8g1zbsytxn","time":1607477757,"event":{"gold_per_floor":[116,31,48,123,135,135,154,154,154,168,168,138,163,350,362,472,484,515,17,29,46,46,46,9,9,9],"floor_reached":25,"playtime":2473,"items_purged":["Doubt"],"score":221,"play_id":"dbcbf515-b916-4684-9b6d-b97975ad588d","local_time":"20201209093557","is_ascension_mode":true,"campfire_choices":[{"data":"Seeing Red","floor":6,"key":"SMITH"},{"data":"Barricade","floor":8,"key":"SMITH"},{"floor":11,"key":"REST"},{"data":"Body Slam","floor":15,"key":"SMITH"},{"floor":23,"key":"REST"}],"neow_cost":"BASIC_CARDS","seed_source_timestamp":1817236421378700,"circlet_count":0,"master_deck":["Strike_R","Strike_R","Strike_R","Strike_R","Defend_R","Defend_R","Defend_R","Defend_R","Bash","RobotSpaceExplorer:Defend","Barricade+1","Warcry","Metallicize","Body Slam+1","Iron Wave","Seeing Red+1","Bloodletting","Iron Wave","Immolate","Shrug It Off","Bludgeon","Entrench","Metallicize","ReplayTheSpireMod:Stacked","expansioncontent:Corrupt","The Bomb","expansioncontent:Collect","Carnage","hubris:ReadiedAction","Evolve"],"relics":["Burning Blood","Meat on the Bone","MawBank","Empty Cage","Blood Vial","ReplayTheSpireMod:ShopPack"],"potions_floor_usage":[10,13,21,25,25],"damage_taken":[{"damage":12,"enemies":"Cultist","floor":1,"turns":6},{"damage":12,"enemies":"Jaw Worm","floor":3,"turns":5},{"damage":2,"enemies":"2 Louse","floor":5,"turns":3},{"damage":22,"enemies":"Exordium Thugs","floor":7,"turns":6},{"damage":16,"enemies":"Exordium Wildlife","floor":10,"turns":5},{"damage":11,"enemies":"Looter","floor":12,"turns":4},{"damage":19,"enemies":"3 Sentries","floor":13,"turns":5},{"damage":54,"enemies":"Fading Forest","floor":16,"turns":11},{"damage":57,"enemies":"Shell Parasite","floor":18,"turns":15},{"damage":18,"enemies":"Chosen","floor":20,"turns":7},{"damage":42,"enemies":"Shelled Parasite and Fungi","floor":21,"turns":5},{"damage":73,"enemies":"Centurion and Healer","floor":25,"turns":6}],"seed_played":"720177498781439902","potions_obtained":[{"floor":7,"key":"Toxic Potion"},{"floor":13,"key":"BloodPotion"},{"floor":16,"key":"ElixirPotion"},{"floor":18,"key":"sneckomod:MuddlingPotion"},{"floor":22,"key":"FairyPotion"},{"floor":22,"key":"Block Potion"},{"floor":22,"key":"Explosive Potion"}],"is_trial":false,"path_per_floor":["M","$","M","?","M","R","M","R","T","M","R","M","E","?","R","B",null,"M","$","M","M","?","R","$","M"],"character_chosen":"IRONCLAD","items_purchased":["Metallicize","Body Slam","Metallicize","Blood Vial","ReplayTheSpireMod:Stacked","ReplayTheSpireMod:ShopPack","Evolve"],"campfire_rested":2,"item_purchase_floors":[2,2,19,19,19,19,24],"current_hp_per_floor":[74,74,68,57,61,61,45,45,45,47,71,66,69,69,69,33,80,41,41,43,21,21,45,45,0,0],"gold":9,"neow_bonus":"THREE_RARE_CARDS","is_prod":false,"is_daily":false,"chose_seed":false,"campfire_upgraded":3,"win_rate":0,"timestamp":1607477757,"path_taken":["M","$","M","?","M","R","M","R","T","M","R","M","E","?","R","BOSS","M","$","M","M","?","R","?","M"],"build_version":"2020-11-30","purchased_purges":1,"victory":false,"max_hp_per_floor":[80,80,80,80,80,80,80,80,80,80,80,80,80,80,80,80,80,80,80,80,80,80,80,80,80,80],"card_choices":[{"not_picked":["hubris:StunningStrike","Juggernaut"],"picked":"Barricade","floor":0},{"not_picked":["Clothesline","True Grit"],"picked":"Warcry","floor":1},{"not_picked":["True Grit","Perfected Strike"],"picked":"Iron Wave","floor":3},{"not_picked":["Burning Pact","True Grit"],"picked":"Seeing Red","floor":5},{"not_picked":["Replay:Undeath\u0027s Touch","Whirlwind"],"picked":"Bloodletting","floor":7},{"not_picked":["Warcry","Clothesline"],"picked":"Iron Wave","floor":10},{"not_picked":["Ghostly Armor","ReplayReversal"],"picked":"Immolate","floor":12},{"not_picked":["Life Link","Headbutt"],"picked":"Shrug It Off","floor":13},{"not_picked":["Double Tap","Brutality"],"picked":"Bludgeon","floor":16},{"not_picked":["Clothesline","Heavy Blade"],"picked":"Entrench","floor":18},{"not_picked":["ReplayTheSpireMod:Brewmster","Crow Ritual"],"picked":"expansioncontent:Corrupt","floor":19},{"not_picked":["expansioncontent:AwakenDeath","expansioncontent:PolyBeam"],"picked":"The Bomb","floor":19},{"not_picked":["expansioncontent:Sear","Replay:SS_fish_1"],"picked":"expansioncontent:Collect","floor":19},{"not_picked":["True Grit","Sword Boomerang"],"picked":"Carnage","floor":20},{"not_picked":["Cleave","hubris:CleavingFinish"],"picked":"hubris:ReadiedAction","floor":21}],"player_experience":217513,"relics_obtained":[{"floor":9,"key":"Meat on the Bone"},{"floor":13,"key":"MawBank"}],"event_choices":[{"damage_healed":0,"gold_gain":75,"player_choice":"Gold","damage_taken":11,"max_hp_gain":0,"max_hp_loss":0,"event_name":"betterThird:BetterGoop","floor":4,"gold_loss":0},{"damage_healed":0,"gold_gain":175,"player_choice":"AGREE","damage_taken":175,"max_hp_gain":0,"max_hp_loss":0,"event_name":"betterThird:BetterSerpent","floor":14,"gold_loss":0},{"damage_healed":0,"gold_gain":0,"player_choice":"Got Potions","damage_taken":0,"max_hp_gain":0,"max_hp_loss":0,"event_name":"Lab","floor":22,"gold_loss":0}],"is_beta":false,"boss_relics":[{"not_picked":["Philosopher\u0027s Stone","Painkiller Herb"],"picked":"Empty Cage"}],"items_purged_floors":[19],"is_endless":false,"potions_floor_spawned":[7,13,16,18],"killed_by":"Centurion and Healer","ascension_level":2}}