{"host":"3j2m8n0ywf988fwb","time":1607541442,"event":{"gold_per_floor":[112,112,112,40,56,56,4,4,35,35,35],"floor_reached":10,"playtime":459,"items_purged":[],"score":76,"play_id":"324896af-8023-48b5-919a-05b7641cbc7c","local_time":"20201209131722","is_ascension_mode":true,"campfire_choices":[],"neow_cost":"NONE","seed_source_timestamp":222201706032900,"circlet_count":0,"master_deck":["Strike_G","Strike_G","Strike_G","Strike_G","Defend_G","Defend_G","Defend_G","Defend_G","Defend_G","Survivor+1","Neutralize","Deadly Poison","jedi:acidrain","StuffTheSpire:ClusterCrunch","Poisoned Stab","StuffTheSpire:BrimstoneBlast"],"relics":["Ring of the Snake","aspiration:ArtOfWarUpgrade","aspiration:FetidBarrel"],"potions_floor_usage":[],"damage_taken":[{"damage":0,"enemies":"conspire:RoseBush","floor":1,"turns":5},{"damage":0,"enemies":"Jaw Worm","floor":5,"turns":6},{"damage":8,"enemies":"Small Slimes","floor":9,"turns":8},{"damage":37,"enemies":"Lagavulin","floor":10,"turns":6}],"seed_played":"2161072468526131017","potions_obtained":[{"floor":5,"key":"Death Potion"}],"is_trial":false,"path_per_floor":["M","?","?","$","M","R","$","R","MIM","E"],"character_chosen":"THE_SILENT","items_purchased":["jedi:acidrain","Poisoned Stab"],"campfire_rested":0,"item_purchase_floors":[4,7],"current_hp_per_floor":[63,41,41,41,41,41,41,41,33,0,0],"gold":35,"neow_bonus":"RANDOM_EVENT","is_prod":false,"is_daily":false,"chose_seed":false,"campfire_upgraded":0,"win_rate":0,"timestamp":1607541442,"path_taken":["M","?","?","$","?","R","?","R","MIM","E"],"build_version":"2020-11-30","purchased_purges":0,"victory":false,"max_hp_per_floor":[70,70,70,70,70,70,70,70,70,70,70],"relic_stats":{"counters":[4,25],"obtain_stats":[{"aspiration:FetidBarrel":2,"aspiration:ArtOfWarUpgrade":8,"Art of War":2,"Ring of the Snake":0},{"aspiration:FetidBarrel":1,"aspiration:ArtOfWarUpgrade":2,"Art of War":1,"Ring of the Snake":0},{"aspiration:FetidBarrel":5,"aspiration:ArtOfWarUpgrade":11,"Art of War":5,"Ring of the Snake":0}],"Ring of the Snake":[8]},"card_choices":[{"not_picked":["Underhanded Strike","Acrobatics"],"picked":"Deadly Poison","floor":1},{"not_picked":["Deflect","Backflip"],"picked":"StuffTheSpire:ClusterCrunch","floor":5},{"not_picked":["Deflect","jedi:pocketpoison"],"picked":"StuffTheSpire:BrimstoneBlast","floor":9}],"player_experience":954796,"relics_obtained":[],"event_choices":[{"damage_healed":0,"gold_gain":1,"player_choice":"Relic Relic ","damage_taken":22,"max_hp_gain":0,"max_hp_loss":0,"event_name":"betterThird:BetterScrap","floor":2,"gold_loss":0,"cards_obtained":["jedi:DeepenNeedles"]},{"cards_removed":["Strike_G"],"damage_healed":0,"gold_gain":0,"player_choice":"Forget","damage_taken":0,"max_hp_gain":0,"max_hp_loss":0,"event_name":"Living Wall","floor":3,"gold_loss":0}],"is_beta":false,"boss_relics":[],"items_purged_floors":[],"is_endless":false,"potions_floor_spawned":[5],"killed_by":"Lagavulin","ascension_level":8}}