{"host":"yllrlz30c75z9571","time":1607527263,"event":{"gold_per_floor":[115,58,70,89,103,103,103,103,103,138,165,182,182,107,128,165,165,286,286,323,362,71,97,121,121,121],"floor_reached":24,"playtime":1742,"items_purged":[],"score":200,"play_id":"bdc5a9a7-05ca-4b58-b6ed-4a0a805d44d3","local_time":"20201209152103","is_ascension_mode":false,"campfire_choices":[{"data":"blackbeard:Cutlass","floor":6,"key":"SMITH"},{"floor":9,"key":"REST"},{"floor":17,"key":"REST"}],"neow_cost":"NONE","seed_source_timestamp":447820002018600,"circlet_count":0,"master_deck":["blackbeard:BlackbeardStrike","blackbeard:BlackbeardStrike","blackbeard:BlackbeardStrike","blackbeard:BlackbeardStrike","blackbeard:IntimidatingStrike","blackbeard:BlackbeardDefend","blackbeard:BlackbeardDefend","blackbeard:BlackbeardDefend","blackbeard:BlackbeardDefend","blackbeard:Cutlass+1","blackbeard:WeaponMastery","blackbeard:Fencing","blackbeard:GoldenStrike","blackbeard:CloakAndCannonball","blackbeard:Spear","blackbeard:BeatUp","blackbeard:ReapersScythe","blackbeard:Sword","blackbeard:Bandana","blackbeard:TerrorOfTheSeas","blackbeard:CaptainsCabin","blackbeard:GoldenGuillotine","hubris:Wrath","hubris:Despair","stsjorbsmod:Procrastination","blackbeard:GoldenDefense","blackbeard:WiseDefense","blackbeard:RearmingStrike","blackbeard:CannonballSupply"],"relics":["blackbeard:LoadTheCannons","HushsDoor","KeepersGift","Art of War","hubris:Icosahedron","Replay:Ancient Bell","infinitespire:Lucky Rock","Replay:WaspNest","halation:SwordOfLegend","infinitespire:Midas Blood"],"potions_floor_usage":[18,21,23],"damage_taken":[{"damage":10,"enemies":"conspire:RoseBush","floor":1,"turns":3},{"damage":2,"enemies":"2 Louse","floor":3,"turns":3},{"damage":7,"enemies":"Cultist","floor":4,"turns":4},{"damage":5,"enemies":"2 Fungi Beasts","floor":5,"turns":3},{"damage":38,"enemies":"HollowMod:MossKnight","floor":10,"turns":7},{"damage":16,"enemies":"Lots of Slimes","floor":12,"turns":4},{"damage":5,"enemies":"conspire:2 RoseBushes","floor":15,"turns":4},{"damage":5,"enemies":"2 Fungi Beasts","floor":16,"turns":4},{"damage":17,"enemies":"Hexaghost","floor":18,"turns":9},{"damage":27,"enemies":"theJungle:MUSHROOMGANG","floor":20,"turns":3},{"damage":11,"enemies":"theJungle:GiantWrat","floor":21,"turns":5},{"damage":29,"enemies":"Snake Plant","floor":23,"turns":2},{"damage":29,"enemies":"theJungle:2_Snecko_Cultists","floor":24,"turns":2}],"seed_played":"-1437668219172341013","potions_obtained":[{"floor":5,"key":"sneckomod:MuddlingPotion"},{"floor":10,"key":"Doom Potion"},{"floor":15,"key":"Strength Potion"},{"floor":21,"key":"PowerPotion"},{"floor":23,"key":"EntropicBrew"}],"is_trial":false,"path_per_floor":["M","$","M","M","M","R","PTL","PTL","R","E","T","M","?","$","M","M","R","B",null,"M","M","$","M","M"],"character_chosen":"BLACKBEARD_CLASS","items_purchased":["blackbeard:GoldenStrike","blackbeard:Bandana","infinitespire:Midas Blood","blackbeard:RearmingStrike"],"campfire_rested":2,"item_purchase_floors":[2,14,22,22],"current_hp_per_floor":[65,65,63,56,51,51,51,51,73,35,35,19,19,19,14,9,31,14,75,48,45,45,16,0,0,0],"gold":121,"neow_bonus":"ONE_RANDOM_RARE_CARD","is_prod":false,"is_daily":false,"chose_seed":false,"campfire_upgraded":1,"win_rate":0.0,"timestamp":1607527263,"path_taken":["M","$","M","M","M","R","PTL","PTL","R","E","T","M","?","$","M","M","R","BOSS","M","M","$","M","M"],"build_version":"2020-11-30","purchased_purges":0,"victory":false,"max_hp_per_floor":[75,75,75,75,75,75,75,75,75,75,75,75,75,75,75,75,75,75,75,75,75,75,75,75,75,75],"card_choices":[{"not_picked":["blackbeard:InfiniteBarrage","blackbeard:TacticalRetreat"],"picked":"blackbeard:Fencing","floor":1},{"not_picked":["blackbeard:Sharpening","blackbeard:SwordDance"],"picked":"blackbeard:CloakAndCannonball","floor":3},{"not_picked":["blackbeard:PiratesWill","Bomb"],"picked":"blackbeard:Spear","floor":4},{"not_picked":["blackbeard:Dagger","blackbeard:Provisioning"],"picked":"blackbeard:BeatUp","floor":5},{"not_picked":["blackbeard:DangerousBlow","blackbeard:Eyepatch"],"picked":"blackbeard:ReapersScythe","floor":10},{"not_picked":["blackbeard:Upgrade","blackbeard:Toast"],"picked":"blackbeard:Sword","floor":12},{"not_picked":["blackbeard:DeadlyArsenal","blackbeard:WiseDefense"],"picked":"blackbeard:TerrorOfTheSeas","floor":15},{"not_picked":["blackbeard:SwordDance","blackbeard:Anchor"],"picked":"blackbeard:CaptainsCabin","floor":16},{"not_picked":["blackbeard:MegaUpgrade","blackbeard:Parrot"],"picked":"blackbeard:GoldenGuillotine","floor":18},{"not_picked":["Harmlessness","Hallucinations"],"picked":"hubris:Wrath","floor":19},{"not_picked":["stsjorbsmod:Amnesia","hubris:Sloth"],"picked":"hubris:Despair","floor":19},{"not_picked":["stsjorbsmod:Withering","ReplayTheSpireMod:Faulty Equipment"],"picked":"stsjorbsmod:Procrastination","floor":19},{"not_picked":["blackbeard:SmithingHammer","blackbeard:GhostInTheRum"],"picked":"blackbeard:GoldenDefense","floor":20},{"not_picked":["blackbeard:DeadlyArsenal","blackbeard:GoldenStrike"],"picked":"blackbeard:WiseDefense","floor":21},{"not_picked":["blackbeard:Fencing+1","blackbeard:GoldenDefense"],"picked":"blackbeard:CannonballSupply","floor":23}],"player_experience":86658,"relics_obtained":[{"floor":11,"key":"Art of War"}],"event_choices":[],"is_beta":false,"boss_relics":[{"not_picked":["Snecko Eye","Busted Crown"],"picked":"Replay:Ancient Bell"},{"not_picked":["StuffTheSpire:TintedRock","Boot"],"picked":"infinitespire:Lucky Rock"},{"not_picked":["hubris:TinFlute","TuHaoJin"],"picked":"Replay:WaspNest"},{"not_picked":["CCEMRelics:Francisca","halation:BlackBeret"],"picked":"halation:SwordOfLegend"},{"not_picked":[]}],"items_purged_floors":[],"is_endless":false,"potions_floor_spawned":[5,10,15,16,21,23],"killed_by":"theJungle:2_Snecko_Cultists","ascension_level":0}}