{"host":"uxq2rly8rxtwffuf","time":1607511569,"event":{"gold_per_floor":[115,130,150,225,195,195,51,51,75,75,75],"floor_reached":10,"playtime":329,"items_purged":[],"score":95,"play_id":"253fcfec-44eb-4a32-9506-50d0a413d503","local_time":"20201209135929","is_ascension_mode":true,"campfire_choices":[{"data":"Koishi:SubterraneanRose","floor":6,"key":"SMITH"}],"neow_cost":"NONE","seed_source_timestamp":1114019569633445,"circlet_count":0,"master_deck":["AscendersBane","Koishi:BasicStrike","Koishi:BasicStrike","Koishi:BasicStrike","Koishi:BasicStrike","Koishi:BasicDefend","Koishi:BasicDefend","Koishi:BasicDefend","Koishi:BasicDefend","Koishi:Provoke","Koishi:HauntingSlash","Koishi:FreudianInstinct","Koishi:IdleWhim","Koishi:SubterraneanRose+1","Koishi:Bloodlust"],"relics":["Koishi:ImaginaryFriend","PreservedInsect","Anchor"],"potions_floor_usage":[3,5],"damage_taken":[{"damage":7,"enemies":"2 Louse","floor":1,"turns":3},{"damage":4,"enemies":"Jaw Worm","floor":2,"turns":7},{"damage":5,"enemies":"Small Slimes","floor":3,"turns":4},{"damage":2,"enemies":"Looter","floor":5,"turns":4},{"damage":44,"enemies":"Lagavulin","floor":10,"turns":6}],"seed_played":"4068777489883828644","potions_obtained":[{"floor":1,"key":"Dexterity Potion"},{"floor":2,"key":"PowerPotion"}],"is_trial":false,"path_per_floor":["M","M","M","?","M","R","$","?","T","E"],"character_chosen":"KOISHI","items_purchased":["PreservedInsect"],"campfire_rested":0,"item_purchase_floors":[7],"current_hp_per_floor":[50,50,46,35,33,33,33,38,38,0,0],"gold":75,"neow_bonus":"TEN_PERCENT_HP_BONUS","is_prod":false,"is_daily":false,"chose_seed":false,"campfire_upgraded":1,"win_rate":0,"timestamp":1607511569,"path_taken":["M","M","M","?","M","R","$","?","T","E"],"build_version":"2020-11-30","purchased_purges":0,"victory":false,"max_hp_per_floor":[62,62,62,62,62,62,62,67,67,67,67],"card_choices":[{"not_picked":["Koishi:JumpScare","Koishi:PredatoryInstincts"],"picked":"Koishi:FreudianInstinct","floor":1},{"not_picked":["Koishi:UnansweredLove","Koishi:UnseenTerror"],"picked":"Koishi:IdleWhim","floor":2},{"not_picked":["Koishi:ApparitionsStalkTheNight","Koishi:Jaunt"],"picked":"Koishi:SubterraneanRose","floor":3},{"not_picked":["Koishi:ApparitionsStalkTheNight","Koishi:UnseenTerror"],"picked":"Koishi:Bloodlust","floor":5}],"player_experience":1318379,"relics_obtained":[{"floor":9,"key":"Anchor"}],"event_choices":[{"damage_healed":0,"gold_gain":75,"player_choice":"Gather Gold","damage_taken":11,"max_hp_gain":0,"max_hp_loss":0,"event_name":"World of Goop","floor":4,"gold_loss":0},{"damage_healed":0,"gold_gain":0,"player_choice":"Donut","damage_taken":0,"max_hp_gain":5,"max_hp_loss":0,"event_name":"Big Fish","floor":8,"gold_loss":0}],"is_beta":false,"boss_relics":[],"items_purged_floors":[],"is_endless":false,"potions_floor_spawned":[1,2],"killed_by":"Lagavulin","ascension_level":14}}