{"host":"dntw6kil9p09eemm","time":1607540136,"event":{"gold_per_floor":[119,129,129,54,64,64,89,101,128,146,157,37,51,64,64,168,218,228,228,128,128,178,178,178,178,205,220,220,220,220,231,231,231,231],"floor_reached":33,"playtime":1098,"items_purged":["Defend_B","Decay"],"score":247,"play_id":"820e9acc-56da-4df9-8e39-4758e5539653","local_time":"20201210035536","is_ascension_mode":false,"campfire_choices":[{"data":"Zap","floor":6.0,"key":"SMITH"},{"floor":15.0,"key":"REST"},{"data":"Dualcast","floor":23,"key":"SMITH"},{"data":"Turbo","floor":25,"key":"SMITH"},{"floor":32,"key":"REST"}],"neow_cost":"NONE","seed_source_timestamp":60264974890000,"circlet_count":0,"master_deck":["Strike_B+1","Strike_B","Defend_B","Defend_B","Defend_B","Zap+1","Dualcast+1","Turbo+1","Lockon","Rebound","Turbo","Sweeping Beam","Leap","Defragment","Sweeping Beam","Redo","Core Surge","Redo","Conserve Battery","Redo"],"special_seed":0,"relics":["Cracked Core","Vajra","MerchantsRug","Tiny House","Bag of Preparation","Incense Burner"],"potions_floor_usage":[33,33],"damage_taken":[{"damage":0.0,"enemies":"2 Louse","floor":1.0,"turns":3.0},{"damage":0.0,"enemies":"Cultist","floor":2.0,"turns":4.0},{"damage":6.0,"enemies":"Jaw Worm","floor":5.0,"turns":2.0},{"damage":31.0,"enemies":"Lagavulin","floor":7.0,"turns":5.0},{"damage":10.0,"enemies":"Exordium Thugs","floor":8.0,"turns":3.0},{"damage":4.0,"enemies":"2 Fungi Beasts","floor":10.0,"turns":2.0},{"damage":0.0,"enemies":"Blue Slaver","floor":11.0,"turns":2.0},{"damage":1.0,"enemies":"3 Louse","floor":13.0,"turns":2.0},{"damage":0.0,"enemies":"Exordium Wildlife","floor":14.0,"turns":1.0},{"damage":40.0,"enemies":"The Guardian","floor":16.0,"turns":8.0},{"damage":1.0,"enemies":"Chosen","floor":18.0,"turns":4.0},{"damage":11,"enemies":"Spheric Guardian","floor":27,"turns":4},{"damage":30,"enemies":"Snake Plant","floor":31,"turns":3},{"damage":87,"enemies":"Automaton","floor":33,"turns":10}],"seed_played":"-879815635802789592","potions_obtained":[{"floor":3.0,"key":"FocusPotion"},{"floor":3.0,"key":"GamblersBrew"},{"floor":3.0,"key":"EssenceOfDarkness"},{"floor":13.0,"key":"Weak Potion"},{"floor":16.0,"key":"FairyPotion"}],"is_trial":false,"path_per_floor":["M","M","?","$","M","R","E","M","T","M","M","$","M","M","R","B",null,"M","?","$","?","$","R","?","R","T","M","T","$","$","M","R","B"],"character_chosen":"DEFECT","items_purchased":["MerchantsRug"],"campfire_rested":2,"item_purchase_floors":[12],"current_hp_per_floor":[75,75,75,75,69,69,38,28,28,24,24,24,23,23,45,5,80,79,79,79,63,63,63,63,63,63,52,52,52,52,22,46,0,0],"gold":231,"neow_bonus":"REMOVE_CARD","is_prod":false,"is_daily":false,"chose_seed":false,"campfire_upgraded":3,"win_rate":0,"timestamp":1607540136,"path_taken":["M","M","?","?","M","R","E","M","T","M","M","$","M","?","R","BOSS","M","?","?","?","?","R","?","R","T","M","?","?","$","M","R","BOSS"],"build_version":"2020-11-30","purchased_purges":2,"victory":false,"max_hp_per_floor":[75,75,75,75,75,75,75,75,75,75,75,75,75,75,75,75,80,80,80,80,80,80,80,80,80,80,80,80,80,80,80,80,80,80],"card_choices":[{"not_picked":["Loop","Sweeping Beam"],"picked":"Turbo","floor":1.0},{"not_picked":["Go for the Eyes","Cold Snap"],"picked":"Lockon","floor":2.0},{"not_picked":["Coolheaded","Compile Driver"],"picked":"Rebound","floor":5.0},{"not_picked":["Hologram","Scrape"],"picked":"Turbo","floor":7.0},{"not_picked":["Lockon","Amplify"],"picked":"Sweeping Beam","floor":8.0},{"not_picked":["Coolheaded","Hologram"],"picked":"Leap","floor":10.0},{"not_picked":["Sweeping Beam","Hologram"],"picked":"Defragment","floor":11.0},{"not_picked":["BootSequence","Storm"],"picked":"Sweeping Beam","floor":13.0},{"not_picked":["Conserve Battery","Hologram"],"picked":"Redo","floor":14.0},{"not_picked":["Reboot","Rainbow"],"picked":"Core Surge","floor":16.0},{"not_picked":["Fusion","Leap"],"picked":"Redo","floor":17.0},{"not_picked":["Redo","Beam Cell"],"picked":"Conserve Battery","floor":18.0},{"not_picked":["White Noise","Rebound"],"picked":"Redo","floor":27},{"not_picked":["Consume","Rebound","Steam"],"picked":"SKIP","floor":31}],"player_experience":86513,"relics_obtained":[{"floor":7.0,"key":"Vajra"},{"floor":9.0,"key":"Toy Ornithopter"},{"floor":21,"key":"Nilry\u0027s Codex"},{"floor":26,"key":"Bag of Preparation"},{"floor":28,"key":"Incense Burner"}],"event_choices":[{"damage_healed":0.0,"max_hp_gain":0.0,"max_hp_loss":0.0,"gold_gain":0.0,"event_name":"Lab","player_choice":"Got Potions","floor":3.0,"gold_loss":0.0,"damage_taken":0.0},{"damage_healed":0,"gold_gain":0,"player_choice":"Cursed","damage_taken":0,"max_hp_gain":0,"max_hp_loss":0,"event_name":"Wheel of Change","floor":19,"gold_loss":0,"cards_obtained":["Decay"]},{"damage_healed":0,"gold_gain":0,"player_choice":"Obtained Book","damage_taken":16,"max_hp_gain":0,"max_hp_loss":0,"event_name":"Cursed Tome","floor":21,"gold_loss":0},{"cards_removed":["Strike_B"],"damage_healed":0,"gold_gain":0,"player_choice":"Elegance","damage_taken":0,"max_hp_gain":0,"max_hp_loss":0,"event_name":"Back to Basics","floor":24,"gold_loss":0}],"is_beta":false,"boss_relics":[{"not_picked":["Calling Bell","Cursed Key"],"picked":"Tiny House"}],"items_purged_floors":[4,20],"is_endless":false,"potions_floor_spawned":[5,13,16,31],"killed_by":"Automaton","ascension_level":0}}