{"host":"uwh382mre4waz4ff","time":1607528742,"event":{"gold_per_floor":[79,98,112,130,130,175,192,220,243,255,255,23,62,85,85,181,181,198,222,264,264,294,355,355,373,373,418,449,461,505,532,544,694,706,733,159,177,217,227,272,272,338,364,375,389,389,409,436,436,454,454,454,135,170,193],"floor_reached":56,"playtime":3127,"items_purged":["Hololive_Strike"],"score":2109,"play_id":"459a6443-82d4-4695-a014-d9d0eed146d4","local_time":"20201209234542","is_ascension_mode":true,"campfire_choices":[{"data":"Hololive_CallAmaneKanata","floor":15,"key":"SMITH"},{"data":"Hololive_IdolExercise","floor":24,"key":"SMITH"},{"data":"Hololive_IdolExercise","floor":32,"key":"SMITH"},{"data":"Hololive_CallOzoraSubaru","floor":41,"key":"SMITH"},{"data":"Hololive_DDD","floor":46,"key":"SMITH"},{"floor":49,"key":"RECALL"},{"data":"Hololive_CallUruhaRushia","floor":52,"key":"SMITH"}],"neow_cost":"TEN_PERCENT_HP_LOSS","seed_source_timestamp":2339992167576500,"circlet_count":0,"master_deck":["Hololive_LuckPotion","Hololive_CallSakuraMiko","Hololive_CallTsunomakiWatame","Hololive_CallShiroganeNoel","Hololive_CallKiryuuCoco","Hololive_CallRoboco","Hololive_IdolExercise+1","Hololive_CallAkiRosenthal","Hololive_CallHimemoriLuna","Hololive_CallHoushouMarine","Hololive_CocoNews+1","Hololive_CallOmaruPolka","Hololive_CallMomosuzuNene+21","Hololive_CallShishiroBotan","Hololive_CallAmaneKanata+1","Hololive_CallRosalyn","Hololive_CallUruhaRushia+1","Hololive_IdolExercise+1","Hololive_CallAkaiHaato","Hololive_CallFriendA","Hololive_CallTokinoSora","Hololive_Psychosis+1","Hololive_CallOzoraSubaru+1","Hololive_CallManoAloe","Hololive_CallInugamiKorone","Hololive_CallOkamiMio","Hololive_CallYozoraMel","Hololive_CallOmaruPolka+1","Hololive_CallAiraniIofifteen","Hololive_DDD+1","Hololive_BringToTrial+1","Hololive_CocoNews+1","Hololive_ILoveYou","Hololive_StrengthChampion+1","Hololive_CallYukihanaLamy+1","Hololive_CallMoonaHoshinova+1","Hololive_CallTokoyamiTowa","Hololive_OvertimeWork+1","Hololive_CallAZKi+1","Hololive_OvertimeWork+1","Hololive_Thief","Hololive_CallUsadaPekora","Hololive_CallMinatoAqua+1"],"relics":["Hololive_TheStar","Bottled Lightning","Lantern","HandDrill","Bronze Scales","Coffee Dripper","Vajra","HornCleat","MawBank","Nunchaku","Velvet Choker","Molten Egg 2","Kunai","Eternal Feather","Bag of Preparation","Whetstone","Oddly Smooth Stone","Mercury Hourglass","Ginger"],"potions_floor_usage":[7,11,13,13,23,23,33,50,55,55],"damage_taken":[{"damage":0,"enemies":"Jaw Worm","floor":1,"turns":3},{"damage":0,"enemies":"Cultist","floor":2,"turns":3},{"damage":0,"enemies":"2 Louse","floor":3,"turns":2},{"damage":0,"enemies":"Red Slaver","floor":4,"turns":2},{"damage":0,"enemies":"Lagavulin","floor":6,"turns":4},{"damage":3,"enemies":"Gremlin Gang","floor":7,"turns":3},{"damage":0,"enemies":"Gremlin Nob","floor":8,"turns":3},{"damage":0,"enemies":"2 Fungi Beasts","floor":10,"turns":3},{"damage":0,"enemies":"3 Sentries","floor":13,"turns":6},{"damage":8,"enemies":"Exordium Thugs","floor":14,"turns":3},{"damage":0,"enemies":"The Guardian","floor":16,"turns":5},{"damage":0,"enemies":"3 Byrds","floor":18,"turns":2},{"damage":0,"enemies":"Shell Parasite","floor":19,"turns":2},{"damage":0,"enemies":"Centurion and Healer","floor":20,"turns":5},{"damage":0,"enemies":"Cultist and Chosen","floor":22,"turns":4},{"damage":0,"enemies":"Gremlin Leader","floor":23,"turns":5},{"damage":0,"enemies":"Sentry and Sphere","floor":25,"turns":3},{"damage":0,"enemies":"Book of Stabbing","floor":27,"turns":3},{"damage":0,"enemies":"Snake Plant","floor":28,"turns":2},{"damage":5,"enemies":"Slavers","floor":30,"turns":4},{"damage":0,"enemies":"Cultist and Chosen","floor":31,"turns":4},{"damage":0,"enemies":"Automaton","floor":33,"turns":6},{"damage":0,"enemies":"3 Shapes","floor":35,"turns":3},{"damage":0,"enemies":"3 Darklings","floor":37,"turns":4},{"damage":0,"enemies":"Jaw Worm Horde","floor":38,"turns":4},{"damage":0,"enemies":"Transient","floor":39,"turns":5},{"damage":0,"enemies":"Nemesis","floor":40,"turns":4},{"damage":0,"enemies":"Reptomancer","floor":42,"turns":4},{"damage":0,"enemies":"3 Darklings","floor":44,"turns":3},{"damage":0,"enemies":"Jaw Worm Horde","floor":45,"turns":3},{"damage":0,"enemies":"4 Shapes","floor":47,"turns":3},{"damage":0,"enemies":"Giant Head","floor":48,"turns":4},{"damage":0,"enemies":"Awakened One","floor":50,"turns":7},{"damage":0,"enemies":"Shield and Spear","floor":54,"turns":4},{"damage":0,"enemies":"The Heart","floor":55,"turns":6}],"seed_played":"4987956699229482987","potions_obtained":[{"floor":2,"key":"SmokeBomb"},{"floor":6,"key":"Fire Potion"},{"floor":7,"key":"FearPotion"},{"floor":11,"key":"Fruit Juice"},{"floor":11,"key":"Energy Potion"},{"floor":11,"key":"SneckoOil"},{"floor":16,"key":"SkillPotion"},{"floor":19,"key":"SpeedPotion"},{"floor":20,"key":"Regen Potion"},{"floor":25,"key":"DistilledChaos"},{"floor":28,"key":"Ancient Potion"},{"floor":30,"key":"SkillPotion"},{"floor":33,"key":"ColorlessPotion"},{"floor":38,"key":"Fire Potion"},{"floor":44,"key":"PowerPotion"},{"floor":48,"key":"BlessingOfTheForge"}],"is_trial":false,"path_per_floor":["M","M","M","M","?","E","M","E","T","M","?","$","E","M","R","B",null,"M","M","M","?","M","E","R","M","T","E","M","?","E","M","R","B",null,"M","$","M","M","M","E","R","E","T","M","M","R","M","E","R","B",null,"R","$","E","B",null],"character_chosen":"Hololive_HololiveCharacter","items_purchased":["HandDrill","Molten Egg 2","Hololive_CocoNews+1","Hololive_ILoveYou","Kunai","Hololive_CallUsadaPekora","Mercury Hourglass"],"campfire_rested":0,"item_purchase_floors":[12,36,36,36,36,53,53],"current_hp_per_floor":[32,32,32,32,25,25,22,22,22,22,27,27,27,19,19,19,33,33,33,33,33,33,33,33,33,33,33,33,33,28,28,28,28,35,35,35,35,35,35,35,37,37,37,37,37,37,37,37,37,37,37,37,37,37,37],"gold":193,"neow_bonus":"THREE_RARE_CARDS","is_prod":false,"is_daily":false,"chose_seed":false,"campfire_upgraded":6,"win_rate":0,"timestamp":1607528742,"path_taken":["M","M","M","M","?","E","M","E","T","M","?","$","E","M","R","BOSS","M","?","M","?","M","E","R","M","T","E","M","?","E","M","R","BOSS","M","$","M","M","M","E","R","E","T","M","M","R","M","E","R","BOSS","R","$","E","BOSS"],"build_version":"2020-11-30","purchased_purges":1,"victory":true,"max_hp_per_floor":[32,32,32,32,32,32,32,32,32,32,37,37,37,37,37,37,37,37,37,37,37,37,37,37,37,37,37,37,37,37,37,37,37,37,37,37,37,37,37,37,37,37,37,37,37,37,37,37,37,37,37,37,37,37,37],"card_choices":[{"not_picked":["Hololive_DDD","Hololive_WolfAndLamb"],"picked":"Hololive_IdolExercise","floor":0},{"not_picked":["Hololive_OvertimeWork","Hololive_Breathe","Hololive_CallRoboco"],"picked":"Hololive_CallAkiRosenthal","floor":1},{"not_picked":["Hololive_Psychosis","Hololive_CocoNews","Hololive_Breathe"],"picked":"Hololive_CallHimemoriLuna","floor":2},{"not_picked":["Hololive_StrengthChampion","Hololive_Trident","Hololive_FlareMind"],"picked":"Hololive_CallHoushouMarine","floor":3},{"not_picked":["Hololive_Trident","Hololive_CallTsunomakiWatame","Hololive_FlyingPonyTail"],"picked":"Hololive_CocoNews","floor":4},{"not_picked":["Hololive_Watashimo","Hololive_CallMoonaHoshinova","Hololive_CallMinatoAqua"],"picked":"Hololive_CallOmaruPolka","floor":6},{"not_picked":["Hololive_Drill","Hololive_BringToTrial","Hololive_Trident"],"picked":"Hololive_CallMomosuzuNene","floor":7},{"not_picked":["Hololive_FlyingPonyTail","Hololive_CallHoushouMarine","Hololive_Recruit"],"picked":"Hololive_CallShishiroBotan","floor":8},{"not_picked":["Hololive_CallTokoyamiTowa","Hololive_Rebound","Hololive_CocoNews"],"picked":"Hololive_CallAmaneKanata","floor":10},{"not_picked":["Hololive_RevenueBasedLive","Hololive_Rebound","Hololive_HuntDinosaur"],"picked":"Hololive_CallRosalyn","floor":13},{"not_picked":["Hololive_CallAyundaRisu","Hololive_CocoNews","Hololive_CallAmaneKanata"],"picked":"Hololive_CallUruhaRushia","floor":14},{"not_picked":["Hololive_AWSL","Hololive_FlareMind","Hololive_Recruit"],"picked":"Hololive_IdolExercise","floor":16},{"not_picked":["Hololive_Spy","Hololive_Trident","Hololive_StrengthChampion+1"],"picked":"Hololive_CallAkaiHaato","floor":18},{"not_picked":["Hololive_CallShiroganeNoel","Hololive_Trident+1","Hololive_Sequa"],"picked":"Hololive_CallFriendA","floor":19},{"not_picked":["Hololive_Drill","Hololive_CallSakuraMiko","Hololive_Trident"],"picked":"Hololive_CallTokinoSora","floor":20},{"not_picked":["Hololive_Trident","Hololive_Breathe+1","Hololive_HuntDinosaur"],"picked":"Hololive_CallOzoraSubaru","floor":22},{"not_picked":["Hololive_CocoNews","Hololive_CallAyundaRisu","Hololive_CallSpadeEcho"],"picked":"Hololive_CallManoAloe","floor":23},{"not_picked":["Hololive_Psychosis","Hololive_CallOmaruPolka+1","Hololive_HuntDinosaur"],"picked":"Hololive_CallInugamiKorone","floor":25},{"not_picked":["Hololive_Trident","Hololive_CallHoushouMarine","Hololive_CallOzoraSubaru"],"picked":"Hololive_CallOkamiMio","floor":27},{"not_picked":["Hololive_FlareMind","Hololive_FlyingPonyTail","Hololive_CallTsunomakiWatame"],"picked":"Hololive_CallYozoraMel","floor":28},{"not_picked":["Hololive_Drill","Hololive_CallAkaiHaato","Hololive_CallRosalyn"],"picked":"Hololive_CallOmaruPolka+1","floor":30},{"not_picked":["Hololive_CallRosalyn","Hololive_RevenueBasedLive+1","Hololive_CallOmaruPolka+1"],"picked":"Hololive_CallAiraniIofifteen","floor":31},{"not_picked":["Hololive_BeCareful","Hololive_OpenUp","Hololive_StarCraft"],"picked":"Hololive_DDD","floor":33},{"not_picked":["Hololive_OvertimeWork+1","Hololive_CallCivia","Hololive_CallSakuraMiko+1"],"picked":"Hololive_BringToTrial+1","floor":35},{"not_picked":["Hololive_Rebound","Hololive_CandyCastle+1","Hololive_CallRosalyn+1"],"picked":"Hololive_StrengthChampion+1","floor":37},{"not_picked":["Hololive_OvertimeWork+1","Hololive_CallFriendA+1","Hololive_Breathe"],"picked":"Hololive_CallYukihanaLamy+1","floor":38},{"not_picked":["Hololive_Breathe","Hololive_Sequa+1","Hololive_CallMomosuzuNene+1"],"picked":"Hololive_CallMoonaHoshinova+1","floor":39},{"not_picked":["Hololive_OvertimeWork+1","Hololive_Drill+1","Hololive_FlyingPonyTail+1"],"picked":"Hololive_CallTokoyamiTowa","floor":40},{"not_picked":["Hololive_Trident+1","Hololive_Watashimo+1","Hololive_ManjiGathering+1","Hololive_Sequa+1"],"picked":"SKIP","floor":42},{"not_picked":["Hololive_Trident+1","Hololive_Watashimo+1","Hololive_ManjiGathering+1","Hololive_Sequa+1"],"picked":"SKIP","floor":42},{"not_picked":["Hololive_Trident+1","Hololive_CallManoAloe+1","Hololive_FlyingPonyTail+1"],"picked":"Hololive_OvertimeWork+1","floor":44},{"not_picked":["Hololive_OvertimeWork+1","Hololive_CallTokinoSora+1","Hololive_LuckPotion"],"picked":"Hololive_CallAZKi+1","floor":45},{"not_picked":["Hololive_HighAtkLowDef","Hololive_CallYozoraMel","Hololive_Rebound+1"],"picked":"Hololive_OvertimeWork+1","floor":47},{"not_picked":["Hololive_Drill+1","Hololive_Sequa+1","Hololive_BringToTrial"],"picked":"Hololive_Thief","floor":48},{"not_picked":["Hololive_Sequa+1","Hololive_Psychosis+1","Hololive_CallRosalyn"],"picked":"Hololive_CallMinatoAqua+1","floor":54}],"player_experience":94618,"relics_obtained":[{"floor":6,"key":"Bottled Lightning"},{"floor":8,"key":"Lantern"},{"floor":13,"key":"Bronze Scales"},{"floor":23,"key":"Vajra"},{"floor":26,"key":"HornCleat"},{"floor":27,"key":"MawBank"},{"floor":30,"key":"Nunchaku"},{"floor":40,"key":"Eternal Feather"},{"floor":42,"key":"Bag of Preparation"},{"floor":43,"key":"Whetstone"},{"floor":48,"key":"Oddly Smooth Stone"},{"floor":54,"key":"Ginger"}],"event_choices":[{"cards_removed":["Hololive_Strike"],"damage_healed":0,"gold_gain":0,"player_choice":"Card Removal","damage_taken":7,"max_hp_gain":0,"max_hp_loss":0,"event_name":"Golden Wing","floor":5,"gold_loss":0},{"damage_healed":0,"gold_gain":0,"player_choice":"Got Potions","damage_taken":0,"max_hp_gain":0,"max_hp_loss":0,"event_name":"Lab","floor":11,"gold_loss":0},{"damage_healed":0,"gold_gain":0,"cards_transformed":["Hololive_Defend","Hololive_Defend"],"player_choice":"Became Test Subject","damage_taken":0,"max_hp_gain":0,"max_hp_loss":0,"event_name":"Drug Dealer","floor":21,"gold_loss":0,"cards_obtained":["Hololive_Breathe","Hololive_Psychosis"]},{"cards_removed":["Hololive_Breathe"],"damage_healed":0,"gold_gain":0,"player_choice":"Elegance","damage_taken":0,"max_hp_gain":0,"max_hp_loss":0,"event_name":"betterThird:BetterWriting","floor":29,"gold_loss":0}],"is_beta":false,"boss_relics":[{"not_picked":["Calling Bell","Empty Cage"],"picked":"Coffee Dripper"},{"not_picked":["Hololive_TopUpMoneyS","Tiny House"],"picked":"Velvet Choker"}],"items_purged_floors":[12],"is_endless":false,"potions_floor_spawned":[2,6,7,16,19,20,25,28,30,33,38,42,44,47,48],"ascension_level":5}}