{"host":"mi0eibewekhugwl1","time":1607511210,"event":{"gold_per_floor":[110,129,141,141,157,157,174,174,174,174,193,205,240,315,315,315,315],"floor_reached":16,"playtime":195,"items_purged":[],"score":208,"play_id":"c6ef6e35-fa36-463a-98cd-bc1d8b0ad256","local_time":"20201209195330","is_ascension_mode":true,"campfire_choices":[{"data":"Beam Cell","floor":6,"key":"SMITH"},{"floor":8,"key":"REST"},{"data":"Seek","floor":15,"key":"SMITH"}],"neow_cost":"NONE","seed_source_timestamp":939202445336100,"circlet_count":0,"master_deck":["AscendersBane","Strike_B+1","Strike_B","Strike_B","Strike_B","Defend_B","Defend_B","Defend_B","Defend_B","Zap","Dualcast","Sweeping Beam+1","Ball Lightning","Beam Cell+1","Rip and Tear","Echo Form","Seek+1"],"special_seed":0,"relics":["Cracked Core","NeowsBlessing","Ginger","Bottled Tornado"],"potions_floor_usage":[13],"damage_taken":[{"damage":0,"enemies":"Jaw Worm","floor":1,"turns":1},{"damage":0,"enemies":"Small Slimes","floor":2,"turns":1},{"damage":0,"enemies":"2 Louse","floor":3,"turns":1},{"damage":7,"enemies":"Looter","floor":5,"turns":3},{"damage":18,"enemies":"Large Slime","floor":7,"turns":5},{"damage":7,"enemies":"Exordium Wildlife","floor":11,"turns":3},{"damage":12,"enemies":"3 Louse","floor":12,"turns":3},{"damage":8,"enemies":"Gremlin Nob","floor":13,"turns":3},{"damage":16,"enemies":"Slime Boss","floor":16,"turns":5}],"seed_played":"4105933369175309560","potions_obtained":[{"floor":2,"key":"BlessingOfTheForge"},{"floor":11,"key":"BlessingOfTheForge"}],"is_trial":false,"path_per_floor":["M","M","M","?","M","R","M","R","T","?","M","M","E","T","R","B"],"character_chosen":"DEFECT","items_purchased":[],"campfire_rested":1,"item_purchase_floors":[],"current_hp_per_floor":[64,64,64,43,36,36,18,39,39,39,32,20,12,12,12,0,0],"gold":315,"neow_bonus":"THREE_ENEMY_KILL","is_prod":false,"is_daily":false,"chose_seed":false,"campfire_upgraded":2,"win_rate":0,"timestamp":1607511210,"path_taken":["M","M","M","?","M","R","M","R","T","?","M","M","E","?","R","BOSS"],"build_version":"2020-11-30","purchased_purges":0,"victory":false,"max_hp_per_floor":[71,71,71,71,71,71,71,71,71,71,71,71,71,71,71,71,71],"relic_stats":{"counters":[9,25],"Ginger":[2],"obtain_stats":[{"NeowsBlessing":0,"Ginger":13,"Bottled Tornado":14,"Cracked Core":0},{"NeowsBlessing":0,"Ginger":8,"Bottled Tornado":8,"Cracked Core":0},{"NeowsBlessing":0,"Ginger":20,"Bottled Tornado":20,"Cracked Core":0}]},"card_choices":[{"not_picked":["Steam","Turbo","Scrape"],"picked":"SKIP","floor":1},{"not_picked":["Hello World","Skim"],"picked":"Sweeping Beam","floor":2},{"not_picked":["Streamline","Self Repair"],"picked":"Ball Lightning","floor":3},{"not_picked":["Go for the Eyes","All For One"],"picked":"Beam Cell","floor":5},{"not_picked":["Beam Cell","Sweeping Beam"],"picked":"Rip and Tear","floor":7},{"not_picked":["Streamline","Beam Cell","Turbo"],"picked":"SKIP","floor":11},{"not_picked":["Auto Shields","Leap"],"picked":"Echo Form","floor":12},{"not_picked":["Fusion","Cold Snap"],"picked":"Seek","floor":13}],"player_experience":1657817,"relics_obtained":[{"floor":13,"key":"Ginger"},{"floor":14,"key":"Bottled Tornado"}],"event_choices":[{"damage_healed":0,"gold_gain":0,"player_choice":"Entered Light","damage_taken":21,"max_hp_gain":0,"max_hp_loss":0,"event_name":"Shining Light","floor":4,"gold_loss":0,"cards_upgraded":["Strike_B","Sweeping Beam"]},{"damage_healed":0,"gold_gain":0,"player_choice":"Ignored","damage_taken":0,"max_hp_gain":0,"max_hp_loss":0,"event_name":"Liars Game","floor":10,"gold_loss":0}],"is_beta":false,"boss_relics":[],"items_purged_floors":[],"is_endless":false,"potions_floor_spawned":[2,11],"killed_by":"Slime Boss","ascension_level":20}}