{"host":"tsnif9umxyqokjak","time":1607535002,"event":{"gold_per_floor":[130,147,160,142,30,65,65,83,83,96,96,108,108,120,120,219,219,246,246,156,156,156],"floor_reached":21,"playtime":2621,"items_purged":[],"score":181,"play_id":"ebfe9ba7-ce74-4e5e-9bdc-dc60303c5230","local_time":"20201209183002","is_ascension_mode":false,"campfire_choices":[{"floor":7.0,"key":"REST"},{"floor":11.0,"key":"DIG"},{"floor":13.0,"key":"REST"},{"data":"animator:Shiro","floor":15.0,"key":"SMITH"}],"neow_cost":"PERCENT_DAMAGE","seed_source_timestamp":0,"circlet_count":0,"master_deck":["animator:Strike_Elsword","animator:Defend_Elsword","animator:Strike","animator:Strike","animator:Defend","animator:Defend","animator:Defend","animator:Chung","animator:Raven","animator:Ciel","animator:Shiro+1","animator:Add","animator:Rena","animator:DolaSchwi","animator:AcuraAkari","animator:DolaStephanie","animator:Albedo","animator:Ainz","animator:ElricEdward","animator:DolaRiku"],"special_seed":0,"relics":["animator:LivingPicture","animator:TheMissingPiece","Shovel","Lantern","Mastiff:ReiMu","CaptainsWheel","Empty Cage","SsserpentHead"],"potions_floor_usage":[],"damage_taken":[{"damage":1.0,"enemies":"Cultist","floor":1.0,"turns":4.0},{"damage":0.0,"enemies":"2 Louse","floor":2.0,"turns":3.0},{"damage":2.0,"enemies":"Small Slimes","floor":3.0,"turns":6.0},{"damage":8.0,"enemies":"Looter","floor":4.0,"turns":4.0},{"damage":23.0,"enemies":"Gremlin Nob","floor":6.0,"turns":5.0},{"damage":1.0,"enemies":"Large Slime","floor":8.0,"turns":7.0},{"damage":0.0,"enemies":"Exordium Wildlife","floor":10.0,"turns":4.0},{"damage":12.0,"enemies":"Lots of Slimes","floor":12.0,"turns":6.0},{"damage":10.0,"enemies":"2 Fungi Beasts","floor":14.0,"turns":4.0},{"damage":23.0,"enemies":"The Guardian","floor":16.0,"turns":15.0},{"damage":16,"enemies":"Spheric Guardian","floor":18,"turns":11},{"damage":17,"enemies":"2 Thieves","floor":20,"turns":5},{"damage":41,"enemies":"3 Cultists","floor":21,"turns":5}],"seed_played":"4458018087048568542","potions_obtained":[{"floor":6.0,"key":"Swift Potion"},{"floor":8.0,"key":"Strength Potion"},{"floor":10.0,"key":"Weak Potion"},{"floor":14.0,"key":"SkillPotion"}],"is_trial":false,"path_per_floor":["M","M","M","M","$","E","R","M","T","M","R","M","R","M","R","B",null,"M","?","M","M"],"character_chosen":"THE_ANIMATOR","items_purchased":["GrandPatriotsElixir:ReiMu"],"campfire_rested":2,"item_purchase_floors":[5],"current_hp_per_floor":[47,47,46,38,38,15,35,34,34,34,34,22,42,32,32,9,67,51,51,34,0,0],"gold":156,"neow_bonus":"ONE_RARE_RELIC","is_prod":false,"is_daily":false,"chose_seed":false,"campfire_upgraded":1,"win_rate":0,"timestamp":1607535002,"path_taken":["M","M","M","M","$","E","R","M","T","M","R","M","R","?","R","BOSS","M","?","M","M"],"build_version":"2020-11-30","purchased_purges":0,"victory":false,"max_hp_per_floor":[66,66,67,67,67,67,67,67,67,67,67,67,67,67,67,67,67,67,67,67,67,67],"card_choices":[{"not_picked":["animator:Chung","animator:ChlammyZell"],"picked":"animator:Ciel","floor":1.0},{"not_picked":["animator:Spearman","animator:ChaikaBohdan"],"picked":"animator:Shiro","floor":2.0},{"not_picked":["animator:Guy","animator:Sebas"],"picked":"animator:Add","floor":3.0},{"not_picked":["animator:Aisha","animator:Chung"],"picked":"animator:Rena","floor":4.0},{"not_picked":["animator:Elesis","animator:GuildGirl"],"picked":"animator:DolaSchwi","floor":6.0},{"not_picked":["animator:Spearman","animator:PandorasActor"],"picked":"animator:ChaikaBohdan","floor":8.0},{"not_picked":["animator:Demiurge","animator:LizardPriest"],"picked":"animator:AcuraAkari","floor":10.0},{"not_picked":["animator:IzunaHatsuse","animator:DolaCouronne"],"picked":"animator:DolaStephanie","floor":12.0},{"not_picked":["animator:Raven","animator:Sloth"],"picked":"animator:Albedo","floor":14.0},{"not_picked":["animator:GoblinSlayer","animator:Greed"],"picked":"animator:Ainz","floor":16.0},{"not_picked":["animator:Demiurge","animator:Evileye+1"],"picked":"animator:ElricEdward","floor":18},{"not_picked":["animator:Spearman","animator:Tatsumaki"],"picked":"animator:DolaRiku","floor":20}],"player_experience":693728,"relics_obtained":[{"floor":6.0,"key":"Lantern"},{"floor":9.0,"key":"Mastiff:ReiMu"},{"floor":11.0,"key":"CaptainsWheel"}],"event_choices":[{"damage_healed":0,"gold_gain":0,"player_choice":"Trade","damage_taken":0,"relics_obtained":["SsserpentHead"],"max_hp_gain":0,"max_hp_loss":0,"event_name":"FaceTrader","floor":19,"gold_loss":0}],"is_beta":false,"boss_relics":[{"not_picked":["Velvet Choker","Ectoplasm"],"picked":"Empty Cage"}],"items_purged_floors":[],"is_endless":false,"potions_floor_spawned":[6,8,10,14],"killed_by":"3 Cultists","ascension_level":0}}