{"host":"4izqype2b9ama7cy","time":1607502927,"event":{"gold_per_floor":[117,199,199,274,49,88,111,111,138,176,4,41,41,68,68,208,308,337,337,58,87,125,125,194,194,194,242,279,320,320,127,127,143,143],"floor_reached":33,"playtime":1640,"items_purged":[],"score":432,"play_id":"16e8fdfd-2cdc-4243-86a7-77a17bc9362a","local_time":"20201209003527","is_ascension_mode":true,"campfire_choices":[{"floor":8,"key":"REST"},{"data":"Perfected Strike","floor":15,"key":"SMITH"},{"data":"Replay:Undeath\u0027s Touch","floor":23,"key":"SMITH"},{"floor":25,"key":"REST"},{"floor":32,"key":"REST"}],"neow_cost":"NONE","seed_source_timestamp":126233621984803,"circlet_count":0,"master_deck":["Strike_R+1","Strike_R+1","Strike_R+1","Strike_R+1","Strike_R+1","Defend_R+1","Defend_R+1","Defend_R+1","Defend_R+1","Bash+1","Flex","Pommel Strike","Injury","Pummel","Twin Strike","Wild Strike","Replay:Undeath\u0027s Touch+1","Flex+1","Perfected Strike+1","Heavy Blade","conspire:HitWhereItHurts","Wild Strike","Shrug It Off","Shrug It Off","Armaments","Inflame+1","Twin Strike","Havoc+1","ReplayTheSpireMod:Muscle Training","Flex+1","Spot Weakness","Spot Weakness"],"relics":["Burning Blood","Golden Idol","HandDrill","Blue Doll","Replay:Bandana","Brimstone","Champion Belt","Replay:Wanted Poster","infinitespire:FocusingShard","Dead Branch","Kunai","Omamori","Gremlin Food"],"potions_floor_usage":[6,16,24,33],"damage_taken":[{"damage":7,"enemies":"2 Louse","floor":1,"turns":4},{"damage":29,"enemies":"Lagavulin","floor":6,"turns":4},{"damage":2,"enemies":"Jaw Worm","floor":7,"turns":2},{"damage":13,"enemies":"Small Slimes","floor":10,"turns":3},{"damage":0,"enemies":"3 Louse","floor":12,"turns":2},{"damage":9,"enemies":"Blue Slaver","floor":14,"turns":2},{"damage":0,"enemies":"Fading Forest","floor":16,"turns":11},{"damage":9,"enemies":"Shell Parasite","floor":18,"turns":2},{"damage":10,"enemies":"Chosen","floor":21,"turns":2},{"damage":25,"enemies":"3 Cultists","floor":22,"turns":4},{"damage":49,"enemies":"conspire:Head Lice","floor":24,"turns":3},{"damage":31,"enemies":"conspire:SneckoGhost","floor":27,"turns":5},{"damage":8,"enemies":"Cultist and Chosen","floor":28,"turns":2},{"damage":17,"enemies":"Centurion and Healer","floor":29,"turns":2},{"damage":53,"enemies":"conspire:MysteriousRune","floor":33,"turns":4}],"seed_played":"-6600444161402564251","potions_obtained":[{"floor":2,"key":"Milkshake"},{"floor":2,"key":"DistilledChaos"},{"floor":2,"key":"Adrenaline Potion"},{"floor":7,"key":"Languid Potion"},{"floor":14,"key":"BloodPotion"},{"floor":24,"key":"Elixir"},{"floor":28,"key":"Elixir"}],"is_trial":false,"path_per_floor":["M","?","?","?","$","E","M","R","T","M","$","M","T","M","R","B",null,"M","?","$","M","M","R","E","R","T","E","M","M","?","$","R","B"],"character_chosen":"IRONCLAD","items_purchased":["Pummel","HandDrill","Flex+1","Brimstone","infinitespire:FocusingShard","Shrug It Off","Gremlin Food","Spot Weakness"],"campfire_rested":3,"item_purchase_floors":[5,5,11,11,20,20,31,31],"current_hp_per_floor":[79,59,59,48,48,25,29,53,53,46,46,52,52,49,49,63,80,77,77,77,73,54,54,27,51,51,26,24,13,13,13,37,0,0],"gold":143,"neow_bonus":"UPGRADE_CARD","is_prod":false,"is_daily":false,"chose_seed":false,"campfire_upgraded":2,"win_rate":0,"timestamp":1607502927,"path_taken":["M","?","?","?","$","E","M","R","T","M","$","M","?","M","R","BOSS","M","?","$","M","M","R","E","R","T","E","M","M","?","$","R","BOSS"],"build_version":"2020-11-30","purchased_purges":0,"victory":false,"max_hp_per_floor":[80,80,80,80,80,80,80,80,80,80,80,80,80,80,80,80,80,80,80,80,80,80,80,80,80,80,80,80,80,80,80,80,80,80],"card_choices":[{"not_picked":["Pommel Strike","Shrug It Off"],"picked":"Flex","floor":1},{"not_picked":["ReplayTheSpireMod:Limb From Limb","Wild Strike"],"picked":"Pommel Strike","floor":2},{"not_picked":["conspire:HitWhereItHurts","ReplayTheSpireMod:Limb From Limb"],"picked":"Twin Strike","floor":6},{"not_picked":["Sword Boomerang","Iron Wave"],"picked":"Wild Strike","floor":7},{"not_picked":["Warcry","Metallicize"],"picked":"Replay:Undeath\u0027s Touch","floor":10},{"not_picked":["Heavy Blade","Run Through"],"picked":"Perfected Strike","floor":12},{"not_picked":["Disarm","ReplayReversal"],"picked":"Heavy Blade","floor":14},{"not_picked":["Corruption","Eclipse"],"picked":"conspire:HitWhereItHurts","floor":16},{"not_picked":["Headbutt","ReplayTheSpireMod:Muscle Training"],"picked":"Wild Strike","floor":18},{"not_picked":["Entrench","True Grit"],"picked":"Armaments","floor":21},{"not_picked":["Shrug It Off+1","Blood for Blood+1"],"picked":"Inflame+1","floor":22},{"not_picked":["Armaments","Anger"],"picked":"Twin Strike","floor":24},{"not_picked":["Heavy Blade","Metallicize"],"picked":"Havoc+1","floor":27},{"not_picked":["Cleave","Bludgeon"],"picked":"ReplayTheSpireMod:Muscle Training","floor":28},{"not_picked":["True Grit","Thunderclap"],"picked":"Flex","floor":29}],"player_experience":277564,"relics_obtained":[{"floor":6,"key":"Blue Doll"},{"floor":9,"key":"Replay:Bandana"},{"floor":13,"key":"Champion Belt"},{"floor":24,"key":"Dead Branch"},{"floor":26,"key":"Kunai"},{"floor":27,"key":"Omamori"}],"event_choices":[{"damage_healed":0,"gold_gain":0,"player_choice":"Take Wound","damage_taken":0,"relics_obtained":["Golden Idol"],"max_hp_gain":0,"max_hp_loss":0,"event_name":"Golden Idol","floor":3,"gold_loss":0,"cards_obtained":["Injury"]},{"damage_healed":0,"gold_gain":75,"player_choice":"Gold","damage_taken":11,"max_hp_gain":0,"max_hp_loss":0,"event_name":"betterThird:BetterGoop","floor":4,"gold_loss":0},{"damage_healed":0,"gold_gain":0,"player_choice":"Ignored","damage_taken":0,"max_hp_gain":0,"max_hp_loss":0,"event_name":"Vampires","floor":19,"gold_loss":0},{"damage_healed":0,"gold_gain":0,"player_choice":"Simplicity","damage_taken":0,"max_hp_gain":0,"max_hp_loss":9,"event_name":"betterThird:BetterWriting","floor":30,"gold_loss":0}],"is_beta":false,"boss_relics":[{"not_picked":["Runic Pyramid","Kintsugi"],"picked":"Replay:Wanted Poster"}],"items_purged_floors":[],"is_endless":false,"potions_floor_spawned":[7,10,12,14,24,28],"killed_by":"conspire:MysteriousRune","ascension_level":4}}