{"host":"dh4nu8nelr2izibb","time":1607538179,"event":{"gold_per_floor":[110,129,142,160,170,170,204,204,204,239,20,20,34,34,34,112,112,128,34,34,84,100,129,129,179,179,193,193,136,166,178,178,252,252,266,266,281,281,281],"floor_reached":38,"playtime":1262,"items_purged":["Strike_G","Strike_G"],"score":948,"play_id":"80bf010a-ae83-4ba0-a507-0870775b3e6b","local_time":"20201209132259","is_ascension_mode":true,"campfire_choices":[{"data":"Dagger Spray","floor":6.0,"key":"SMITH"},{"data":"All Out Attack","floor":8.0,"key":"SMITH"},{"data":"A Thousand Cuts","floor":12.0,"key":"SMITH"},{"floor":15.0,"key":"REST"},{"floor":24.0,"key":"REST"},{"data":"Footwork","floor":28.0,"key":"SMITH"},{"floor":32,"key":"REST"}],"neow_cost":"NONE","seed_source_timestamp":340145485638700,"circlet_count":0,"master_deck":["AscendersBane","Defend_G","Defend_G","Defend_G","Defend_G","Survivor","Neutralize+1","Dagger Spray+1","Deadly Poison","Deflect","Blade Dance","Unload","All Out Attack+1","A Thousand Cuts+1","Slice","Deflect","After Image+1","Finisher","Footwork+1","A Thousand Cuts+1","Cloak And Dagger+1","Crippling Poison","Backflip+1","Accuracy","Cloak And Dagger","Sucker Punch+1","Storm of Steel","Escape Plan","Terror+1"],"special_seed":0,"relics":["Ring of the Snake","Hammer of Thor","Seething Fire","Anvil of the Gods","Smiling Mask","Prayer Wheel","StoneCalendar","Lantern","Philosopher\u0027s Stone","Torii","WingedGreaves","SacredBark"],"potions_floor_usage":[37],"damage_taken":[{"damage":2.0,"enemies":"2 Louse","floor":1.0,"turns":4.0},{"damage":12.0,"enemies":"Cultist","floor":2.0,"turns":6.0},{"damage":1.0,"enemies":"Small Slimes","floor":3.0,"turns":4.0},{"damage":3.0,"enemies":"Blue Slaver","floor":4.0,"turns":4.0},{"damage":0.0,"enemies":"2 Fungi Beasts","floor":5.0,"turns":3.0},{"damage":10.0,"enemies":"3 Sentries","floor":7.0,"turns":7.0},{"damage":14.0,"enemies":"Lagavulin","floor":10.0,"turns":5.0},{"damage":3.0,"enemies":"Exordium Thugs","floor":13.0,"turns":3.0},{"damage":0.0,"enemies":"Slime Boss","floor":16.0,"turns":6.0},{"damage":3.0,"enemies":"3 Byrds","floor":18.0,"turns":5.0},{"damage":5.0,"enemies":"Spheric Guardian","floor":22.0,"turns":4.0},{"damage":24.0,"enemies":"Slavers","floor":23.0,"turns":3.0},{"damage":7.0,"enemies":"Snake Plant","floor":27.0,"turns":4.0},{"damage":31.0,"enemies":"Book of Stabbing","floor":30.0,"turns":5.0},{"damage":1,"enemies":"Centurion and Healer","floor":31,"turns":6},{"damage":19,"enemies":"Collector","floor":33,"turns":7},{"damage":1,"enemies":"3 Shapes","floor":35,"turns":3},{"damage":17,"enemies":"3 Darklings","floor":37,"turns":3},{"damage":0,"enemies":"Jaw Worm Horde","floor":38,"turns":2}],"seed_played":"-5944917872317797544","potions_obtained":[{"floor":3.0,"key":"LiquidBronze"},{"floor":5.0,"key":"Strength Potion"},{"floor":10.0,"key":"GamblersBrew"},{"floor":13.0,"key":"BlessingOfTheForge"},{"floor":16.0,"key":"Swift Potion"},{"floor":18.0,"key":"DuplicationPotion"},{"floor":23.0,"key":"SneckoOil"},{"floor":31,"key":"SneckoOil"},{"floor":37,"key":"Strength Potion"}],"is_trial":false,"path_per_floor":["M","M","M","M","M","R","E","R","T","E","$","R","M","?","R","B",null,"M","$","?","?","M","E","R","?","T","M","R","$","E","M","R","B",null,"M","?","M","M"],"character_chosen":"THE_SILENT","items_purchased":["Lantern","Footwork","Cloak And Dagger"],"campfire_rested":3,"item_purchase_floors":[11,19,29],"current_hp_per_floor":[63,51,50,47,47,47,37,37,37,23,23,23,20,20,41,41,64,61,61,61,61,56,32,53,53,53,46,46,46,15,14,35,16,58,57,57,40,40,40],"gold":281,"neow_bonus":"TEN_PERCENT_HP_BONUS","is_prod":false,"is_daily":false,"chose_seed":false,"campfire_upgraded":4,"win_rate":0,"timestamp":1607538179,"path_taken":["M","M","M","M","M","R","E","R","T","E","$","R","M","?","R","BOSS","M","?","?","?","?","E","R","?","T","?","R","$","E","M","R","BOSS","M","?","M","?"],"build_version":"2020-11-30","purchased_purges":2,"victory":false,"max_hp_per_floor":[72,72,72,72,72,72,72,72,72,72,72,72,72,72,72,72,72,72,72,72,72,72,72,72,72,72,72,72,72,72,72,72,72,72,72,72,72,72,72],"card_choices":[{"not_picked":["Slice","Noxious Fumes"],"picked":"Dagger Spray","floor":1.0},{"not_picked":["Dodge and Roll","Outmaneuver"],"picked":"Deadly Poison","floor":2.0},{"not_picked":["Tactician","Expertise"],"picked":"Deflect","floor":3.0},{"not_picked":["Dodge and Roll","Deflect"],"picked":"Blade Dance","floor":4.0},{"not_picked":["Heel Hook","Slice"],"picked":"Unload","floor":5.0},{"not_picked":["Deadly Poison","Endless Agony"],"picked":"All Out Attack","floor":7.0},{"not_picked":["Infinite Blades","Blade Dance"],"picked":"A Thousand Cuts","floor":10.0},{"not_picked":["Concentrate","Deflect"],"picked":"Slice","floor":13.0},{"not_picked":["Deadly Poison","Dagger Spray"],"picked":"Deflect","floor":13.0},{"not_picked":["Wraith Form v2","Glass Knife"],"picked":"After Image","floor":16.0},{"not_picked":["Flying Knee","Endless Agony"],"picked":"Finisher","floor":18.0},{"not_picked":["Dagger Throw","Finisher","Slice"],"picked":"SKIP","floor":18.0},{"not_picked":[],"picked":"A Thousand Cuts","floor":20.0},{"not_picked":["Slice","Escape Plan"],"picked":"Cloak And Dagger+1","floor":22.0},{"not_picked":["Poisoned Stab","Bane"],"picked":"Crippling Poison","floor":22.0},{"not_picked":["Riddle With Holes","Tactician","Sucker Punch"],"picked":"SKIP","floor":23.0},{"not_picked":["Footwork","Poisoned Stab+1"],"picked":"Backflip+1","floor":27.0},{"not_picked":["Outmaneuver","Dagger Throw"],"picked":"Accuracy","floor":27.0},{"not_picked":["Choke+1","Well Laid Plans","Flying Knee"],"picked":"SKIP","floor":30.0},{"not_picked":["Flying Knee","PiercingWail"],"picked":"Sucker Punch","floor":31},{"not_picked":["Escape Plan+1","Noxious Fumes","Infinite Blades"],"picked":"SKIP","floor":31},{"not_picked":["Grand Finale","Unload"],"picked":"Storm of Steel","floor":33},{"not_picked":["Bane","Poisoned Stab","Outmaneuver"],"picked":"SKIP","floor":35},{"not_picked":["Deflect","Escape Plan","Cloak And Dagger+1"],"picked":"SKIP","floor":35},{"not_picked":["Crippling Poison+1","Deflect"],"picked":"Terror+1","floor":37},{"not_picked":["Predator","Deadly Poison","Caltrops"],"picked":"SKIP","floor":37}],"player_experience":1092138,"relics_obtained":[{"floor":7.0,"key":"Smiling Mask"},{"floor":9.0,"key":"Prayer Wheel"},{"floor":10.0,"key":"StoneCalendar"},{"floor":23.0,"key":"Torii"},{"floor":30.0,"key":"WingedGreaves"}],"event_choices":[{"cards_removed":["Strike_G"],"damage_healed":0.0,"max_hp_gain":0.0,"max_hp_loss":0.0,"gold_gain":0.0,"event_name":"Purifier","player_choice":"Purged","floor":14.0,"gold_loss":0.0,"damage_taken":0.0},{"damage_healed":0.0,"max_hp_gain":0.0,"max_hp_loss":0.0,"gold_gain":50.0,"event_name":"Golden Shrine","player_choice":"Pray","floor":21.0,"gold_loss":0.0,"damage_taken":0.0},{"damage_healed":0.0,"max_hp_gain":0.0,"max_hp_loss":0.0,"gold_gain":50.0,"event_name":"Golden Shrine","player_choice":"Pray","floor":25.0,"gold_loss":0.0,"damage_taken":0.0},{"damage_healed":0,"gold_gain":0,"cards_transformed":["Strike_G"],"player_choice":"Transformed","damage_taken":0,"max_hp_gain":0,"max_hp_loss":0,"event_name":"Transmorgrifier","floor":36,"gold_loss":0,"cards_obtained":["Escape Plan"]}],"is_beta":false,"boss_relics":[{"not_picked":["Runic Dome","SlaversCollar"],"picked":"Philosopher\u0027s Stone"},{"not_picked":["Runic Pyramid","Hololive_ChaosS"],"picked":"SacredBark"}],"items_purged_floors":[11,19],"is_endless":false,"potions_floor_spawned":[3,5,10,13,16,18,23,31,37],"killed_by":"Jaw Worm Horde","ascension_level":20}}