{"host":"899crud3100o27sg","time":1607527524,"event":{"gold_per_floor":[119,134,134,144,158,158,185,185,185,216,216,248,265,292,292,371,371,381,401,413,424,0,12,12,30,30,45,78,98,123,143,143,220,220,239,250,1249,516,528,528,559,559,638,666,128,145,159,178,178,178,178,178,28,57,57],"floor_reached":56,"playtime":3663,"items_purged":["Strike_G","Normality","Normality","Strike_G"],"score":2271,"play_id":"00c9bca3-1e3e-4916-a010-c0d15e86f7f3","local_time":"20201210015524","is_ascension_mode":true,"campfire_choices":[{"data":"Bouncing Flask","floor":6.0,"key":"SMITH"},{"data":"Neutralize","floor":8.0,"key":"SMITH"},{"data":"Footwork","floor":15.0,"key":"SMITH"},{"data":"Wraith Form v2","floor":24.0,"key":"SMITH"},{"floor":32.0,"key":"REST"},{"data":"Crippling Poison","floor":40.0,"key":"SMITH"},{"data":"Catalyst","floor":42.0,"key":"SMITH"},{"floor":49.0,"key":"RECALL"},{"data":"Catalyst","floor":52.0,"key":"SMITH"}],"neow_cost":"NONE","seed_source_timestamp":686577809150500,"circlet_count":0,"master_deck":["AscendersBane","Strike_G","Strike_G","Strike_G+1","Defend_G","Defend_G","Defend_G","Defend_G","Defend_G+1","Survivor+1","Neutralize+1","Poisoned Stab","Bouncing Flask+1","Footwork+1","Bane","Backflip","Bane+1","Sucker Punch","A Thousand Cuts","Wraith Form v2+1","Dodge and Roll","Dodge and Roll","Crippling Poison+1","Footwork+1","Catalyst+1","Deadly Poison","Die Die Die","Catalyst+1","Wraith Form v2+1","Caltrops+1","PiercingWail","Crippling Poison+1","Well Laid Plans+1","Leg Sweep","Footwork+1","Caltrops+1"],"special_seed":0,"relics":["Ring of the Snake","White Beast Statue","Lantern","Singing Bowl","Boot","Paper Crane","InkBottle","Velvet Choker","Frozen Egg 2","Pocketwatch","War Paint","Black Star","MerchantsRug","Vajra","PreservedInsect","MealTicket","Whetstone","Bottled Lightning","Pear","Gremlin Horn","Lizard Tail","Akabeko","Gambling Chip"],"potions_floor_usage":[55],"damage_taken":[{"damage":1.0,"enemies":"Cultist","floor":1.0,"turns":5.0},{"damage":0.0,"enemies":"2 Louse","floor":2.0,"turns":3.0},{"damage":0.0,"enemies":"Small Slimes","floor":4.0,"turns":4.0},{"damage":1.0,"enemies":"Looter","floor":5.0,"turns":4.0},{"damage":18.0,"enemies":"3 Sentries","floor":7.0,"turns":11.0},{"damage":1.0,"enemies":"Lagavulin","floor":10.0,"turns":7.0},{"damage":15.0,"enemies":"Gremlin Nob","floor":12.0,"turns":4.0},{"damage":2.0,"enemies":"2 Fungi Beasts","floor":13.0,"turns":3.0},{"damage":36.0,"enemies":"3 Sentries","floor":14.0,"turns":7.0},{"damage":21.0,"enemies":"The Guardian","floor":16.0,"turns":8.0},{"damage":7.0,"enemies":"Shell Parasite","floor":18.0,"turns":5.0},{"damage":0.0,"enemies":"Chosen","floor":19.0,"turns":4.0},{"damage":0.0,"enemies":"Centurion and Healer","floor":20.0,"turns":11.0},{"damage":4.0,"enemies":"Sentry and Sphere","floor":21.0,"turns":6.0},{"damage":0.0,"enemies":"Snake Plant","floor":23.0,"turns":3.0},{"damage":8.0,"enemies":"Chosen and Byrds","floor":25.0,"turns":5.0},{"damage":11.0,"enemies":"Cultist and Chosen","floor":27.0,"turns":5.0},{"damage":34.0,"enemies":"Gremlin Leader","floor":28.0,"turns":6.0},{"damage":1.0,"enemies":"Shelled Parasite and Fungi","floor":29.0,"turns":4.0},{"damage":19.0,"enemies":"Slavers","floor":30.0,"turns":5.0},{"damage":0.0,"enemies":"Snake Plant","floor":31.0,"turns":3.0},{"damage":13.0,"enemies":"Automaton","floor":33.0,"turns":11.0},{"damage":1.0,"enemies":"3 Shapes","floor":35.0,"turns":5.0},{"damage":4.0,"enemies":"3 Darklings","floor":36.0,"turns":7.0},{"damage":7.0,"enemies":"Spire Growth","floor":39.0,"turns":5.0},{"damage":1.0,"enemies":"Reptomancer","floor":41.0,"turns":4.0},{"damage":3.0,"enemies":"Giant Head","floor":44.0,"turns":6.0},{"damage":0.0,"enemies":"Maw","floor":46.0,"turns":7.0},{"damage":10.0,"enemies":"3 Darklings","floor":47.0,"turns":4.0},{"damage":15.0,"enemies":"Spire Growth","floor":48.0,"turns":5.0},{"damage":24.0,"enemies":"Time Eater","floor":50.0,"turns":13.0},{"damage":81.0,"enemies":"Shield and Spear","floor":54.0,"turns":8.0},{"damage":19,"enemies":"The Heart","floor":55,"turns":9}],"seed_played":"236739203762544055","potions_obtained":[{"floor":4.0,"key":"LiquidMemories"},{"floor":5.0,"key":"Swift Potion"},{"floor":7.0,"key":"FearPotion"},{"floor":10.0,"key":"Explosive Potion"},{"floor":11.0,"key":"Guardian:BlockOnCardUsePotion"},{"floor":12.0,"key":"FairyPotion"},{"floor":13.0,"key":"FairyPotion"},{"floor":14.0,"key":"SpeedPotion"},{"floor":16.0,"key":"Guardian:BlockOnCardUsePotion"},{"floor":19.0,"key":"GamblersBrew"},{"floor":20.0,"key":"DuplicationPotion"},{"floor":21.0,"key":"Slimebound:ThreeZeroPotion"},{"floor":23.0,"key":"DistilledChaos"},{"floor":25.0,"key":"BlessingOfTheForge"},{"floor":27.0,"key":"LiquidBronze"},{"floor":28.0,"key":"Dexterity Potion"},{"floor":29.0,"key":"SteroidPotion"},{"floor":30.0,"key":"Fire Potion"},{"floor":31.0,"key":"sneckomod:MuddlingPotion"},{"floor":33.0,"key":"Dexterity Potion"},{"floor":35.0,"key":"Poison Potion"},{"floor":36.0,"key":"PowerPotion"},{"floor":39.0,"key":"Energy Potion"},{"floor":41.0,"key":"EssenceOfSteel"},{"floor":44.0,"key":"SteroidPotion"},{"floor":46.0,"key":"Block Potion"},{"floor":47.0,"key":"PowerPotion"},{"floor":54.0,"key":"Swift Potion"}],"is_trial":false,"path_per_floor":["M","M","T","M","M","R","E","R","T","E","?","E","M","E","R","B",null,"M","M","M","M","$","M","R","M","T","M","E","M","E","M","R","B",null,"M","M","?","$","M","R","E","R","T","E","$","M","M","M","R","B",null,"R","$","E","B",null],"character_chosen":"THE_SILENT","items_purchased":["Frozen Egg 2","Footwork+1","MerchantsRug","Vajra","PreservedInsect","PiercingWail","Crippling Poison","Leg Sweep","Lizard Tail"],"campfire_rested":1,"item_purchase_floors":[22,22,38,38,38,38,38,45,45],"current_hp_per_floor":[64,64,64,64,63,63,45,45,45,44,44,29,29,22,22,1,56,49,49,51,47,47,49,49,41,41,30,23,24,5,7,31,18,66,65,63,63,63,56,56,57,57,57,66,81,83,73,58,58,34,84,84,99,20,1],"gold":57,"neow_bonus":"TEN_PERCENT_HP_BONUS","is_prod":false,"is_daily":false,"chose_seed":false,"campfire_upgraded":7,"win_rate":0,"timestamp":1607527524,"path_taken":["M","M","?","M","M","R","E","R","T","E","?","E","?","E","R","BOSS","M","M","M","?","$","M","R","M","T","M","E","M","E","M","R","BOSS","M","M","?","$","M","R","E","R","T","E","$","M","M","M","R","BOSS","R","$","E","BOSS"],"build_version":"2020-11-30","purchased_purges":4,"victory":true,"max_hp_per_floor":[72,72,72,72,72,72,72,72,72,72,72,72,74,74,74,74,74,74,74,76,76,76,78,78,78,78,78,78,80,80,82,82,82,82,82,84,84,84,84,84,86,86,86,98,98,100,100,100,100,100,100,100,100,102,102],"relic_stats":{"Singing Bowl":20,"Gremlin Horn":[3,3],"counters":[33,197],"PreservedInsect":268,"Whetstone":["Strike_G","Bane"],"War Paint":["Survivor","Defend_G"],"Boot":[39],"Lizard Tail":0,"Gambling Chip":[6],"MealTicket":30,"Black Star":3,"obtain_stats":[{"MerchantsRug":38,"Lantern":7,"Pear":44,"Singing Bowl":9,"Gremlin Horn":44,"Velvet Choker":17,"Vajra":38,"PreservedInsect":38,"Whetstone":41,"Paper Crane":12,"Frozen Egg 2":22,"War Paint":30,"Boot":10,"White Beast Statue":3,"Akabeko":54,"Lizard Tail":45,"Gambling Chip":54,"MealTicket":41,"Black Star":34,"Bottled Lightning":43,"InkBottle":14,"Ring of the Snake":0,"Pocketwatch":28},{"MerchantsRug":24,"Lantern":5,"Pear":27,"Singing Bowl":5,"Gremlin Horn":27,"Velvet Choker":10,"Vajra":24,"PreservedInsect":24,"Whetstone":26,"Paper Crane":7,"Frozen Egg 2":14,"War Paint":20,"Boot":6,"White Beast Statue":2,"Akabeko":32,"Lizard Tail":27,"Gambling Chip":32,"MealTicket":26,"Black Star":22,"Bottled Lightning":26,"InkBottle":9,"Ring of the Snake":0,"Pocketwatch":18},{"MerchantsRug":136,"Lantern":27,"Pear":151,"Singing Bowl":27,"Gremlin Horn":151,"Velvet Choker":56,"Vajra":136,"PreservedInsect":136,"Whetstone":145,"Paper Crane":38,"Frozen Egg 2":82,"War Paint":110,"Boot":34,"White Beast Statue":8,"Akabeko":188,"Lizard Tail":151,"Gambling Chip":188,"MealTicket":145,"Black Star":124,"Bottled Lightning":145,"InkBottle":48,"Ring of the Snake":0,"Pocketwatch":101}],"InkBottle":[51],"Ring of the Snake":[66],"Pocketwatch":[129]},"card_choices":[{"not_picked":["Riddle With Holes","Dodge and Roll"],"picked":"Poisoned Stab","floor":1.0},{"not_picked":["Sucker Punch","Dagger Spray"],"picked":"Bouncing Flask","floor":2.0},{"not_picked":["Backflip","Unload"],"picked":"Footwork","floor":4.0},{"not_picked":["Tactician","Endless Agony"],"picked":"Bane","floor":5.0},{"not_picked":["Reflex","Dagger Throw"],"picked":"Backflip","floor":7.0},{"not_picked":["Choke","Heel Hook"],"picked":"Bane","floor":10.0},{"not_picked":["Acrobatics","Flying Knee"],"picked":"Sucker Punch","floor":12.0},{"not_picked":["Tactician","Endless Agony","Blade Dance"],"picked":"Singing Bowl","floor":13.0},{"not_picked":["Endless Agony","Sucker Punch"],"picked":"A Thousand Cuts","floor":14.0},{"not_picked":["Glass Knife","Burst"],"picked":"Wraith Form v2","floor":16.0},{"not_picked":["Dagger Throw","Setup"],"picked":"Dodge and Roll","floor":18.0},{"not_picked":["Bane","Terror"],"picked":"Dodge and Roll","floor":19.0},{"not_picked":["Quick Slash","Masterful Stab","Acrobatics"],"picked":"Singing Bowl","floor":20.0},{"not_picked":["Deadly Poison","Blade Dance"],"picked":"Crippling Poison+1","floor":21.0},{"not_picked":["Acrobatics+1","Backflip","Underhanded Strike"],"picked":"Singing Bowl","floor":23.0},{"not_picked":["Doppelganger","Deflect"],"picked":"Catalyst","floor":25.0},{"not_picked":["Dagger Spray","Blade Dance"],"picked":"Deadly Poison","floor":27.0},{"not_picked":["Escape Plan","Sucker Punch"],"picked":"Die Die Die","floor":28.0},{"not_picked":["Backstab","Dodge and Roll","Deflect"],"picked":"Singing Bowl","floor":29.0},{"not_picked":["Outmaneuver","Flying Knee"],"picked":"Catalyst","floor":30.0},{"not_picked":["Escape Plan","Bane","Deadly Poison"],"picked":"Singing Bowl","floor":31.0},{"not_picked":["Corpse Explosion","Doppelganger"],"picked":"Wraith Form v2+1","floor":33.0},{"not_picked":["Flechettes","Blade Dance"],"picked":"Caltrops+1","floor":35.0},{"not_picked":["Underhanded Strike","Dodge and Roll","Blade Dance+1"],"picked":"Singing Bowl","floor":36.0},{"not_picked":["PiercingWail+1","Bane"],"picked":"Well Laid Plans+1","floor":39.0},{"not_picked":["Poisoned Stab+1","Bane+1","Blade Dance+1"],"picked":"Singing Bowl","floor":41.0},{"not_picked":["Terror+1","Dash","Dagger Spray"],"picked":"Singing Bowl","floor":44.0},{"not_picked":["Dagger Spray","Corpse Explosion","Quick Slash"],"picked":"Singing Bowl","floor":46.0},{"not_picked":["Dodge and Roll","Deadly Poison"],"picked":"Footwork+1","floor":47.0},{"not_picked":["Terror+1","Poisoned Stab"],"picked":"Caltrops+1","floor":48.0},{"not_picked":["Dagger Spray+1","Blade Dance+1","Deflect"],"picked":"Singing Bowl","floor":54.0}],"player_experience":975096,"relics_obtained":[{"floor":3.0,"key":"White Beast Statue"},{"floor":7.0,"key":"Lantern"},{"floor":9.0,"key":"Singing Bowl"},{"floor":10.0,"key":"Boot"},{"floor":12.0,"key":"Paper Crane"},{"floor":14.0,"key":"InkBottle"},{"floor":28.0,"key":"Pocketwatch"},{"floor":30.0,"key":"War Paint"},{"floor":41.0,"key":"MealTicket"},{"floor":41.0,"key":"Whetstone"},{"floor":43.0,"key":"Bottled Lightning"},{"floor":44.0,"key":"Pear"},{"floor":44.0,"key":"Gremlin Horn"},{"floor":54.0,"key":"Akabeko"},{"floor":54.0,"key":"Gambling Chip"}],"event_choices":[{"damage_healed":0.0,"max_hp_gain":0.0,"max_hp_loss":0.0,"gold_gain":0.0,"event_name":"Lab","player_choice":"Got Potions","floor":11.0,"gold_loss":0.0,"damage_taken":0.0},{"damage_healed":0.0,"max_hp_gain":0.0,"max_hp_loss":0.0,"gold_gain":999.0,"event_name":"MindBloom","player_choice":"Gold","floor":37.0,"gold_loss":0.0,"damage_taken":0.0,"cards_obtained":["Normality","Normality"]}],"is_beta":false,"boss_relics":[{"not_picked":["WristBlade","Calling Bell"],"picked":"Velvet Choker"},{"not_picked":["Runic Dome","Sozu"],"picked":"Black Star"}],"items_purged_floors":[22,38,45,53],"is_endless":false,"potions_floor_spawned":[4,5,7,10,12,13,14,16,18,19,20,21,23,25,27,28,29,30,31,33,35,36,39,41,44,46,47,48,54],"ascension_level":19}}