{"host":"3j2m8n0ywf988fwb","time":1607542397,"event":{"gold_per_floor":[110,110,110,110,123,154,79,79,79,79,89,89,104,124,124,227,227,246,246,261,5,5,5],"floor_reached":22,"playtime":933,"items_purged":["Regret"],"score":212,"play_id":"e4eb4a3f-f3d2-4e44-88d3-7d3f45123154","local_time":"20201209133317","is_ascension_mode":true,"campfire_choices":[{"data":"Bash","floor":8,"key":"SMITH"},{"data":"ReplayTheSpireMod:Strike From Hell","floor":10,"key":"SMITH"},{"data":"StuffTheSpire:RockThrow","floor":15,"key":"SMITH"}],"neow_cost":"PUNISHING","seed_source_timestamp":222680177582300,"circlet_count":0,"master_deck":["Strike_R","Strike_R","Strike_R","Strike_R","Strike_R","Defend_R","Defend_R","Defend_R","Defend_R","Bash+1","ReplayTheSpireMod:Strike From Hell+1","Self Repair+1","Gash","Gash","Havoc","StuffTheSpire:Slingshot","StuffTheSpire:RockThrow+1","Hemogenesis"],"relics":["aspiration:DSix","StuffTheSpire:OccultApparatus","StuffTheSpire:RedRose","Eternal Feather","halation:HeavySnake","Pantograph"],"potions_floor_usage":[],"damage_taken":[{"damage":8,"enemies":"Cultist","floor":1,"turns":6},{"damage":14,"enemies":"2 Louse","floor":5,"turns":3},{"damage":44,"enemies":"Gremlin Nob","floor":6,"turns":5},{"damage":3,"enemies":"Small Slimes","floor":11,"turns":3},{"damage":24,"enemies":"Exordium Wildlife","floor":13,"turns":6},{"damage":21,"enemies":"Blue Slaver","floor":14,"turns":3},{"damage":55,"enemies":"Hexaghost","floor":16,"turns":6},{"damage":28,"enemies":"Spheric Guardian","floor":18,"turns":4},{"damage":54,"enemies":"Shell Parasite","floor":20,"turns":7},{"damage":55,"enemies":"3 Cultists","floor":22,"turns":4}],"seed_played":"-6530633169701890619","potions_obtained":[{"floor":11,"key":"FairyPotion"},{"floor":14,"key":"Energy Potion"},{"floor":20,"key":"SkillPotion"}],"is_trial":false,"path_per_floor":["M","?","?","?","M","E","$","R","T","R","M","?","M","M","R_BF","B",null,"M","?","M","$","M"],"character_chosen":"IRONCLAD","items_purchased":["Pantograph"],"campfire_rested":0,"item_purchase_floors":[21],"current_hp_per_floor":[78,78,78,78,74,40,40,46,46,52,59,67,63,52,61,16,80,62,62,23,23,0,0],"gold":5,"neow_bonus":"DSIX","is_prod":false,"is_daily":false,"chose_seed":false,"campfire_upgraded":3,"win_rate":0,"timestamp":1607542397,"path_taken":["M","?","?","?","M","E","?","R","T","R","?","?","M","M","R_BF","BOSS","M","?","M","?","M"],"build_version":"2020-11-30","purchased_purges":1,"victory":false,"max_hp_per_floor":[80,80,80,80,80,80,80,80,80,80,80,80,80,80,80,80,80,80,80,80,80,80,80],"relic_stats":{"counters":[10,47],"Pantograph":0,"Eternal Feather":21,"obtain_stats":[{"StuffTheSpire:OccultApparatus":4,"Iron Core":2,"Pantograph":21,"Eternal Feather":6,"StuffTheSpire:RedRose":3,"aspiration:DSix":0,"Burning Blood":0,"halation:HeavySnake":17},{"StuffTheSpire:OccultApparatus":1,"Iron Core":1,"Pantograph":9,"Eternal Feather":3,"StuffTheSpire:RedRose":1,"aspiration:DSix":0,"Burning Blood":0,"halation:HeavySnake":7},{"StuffTheSpire:OccultApparatus":6,"Iron Core":6,"Pantograph":43,"Eternal Feather":14,"StuffTheSpire:RedRose":6,"aspiration:DSix":0,"Burning Blood":0,"halation:HeavySnake":32}]},"card_choices":[{"not_picked":["Body Slam","Replay:Undeath\u0027s Touch"],"picked":"ReplayTheSpireMod:Strike From Hell","floor":1},{"not_picked":["Dual Wield","jedi:strikingstrike"],"picked":"Gash","floor":5},{"not_picked":["Perfected Strike","Cleave"],"picked":"Gash","floor":6},{"not_picked":["Hologram","Clash"],"picked":"Havoc","floor":11},{"not_picked":["Limit Break","Clash"],"picked":"StuffTheSpire:Slingshot","floor":13},{"not_picked":["jedi:collectorstrike","Wild Strike"],"picked":"StuffTheSpire:RockThrow","floor":14},{"not_picked":["hubris:StunningStrike","Mirror Shield"],"picked":"Hemogenesis","floor":16},{"not_picked":["StuffTheSpire:Incineration","Warcry","Rupture"],"picked":"SKIP","floor":18},{"not_picked":["Armaments","Uppercut","Warcry"],"picked":"SKIP","floor":20}],"player_experience":955255,"relics_obtained":[{"floor":6,"key":"Eternal Feather"}],"event_choices":[{"damage_healed":0,"gold_gain":0,"player_choice":"Ignored","damage_taken":0,"max_hp_gain":0,"max_hp_loss":0,"event_name":"betterNote:BetterNote","floor":19,"gold_loss":0,"cards_obtained":["Dash"]}],"is_beta":false,"boss_relics":[{"not_picked":["halation:CatFaceCupcake","Ectoplasm"],"picked":"halation:HeavySnake"}],"items_purged_floors":[7],"is_endless":false,"potions_floor_spawned":[11,14,20],"killed_by":"3 Cultists","ascension_level":3}}