{"host":"87fdiiwflhrwsj8a","time":1607550940,"event":{"gold_per_floor":[114,114,214,231,246,246,246,246,378,378,378,378,378,441,458,458,458,533,533,549,549,18,18,36,36,36],"floor_reached":25,"playtime":468,"items_purged":[],"score":394,"play_id":"3a9a9a20-5468-4411-aeae-e6cb44774418","local_time":"20201209165540","is_ascension_mode":true,"campfire_choices":[{"data":"Sunder","floor":8.0,"key":"SMITH"},{"data":"Electrodynamics","floor":10.0,"key":"SMITH"},{"floor":12.0,"key":"REST"},{"data":"Barrage","floor":17,"key":"SMITH"}],"neow_cost":"NONE","seed_source_timestamp":105459118152700,"circlet_count":0,"master_deck":["AscendersBane","Strike_B","Strike_B","Strike_B","Strike_B","Defend_B","Defend_B","Defend_B","Defend_B","Zap","Dualcast","Sunder+1","Electrodynamics+1","Barrage+1","Creative AI","Sunder","Capacitor"],"special_seed":0,"relics":["Cracked Core","NeowsBlessing","StuffTheSpire:TintedRock","Geode","infinitespire:Bottled Soul","Snecko Heart","Lee\u0027s Waffle","Solar Panel","MutagenicStrength"],"potions_floor_usage":[25],"damage_taken":[{"damage":0.0,"enemies":"Jaw Worm","floor":1.0,"turns":1.0},{"damage":0.0,"enemies":"Small Slimes","floor":4.0,"turns":1.0},{"damage":0.0,"enemies":"Cultist","floor":5.0,"turns":1.0},{"damage":40.0,"enemies":"Lagavulin","floor":9.0,"turns":5.0},{"damage":6,"enemies":"Looter","floor":15,"turns":2},{"damage":19,"enemies":"Slime Boss","floor":18,"turns":6},{"damage":36,"enemies":"Shell Parasite","floor":20,"turns":4},{"damage":34,"enemies":"3 Byrds","floor":24,"turns":3},{"damage":53,"enemies":"Book of Stabbing","floor":25,"turns":4}],"seed_played":"4065971034243162499","potions_obtained":[{"floor":1.0,"key":"LifebloodPotion"},{"floor":4.0,"key":"Fire Potion"},{"floor":15,"key":"Elixir"}],"is_trial":false,"path_per_floor":["M","?","?","M","M","PTL","PTL","R","E","R","T","R","?","?","M","$","R","B",null,"M","?","$","?","M","E"],"character_chosen":"DEFECT","items_purchased":["Lee\u0027s Waffle","Solar Panel","Capacitor"],"campfire_rested":1,"item_purchase_floors":[22,22,22],"current_hp_per_floor":[64,64,64,64,64,64,64,64,24,24,24,45,45,45,39,39,39,20,58,22,22,78,78,50,0,0],"gold":36,"neow_bonus":"THREE_ENEMY_KILL","is_prod":false,"is_daily":false,"chose_seed":false,"campfire_upgraded":3,"win_rate":0,"timestamp":1607550940,"path_taken":["M","?","?","?","M","PTL","PTL","R","E","R","T","R","?","?","M","$","R","BOSS","M","?","?","?","M","E"],"build_version":"2020-11-30","purchased_purges":0,"victory":false,"max_hp_per_floor":[71,71,71,71,71,71,71,71,71,71,71,71,71,71,71,71,71,71,71,71,71,78,78,78,78,78],"card_choices":[{"not_picked":["Leap","Doom and Gloom"],"picked":"Sunder","floor":1.0},{"not_picked":["Cold Snap","Compile Driver","Chill"],"picked":"SKIP","floor":4.0},{"not_picked":["Storm","Chill","Coolheaded"],"picked":"SKIP","floor":5.0},{"not_picked":["StuffTheSpire:LoadUp","Gash"],"picked":"Electrodynamics","floor":9.0},{"not_picked":["Self Repair","BootSequence"],"picked":"Barrage","floor":15},{"not_picked":["Mirror Shield","All For One"],"picked":"Creative AI","floor":18},{"not_picked":["Panic Button","Redo"],"picked":"Sunder","floor":20},{"not_picked":["Hologram","Genetic Algorithm","Barrage"],"picked":"SKIP","floor":24}],"player_experience":2511772,"relics_obtained":[{"floor":2.0,"key":"StuffTheSpire:TintedRock"},{"floor":9.0,"key":"Geode"},{"floor":11.0,"key":"infinitespire:Bottled Soul"}],"event_choices":[{"damage_healed":0.0,"max_hp_gain":0.0,"max_hp_loss":0.0,"gold_gain":100.0,"event_name":"Wheel of Change","player_choice":"Gold","floor":3.0,"gold_loss":0.0,"damage_taken":0.0},{"damage_healed":0,"gold_gain":63,"player_choice":"Gained Gold","damage_taken":0,"max_hp_gain":0,"max_hp_loss":0,"event_name":"Golden Wing","floor":14,"gold_loss":0},{"damage_healed":0,"gold_gain":0,"player_choice":"Ignored","damage_taken":0,"max_hp_gain":0,"max_hp_loss":0,"event_name":"betterNote:BetterNote","floor":21,"gold_loss":0,"cards_obtained":["Defend_B"]},{"damage_healed":0,"gold_gain":0,"player_choice":"Inject Mutagens","damage_taken":0,"relics_obtained":["MutagenicStrength"],"max_hp_gain":0,"max_hp_loss":0,"event_name":"Drug Dealer","floor":23,"gold_loss":0}],"is_beta":false,"boss_relics":[{"not_picked":["StuffTheSpire:RunicConfusion","Replay:Wanted Poster"],"picked":"Snecko Heart"}],"items_purged_floors":[],"is_endless":false,"potions_floor_spawned":[1,4,15,24],"killed_by":"Book of Stabbing","ascension_level":20}}