{"host":"pqz3xdxicu6yby95","time":1607472911,"event":{"gold_per_floor":[114,124,139,159,19,19,51,51,51],"floor_reached":8,"playtime":585,"items_purged":[],"score":58,"play_id":"e65d5a08-b7f1-4f3a-bde5-f1786022c362","local_time":"20201208191511","is_ascension_mode":false,"campfire_choices":[{"floor":6,"key":"REST"}],"neow_cost":"","seed_source_timestamp":1641508390888400,"circlet_count":0,"master_deck":["Strike_P","Strike_P","Strike_P","Strike_P","Defend_P","Defend_P","Defend_P","Defend_P","Eruption","Vigilance","MarkedMod:Acupuncture","JustLucky","Sadistic Nature","Specialist+1","ReplayTheSpireMod:Brewmster","MarkedMod:SlowDance","FlyingSleeves","Replay:ManipulateFuture","FollowUp","LessonLearned","MarkedMod:GentlePulse"],"relics":["PureWater","ReplayTheSpireMod:ShopPack","hubris:Reverence"],"potions_floor_usage":[2,7,7],"damage_taken":[{"damage":3,"enemies":"conspire:RoseBush","floor":1,"turns":3},{"damage":2,"enemies":"2 Louse","floor":2,"turns":3},{"damage":1,"enemies":"Cultist","floor":3,"turns":3},{"damage":17,"enemies":"Lots of Slimes","floor":4,"turns":4},{"damage":38,"enemies":"Gremlin Nob","floor":7,"turns":5},{"damage":26,"enemies":"Exordium Thugs","floor":8,"turns":3}],"seed_played":"7634842038479268165","potions_obtained":[{"floor":1,"key":"Fire Potion"},{"floor":7,"key":"potionbrewer:DiscountPotion"}],"is_trial":false,"path_per_floor":["M","M","M","M","$","R","E","M"],"character_chosen":"WATCHER","items_purchased":["MarkedMod:Acupuncture","ReplayTheSpireMod:ShopPack","JustLucky","LessonLearned"],"campfire_rested":1,"item_purchase_floors":[0,0,0,5],"current_hp_per_floor":[63,61,60,43,43,64,26,0,0],"gold":51,"neow_bonus":"","is_prod":false,"is_daily":false,"chose_seed":false,"campfire_upgraded":0,"win_rate":0,"timestamp":1607472911,"path_taken":["M","M","M","M","$","R","E","M"],"build_version":"2020-11-30","purchased_purges":0,"victory":false,"max_hp_per_floor":[72,72,72,72,72,72,72,72,72],"relic_stats":{"counters":[25,90],"obtain_stats":[{"Golden Egg":2,"NeowsBlessing":0,"HollowMod:VesselMask":0,"Pen Nib":6,"Replay:WaspNest":20,"potionbrewer:ToyAutogyro":4,"Akabeko":10,"Replay:Rubber Ducky":5,"Peace Pipe":1,"hubris:Icosahedron":3,"Replay:M_SmolderingBlood":3,"hubris:Stopwatch":17,"Orrery":14,"Molten Egg 2":3,"Onion Ring":9,"Tiny Chest":12,"hubris:ToyBattleship":9,"Replay:Wax Seal":0,"ReplayTheSpireMod:ShopPack":0,"hubris:Reverence":7},{"Golden Egg":2,"NeowsBlessing":9,"HollowMod:VesselMask":0,"Pen Nib":12,"Replay:WaspNest":19,"potionbrewer:ToyAutogyro":4,"Akabeko":6,"Replay:Rubber Ducky":4,"Peace Pipe":1,"hubris:Icosahedron":4,"Replay:M_SmolderingBlood":10,"hubris:Stopwatch":18,"Orrery":17,"Molten Egg 2":2,"Onion Ring":5,"Tiny Chest":16,"hubris:ToyBattleship":13,"Replay:Wax Seal":3,"ReplayTheSpireMod:ShopPack":19,"hubris:Reverence":24},{"Golden Egg":8,"NeowsBlessing":42,"HollowMod:VesselMask":0,"Pen Nib":45,"Replay:WaspNest":69,"potionbrewer:ToyAutogyro":13,"Akabeko":23,"Replay:Rubber Ducky":13,"Peace Pipe":4,"hubris:Icosahedron":13,"Replay:M_SmolderingBlood":43,"hubris:Stopwatch":65,"Orrery":59,"Molten Egg 2":8,"Onion Ring":16,"Tiny Chest":56,"hubris:ToyBattleship":47,"Replay:Wax Seal":10,"ReplayTheSpireMod:ShopPack":69,"hubris:Reverence":87}]},"card_choices":[{"not_picked":["Apotheosis","Violence"],"picked":"Sadistic Nature","floor":0},{"not_picked":["hubris:Ssssneak","Mind Blast"],"picked":"Specialist","floor":0},{"not_picked":["Crow Ritual","Impatience"],"picked":"ReplayTheSpireMod:Brewmster","floor":0},{"not_picked":["Weave","Replay:Vibes"],"picked":"MarkedMod:SlowDance","floor":1},{"not_picked":["Replay:BluntJabs","Evaluate"],"picked":"FlyingSleeves","floor":2},{"not_picked":["CutThroughFate","BowlingBash"],"picked":"Replay:ManipulateFuture","floor":3},{"not_picked":["SignatureMove","Study"],"picked":"FollowUp","floor":4},{"not_picked":["Prostrate","EmptyFist"],"picked":"MarkedMod:GentlePulse","floor":7}],"player_experience":485228,"relics_obtained":[{"floor":7,"key":"hubris:Reverence"}],"event_choices":[],"is_beta":false,"boss_relics":[],"items_purged_floors":[],"is_endless":false,"potions_floor_spawned":[1,7],"killed_by":"Exordium Thugs","ascension_level":0}}