{"host":"jm9833yuloeli2yd","time":1607556814,"event":{"gold_per_floor":[115,265,280,280,300,334,34,34,58,71,71,106,106,126,126,219,219,244,84,102,102,102,146,146,162,162,162,20,54,0,23,23,112,112,127,127,142,42,73,113,113,146,228,253,253,253,253,292,292,292,292,292,292,17,60,60,60],"floor_reached":56,"playtime":2247,"items_purged":["Doubt","Writhe","Coolheaded"],"score":2029,"play_id":"1331637c-a46d-426c-8ded-70e40c1acf2c","local_time":"20201209183334","is_ascension_mode":true,"campfire_choices":[{"floor":8.0,"key":"REST"},{"data":"Defragment","floor":11.0,"key":"SMITH"},{"data":"Zap","floor":13.0,"key":"SMITH"},{"data":"Auto Shields","floor":15.0,"key":"SMITH"},{"data":"Defragment","floor":24,"key":"SMITH"},{"data":"White Noise","floor":27,"key":"SMITH"},{"data":"Capacitor","floor":32,"key":"SMITH"},{"data":"Seek","floor":41,"key":"SMITH"},{"data":"Biased Cognition","floor":45,"key":"SMITH"},{"floor":47,"key":"RECALL"},{"data":"1","floor":49,"key":"LIFT"},{"data":"Multi-Cast","floor":53,"key":"SMITH"}],"neow_cost":"NONE","seed_source_timestamp":780811318870300,"circlet_count":0,"master_deck":["AscendersBane","Zap+1","Dualcast","Chill","Sweeping Beam","Beam Cell","Cold Snap+1","Defragment+1","Cold Snap","Auto Shields+1","Seek+1","Beam Cell","White Noise+1","Rainbow","Redo","Sweeping Beam","FTL","Rebound+1","Defragment+1","Coolheaded+1","BootSequence","Capacitor+1","Multi-Cast+1","Core Surge","Steam Power+1","Turbo+1","Coolheaded+1","Undo","Biased Cognition+1","White Noise+1","Barrage","Double Energy+1"],"special_seed":0,"relics":["Cracked Core","NeowsBlessing","Golden Idol","Orichalcum","Strange Spoon","DataDisk","PreservedInsect","Pandora\u0027s Box","Tiny Chest","Strawberry","Girya","HornCleat","Symbiotic Virus","Philosopher\u0027s Stone","Dead Branch","Pantograph","Toxic Egg 2","Bottled Flame","Vajra","Whetstone","Nunchaku","Bottled Lightning"],"potions_floor_usage":[16,29,39,40,48,56],"damage_taken":[{"damage":0.0,"enemies":"Small Slimes","floor":1.0,"turns":1.0},{"damage":0.0,"enemies":"Jaw Worm","floor":3.0,"turns":1.0},{"damage":0.0,"enemies":"Cultist","floor":5.0,"turns":1.0},{"damage":23.0,"enemies":"Lagavulin","floor":6.0,"turns":6.0},{"damage":2.0,"enemies":"2 Fungi Beasts","floor":10.0,"turns":3.0},{"damage":7.0,"enemies":"Gremlin Nob","floor":12.0,"turns":5.0},{"damage":0.0,"enemies":"Red Slaver","floor":14.0,"turns":1.0},{"damage":8,"enemies":"Hexaghost","floor":16,"turns":11},{"damage":6,"enemies":"Spheric Guardian","floor":18,"turns":4},{"damage":7,"enemies":"2 Thieves","floor":20,"turns":4},{"damage":7,"enemies":"Book of Stabbing","floor":23,"turns":5},{"damage":3,"enemies":"Snake Plant","floor":25,"turns":3},{"damage":19,"enemies":"Slavers","floor":29,"turns":4},{"damage":4,"enemies":"Centurion and Healer","floor":31,"turns":5},{"damage":8,"enemies":"Collector","floor":33,"turns":13},{"damage":0,"enemies":"3 Shapes","floor":35,"turns":6},{"damage":2,"enemies":"Orb Walker","floor":37,"turns":4},{"damage":0,"enemies":"Mind Bloom Boss Battle","floor":39,"turns":4},{"damage":32,"enemies":"Reptomancer","floor":40,"turns":7},{"damage":0,"enemies":"Nemesis","floor":42,"turns":5},{"damage":0,"enemies":"Giant Head","floor":48,"turns":5},{"damage":14,"enemies":"Time Eater","floor":50,"turns":10},{"damage":37,"enemies":"Awakened One","floor":51,"turns":18},{"damage":17,"enemies":"Shield and Spear","floor":55,"turns":6},{"damage":73,"enemies":"The Heart","floor":56,"turns":4}],"seed_played":"7774879474491516338","potions_obtained":[{"floor":1.0,"key":"DuplicationPotion"},{"floor":3.0,"key":"FearPotion"},{"floor":12.0,"key":"Explosive Potion"},{"floor":14.0,"key":"FearPotion"},{"floor":18,"key":"Ancient Potion"},{"floor":33,"key":"LiquidMemories"},{"floor":39,"key":"FocusPotion"},{"floor":48,"key":"PowerPotion"}],"is_trial":false,"path_per_floor":["M","?","M","?","M","E","$","R","T","M","R","E","R","M","R","B",null,"M","$","M","?","T","E","R","M","T","R","$","E","$","M","R","B",null,"M","T","M","$","?","E","R","E","T","T","R","T","R","E","R","B","B",null,"R","$","E","B"],"character_chosen":"DEFECT","items_purchased":["Defragment","Strange Spoon","Fire Potion","Defragment","Capacitor","FocusPotion","SpeedPotion","White Noise+1","BlessingOfTheForge","Barrage"],"campfire_rested":1,"item_purchase_floors":[7,7,7,19,28,28,30,54,54,54],"current_hp_per_floor":[64,64,64,40,40,17,17,38,38,36,36,29,29,29,29,21,59,53,53,46,46,53,46,46,43,43,43,43,24,24,20,20,12,62,62,62,60,60,60,28,28,28,28,28,28,28,28,28,28,39,27,65,65,65,48,0,0],"gold":60,"neow_bonus":"THREE_ENEMY_KILL","is_prod":false,"is_daily":false,"chose_seed":false,"campfire_upgraded":9,"win_rate":0,"timestamp":1607556814,"path_taken":["M","?","M","?","?","E","$","R","T","M","R","E","R","M","R","BOSS","M","$","M","?","?","E","R","M","T","R","?","E","$","?","R","BOSS","M","?","?","$","?","E","R","E","T","?","R","?","R","E","R","BOSS","BOSS","R","$","E","BOSS"],"build_version":"2020-11-30","purchased_purges":3,"victory":false,"max_hp_per_floor":[71,71,71,71,71,71,71,71,71,71,71,71,71,71,71,71,71,71,71,71,71,78,78,78,78,78,78,78,78,78,78,78,78,78,78,78,78,78,78,78,78,78,78,78,78,78,78,78,78,78,78,78,78,78,78,78,78],"card_choices":[{"not_picked":["Streamline","Tempest"],"picked":"Chill","floor":1.0},{"not_picked":["Hologram","Streamline"],"picked":"Sweeping Beam","floor":3.0},{"not_picked":["Thunder Strike","Hologram"],"picked":"Beam Cell","floor":5.0},{"not_picked":["Sunder","Blizzard"],"picked":"Cold Snap","floor":6.0},{"not_picked":["Coolheaded","Fission"],"picked":"Cold Snap","floor":10.0},{"not_picked":["Auto Shields","Reinforced Body","Lockon"],"picked":"SKIP","floor":12.0},{"not_picked":["Barrage","Beam Cell"],"picked":"Auto Shields","floor":14.0},{"not_picked":["Machine Learning","Rainbow"],"picked":"Seek","floor":16},{"not_picked":["White Noise","Cold Snap","Redo"],"picked":"SKIP","floor":18},{"not_picked":["Compile Driver+1","Conserve Battery"],"picked":"Coolheaded+1","floor":20},{"not_picked":["Rebound","Coolheaded","Steam+1"],"picked":"SKIP","floor":23},{"not_picked":["Ball Lightning","Cold Snap"],"picked":"BootSequence","floor":25},{"not_picked":["Glacier","Leap"],"picked":"Multi-Cast","floor":29},{"not_picked":["Go for the Eyes","Sweeping Beam","Compile Driver"],"picked":"SKIP","floor":31},{"not_picked":["Amplify","Hyperbeam"],"picked":"Core Surge","floor":33},{"not_picked":["Redo","Compile Driver"],"picked":"Steam Power+1","floor":35},{"not_picked":["Chill","Beam Cell+1"],"picked":"Turbo+1","floor":37},{"not_picked":["Cold Snap","Redo"],"picked":"Coolheaded+1","floor":39},{"not_picked":["Sunder","Coolheaded"],"picked":"Undo","floor":40},{"not_picked":["Barrage","Capacitor"],"picked":"Biased Cognition","floor":42},{"not_picked":["Compile Driver+1","Thunder Strike","Scrape+1"],"picked":"SKIP","floor":48},{"not_picked":["Leap+1","Heatsinks"],"picked":"Double Energy+1","floor":55}],"player_experience":982883,"relics_obtained":[{"floor":6.0,"key":"Orichalcum"},{"floor":9.0,"key":"DataDisk"},{"floor":12.0,"key":"PreservedInsect"},{"floor":22,"key":"Strawberry"},{"floor":23,"key":"Girya"},{"floor":26,"key":"HornCleat"},{"floor":29,"key":"Symbiotic Virus"},{"floor":39,"key":"Dead Branch"},{"floor":40,"key":"Pantograph"},{"floor":42,"key":"Toxic Egg 2"},{"floor":43,"key":"Bottled Flame"},{"floor":44,"key":"Vajra"},{"floor":46,"key":"Whetstone"},{"floor":48,"key":"Nunchaku"},{"floor":55,"key":"Bottled Lightning"}],"event_choices":[{"damage_healed":0.0,"max_hp_gain":0.0,"max_hp_loss":0.0,"gold_gain":150.0,"event_name":"Liars Game","player_choice":"AGREE","floor":2.0,"gold_loss":0.0,"damage_taken":0.0,"cards_obtained":["Doubt"]},{"damage_healed":0.0,"max_hp_gain":0.0,"max_hp_loss":0.0,"gold_gain":0.0,"event_name":"Golden Idol","player_choice":"Take Damage","floor":4.0,"gold_loss":0.0,"damage_taken":24.0,"relics_obtained":["Golden Idol"]},{"damage_healed":0,"gold_gain":0,"player_choice":"Opened","damage_taken":0,"relics_obtained":["Tiny Chest"],"max_hp_gain":0,"max_hp_loss":0,"event_name":"The Mausoleum","floor":21,"gold_loss":0,"cards_obtained":["Writhe"]},{"damage_healed":0,"gold_gain":0,"player_choice":"Fight","damage_taken":0,"max_hp_gain":0,"max_hp_loss":0,"event_name":"MindBloom","floor":39,"gold_loss":0}],"is_beta":false,"boss_relics":[{"not_picked":["SlaversCollar","Runic Dome"],"picked":"Pandora\u0027s Box"},{"not_picked":["FrozenCore","Runic Pyramid"],"picked":"Philosopher\u0027s Stone"}],"items_purged_floors":[19,38,54],"is_endless":false,"potions_floor_spawned":[1,3,12,14,18,33,39,48],"killed_by":"The Heart","ascension_level":20}}