{"host":"vkn5295jy2rrqx8j","time":1607555833,"event":{"gold_per_floor":[115,115,127,127,147,147,165,165,240,240,254,2,2,43,43,141,141,141,141,141,101,101,101,101,101,101,101,101,101,101,101,101],"floor_reached":31,"playtime":1027,"items_purged":["Injury"],"score":636,"play_id":"e491f325-e31f-40ca-920c-2a1a07799d46","local_time":"20201210081713","is_ascension_mode":true,"campfire_choices":[{"floor":6,"key":"REST"},{"data":"Crippling Poison","floor":8,"key":"SMITH"},{"data":"Adrenaline","floor":13,"key":"SMITH"},{"data":"Burst","floor":15,"key":"SMITH"},{"data":"Acrobatics","floor":24,"key":"SMITH"},{"data":"Adrenaline","floor":27,"key":"SMITH"}],"neow_cost":"NONE","seed_source_timestamp":5790989570200,"circlet_count":0,"master_deck":["AscendersBane","Strike_G","Strike_G+1","Strike_G","Strike_G","Defend_G+1","Defend_G","Defend_G+1","Defend_G","Defend_G+1","Survivor","Neutralize","Crippling Poison+1","All Out Attack","Underhanded Strike","Deadly Poison","Dagger Throw","Adrenaline+1","Burst+1","Die Die Die","Acrobatics+1","Backflip","Footwork","Escape Plan","Adrenaline+1","PiercingWail","Backflip"],"relics":["Ring of the Snake","War Paint","Golden Idol","Mercury Hourglass","Akabeko","Ectoplasm","Boot","Frozen Egg 2","Prayer Wheel","Snake Skull","Nunchaku"],"potions_floor_usage":[23],"damage_taken":[{"damage":6,"enemies":"2 Louse","floor":1,"turns":4},{"damage":5,"enemies":"Small Slimes","floor":3,"turns":4},{"damage":12,"enemies":"Jaw Worm","floor":5,"turns":4},{"damage":0,"enemies":"2 Fungi Beasts","floor":7,"turns":3},{"damage":0,"enemies":"3 Louse","floor":11,"turns":2},{"damage":15,"enemies":"Lagavulin","floor":14,"turns":7},{"damage":3,"enemies":"The Guardian","floor":16,"turns":8},{"damage":13,"enemies":"Spheric Guardian","floor":18,"turns":4},{"damage":3,"enemies":"2 Thieves","floor":21,"turns":3},{"damage":12,"enemies":"Centurion and Healer","floor":22,"turns":7},{"damage":0,"enemies":"Gremlin Leader","floor":23,"turns":3},{"damage":2,"enemies":"Slavers","floor":25,"turns":3},{"damage":0,"enemies":"3 Cultists","floor":28,"turns":2},{"damage":7,"enemies":"Gremlin Leader","floor":29,"turns":4},{"damage":36,"enemies":"Book of Stabbing","floor":31,"turns":5}],"seed_played":"-4292120455212185921","potions_obtained":[{"floor":5,"key":"FairyPotion"},{"floor":7,"key":"Poison Potion"},{"floor":22,"key":"DuplicationPotion"}],"is_trial":false,"path_per_floor":["M","?","M","?","M","R","M","R","T","?","M","$","R","E","R","B",null,"M","?","?","M","M","E","R","E","T","R","M","E","?","E"],"character_chosen":"THE_SILENT","items_purchased":["Adrenaline"],"campfire_rested":1,"item_purchase_floors":[12],"current_hp_per_floor":[53,33,28,28,16,35,35,35,35,28,28,28,28,13,13,10,52,39,39,39,36,24,24,24,22,22,22,22,15,15,0,0],"gold":101,"neow_bonus":"RANDOM_COMMON_RELIC","is_prod":false,"is_daily":false,"chose_seed":false,"campfire_upgraded":5,"win_rate":0,"timestamp":1607555833,"path_taken":["M","?","M","?","M","R","M","R","T","?","?","$","R","E","R","BOSS","M","?","?","M","M","E","R","E","T","R","M","E","?","E"],"build_version":"2020-11-30","purchased_purges":1,"victory":false,"max_hp_per_floor":[66,66,66,66,66,66,66,66,66,66,66,66,66,66,66,66,66,66,66,66,66,66,66,66,66,66,66,66,66,66,66,66],"card_choices":[{"not_picked":["Dodge and Roll","Sucker Punch"],"picked":"Crippling Poison","floor":1},{"not_picked":["Deflect","Quick Slash"],"picked":"All Out Attack","floor":3},{"not_picked":["Heel Hook","Quick Slash"],"picked":"Underhanded Strike","floor":5},{"not_picked":["Slice","Dagger Spray"],"picked":"Deadly Poison","floor":7},{"not_picked":["Prepared","PiercingWail"],"picked":"Dagger Throw","floor":11},{"not_picked":["Heel Hook","Catalyst"],"picked":"Burst","floor":14},{"not_picked":["Doppelganger","A Thousand Cuts"],"picked":"Die Die Die","floor":16},{"not_picked":["Outmaneuver","Cloak And Dagger"],"picked":"Acrobatics","floor":18},{"not_picked":["Dagger Throw","Crippling Poison+1"],"picked":"Backflip","floor":21},{"not_picked":["Bane","Terror"],"picked":"Footwork","floor":22},{"not_picked":["Quick Slash","Acrobatics"],"picked":"Escape Plan","floor":23},{"not_picked":["Flechettes","Footwork+1"],"picked":"Adrenaline","floor":25},{"not_picked":["Dash","Deflect"],"picked":"PiercingWail","floor":28},{"not_picked":["Outmaneuver","Prepared","Deadly Poison"],"picked":"SKIP","floor":28},{"not_picked":["Dodge and Roll+1","Prepared"],"picked":"Backflip","floor":29}],"player_experience":772918,"relics_obtained":[{"floor":9,"key":"Mercury Hourglass"},{"floor":14,"key":"Akabeko"},{"floor":23,"key":"Frozen Egg 2"},{"floor":25,"key":"Prayer Wheel"},{"floor":26,"key":"Snake Skull"},{"floor":29,"key":"Nunchaku"}],"event_choices":[{"damage_healed":0,"gold_gain":0,"player_choice":"Entered Light","damage_taken":20,"max_hp_gain":0,"max_hp_loss":0,"event_name":"Shining Light","floor":2,"gold_loss":0,"cards_upgraded":["Defend_G","Strike_G"]},{"damage_healed":0,"gold_gain":0,"player_choice":"Take Wound","damage_taken":0,"relics_obtained":["Golden Idol"],"max_hp_gain":0,"max_hp_loss":0,"event_name":"Golden Idol","floor":4,"gold_loss":0,"cards_obtained":["Injury"]},{"cards_removed":["Strike_G"],"damage_healed":0,"gold_gain":0,"player_choice":"Card Removal","damage_taken":7,"max_hp_gain":0,"max_hp_loss":0,"event_name":"Golden Wing","floor":10,"gold_loss":0},{"damage_healed":0,"gold_gain":0,"player_choice":"Opened","damage_taken":0,"relics_obtained":["Boot"],"max_hp_gain":0,"max_hp_loss":0,"event_name":"The Mausoleum","floor":19,"gold_loss":0,"cards_obtained":["Writhe"]},{"cards_removed":["Writhe"],"damage_healed":0,"gold_gain":0,"player_choice":"Elegance","damage_taken":0,"max_hp_gain":0,"max_hp_loss":0,"event_name":"Back to Basics","floor":20,"gold_loss":0},{"damage_healed":0,"gold_gain":50,"player_choice":"Stole From Cult","damage_taken":0,"max_hp_gain":0,"max_hp_loss":0,"event_name":"Nest","floor":30,"gold_loss":0}],"is_beta":false,"boss_relics":[{"not_picked":["Cursed Key","Calling Bell"],"picked":"Ectoplasm"}],"items_purged_floors":[12],"is_endless":false,"potions_floor_spawned":[5,7,11,18,22],"killed_by":"Book of Stabbing","ascension_level":20}}