{"host":"pcbz64t4k17ey4z1","time":1607553984,"event":{"gold_per_floor":[117,132,149,161,171,197,1,32,32,45,63,96,96,107,107,184,184,204,10,24,24,44,44,69,80,104,135,151,176,206,226,226,303,969,1046,875,944,944,1020,1114,1114,1114,1202,1313,1313,1417,1541,1541,1541,1541,1541,1718,1718,1718],"floor_reached":53,"playtime":2497,"items_purged":["Strike_P+1","CutThroughFate"],"score":3084,"play_id":"eabe34f2-96dc-4b52-af5d-92f140a94b36","local_time":"20201209224624","is_ascension_mode":true,"campfire_choices":[{"data":"MentalFortress","floor":13,"key":"SMITH"},{"data":"Swivel","floor":15,"key":"SMITH"},{"data":"Study","floor":23,"key":"SMITH"},{"data":"Replay:Anticipation","floor":32,"key":"SMITH"},{"data":"Flash of Steel","floor":49,"key":"SMITH"},{"floor":51,"key":"RECALL"}],"neow_cost":"","seed_source_timestamp":3591633973100,"circlet_count":0,"master_deck":["AscendersBane","Eruption+1","Vigilance+1","Flash of Steel+1","Sanctity+1","Consecrate","FlurryOfBlows","FlurryOfBlows","Flash of Steel+1","MentalFortress+1","Study+1","Replay:AllIn","Swivel+1","infinitespire:NeuralNetwork","FlurryOfBlows","Replay:Anticipation+1","JustLucky","Halt+1"],"relics":["PureWater","Hammer of Thor","Seething Fire","Anvil of the Gods","potionbrewer:AlchemistFlask","hubris:OldNail","Mirror","conspire:Dentures","StuffTheSpire:HeavyRock","infinitespire:FocusingShard","Replay:Grab Bag","Painkiller Herb","aspiration:RandomNobGenerator","hubris:ScarierMask","aspiration:PoetsPen_weak","ReplayTheSpireMod:CursedCoin","Lantern","StuffTheSpire:Mouthbags","wanderingMiniBosses:Blackblade","Replay:Bottled Flurry","conspire:SeveredTorchhead","ReplayTheSpireMod:Ninjato","Darkstone Periapt","PreservedInsect","Gremlin Food","vexMod:RockOfEvil","infinitespire:EvilPickle","Strawberry","Potion Belt","Quantum Egg","vexMod:RedPlottingStone","conspire:BottledYoYo","StuffTheSpire:BottledEssence","Sozu","relicPack:AllForOne","Philosopher\u0027s Stone"],"potions_floor_usage":[6,10,12,16,20,20,24,29,29,44],"damage_taken":[{"damage":0,"enemies":"Small Slimes","floor":1,"turns":2},{"damage":0,"enemies":"Jaw Worm","floor":2,"turns":2},{"damage":0,"enemies":"Cultist","floor":3,"turns":2},{"damage":0,"enemies":"3 Louse","floor":4,"turns":2},{"damage":0,"enemies":"Looter","floor":5,"turns":2},{"damage":0,"enemies":"3 Sentries","floor":6,"turns":2},{"damage":0,"enemies":"Lagavulin","floor":8,"turns":5},{"damage":0,"enemies":"Exordium Thugs","floor":10,"turns":3},{"damage":12,"enemies":"Gremlin Gang","floor":11,"turns":2},{"damage":0,"enemies":"3 Sentries","floor":12,"turns":5},{"damage":6,"enemies":"3 Louse","floor":14,"turns":2},{"damage":0,"enemies":"Slime Boss","floor":16,"turns":5},{"damage":6,"enemies":"Chosen","floor":18,"turns":2},{"damage":2,"enemies":"Shell Parasite","floor":20,"turns":4},{"damage":0,"enemies":"Centurion and Healer","floor":22,"turns":1},{"damage":33,"enemies":"Gremlin Leader","floor":24,"turns":3},{"damage":0,"enemies":"Sentry and Sphere","floor":25,"turns":1},{"damage":0,"enemies":"Slavers","floor":27,"turns":1},{"damage":0,"enemies":"Snecko","floor":28,"turns":1},{"damage":0,"enemies":"Nightmare","floor":29,"turns":1},{"damage":0,"enemies":"conspire:MimicChest","floor":30,"turns":1},{"damage":0,"enemies":"Shelled Parasite and Fungi","floor":31,"turns":1},{"damage":0,"enemies":"Pondfish","floor":33,"turns":2},{"damage":0,"enemies":"Orb Walker","floor":35,"turns":1},{"damage":0,"enemies":"3 Darklings","floor":37,"turns":1},{"damage":0,"enemies":"Maw","floor":39,"turns":1},{"damage":0,"enemies":"Giant Head","floor":40,"turns":1},{"damage":0,"enemies":"Sphere and 2 Shapes","floor":43,"turns":1},{"damage":9,"enemies":"R_Hoarder","floor":44,"turns":5},{"damage":0,"enemies":"4 Shapes","floor":46,"turns":1},{"damage":0,"enemies":"Giant Head","floor":47,"turns":2},{"damage":0,"enemies":"Awakened One","floor":52,"turns":2}],"seed_played":"-2820172658815058272","potions_obtained":[{"floor":1,"key":"potionbrewer:AcidPotion"},{"floor":2,"key":"Fire Potion"},{"floor":5,"key":"potionbrewer:QuicksilverPotion"},{"floor":8,"key":"Adrenaline Potion"},{"floor":12,"key":"potionbrewer:EndurancePotion"},{"floor":14,"key":"SteroidPotion"},{"floor":16,"key":"Swift Potion"},{"floor":22,"key":"potionbrewer:ToxicPotion"},{"floor":25,"key":"EntropicBrew"},{"floor":28,"key":"GamblersBrew"},{"floor":40,"key":"Toxic Potion"},{"floor":44,"key":"SpeedPotion"},{"floor":46,"key":"PowerPotion"}],"is_trial":false,"path_per_floor":["M","M","M","M","M","E","$","E","T","M","M","E","R","M","R","B",null,"?","T","?","AVR","?","T","E","?","T","E","?","NM","?","?","T","B",null,"?","T","?","?","?","E","PTL","PTL","?","E","T","?","E","AVR","T","?","T","B",null],"character_chosen":"WATCHER","items_purchased":["Flash of Steel","hubris:OldNail","Flash of Steel","MentalFortress","ReplayTheSpireMod:CursedCoin","Lantern","StuffTheSpire:Mouthbags","Strawberry"],"campfire_rested":0,"item_purchase_floors":[0,0,7,7,19,19,19,36],"current_hp_per_floor":[61,61,61,61,61,61,61,61,61,61,49,49,49,43,43,43,62,56,56,54,54,54,54,21,21,21,21,21,21,21,21,21,21,34,34,41,41,38,38,38,38,38,38,33,33,33,41,41,41,41,41,41,41,41],"gold":1718,"neow_bonus":"","is_prod":false,"is_daily":false,"chose_seed":false,"campfire_upgraded":5,"win_rate":0,"timestamp":1607553984,"path_taken":["M","M","M","M","M","E","$","E","T","M","M","E","R","M","R","BOSS","?","T","?","AVR","?","T","E","?","T","E","?","NM","?","?","T","BOSS","?","T","?","?","?","E","PTL","PTL","?","E","T","?","E","AVR","T","?","T","BOSS"],"build_version":"2020-11-30","purchased_purges":2,"victory":false,"max_hp_per_floor":[68,68,68,68,68,68,68,68,68,68,68,68,68,68,68,68,68,68,68,68,68,68,68,68,68,68,68,68,68,68,68,68,68,34,34,41,41,41,41,41,41,41,41,41,41,41,41,41,41,41,41,41,41,41],"card_choices":[{"not_picked":["JustLucky","SashWhip"],"picked":"Sanctity","floor":1},{"not_picked":["Pray","BowlingBash"],"picked":"Consecrate","floor":2},{"not_picked":["Replay:AtTheReady","Crescendo"],"picked":"Swivel","floor":3},{"not_picked":["FlyingSleeves","Consecrate","Vengeance"],"picked":"SKIP","floor":4},{"not_picked":["ThirdEye","Consecrate"],"picked":"FlurryOfBlows","floor":5},{"not_picked":["Halt","Consecrate"],"picked":"FlurryOfBlows","floor":6},{"not_picked":["Halt","Evaluate","CrushJoints"],"picked":"SKIP","floor":8},{"not_picked":["Replay:BluntJabs","ForeignInfluence","Halt"],"picked":"SKIP","floor":10},{"not_picked":["ForeignInfluence","PathToVictory","Perseverance"],"picked":"SKIP","floor":11},{"not_picked":["ThirdEye","Halt"],"picked":"CutThroughFate","floor":12},{"not_picked":["Omniscience","Replay:DivineShield"],"picked":"Study","floor":14},{"not_picked":["LessonLearned","Wish"],"picked":"Replay:AllIn","floor":16},{"not_picked":["Wallop","JustLucky","FollowUp"],"picked":"SKIP","floor":18},{"not_picked":["wanderingMiniBosses:FinaleOfPromise"],"picked":"SKIP","floor":20},{"not_picked":["Replay:ManipulateFuture","Prostrate","Crescendo"],"picked":"SKIP","floor":20},{"not_picked":["Wallop","Halt"],"picked":"FlurryOfBlows","floor":22},{"not_picked":["Nirvana+1","Replay:ManipulateFuture"],"picked":"Replay:Anticipation","floor":24},{"not_picked":["Crescendo","SashWhip","ForeignInfluence"],"picked":"SKIP","floor":25},{"not_picked":["Crescendo","Adaptation","SignatureMove+1"],"picked":"SKIP","floor":27},{"not_picked":["Replay:Cycle","Pray","Crescendo"],"picked":"SKIP","floor":28},{"not_picked":["ClearTheMind","SandsOfTime","Replay:AtTheReady"],"picked":"SKIP","floor":29},{"not_picked":["SignatureMove","Protect","LessonLearned"],"picked":"SKIP","floor":31},{"not_picked":["ClearTheMind","BowlingBash+1","JustLucky"],"picked":"SKIP","floor":35},{"not_picked":["EmptyBody","Protect+1","Weave"],"picked":"SKIP","floor":37},{"not_picked":["Halt","BowlingBash","Replay:AtTheReady"],"picked":"SKIP","floor":39},{"not_picked":["EmptyMind","CrushJoints","SashWhip"],"picked":"SKIP","floor":40},{"not_picked":["CrushJoints","ClearTheMind"],"picked":"JustLucky","floor":43},{"not_picked":["EmptyBody","SashWhip"],"picked":"Halt+1","floor":44},{"not_picked":["ThirdEye+1","EmptyBody","Replay:ManipulateFuture"],"picked":"SKIP","floor":46},{"not_picked":["CutThroughFate","SashWhip","BattleHymn+1"],"picked":"SKIP","floor":47}],"player_experience":3707228,"relics_obtained":[{"floor":6,"key":"Mirror"},{"floor":8,"key":"conspire:Dentures"},{"floor":9,"key":"StuffTheSpire:HeavyRock"},{"floor":12,"key":"infinitespire:FocusingShard"},{"floor":20,"key":"wanderingMiniBosses:Blackblade"},{"floor":24,"key":"ReplayTheSpireMod:Ninjato"},{"floor":27,"key":"Darkstone Periapt"},{"floor":29,"key":"PreservedInsect"},{"floor":30,"key":"Gremlin Food"},{"floor":40,"key":"Potion Belt"},{"floor":44,"key":"Quantum Egg"},{"floor":45,"key":"vexMod:RedPlottingStone"},{"floor":47,"key":"conspire:BottledYoYo"}],"event_choices":[{"damage_healed":0,"gold_gain":0,"player_choice":"Bought 0 Potions","damage_taken":0,"max_hp_gain":0,"max_hp_loss":0,"event_name":"The Woman in Blue","floor":38,"gold_loss":0}],"is_beta":false,"boss_relics":[{"not_picked":["vexMod:ImprovementManual","Replay:Ancient Bell"],"picked":"Replay:Grab Bag"},{"not_picked":["Replay:Cursed D8","Runesmith:UraniumAnvil"],"picked":"Painkiller Herb"},{"not_picked":["Busted Crown","Runic Dome"],"picked":"aspiration:RandomNobGenerator"},{"not_picked":["relicPack:StarArrow","beaked:SacredDeck"],"picked":"hubris:ScarierMask"},{"not_picked":["aspiration:SecretTechniqueScroll","aspiration:RunesmithSkillbook"],"picked":"aspiration:PoetsPen_weak"},{"not_picked":["aspiration:FutureDiary","Empty Cage"],"picked":"vexMod:RockOfEvil"},{"not_picked":["vexMod:MysteryBossChallenge","aspiration:BeakedSkillbook"],"picked":"Philosopher\u0027s Stone"}],"items_purged_floors":[21,48],"is_endless":true,"potions_floor_spawned":[1,2,5,8,12,14,16,18,22,25,28,40,44,46],"ascension_level":16}}