{"host":"gzrx8rm2nhta4pjr","time":1607494612,"event":{"gold_per_floor":[110,110,129,148,164,164,182,201,201,216,216,9,21,21,21,141,141,155,155,178,178,178,194,218,51,51,85,110,123,123,137,137,260,260,276,289,289,304,318,318,318,333,357,380,415,415,72,93,93,221,221,234,243,243,260,260,260,291,304,304,329,332,148,41,53,53,151,151,166,241,247,244,244,244,261,261,285,297,308,319,328,335,335,417,417,426,434,428,428,428,450,450,455,502,502,518,142,137,147,147,246,246,259,277,277,277,277,277,294,294,294,99,109,156,163,163,163,274,274,289,289,303,303,243,243,275,287,287,306,338,338,338,136,136,260,260,265,359,281,290,130,144,144,189,189,201,201,201,201,196,196,255,255,272,272,306,392],"floor_reached":158,"playtime":9884,"items_purged":["Injury","Shame","Decay"],"score":4180,"play_id":"ec6802f5-8b83-4818-892c-0456f0c9dae3","local_time":"20201209011652","is_ascension_mode":false,"campfire_choices":[{"data":"Barricade","floor":6.0,"key":"SMITH"},{"data":"Armaments","floor":11.0,"key":"SMITH"},{"floor":15.0,"key":"REST"},{"floor":32.0,"key":"REST"},{"data":"StuffTheSpire:DeathNote","floor":40.0,"key":"SMITH"},{"data":"StuffTheSpire:Harmony","floor":46.0,"key":"SMITH"},{"data":"Double Tap","floor":49.0,"key":"SMITH"},{"data":"infinitespire:OneForAll","floor":57.0,"key":"SMITH"},{"data":"Impervious","floor":66.0,"key":"SMITH"},{"floor":74,"key":"REST"},{"data":"Pummel","floor":76,"key":"SMITH"},{"data":"Feed","floor":83,"key":"SMITH"},{"data":"StuffTheSpire:Ambrosia","floor":100,"key":"SMITH"},{"data":"StuffTheSpire:BrainWave","floor":108,"key":"SMITH"},{"data":"infinitespire:UltimateForm","floor":110,"key":"SMITH"},{"data":"StuffTheSpire:Brawn","floor":117,"key":"SMITH"},{"data":"StuffTheSpire:Ambrosia","floor":125,"key":"SMITH"},{"data":"infinitespire:Gouge","floor":132,"key":"SMITH"},{"data":"Disarm","floor":134,"key":"SMITH"},{"data":"Juggernaut","floor":143,"key":"SMITH"},{"data":"StuffTheSpire:Brawn","floor":151,"key":"SMITH"},{"data":"StuffTheSpire:CelestialWarden","floor":155,"key":"SMITH"}],"neow_cost":"","seed_source_timestamp":0,"circlet_count":0,"master_deck":["Iron Wave+1","Iron Wave+1","Iron Wave","Iron Wave","Iron Wave","Entrench","Entrench","Entrench","Barricade+1","StuffTheSpire:Incineration","Armaments+1","Entrench","Fire Breathing","Double Tap+1","Metallicize","Body Slam","Feed+1","infinitespire:OneForAll+1","Ghostly Armor","StuffTheSpire:DeathNote+1","infinitespire:Fortify","infinitespire:TheBestDefense","Power Through+1","Rupture","Disarm+1","Armaments","Reaper","Entrench+1","Dual Wield","StuffTheSpire:Incineration+1","StuffTheSpire:Harmony+1","StuffTheSpire:Incineration","Armaments+1","infinitespire:Gouge+1","Reaper","Headbutt","Impervious+1","Spot Weakness+1","Flex","Pummel+1","Apotheosis+1","StuffTheSpire:TitanForm","CurseOfTheBell","StuffTheSpire:Vigor","Exhume","Metallicize","Battle Trance+1","Demon Form","infinitespire:Fortify+1","StuffTheSpire:CelestialWarden","infinitespire:UltimateForm+1","StuffTheSpire:Ambrosia+1","Limit Break","infinitespire:SealOfDarkness+","Feel No Pain+1","StuffTheSpire:BrainWave+1","Shockwave+1","Pummel","Exhume+1","Havoc","infinitespire:Punishment+1","StuffTheSpire:Brawn+1","Juggernaut+1","StuffTheSpire:Ambrosia+1","StuffTheSpire:CelestialWarden+1","Limit Break+1","Disarm+1","Body Slam+1","Pummel","infinitespire:DeathsTouch","Limit Break+1","Whirlwind+1","Fiend Fire+1","StuffTheSpire:Brawn+1","Secret Weapon+1","Reaper","Mayhem+1","Enlightenment+1"],"special_seed":0,"relics":["Black Blood","infinitespire:EmpoweringShard","MerchantsRug","Golden Idol","CaptainsWheel","potionbrewer:BhaskarasWheel","Singing Bowl","ClockworkSouvenir","Anchor","theSenshi:SailorFukuRelic","theSenshi:FeatherClipsRelic","theSenshi:SuperSailorFukuRelic","StuffTheSpire:Tea","Mark of Pain","Self Forming Clay","infinitespire:Burning Sword","Tiny Chest","TungstenRod","Bird Faced Urn","Busted Crown","Bronze Scales","Thread and Needle","StuffTheSpire:RedRose","infinitespire:Magic Flask","OrangePellets","infinitespire:Beetle Shell","infinitespire:Bottled Soul","Meat on the Bone","Pen Nib","Cursed Key","StuffTheSpire:MayFlowers","Orichalcum","Vajra","potionbrewer:WarMedal","potionbrewer:RamsHorn"],"potions_floor_usage":[84,84,135,139,142,150,152,157],"damage_taken":[{"damage":2.0,"enemies":"Small Slimes","floor":1.0,"turns":4.0},{"damage":0.0,"enemies":"Cultist","floor":3.0,"turns":5.0},{"damage":23.0,"enemies":"infinitespire:Voidling","floor":4.0,"turns":6.0},{"damage":0.0,"enemies":"Large Slime","floor":5.0,"turns":14.0},{"damage":0.0,"enemies":"2 Fungi Beasts","floor":7.0,"turns":6.0},{"damage":9.0,"enemies":"Blue Slaver","floor":8.0,"turns":8.0},{"damage":12.0,"enemies":"3 Louse","floor":10.0,"turns":5.0},{"damage":13.0,"enemies":"Red Slaver","floor":13.0,"turns":4.0},{"damage":29.0,"enemies":"Hexaghost","floor":16.0,"turns":5.0},{"damage":10.0,"enemies":"Shell Parasite","floor":18.0,"turns":7.0},{"damage":11.0,"enemies":"Spheric Guardian","floor":20.0,"turns":7.0},{"damage":26.0,"enemies":"Centurion and Healer","floor":23.0,"turns":11.0},{"damage":8.0,"enemies":"Snake Plant","floor":24.0,"turns":7.0},{"damage":18.0,"enemies":"Book of Stabbing","floor":27.0,"turns":10.0},{"damage":7.0,"enemies":"Chosen and Byrds","floor":28.0,"turns":7.0},{"damage":7.0,"enemies":"Cultist and Chosen","floor":29.0,"turns":9.0},{"damage":10.0,"enemies":"3 Cultists","floor":31.0,"turns":9.0},{"damage":32.0,"enemies":"Collector","floor":33.0,"turns":10.0},{"damage":59.0,"enemies":"3 Darklings","floor":35.0,"turns":9.0},{"damage":12.0,"enemies":"3 Shapes","floor":36.0,"turns":8.0},{"damage":4.0,"enemies":"Maw","floor":38.0,"turns":8.0},{"damage":1.0,"enemies":"Writhing Mass","floor":39.0,"turns":8.0},{"damage":31.0,"enemies":"Transient","floor":42.0,"turns":5.0},{"damage":3.0,"enemies":"Jaw Worm Horde","floor":44.0,"turns":11.0},{"damage":36.0,"enemies":"Nightmare","floor":45.0,"turns":10.0},{"damage":9.0,"enemies":"Maw","floor":48.0,"turns":7.0},{"damage":31.0,"enemies":"Awakened One","floor":50.0,"turns":12.0},{"damage":7.0,"enemies":"Jaw Worm","floor":52.0,"turns":3.0},{"damage":0.0,"enemies":"Cultist","floor":53.0,"turns":2.0},{"damage":0.0,"enemies":"2 Louse","floor":55.0,"turns":2.0},{"damage":0.0,"enemies":"Lagavulin","floor":58.0,"turns":4.0},{"damage":0.0,"enemies":"Large Slime","floor":59.0,"turns":4.0},{"damage":0.0,"enemies":"Gremlin Nob","floor":61.0,"turns":3.0},{"damage":2.0,"enemies":"Exordium Wildlife","floor":62.0,"turns":5.0},{"damage":22.0,"enemies":"3 Sentries","floor":65.0,"turns":7.0},{"damage":14.0,"enemies":"Slime Boss","floor":67.0,"turns":7.0},{"damage":0.0,"enemies":"Chosen","floor":69.0,"turns":3.0},{"damage":0,"enemies":"Spheric Guardian","floor":71,"turns":3},{"damage":38,"enemies":"Snake Plant","floor":72,"turns":6},{"damage":45,"enemies":"Slavers","floor":75,"turns":4},{"damage":0,"enemies":"Chosen and Byrds","floor":78,"turns":4},{"damage":0,"enemies":"Cultist and Chosen","floor":79,"turns":4},{"damage":18,"enemies":"Snake Plant","floor":80,"turns":3},{"damage":0,"enemies":"Sentry and Sphere","floor":81,"turns":4},{"damage":0,"enemies":"Cultist and Chosen","floor":82,"turns":4},{"damage":49,"enemies":"Collector","floor":84,"turns":8},{"damage":4,"enemies":"Orb Walker","floor":86,"turns":2},{"damage":4,"enemies":"3 Shapes","floor":87,"turns":4},{"damage":0,"enemies":"Sphere and 2 Shapes","floor":88,"turns":5},{"damage":107,"enemies":"Reptomancer","floor":91,"turns":3},{"damage":16,"enemies":"Spire Growth","floor":93,"turns":4},{"damage":77,"enemies":"Nemesis","floor":96,"turns":5},{"damage":63,"enemies":"Maw","floor":98,"turns":9},{"damage":0,"enemies":"4 Shapes","floor":99,"turns":5},{"damage":55,"enemies":"Donu and Deca","floor":101,"turns":7},{"damage":9,"enemies":"Small Slimes","floor":103,"turns":2},{"damage":0,"enemies":"infinitespire:Voidling","floor":104,"turns":1},{"damage":0,"enemies":"Cultist","floor":109,"turns":1},{"damage":0,"enemies":"2 Fungi Beasts","floor":113,"turns":2},{"damage":4,"enemies":"Looter","floor":115,"turns":2},{"damage":0,"enemies":"Slime Boss","floor":118,"turns":4},{"damage":0,"enemies":"Spheric Guardian","floor":120,"turns":2},{"damage":0,"enemies":"Shell Parasite","floor":122,"turns":3},{"damage":0,"enemies":"Nightmare","floor":126,"turns":1},{"damage":0,"enemies":"Centurion and Healer","floor":127,"turns":3},{"damage":0,"enemies":"Snake Plant","floor":129,"turns":1},{"damage":13,"enemies":"Gremlin Leader","floor":130,"turns":2},{"damage":0,"enemies":"Automaton","floor":135,"turns":2},{"damage":2,"enemies":"3 Shapes","floor":137,"turns":3},{"damage":0,"enemies":"infinitespire:Three Voidlings","floor":138,"turns":4},{"damage":51,"enemies":"Nightmare_Alpha","floor":138,"turns":5},{"damage":0,"enemies":"3 Darklings","floor":140,"turns":3},{"damage":0,"enemies":"Giant Head","floor":142,"turns":6},{"damage":0,"enemies":"Writhing Mass","floor":146,"turns":1},{"damage":25,"enemies":"Jaw Worm Horde","floor":148,"turns":4},{"damage":0,"enemies":"Maw","floor":150,"turns":4},{"damage":230,"enemies":"infinitespire:LordOfFortification","floor":152,"turns":15},{"damage":0,"enemies":"Shield and Spear","floor":156,"turns":2},{"damage":82,"enemies":"The Heart","floor":157,"turns":7}],"seed_played":"-3184876056609646891","potions_obtained":[{"floor":5.0,"key":"SCP261:EnergyGasPotion"},{"floor":7.0,"key":"FairyPotion"},{"floor":16.0,"key":"potionbrewer:EndurancePotion"},{"floor":20.0,"key":"SCP261:DewritoBlazePotion"},{"floor":24.0,"key":"Weak Potion"},{"floor":31.0,"key":"Explosive Potion"},{"floor":33.0,"key":"HeartOfIron"},{"floor":38.0,"key":"BloodPotion"},{"floor":39.0,"key":"SCP261:EnergyGasPotion"},{"floor":42.0,"key":"potionbrewer:BarricadePotion"},{"floor":52.0,"key":"potionbrewer:AcidPotion"},{"floor":53.0,"key":"potionbrewer:EndurancePotion"},{"floor":59.0,"key":"SkillPotion"},{"floor":61.0,"key":"potionbrewer:CleansingPotion"},{"floor":75,"key":"Energy Potion"},{"floor":78,"key":"ColorlessPotion"},{"floor":86,"key":"potionbrewer:CleansingPotion"},{"floor":91,"key":"potionbrewer:BoundlessPotion"},{"floor":126,"key":"Ancient Potion"},{"floor":135,"key":"Dexterity Potion"},{"floor":148,"key":"Explosive Potion"},{"floor":152,"key":"SCP261:GirlTearsPotion"},{"floor":157,"key":"Block Potion"}],"is_trial":false,"path_per_floor":["M","?","M","M","M","R","M","M","T","M","R","$","M","?","R","B",null,"M","?","M","?","AVR","M","M","$","T","E","M","M","?","M","R","B",null,"M","M","?","M","M","R","?","M","T","M","NM","R","$","M","R","B",null,"M","M","?","M","?","R","E","M","T","E","M","$","$","E","R","B",null,"M","?","M","M","AVR","R","E","R","T","M","M","M","M","M","R","B",null,"M","M","M","?","?","E","AVR","M","T","?","E","$","M","M","R","B",null,"M","M","?","?","AVR","R","M","R","T","$","M","T","M","?","R","B",null,"M","?","M","?","$","R","NM","M","T","M","E","T","R","$","R","B",null,"M","?","$","M","$","E","R","T","T","M","?","M","?","M","R","B",null,"$","R","E","B",null],"character_chosen":"IRONCLAD","items_purchased":["MerchantsRug","potionbrewer:NoxiousPotion","StuffTheSpire:Saxophone","potionbrewer:CleansingPotion","ClockworkSouvenir","Anchor","theSenshi:SailorFukuRelic","HollowMod:StagPassRelic","potionbrewer:ToxicPotion","Pummel","Apotheosis","TungstenRod","Bird Faced Urn","Membership Card","Bronze Scales","Thread and Needle","infinitespire:Magic Flask","OrangePellets","Meat on the Bone","Pen Nib","Limit Break","Fruit Juice","infinitespire:BlackPotion","Lee\u0027s Waffle","StuffTheSpire:Mouthbags","Orichalcum","Vajra","potionbrewer:WarMedal","infinitespire:BlackPotion","potionbrewer:DiscountPotion","Mayhem","Enlightenment+1"],"campfire_rested":3,"item_purchase_floors":[12,12,25,25,47,47,47,63,63,63,64,97,97,112,112,112,124,124,133,133,139,139,139,141,141,141,154,154,154,154,154,154],"current_hp_per_floor":[44,80,80,73,79,79,80,77,77,71,71,71,64,64,80,57,80,80,80,83,63,63,49,53,53,53,47,52,60,60,62,86,66,86,61,61,61,69,86,86,83,75,75,87,89,89,89,91,91,94,94,94,96,96,101,101,101,101,106,106,106,106,106,106,108,108,108,108,113,102,115,99,99,117,112,112,112,123,129,129,129,135,135,134,135,137,139,141,141,141,59,59,83,83,83,53,53,85,136,136,140,140,144,148,148,148,148,148,152,152,152,152,156,156,160,160,160,162,162,166,166,171,171,171,171,175,183,183,189,195,195,195,195,195,201,201,211,219,224,238,245,251,251,251,251,257,259,265,265,275,275,283,283,283,283,289,262],"gold":392,"neow_bonus":"","is_prod":false,"is_daily":false,"chose_seed":false,"campfire_upgraded":19,"win_rate":0,"timestamp":1607494612,"path_taken":["M","?","M","M","M","R","M","M","T","?","R","$","?","?","R","BOSS","M","?","M","?","AVR","M","M","$","T","E","M","M","?","M","R","BOSS","M","M","?","M","M","R","?","M","T","M","NM","R","$","?","R","BOSS","M","M","?","M","?","R","E","M","T","E","M","?","$","E","R","BOSS","M","?","M","M","AVR","R","E","R","T","M","M","M","M","M","R","BOSS","M","M","?","?","?","E","AVR","M","T","?","E","$","M","M","R","BOSS","M","M","?","?","AVR","R","M","R","T","$","M","?","M","?","R","BOSS","M","?","M","?","$","R","NM","M","T","M","E","?","R","?","R","BOSS","M","?","?","M","$","E","R","?","T","M","?","?","?","M","R","BOSS","$","R","E","BOSS"],"build_version":"2020-11-30","purchased_purges":3,"victory":true,"max_hp_per_floor":[80,80,80,80,80,80,80,80,80,80,80,80,80,80,80,80,80,80,80,83,83,83,83,83,83,83,83,83,86,86,86,86,86,86,86,86,86,86,86,86,83,83,83,87,89,89,89,91,91,94,94,94,96,96,101,101,101,101,106,106,106,106,106,106,108,108,108,108,113,113,115,117,117,117,121,121,121,123,129,129,129,135,135,135,135,137,139,141,141,141,142,142,143,143,129,132,132,133,138,138,140,140,144,148,148,148,148,148,152,152,152,152,156,156,160,160,160,162,162,166,166,171,171,171,171,175,183,183,189,195,195,195,195,195,201,201,211,229,234,238,245,251,251,251,251,257,259,265,265,275,275,283,283,283,283,289,295],"card_choices":[{"not_picked":["Perfected Strike","True Grit"],"picked":"StuffTheSpire:Incineration","floor":1.0},{"not_picked":["Shrug It Off","Dark Embrace"],"picked":"Second Wind","floor":3.0},{"not_picked":["Shrug It Off","Perfected Strike"],"picked":"Armaments","floor":4.0},{"not_picked":["Dropkick","True Grit"],"picked":"Entrench","floor":5.0},{"not_picked":["Sever Soul","Entrench"],"picked":"Fire Breathing","floor":7.0},{"not_picked":["Seeing Red","Cleave"],"picked":"Double Tap","floor":8.0},{"not_picked":["Headbutt","Feel No Pain"],"picked":"Metallicize","floor":10.0},{"not_picked":["StuffTheSpire:RagingBull","Clothesline"],"picked":"Body Slam","floor":13.0},{"not_picked":["Demon Form","Berserk"],"picked":"Feed","floor":16.0},{"not_picked":["Havoc","StuffTheSpire:Slingshot"],"picked":"infinitespire:OneForAll","floor":18.0},{"not_picked":["Carnage","Disarm"],"picked":"Ghostly Armor","floor":20.0},{"not_picked":["True Grit","Flex"],"picked":"Sentinel","floor":23.0},{"not_picked":["Warcry","StuffTheSpire:RockThrow+1","Anger"],"picked":"SKIP","floor":24.0},{"not_picked":["Flex","Intimidate","Inflame"],"picked":"Power Through","floor":27.0},{"not_picked":["Flame Barrier","Warcry","Clothesline"],"picked":"Rupture","floor":28.0},{"not_picked":["Immolate","Clash","Thunderclap"],"picked":"Disarm","floor":29.0},{"not_picked":["Fire Breathing","Clash+1","Disarm+1"],"picked":"Armaments","floor":31.0},{"not_picked":["Bludgeon","Immolate","StuffTheSpire:TitanForm"],"picked":"Reaper","floor":33.0},{"not_picked":["Combust","Disarm+1","Anger+1"],"picked":"Entrench+1","floor":35.0},{"not_picked":["Shrug It Off","Sentinel+1","Pommel Strike"],"picked":"Dual Wield","floor":36.0},{"not_picked":["Pommel Strike+1","Perfected Strike","Iron Wave"],"picked":"StuffTheSpire:Incineration+1","floor":38.0},{"not_picked":["Havoc","Twin Strike+1","StuffTheSpire:RagingBull+1"],"picked":"Fiend Fire","floor":39.0},{"not_picked":["Twin Strike","Headbutt+1","Armaments"],"picked":"StuffTheSpire:Incineration","floor":42.0},{"not_picked":["Intimidate","Headbutt","True Grit"],"picked":"Armaments+1","floor":44.0},{"not_picked":["Thunderclap+1","StuffTheSpire:RockThrow+1","Dark Embrace+1","Feed"],"picked":"Singing Bowl","floor":45.0},{"not_picked":["infinitespire:SealOfDarkness+","infinitespire:Starlight"],"picked":"infinitespire:Gouge","floor":45.0},{"not_picked":["Flex+1","Wild Strike+1","Twin Strike+1"],"picked":"Singing Bowl","floor":48.0},{"not_picked":["Fiend Fire","Double Tap"],"picked":"Reaper","floor":50.0},{"not_picked":["Anger","Havoc"],"picked":"Headbutt","floor":52.0},{"not_picked":["Wild Strike","Clash","StuffTheSpire:Slingshot"],"picked":"Singing Bowl","floor":53.0},{"not_picked":["Twin Strike","Headbutt","Fire Breathing"],"picked":"Singing Bowl","floor":55.0},{"not_picked":["Cleave","Armaments"],"picked":"Impervious","floor":58.0},{"not_picked":["Cleave","StuffTheSpire:BloodClot","Intimidate"],"picked":"Singing Bowl","floor":59.0},{"not_picked":["Headbutt","Seeing Red"],"picked":"Spot Weakness","floor":61.0},{"not_picked":["Carnage","Seeing Red"],"picked":"Flex","floor":62.0},{"not_picked":["Rupture","Perfected Strike","Wild Strike"],"picked":"Singing Bowl","floor":65.0},{"not_picked":["Immolate","Corruption"],"picked":"StuffTheSpire:TitanForm","floor":67.0},{"not_picked":["Shrug It Off","Flex+1","Armaments"],"picked":"Singing Bowl","floor":69.0},{"not_picked":["Body Slam","Uppercut+1","Combust"],"picked":"Singing Bowl","floor":71},{"not_picked":["Twin Strike","Reckless Charge","Bludgeon"],"picked":"Singing Bowl","floor":72},{"not_picked":["Wild Strike","Brutality"],"picked":"Exhume","floor":75},{"not_picked":["Anger","Perfected Strike+1","Dark Embrace+1"],"picked":"Singing Bowl","floor":78},{"not_picked":["Pommel Strike","StuffTheSpire:RockThrow","Second Wind"],"picked":"Singing Bowl","floor":79},{"not_picked":["Anger","Seeing Red+1"],"picked":"Metallicize","floor":80},{"not_picked":["Thunderclap","Headbutt"],"picked":"Battle Trance+1","floor":81},{"not_picked":["Warcry+1","Pommel Strike","Dropkick"],"picked":"Singing Bowl","floor":82},{"not_picked":["Brutality","Barricade"],"picked":"Demon Form","floor":84},{"not_picked":["infinitespire:FinalStrike","infinitespire:Starlight"],"picked":"infinitespire:Fortify","floor":85},{"not_picked":["StuffTheSpire:RockThrow+1","Seeing Red","Searing Blow"],"picked":"Singing Bowl","floor":86},{"not_picked":["Battle Trance+1","Clothesline+1","Armaments+1"],"picked":"Singing Bowl","floor":87},{"not_picked":["Pommel Strike+1","Wild Strike","Seeing Red+1"],"picked":"Singing Bowl","floor":88},{"not_picked":["infinitespire:FutureSight","infinitespire:DeathsTouch"],"picked":"infinitespire:UltimateForm","floor":89},{"not_picked":["StuffTheSpire:Rapture","StuffTheSpire:Harmony"],"picked":"StuffTheSpire:Ambrosia","floor":90},{"not_picked":["Sword Boomerang+1","Clash"],"picked":"Limit Break","floor":91},{"not_picked":["StuffTheSpire:Slingshot","StuffTheSpire:RockThrow+1"],"picked":"Feel No Pain+1","floor":93},{"not_picked":["Wild Strike","Perfected Strike","Anger"],"picked":"Singing Bowl","floor":96},{"not_picked":["Clothesline","Body Slam+1"],"picked":"Shockwave+1","floor":98},{"not_picked":["Havoc","Evolve+1"],"picked":"Pummel","floor":99},{"not_picked":["Barricade","Immolate"],"picked":"Exhume","floor":101},{"not_picked":["Cleave"],"picked":"Singing Bowl","floor":103},{"not_picked":["infinitespire:OneForAll"],"picked":"Singing Bowl","floor":104},{"not_picked":["Entrench"],"picked":"Singing Bowl","floor":109},{"not_picked":["True Grit"],"picked":"Singing Bowl","floor":113},{"not_picked":["Carnage"],"picked":"Singing Bowl","floor":115},{"not_picked":[],"picked":"Juggernaut","floor":118},{"not_picked":["StuffTheSpire:RockThrow"],"picked":"Singing Bowl","floor":120},{"not_picked":["Flame Barrier"],"picked":"Singing Bowl","floor":122},{"not_picked":[],"picked":"Body Slam+1","floor":126},{"not_picked":[],"picked":"Pummel","floor":127},{"not_picked":["Combust+1"],"picked":"Singing Bowl","floor":129},{"not_picked":["Power Through"],"picked":"Singing Bowl","floor":130},{"not_picked":["Brutality+1"],"picked":"Singing Bowl","floor":135},{"not_picked":["Dual Wield"],"picked":"Singing Bowl","floor":137},{"not_picked":["infinitespire:FinalStrike","infinitespire:Gouge"],"picked":"infinitespire:DeathsTouch","floor":138},{"not_picked":["Clash"],"picked":"Singing Bowl","floor":138},{"not_picked":[],"picked":"Whirlwind+1","floor":140},{"not_picked":["Wild Strike+1"],"picked":"Singing Bowl","floor":142},{"not_picked":["Perfected Strike"],"picked":"Singing Bowl","floor":146},{"not_picked":["StuffTheSpire:PlasmaPunch"],"picked":"Singing Bowl","floor":147},{"not_picked":[],"picked":"Secret Weapon+1","floor":147},{"not_picked":["Dual Wield+1"],"picked":"Singing Bowl","floor":148},{"not_picked":["Anger+1"],"picked":"Singing Bowl","floor":150},{"not_picked":[],"picked":"Reaper","floor":152},{"not_picked":["Rampage"],"picked":"Singing Bowl","floor":156},{"not_picked":["Demon Form"],"picked":"Singing Bowl","floor":157}],"player_experience":1288699,"relics_obtained":[{"floor":9.0,"key":"infinitespire:EmpoweringShard"},{"floor":26.0,"key":"Question Card"},{"floor":27.0,"key":"CaptainsWheel"},{"floor":43.0,"key":"potionbrewer:Torch"},{"floor":45.0,"key":"Singing Bowl"},{"floor":58.0,"key":"theSenshi:FeatherClipsRelic"},{"floor":60.0,"key":"theSenshi:SuperSailorFukuRelic"},{"floor":61.0,"key":"Boot"},{"floor":65.0,"key":"StuffTheSpire:Tea"},{"floor":73,"key":"infinitespire:Lucky Rock"},{"floor":73,"key":"Self Forming Clay"},{"floor":73,"key":"Du-Vu Doll"},{"floor":75,"key":"InkBottle"},{"floor":77,"key":"Ancient Tea Set"},{"floor":91,"key":"infinitespire:Eraser"},{"floor":94,"key":"StuffTheSpire:Mouthbags"},{"floor":96,"key":"War Paint"},{"floor":106,"key":"Molten Egg 2"},{"floor":111,"key":"potionbrewer:Torch"},{"floor":114,"key":"Art of War"},{"floor":126,"key":"infinitespire:Beetle Shell"},{"floor":128,"key":"infinitespire:Bottled Soul"},{"floor":130,"key":"Frozen Egg 2"},{"floor":131,"key":"infinitespire:CheckeredPen"},{"floor":138,"key":"StuffTheSpire:MayFlowers"},{"floor":142,"key":"Sundial"},{"floor":144,"key":"War Paint"},{"floor":145,"key":"Toxic Egg 2"},{"floor":156,"key":"potionbrewer:RamsHorn"}],"event_choices":[{"cards_removed":["Entrench"],"damage_healed":36.0,"max_hp_gain":0.0,"max_hp_loss":0.0,"gold_gain":0.0,"event_name":"Bonfire Elementals","player_choice":"Offered Uncommon","floor":2.0,"gold_loss":0.0,"damage_taken":0.0},{"damage_healed":0.0,"max_hp_gain":0.0,"max_hp_loss":0.0,"gold_gain":0.0,"event_name":"Golden Idol","player_choice":"Take Wound","floor":14.0,"gold_loss":0.0,"damage_taken":0.0,"relics_obtained":["Golden Idol"],"cards_obtained":["Injury"]},{"damage_healed":0.0,"max_hp_gain":0.0,"max_hp_loss":0.0,"gold_gain":0.0,"event_name":"Vampires","player_choice":"Ignored","floor":19.0,"gold_loss":0.0,"damage_taken":0.0},{"cards_removed":["Second Wind"],"damage_healed":0.0,"max_hp_gain":0.0,"max_hp_loss":0.0,"gold_gain":0.0,"event_name":"WeMeetAgain","player_choice":"Gave Card","floor":30.0,"gold_loss":0.0,"damage_taken":0.0,"relics_obtained":["Red Skull"]},{"damage_healed":0.0,"max_hp_gain":0.0,"max_hp_loss":0.0,"gold_gain":0.0,"event_name":"Mysterious Sphere","player_choice":"Ignored","floor":37.0,"gold_loss":0.0,"damage_taken":0.0},{"cards_removed":["Parasite"],"damage_healed":0.0,"max_hp_gain":0.0,"max_hp_loss":0.0,"gold_gain":0.0,"event_name":"Fountain of Cleansing","player_choice":"Removed Curses","floor":41.0,"gold_loss":0.0,"damage_taken":0.0},{"damage_healed":0.0,"max_hp_gain":0.0,"max_hp_loss":0.0,"gold_gain":0.0,"event_name":"The Cleric","player_choice":"Leave","floor":56.0,"gold_loss":0.0,"damage_taken":0.0},{"damage_healed":0,"gold_gain":75,"player_choice":"Touch","damage_taken":11,"max_hp_gain":0,"max_hp_loss":0,"event_name":"FaceTrader","floor":70,"gold_loss":0},{"damage_healed":0,"gold_gain":0,"cards_transformed":["Sentinel"],"player_choice":"Change","damage_taken":0,"max_hp_gain":0,"max_hp_loss":0,"event_name":"Living Wall","floor":105,"gold_loss":0,"cards_obtained":["Havoc"]},{"damage_healed":0,"gold_gain":0,"cards_transformed":["Pain","Regret"],"player_choice":"Became Test Subject","damage_taken":0,"max_hp_gain":0,"max_hp_loss":0,"event_name":"Drug Dealer","floor":123,"gold_loss":0,"cards_obtained":["Limit Break","Disarm"]},{"damage_healed":0,"gold_gain":9,"player_choice":"1","damage_taken":0,"max_hp_gain":0,"max_hp_loss":0,"event_name":"betterStone:BetterStone","floor":147,"gold_loss":0},{"cards_removed":["Shame","infinitespire:Pacifist"],"damage_healed":0,"gold_gain":0,"player_choice":"Removed Curses","damage_taken":0,"max_hp_gain":0,"max_hp_loss":0,"event_name":"Fountain of Cleansing","floor":149,"gold_loss":0}],"is_beta":false,"boss_relics":[{"not_picked":["infinitespire:Cupcake","Fusion Hammer"],"picked":"Black Blood"},{"not_picked":["SacredBark","Runic Dome"],"picked":"potionbrewer:BhaskarasWheel"},{"not_picked":["StuffTheSpire:RunicConfusion","Sozu"],"picked":"Runic Cube"},{"not_picked":["Pandora\u0027s Box","StuffTheSpire:Kangaroo"],"picked":"Mark of Pain"},{"not_picked":["Snecko Eye","Tiny House"],"picked":"infinitespire:Burning Sword"},{"not_picked":["Black Star","StuffTheSpire:RunicHypercube"],"picked":"Busted Crown"},{"not_picked":["Runic Dome","StuffTheSpire:RunicHypercube"],"picked":"Runic Pyramid"},{"not_picked":["Black Star","Calling Bell"],"picked":"Cursed Key"},{"not_picked":["StuffTheSpire:ModemDavis","Empty Cage"],"picked":"Sozu"}],"items_purged_floors":[25,97,97],"is_endless":true,"potions_floor_spawned":[5,7,16,20,24,31,33,38,39,42,52,53,59,61,75,78,80,82,86,91,98,101,103,118,126,135,138,148,152,157],"ascension_level":0}}