{"host":"9373kjg5yrouhim6","time":1607549173,"event":{"gold_per_floor":[114,132,132,0,0,0,26,26,97,97,172,27,27,46,46,46,46],"floor_reached":16,"playtime":532,"items_purged":[],"score":106,"play_id":"dfb984b3-f58b-4de4-9132-b6bc407ac989","local_time":"20201209162613","is_ascension_mode":true,"campfire_choices":[{"data":"Enlightenment","floor":6,"key":"SMITH"},{"data":"Terror","floor":8,"key":"SMITH"},{"data":"Neutralize","floor":10,"key":"SMITH"},{"data":"Survivor","floor":13,"key":"SMITH"},{"data":"conspire:DoublingDagger","floor":15,"key":"SMITH"}],"neow_cost":"NONE","seed_source_timestamp":31002496820800,"circlet_count":0,"master_deck":["Strike_G","Strike_G","Strike_G","Strike_G","Strike_G","Defend_G","Defend_G","Defend_G","Defend_G","Defend_G","Survivor+1","Neutralize+1","Terror+1","Enlightenment+1","conspire:DoublingDagger+1"],"relics":["Ring of the Snake","aspiration:Nostalgia","Cracked Core","Replay:Wax Seal","Paper Crane","Omamori"],"potions_floor_usage":[7],"damage_taken":[{"damage":0,"enemies":"Jaw Worm","floor":1,"turns":4},{"damage":0,"enemies":"Small Slimes","floor":2,"turns":3},{"damage":26,"enemies":"Gremlin Nob","floor":7,"turns":4},{"damage":0,"enemies":"Cultist","floor":14,"turns":2},{"damage":70,"enemies":"Fading Forest","floor":16,"turns":10}],"seed_played":"6354720920364418610","potions_obtained":[{"floor":1,"key":"ColorlessPotion"}],"is_trial":false,"path_per_floor":["M","M","?","?","?","R","E","R","T","R","?","$","R","M","R","B"],"character_chosen":"THE_SILENT","items_purchased":["Omamori"],"campfire_rested":0,"item_purchase_floors":[12],"current_hp_per_floor":[70,70,70,76,76,76,50,50,50,50,43,43,43,43,43,0,0],"gold":46,"neow_bonus":"NOSTALGIA","is_prod":false,"is_daily":false,"chose_seed":false,"campfire_upgraded":5,"win_rate":0,"timestamp":1607549173,"path_taken":["M","M","?","?","?","R","E","R","T","R","?","$","R","?","R","BOSS"],"build_version":"2020-11-30","purchased_purges":0,"victory":false,"max_hp_per_floor":[70,70,70,76,76,76,76,76,76,76,76,76,76,76,76,76,76],"card_choices":[{"not_picked":["Replay:Poison Smokescreen","Underhanded Strike","Prepared"],"picked":"SKIP","floor":1},{"not_picked":["ReplayTheSpireMod:Shiv Toss","Deflect","Predator"],"picked":"SKIP","floor":2},{"not_picked":["Dodge and Roll","Glass Knife","Draining Mist"],"picked":"SKIP","floor":7},{"not_picked":["Finisher","Noxious Fumes"],"picked":"conspire:DoublingDagger","floor":14}],"player_experience":221902,"relics_obtained":[{"floor":7,"key":"Replay:Wax Seal"},{"floor":9,"key":"Paper Crane"}],"event_choices":[{"damage_healed":0,"gold_gain":0,"player_choice":"RENOUNCE","damage_taken":132,"max_hp_gain":0,"max_hp_loss":0,"event_name":"betterThird:BetterSerpent","floor":4,"gold_loss":132,"cards_obtained":["Enlightenment"]},{"damage_healed":0,"gold_gain":0,"player_choice":"Leave","damage_taken":0,"max_hp_gain":0,"max_hp_loss":0,"event_name":"conspire:Investor","floor":5,"gold_loss":0},{"damage_healed":0,"gold_gain":75,"player_choice":"Touch","damage_taken":7,"max_hp_gain":0,"max_hp_loss":0,"event_name":"FaceTrader","floor":11,"gold_loss":0}],"is_beta":false,"boss_relics":[],"items_purged_floors":[],"is_endless":false,"potions_floor_spawned":[1],"killed_by":"Fading Forest","ascension_level":2}}