{"host":"h5golg54dem4i27y","time":1607546640,"event":{"gold_per_floor":[109,139,139,164,183,212,162,162,209,284,27,45,58,72,72,174,174,149,0,15,115,115,115],"floor_reached":22,"playtime":618,"items_purged":["Strike_G","Defend_G"],"score":303,"play_id":"1dd01bfd-b5e5-4737-a9b5-30a3bd7188a7","local_time":"20201210054400","is_ascension_mode":true,"campfire_choices":[{"data":"Acrobatics","floor":8.0,"key":"SMITH"},{"data":"Skewer","floor":15.0,"key":"SMITH"}],"neow_cost":"NONE","seed_source_timestamp":41498510139200,"circlet_count":0,"master_deck":["Strike_G","Strike_G","Defend_G","Defend_G","Defend_G","Survivor","Neutralize","Reflex","Underhanded Strike","Acrobatics+1","Skewer+1","Outmaneuver","Flying Knee"],"special_seed":0,"relics":["Ring of the Snake","NeowsBlessing","Ice Cream","Pet Ghost","Regal Pillow","Replay:Mystery Machine","Juzu Bracelet","Empty Cage"],"potions_floor_usage":[18,20,22,22],"damage_taken":[{"damage":0.0,"enemies":"Jaw Worm","floor":1.0,"turns":1.0},{"damage":0.0,"enemies":"Cultist","floor":5.0,"turns":1.0},{"damage":0.0,"enemies":"Gremlin Nob","floor":6.0,"turns":1.0},{"damage":0.0,"enemies":"Small Slimes","floor":12.0,"turns":3.0},{"damage":1.0,"enemies":"Looter","floor":13.0,"turns":5.0},{"damage":0.0,"enemies":"Blue Slaver","floor":14.0,"turns":4.0},{"damage":50.0,"enemies":"Hexaghost","floor":16.0,"turns":8.0},{"damage":24,"enemies":"2 Thieves","floor":18,"turns":5},{"damage":26,"enemies":"Shell Parasite","floor":20,"turns":6},{"damage":8,"enemies":"3 Cultists","floor":22,"turns":4}],"seed_played":"-7714910194961686515","potions_obtained":[{"floor":1.0,"key":"BlessingOfTheForge"},{"floor":14.0,"key":"SteroidPotion"},{"floor":16.0,"key":"CultistPotion"},{"floor":18,"key":"LifebloodPotion"},{"floor":20,"key":"Adrenaline Potion"}],"is_trial":false,"path_per_floor":["M","?","?","T","M","E","?","R","T","?","$","M","M","M","R","B",null,"M","$","M","?","M"],"character_chosen":"THE_SILENT","items_purchased":["Skewer","Juzu Bracelet","Weak Potion"],"campfire_rested":0,"item_purchase_floors":[11,11,19],"current_hp_per_floor":[63,46,69,69,69,69,69,69,69,58,58,58,57,57,57,7,54,30,30,4,4,0,0],"gold":115,"neow_bonus":"THREE_ENEMY_KILL","is_prod":false,"is_daily":false,"chose_seed":false,"campfire_upgraded":2,"win_rate":0,"timestamp":1607546640,"path_taken":["M","?","?","?","?","E","?","R","T","?","$","M","M","M","R","BOSS","M","$","M","?","M"],"build_version":"2020-11-30","purchased_purges":2,"victory":false,"max_hp_per_floor":[70,70,70,70,70,70,70,70,70,70,70,70,70,70,70,70,70,70,70,70,70,70,70],"card_choices":[{"not_picked":["Setup","Accuracy","Underhanded Strike"],"picked":"SKIP","floor":1.0},{"not_picked":["Poisoned Stab","Leg Sweep"],"picked":"Reflex","floor":2.0},{"not_picked":["Hidden Blade","Deflect"],"picked":"Underhanded Strike","floor":5.0},{"not_picked":["Burst","Well Laid Plans"],"picked":"Acrobatics","floor":6.0},{"not_picked":["Deadly Poison","ReplayTheSpireMod:Scrap Shanks"],"picked":"Outmaneuver","floor":12.0},{"not_picked":["Backstab","Dodge and Roll"],"picked":"Flying Knee","floor":13.0},{"not_picked":["Deflect","Sucker Punch","Dodge and Roll"],"picked":"SKIP","floor":14.0},{"not_picked":["Cloak And Dagger","Flying Knee+1","Underhanded Strike"],"picked":"SKIP","floor":18},{"not_picked":["Accuracy","Blade Dance","Dagger Spray"],"picked":"SKIP","floor":20}],"player_experience":610238,"relics_obtained":[{"floor":2.0,"key":"Ice Cream"},{"floor":4.0,"key":"Pet Ghost"},{"floor":6.0,"key":"Regal Pillow"},{"floor":9.0,"key":"Replay:Mystery Machine"}],"event_choices":[{"damage_healed":23.0,"max_hp_gain":0.0,"max_hp_loss":0.0,"gold_gain":0.0,"event_name":"Big Fish","player_choice":"Banana","floor":3.0,"gold_loss":0.0,"damage_taken":0.0},{"cards_removed":["Strike_G"],"damage_healed":0.0,"max_hp_gain":0.0,"max_hp_loss":0.0,"gold_gain":0.0,"event_name":"The Cleric","player_choice":"Card Removal","floor":7.0,"gold_loss":50.0,"damage_taken":0.0},{"damage_healed":0.0,"max_hp_gain":0.0,"max_hp_loss":0.0,"gold_gain":75.0,"event_name":"World of Goop","player_choice":"Gather Gold","floor":10.0,"gold_loss":0.0,"damage_taken":11.0},{"damage_healed":0,"gold_gain":100,"player_choice":"Pray","damage_taken":0,"max_hp_gain":0,"max_hp_loss":0,"event_name":"Golden Shrine","floor":21,"gold_loss":0}],"is_beta":false,"boss_relics":[{"not_picked":["HoveringKite","Snecko Scales"],"picked":"Empty Cage"}],"items_purged_floors":[11,19],"is_endless":false,"potions_floor_spawned":[1,14,16,18,20],"killed_by":"3 Cultists","ascension_level":9}}