{"host":"f5n4tidiz2n5sooh","time":1607496150,"event":{"gold_per_floor":[117,135,155,172,172,205,205,232,255,255,266,23,40,68,68,141,141,152,152,164,164,164],"floor_reached":21,"playtime":882,"items_purged":["Strike_G"],"score":402,"play_id":"4ddb8261-4800-40fe-bfe2-840588bdf6f2","local_time":"20201209004230","is_ascension_mode":true,"campfire_choices":[{"floor":7.0,"key":"REST"},{"floor":10.0,"key":"REST"},{"data":"Bouncing Flask","floor":15,"key":"SMITH"}],"neow_cost":"NONE","seed_source_timestamp":16387657182600,"circlet_count":0,"master_deck":["AscendersBane","Strike_G","Strike_G","Strike_G","Defend_G","Defend_G","Defend_G","Defend_G","Defend_G","Survivor","Neutralize+1","Phantasmal Killer","Poisoned Stab","Calculated Gamble","Finisher","Leg Sweep","Die Die Die","Dagger Throw+1","Predator","Bouncing Flask+1","Glass Knife","PiercingWail+1"],"special_seed":0,"relics":["Ring of the Snake","MealTicket","Blood Vial","PreservedInsect","Whetstone","Lantern","SlaversCollar"],"potions_floor_usage":[13,16,21],"damage_taken":[{"damage":0.0,"enemies":"Cultist","floor":1.0,"turns":4.0},{"damage":1.0,"enemies":"2 Louse","floor":2.0,"turns":3.0},{"damage":7.0,"enemies":"Jaw Worm","floor":3.0,"turns":2.0},{"damage":15.0,"enemies":"Gremlin Gang","floor":4.0,"turns":4.0},{"damage":17.0,"enemies":"3 Sentries","floor":6.0,"turns":6.0},{"damage":36.0,"enemies":"Gremlin Nob","floor":8.0,"turns":4.0},{"damage":1.0,"enemies":"Looter","floor":11.0,"turns":2.0},{"damage":0,"enemies":"Exordium Thugs","floor":13,"turns":4},{"damage":20,"enemies":"3 Sentries","floor":14,"turns":5},{"damage":12,"enemies":"Hexaghost","floor":16,"turns":9},{"damage":24,"enemies":"Spheric Guardian","floor":18,"turns":4},{"damage":13,"enemies":"2 Thieves","floor":20,"turns":4},{"damage":18,"enemies":"Shelled Parasite and Fungi","floor":21,"turns":3}],"seed_played":"5208028366722911514","potions_obtained":[{"floor":2.0,"key":"BlessingOfTheForge"},{"floor":3.0,"key":"Strength Potion"},{"floor":4.0,"key":"Fire Potion"},{"floor":8.0,"key":"EssenceOfSteel"},{"floor":11.0,"key":"Poison Potion"},{"floor":20,"key":"Swift Potion"}],"is_trial":false,"path_per_floor":["M","M","M","M","?","E","R","E","T","R","M","$","M","E","R","B",null,"M","?","M","M"],"character_chosen":"THE_SILENT","items_purchased":["Whetstone"],"campfire_rested":2,"item_purchase_floors":[12],"current_hp_per_floor":[59,58,51,36,36,19,38,2,2,21,22,37,39,21,21,11,52,30,24,13,0,0],"gold":164,"neow_bonus":"ONE_RANDOM_RARE_CARD","is_prod":false,"is_daily":false,"chose_seed":false,"campfire_upgraded":1,"win_rate":0,"timestamp":1607496150,"path_taken":["M","M","M","?","?","E","R","E","T","R","M","$","M","E","R","BOSS","M","?","?","M"],"build_version":"2020-11-30","purchased_purges":1,"victory":false,"max_hp_per_floor":[66,66,66,66,66,66,66,66,66,66,66,66,66,66,66,66,66,66,66,66,66,66],"relic_stats":{"Blood Vial":14,"counters":[13,54],"MealTicket":15,"PreservedInsect":32,"Whetstone":["Neutralize","Dagger Throw"],"obtain_stats":[{"Blood Vial":8,"SlaversCollar":17,"Lantern":14,"MealTicket":6,"PreservedInsect":9,"Whetstone":12,"Ring of the Snake":0},{"Blood Vial":6,"SlaversCollar":10,"Lantern":9,"MealTicket":5,"PreservedInsect":6,"Whetstone":7,"Ring of the Snake":0},{"Blood Vial":23,"SlaversCollar":43,"Lantern":34,"MealTicket":19,"PreservedInsect":23,"Whetstone":25,"Ring of the Snake":0}],"Ring of the Snake":[26]},"card_choices":[{"not_picked":["Bane","Catalyst"],"picked":"Poisoned Stab","floor":1.0},{"not_picked":["Backflip","Deflect"],"picked":"Calculated Gamble","floor":2.0},{"not_picked":["Storm of Steel","Slice"],"picked":"Finisher","floor":3.0},{"not_picked":["Endless Agony","Underhanded Strike"],"picked":"Leg Sweep","floor":4.0},{"not_picked":["Poisoned Stab","Tools of the Trade"],"picked":"Dagger Throw","floor":6.0},{"not_picked":["Dodge and Roll","Bane"],"picked":"Predator","floor":8.0},{"not_picked":["Distraction","Slice","Deflect"],"picked":"SKIP","floor":11.0},{"not_picked":["Backstab","Dodge and Roll","Dagger Throw"],"picked":"SKIP","floor":13},{"not_picked":["Prepared","Flying Knee"],"picked":"Bouncing Flask","floor":14},{"not_picked":["Phantasmal Killer","Grand Finale"],"picked":"Glass Knife","floor":16},{"not_picked":["Dodge and Roll","Reflex","Skewer"],"picked":"SKIP","floor":18},{"not_picked":["Sucker Punch","Prepared"],"picked":"PiercingWail+1","floor":20}],"player_experience":1859901,"relics_obtained":[{"floor":6.0,"key":"MealTicket"},{"floor":8.0,"key":"Blood Vial"},{"floor":9.0,"key":"PreservedInsect"},{"floor":14,"key":"Lantern"}],"event_choices":[{"damage_healed":0.0,"max_hp_gain":0.0,"max_hp_loss":0.0,"gold_gain":0.0,"cards_transformed":["Strike_G"],"event_name":"Living Wall","player_choice":"Change","floor":5.0,"gold_loss":0.0,"damage_taken":0.0,"cards_obtained":["Die Die Die"]},{"damage_healed":0,"gold_gain":0,"player_choice":"","damage_taken":6,"max_hp_gain":0,"max_hp_loss":0,"event_name":"Knowing Skull","floor":19,"potions_obtained":[],"gold_loss":0,"cards_obtained":[]}],"is_beta":false,"boss_relics":[{"not_picked":["Empty Cage","Calling Bell"],"picked":"SlaversCollar"}],"items_purged_floors":[12],"is_endless":false,"potions_floor_spawned":[2,3,4,8,11,20],"killed_by":"Shelled Parasite and Fungi","ascension_level":20}}