{"host":"3qj1vaxru8jk8t9y","time":1607539213,"event":{"gold_per_floor":[115,129,29,45,21,54,65,83,83,111,131,157,157,167,167,268,268,284,284,301,301,311,311,341,341,341,341,371,390,390,404,404,505,505,519,536,553,569,582,594,594,594,621,621,60,60,79,79,79,79],"floor_reached":51,"playtime":4201,"items_purged":["Defend_R","Strike_R","Strike_R"],"score":874,"play_id":"24c78852-f92d-4be3-a184-ff3cae4b7554","local_time":"20201210024013","is_ascension_mode":true,"campfire_choices":[{"data":"Fire Breathing","floor":13,"key":"SMITH"},{"data":"Bash","floor":15,"key":"SMITH"},{"data":"Rage","floor":23,"key":"SMITH"},{"data":"Inflame","floor":25,"key":"SMITH"},{"data":"Limit Break","floor":27,"key":"SMITH"},{"floor":32,"key":"REST"},{"data":"Heavy Blade","floor":41,"key":"SMITH"},{"data":"Wild Strike","floor":44,"key":"SMITH"},{"data":"Shrug It Off","floor":46,"key":"SMITH"},{"data":"Headbutt","floor":49,"key":"SMITH"}],"neow_cost":"","seed_source_timestamp":92442662993600,"circlet_count":0,"master_deck":["Strike_R","Strike_R","Strike_R","Defend_R","Defend_R+1","Defend_R+1","Bash+1","Fire Breathing+1","Shrug It Off+1","Headbutt+1","Wild Strike+1","Rage+1","Inflame+1","Limit Break+1","Heavy Blade+1","True Grit+1"],"relics":["Burning Blood","Spirit Poop","hubris:Spice","HandDrill","Kunai","hubris:BottledRain","Ornamental Fan","FossilizedHelix","Busted Crown","hubris:ChampionShield","Runic Cube","Orichalcum","Frozen Eye","MerchantsRug","hubris:Icosahedron"],"potions_floor_usage":[10,33,33,37,40,50],"damage_taken":[{"damage":6,"enemies":"Cultist","floor":1,"turns":3},{"damage":11,"enemies":"Small Slimes","floor":2,"turns":3},{"damage":4,"enemies":"2 Louse","floor":4,"turns":2},{"damage":10,"enemies":"Lagavulin","floor":6,"turns":7},{"damage":2,"enemies":"Blue Slaver","floor":7,"turns":4},{"damage":13,"enemies":"Lots of Slimes","floor":8,"turns":4},{"damage":14,"enemies":"Gremlin Nob","floor":10,"turns":3},{"damage":8,"enemies":"Gremlin Gang","floor":11,"turns":3},{"damage":6,"enemies":"Lagavulin","floor":12,"turns":6},{"damage":0,"enemies":"Looter","floor":14,"turns":2},{"damage":0,"enemies":"Slime Boss","floor":16,"turns":5},{"damage":0,"enemies":"Shell Parasite","floor":18,"turns":3},{"damage":0,"enemies":"Chosen","floor":20,"turns":3},{"damage":5,"enemies":"Snecko","floor":22,"turns":5},{"damage":5,"enemies":"Book of Stabbing","floor":24,"turns":6},{"damage":43,"enemies":"Gremlin Leader","floor":28,"turns":5},{"damage":0,"enemies":"Centurion and Healer","floor":29,"turns":3},{"damage":0,"enemies":"3 Cultists","floor":31,"turns":4},{"damage":6,"enemies":"Collector","floor":33,"turns":6},{"damage":13,"enemies":"3 Darklings","floor":35,"turns":4},{"damage":0,"enemies":"3 Shapes","floor":36,"turns":3},{"damage":0,"enemies":"Writhing Mass","floor":37,"turns":4},{"damage":1,"enemies":"Sphere and 2 Shapes","floor":38,"turns":4},{"damage":5,"enemies":"Maw","floor":39,"turns":5},{"damage":0,"enemies":"Spire Growth","floor":40,"turns":3},{"damage":0,"enemies":"Jaw Worm Horde","floor":47,"turns":3},{"damage":37,"enemies":"Time Eater","floor":50,"turns":6}],"seed_played":"-5219781657025943290","potions_obtained":[{"floor":4,"key":"LiquidMemories"},{"floor":6,"key":"FearPotion"},{"floor":7,"key":"SteroidPotion"},{"floor":12,"key":"Strength Potion"},{"floor":29,"key":"Swift Potion"},{"floor":33,"key":"BlessingOfTheForge"},{"floor":35,"key":"Fire Potion"},{"floor":39,"key":"AttackPotion"},{"floor":47,"key":"Dexterity Potion"}],"is_trial":false,"path_per_floor":["M","M","$","M","$","E","M","M","T","E","M","E","R","M","R","B",null,"M","?","M","?","M","R","E","R","T","R","E","M","T","M","R","B",null,"M","M","M","M","M","M","R","?","T","R","$","R","M","?","R","B",null],"character_chosen":"IRONCLAD","items_purchased":["hubris:Spice","HandDrill","Kunai","Wild Strike","War Paint","Frozen Eye","MerchantsRug"],"campfire_rested":1,"item_purchase_floors":[0,0,0,5,45,45,45],"current_hp_per_floor":[88,83,83,85,85,81,85,78,78,78,76,76,76,82,82,88,88,88,88,88,88,88,88,88,88,80,80,43,49,49,55,79,79,80,72,72,72,72,72,72,72,69,69,69,69,69,69,69,69,38],"gold":79,"neow_bonus":"","is_prod":false,"is_daily":false,"chose_seed":false,"campfire_upgraded":9,"win_rate":0,"timestamp":1607539213,"path_taken":["M","M","$","M","$","E","?","M","T","E","M","E","R","M","R","BOSS","M","?","M","?","M","R","E","R","T","R","E","M","?","?","R","BOSS","M","M","?","M","M","M","R","?","T","R","$","R","?","?","R","BOSS"],"build_version":"2020-11-30","purchased_purges":3,"victory":true,"max_hp_per_floor":[88,88,88,88,88,88,88,88,88,96,96,88,88,88,88,88,88,88,88,88,88,88,88,88,88,80,80,80,80,80,80,80,80,80,72,72,72,72,72,72,72,69,69,69,69,69,69,69,69,69],"card_choices":[{"not_picked":["Wild Strike","Flame Barrier"],"picked":"Fire Breathing","floor":1},{"not_picked":["Body Slam","Thunderclap"],"picked":"Shrug It Off","floor":2},{"not_picked":["Flex","Seeing Red"],"picked":"Headbutt","floor":4},{"not_picked":["Sentinel","Uppercut","Cleave"],"picked":"SKIP","floor":6},{"not_picked":["Sword Boomerang","Demon Form","Flex"],"picked":"SKIP","floor":7},{"not_picked":["Sword Boomerang","Demon Form","Flex"],"picked":"SKIP","floor":7},{"not_picked":["Clash","Heavy Blade","Perfected Strike"],"picked":"SKIP","floor":8},{"not_picked":["Carnage","Pummel","Offering"],"picked":"SKIP","floor":10},{"not_picked":["Perfected Strike","Havoc"],"picked":"Rage","floor":11},{"not_picked":["Blood for Blood","Shockwave"],"picked":"hubris:SpiceAddiction","floor":12},{"not_picked":["Sentinel","Twin Strike"],"picked":"Inflame","floor":14},{"not_picked":["Shrug It Off"],"picked":"SKIP","floor":18},{"not_picked":["Sword Boomerang"],"picked":"SKIP","floor":20},{"not_picked":["Spot Weakness+1"],"picked":"SKIP","floor":22},{"not_picked":[],"picked":"Limit Break","floor":24},{"not_picked":["hubris:SpiceAddiction"],"picked":"SKIP","floor":28},{"not_picked":["Perfected Strike"],"picked":"SKIP","floor":29},{"not_picked":[],"picked":"Heavy Blade","floor":31},{"not_picked":[],"picked":"hubris:SpiceAddiction","floor":35},{"not_picked":["Thunderclap+1"],"picked":"SKIP","floor":36},{"not_picked":[],"picked":"True Grit+1","floor":37},{"not_picked":["Clothesline+1"],"picked":"SKIP","floor":38},{"not_picked":["True Grit+1"],"picked":"SKIP","floor":39},{"not_picked":["Combust+1"],"picked":"SKIP","floor":40},{"not_picked":["Clothesline+1"],"picked":"SKIP","floor":47}],"player_experience":295429,"relics_obtained":[{"floor":6,"key":"hubris:BottledRain"},{"floor":9,"key":"Ornamental Fan"},{"floor":10,"key":"hubris:Spice"},{"floor":12,"key":"FossilizedHelix"},{"floor":24,"key":"hubris:ChampionShield"},{"floor":26,"key":"hubris:Spice"},{"floor":43,"key":"Orichalcum"}],"event_choices":[{"damage_healed":0,"gold_gain":0,"player_choice":"Ignored","damage_taken":0,"max_hp_gain":0,"max_hp_loss":0,"event_name":"Ghosts","floor":19,"gold_loss":0},{"cards_removed":["Parasite"],"damage_healed":0,"gold_gain":0,"player_choice":"Offered Curse","damage_taken":0,"relics_obtained":["Spirit Poop"],"max_hp_gain":0,"max_hp_loss":0,"event_name":"Bonfire Elementals","floor":42,"gold_loss":0}],"is_beta":false,"boss_relics":[{"not_picked":["hubris:BlackHole","hubris:Spice"],"picked":"Busted Crown"},{"not_picked":["hubris:Stopwatch","hubris:Spice"],"picked":"Runic Cube"}],"items_purged_floors":[0,3,45],"is_endless":false,"potions_floor_spawned":[4,6,7,12,24,29,31,33,35,39,47],"ascension_level":1}}