{"host":"28p8ce41sjwa6lzf","time":1607551432,"event":{"gold_per_floor":[114,130,146,162,162,197,215,225,225,225,225,149,149,46,46,120,120,130,130,130],"floor_reached":19,"playtime":721,"items_purged":["Strike_B"],"score":338,"play_id":"6ac41361-2cc4-4856-96df-eeb3e45a2d69","local_time":"20201209160352","is_ascension_mode":true,"campfire_choices":[{"data":"Hologram","floor":11.0,"key":"SMITH"},{"floor":13.0,"key":"REST"},{"data":"Rainbow","floor":15.0,"key":"SMITH"}],"neow_cost":"NONE","seed_source_timestamp":0,"circlet_count":0,"master_deck":["AscendersBane","Strike_B","Strike_B","Strike_B","Defend_B","Defend_B","Defend_B","Defend_B","Zap","Dualcast","Streamline","Rebound","Hyperbeam","Rainbow+1","Chaos","Hologram+1","Capacitor","Capacitor","Seek","Lockon"],"special_seed":0,"relics":["Cracked Core","Art of War","Smiling Mask","StoneCalendar","Runic Pyramid"],"potions_floor_usage":[],"damage_taken":[{"damage":4.0,"enemies":"Jaw Worm","floor":1.0,"turns":4.0},{"damage":1.0,"enemies":"Cultist","floor":2.0,"turns":3.0},{"damage":0.0,"enemies":"2 Louse","floor":3.0,"turns":2.0},{"damage":6.0,"enemies":"Exordium Wildlife","floor":4.0,"turns":2.0},{"damage":36.0,"enemies":"Lagavulin","floor":6.0,"turns":7.0},{"damage":0.0,"enemies":"Lots of Slimes","floor":7.0,"turns":1.0},{"damage":8.0,"enemies":"Looter","floor":8.0,"turns":2.0},{"damage":11.0,"enemies":"The Guardian","floor":16.0,"turns":8.0},{"damage":30.0,"enemies":"2 Thieves","floor":18.0,"turns":4.0},{"damage":28,"enemies":"3 Byrds","floor":19,"turns":2}],"seed_played":"-4922653439294845360","potions_obtained":[{"floor":1.0,"key":"Explosive Potion"},{"floor":2.0,"key":"FocusPotion"},{"floor":8.0,"key":"DistilledChaos"},{"floor":16.0,"key":"SpeedPotion"},{"floor":18.0,"key":"Swift Potion"}],"is_trial":false,"path_per_floor":["M","M","M","M","?","E","M","M","T","?","R","$","R","$","R","B",null,"M","M"],"character_chosen":"DEFECT","items_purchased":["Capacitor","PowerPotion"],"campfire_rested":1,"item_purchase_floors":[12,14],"current_hp_per_floor":[60,59,59,53,53,17,17,9,9,9,9,9,30,30,30,19,58,28,0,0],"gold":130,"neow_bonus":"RANDOM_COMMON_RELIC","is_prod":false,"is_daily":false,"chose_seed":false,"campfire_upgraded":2,"win_rate":0,"timestamp":1607551432,"path_taken":["M","M","M","M","?","E","M","?","T","?","R","?","R","$","R","BOSS","M","M"],"build_version":"2020-11-30","purchased_purges":1,"victory":false,"max_hp_per_floor":[71,71,71,71,71,71,71,71,71,71,71,71,71,71,71,71,71,71,71,71],"relic_stats":{"counters":[10,35],"StoneCalendar":[52],"Art of War":[8],"Smiling Mask":25,"obtain_stats":[{"StoneCalendar":9,"Art of War":0,"Cracked Core":0,"Smiling Mask":6,"Runic Pyramid":17},{"StoneCalendar":7,"Art of War":0,"Cracked Core":0,"Smiling Mask":5,"Runic Pyramid":8},{"StoneCalendar":21,"Art of War":0,"Cracked Core":0,"Smiling Mask":18,"Runic Pyramid":29}]},"card_choices":[{"not_picked":["Aggregate","Leap"],"picked":"Streamline","floor":1.0},{"not_picked":["Streamline","Compile Driver"],"picked":"Rebound","floor":2.0},{"not_picked":["Blizzard","Redo","Barrage"],"picked":"SKIP","floor":3.0},{"not_picked":["Cold Snap","Leap"],"picked":"Hyperbeam","floor":4.0},{"not_picked":["Gash","Redo"],"picked":"Chaos","floor":6.0},{"not_picked":["Capacitor","Fusion"],"picked":"Hologram","floor":7.0},{"not_picked":["Cold Snap","Rebound"],"picked":"Capacitor","floor":8.0},{"not_picked":["Hyperbeam","Meteor Strike"],"picked":"Seek","floor":16.0},{"not_picked":["Beam Cell","White Noise"],"picked":"Lockon","floor":18.0}],"player_experience":963904,"relics_obtained":[{"floor":6.0,"key":"Smiling Mask"},{"floor":9.0,"key":"StoneCalendar"}],"event_choices":[{"damage_healed":0.0,"max_hp_gain":0.0,"max_hp_loss":0.0,"gold_gain":0.0,"event_name":"Match and Keep!","player_choice":"1 cards matched","floor":5.0,"gold_loss":0.0,"damage_taken":0.0,"cards_obtained":["Rainbow"]},{"damage_healed":0.0,"max_hp_gain":0.0,"max_hp_loss":0.0,"gold_gain":0.0,"event_name":"Shining Light","player_choice":"Ignored","floor":10.0,"gold_loss":0.0,"damage_taken":0.0}],"is_beta":false,"boss_relics":[{"not_picked":["Pandora\u0027s Box","Velvet Choker"],"picked":"Runic Pyramid"}],"items_purged_floors":[14],"is_endless":false,"potions_floor_spawned":[1,2,8,16,18],"killed_by":"3 Byrds","ascension_level":20}}