{"host":"49c2zf0lajbcs427","time":1607484630,"event":{"gold_per_floor":[115,115,125,143,143,143,158,158,158,158,7,38,38,73,73,196,196,219,219,144,144,144,144,208,253,253,318,371,371,286,340,340,463,463,518,363,418,469,469,469,507,268,268,332,382,382,398,447,447,447],"floor_reached":51,"playtime":3179,"items_purged":["Evaluate"],"score":1421,"play_id":"07a47a62-c5c1-4b11-89e2-32b90dafbd72","local_time":"20201209163030","is_ascension_mode":true,"campfire_choices":[{"data":"Vault","floor":6.0,"key":"SMITH"},{"data":"Ragnarok","floor":8.0,"key":"SMITH"},{"data":"Vigilance","floor":10.0,"key":"SMITH"},{"data":"SignatureMove","floor":15.0,"key":"SMITH"},{"data":"RitualDagger","floor":23.0,"key":"SMITH"},{"data":"Adaptation","floor":29.0,"key":"SMITH"},{"floor":32,"key":"REST"},{"data":"DevaForm","floor":40,"key":"SMITH"},{"data":"1","floor":46,"key":"LIFT"},{"data":"2","floor":49,"key":"LIFT"}],"neow_cost":"NONE","seed_source_timestamp":145508723957300,"circlet_count":0,"master_deck":["Eruption","Vigilance+1","Ragnarok+1","SashWhip","Adaptation+1","DevaForm+1","Vault+1","DeceiveReality","SignatureMove+1","Swivel","TalkToTheHand+1","Worship+1","Wish+1","Tantrum","Ghostly+1","Ghostly+1","Ghostly+1","Ghostly+1","Ghostly+1","RitualDagger+1","Meditate+1","ThirdEye+1","Scrawl+1","WheelKick+1","Devotion+1","Blasphemy+1","TalkToTheHand+1","Scrawl+1","Scrawl+1","Vault+1","Wish+1"],"special_seed":0,"relics":["Pandora\u0027s Box","Golden Idol","Blue Candle","Akabeko","White Beast Statue","Toxic Egg 2","SlaversCollar","MutagenicStrength","Darkstone Periapt","Bottled Lightning","Ancient Tea Set","Dead Branch","Snecko Eye","Orrery","Boot","Girya","Art of War"],"potions_floor_usage":[41],"damage_taken":[{"damage":0.0,"enemies":"2 Louse","floor":1.0,"turns":3.0},{"damage":0.0,"enemies":"Cultist","floor":3.0,"turns":3.0},{"damage":2.0,"enemies":"Jaw Worm","floor":4.0,"turns":4.0},{"damage":7.0,"enemies":"3 Louse","floor":7.0,"turns":4.0},{"damage":0.0,"enemies":"Gremlin Nob","floor":12.0,"turns":2.0},{"damage":0.0,"enemies":"Lagavulin","floor":14.0,"turns":5.0},{"damage":0.0,"enemies":"Slime Boss","floor":16.0,"turns":5.0},{"damage":0.0,"enemies":"2 Thieves","floor":18.0,"turns":1.0},{"damage":15.0,"enemies":"Slavers","floor":24.0,"turns":7.0},{"damage":1.0,"enemies":"Spheric Guardian","floor":25.0,"turns":4.0},{"damage":1.0,"enemies":"Gremlin Leader","floor":27.0,"turns":10.0},{"damage":0.0,"enemies":"Centurion and Healer","floor":28.0,"turns":7.0},{"damage":0,"enemies":"3 Cultists","floor":31,"turns":4},{"damage":3,"enemies":"Automaton","floor":33,"turns":6},{"damage":1,"enemies":"3 Shapes","floor":35,"turns":5},{"damage":2,"enemies":"Orb Walker","floor":37,"turns":4},{"damage":0,"enemies":"Maw","floor":38,"turns":3},{"damage":0,"enemies":"Reptomancer","floor":41,"turns":2},{"damage":0,"enemies":"Giant Head","floor":44,"turns":4},{"damage":0,"enemies":"4 Shapes","floor":45,"turns":6},{"damage":0,"enemies":"3 Darklings","floor":47,"turns":2},{"damage":0,"enemies":"Transient","floor":48,"turns":7},{"damage":0,"enemies":"Donu and Deca","floor":50,"turns":4}],"seed_played":"-492662107759516858","potions_obtained":[{"floor":1.0,"key":"FearPotion"},{"floor":4.0,"key":"Ancient Potion"},{"floor":7.0,"key":"PowerPotion"},{"floor":12.0,"key":"AttackPotion"},{"floor":16.0,"key":"DuplicationPotion"},{"floor":18.0,"key":"StancePotion"},{"floor":24.0,"key":"Energy Potion"},{"floor":25.0,"key":"GamblersBrew"},{"floor":27.0,"key":"LiquidBronze"},{"floor":37,"key":"Swift Potion"},{"floor":38,"key":"StancePotion"},{"floor":41,"key":"Dexterity Potion"},{"floor":44,"key":"GamblersBrew"},{"floor":45,"key":"BottledMiracle"}],"is_trial":false,"path_per_floor":["M","?","M","M","?","R","M","R","T","R","$","E","?","E","R","B",null,"M","?","?","?","?","R","E","M","T","E","M","R","?","M","R","B",null,"M","$","M","M","?","R","E","$","T","E","M","R","M","M","R","B",null],"character_chosen":"WATCHER","items_purchased":["Akabeko","Orrery","Vault+1"],"campfire_rested":1,"item_purchase_floors":[11,36,42],"current_hp_per_floor":[65,65,65,63,45,45,38,38,38,38,38,38,38,38,38,38,64,64,36,36,36,30,30,15,14,14,13,13,13,13,13,23,20,32,31,31,29,29,29,29,29,29,29,29,29,29,29,29,29,29],"gold":447,"neow_bonus":"BOSS_RELIC","is_prod":false,"is_daily":false,"chose_seed":false,"campfire_upgraded":7,"win_rate":0,"timestamp":1607484630,"path_taken":["M","?","?","?","?","R","M","R","T","R","?","E","?","E","R","BOSS","M","?","?","?","?","R","E","?","T","E","M","R","?","M","R","BOSS","M","$","M","M","?","R","E","$","T","E","M","R","M","M","R","BOSS"],"build_version":"2020-11-30","purchased_purges":1,"victory":true,"max_hp_per_floor":[72,72,72,72,72,72,72,72,72,72,72,72,72,72,72,72,72,72,36,36,36,36,36,36,36,36,36,36,36,36,36,36,36,36,36,36,36,36,36,36,36,36,36,36,36,36,36,36,36,36],"relic_stats":{"Darkstone Periapt":0,"counters":[23,102],"Golden Idol":163,"Blue Candle":[0],"Dead Branch":[74],"Snecko Eye":[88,86,84,76],"Pandora\u0027s Box":["Nirvana","Ragnarok","SashWhip","Adaptation","DevaForm","Evaluate","Vault","DeceiveReality"],"Art of War":[3],"Boot":[3],"obtain_stats":[{"Darkstone Periapt":24,"Girya":43,"Golden Idol":5,"Blue Candle":9,"Dead Branch":30,"Ancient Tea Set":27,"Boot":41,"Akabeko":11,"White Beast Statue":12,"SlaversCollar":17,"MutagenicStrength":21,"Snecko Eye":34,"Orrery":36,"Pandora\u0027s Box":0,"Art of War":44,"Bottled Lightning":26,"PureWater":0,"Toxic Egg 2":14},{"Darkstone Periapt":9,"Girya":18,"Golden Idol":3,"Blue Candle":4,"Dead Branch":12,"Ancient Tea Set":11,"Boot":18,"Akabeko":4,"White Beast Statue":5,"SlaversCollar":7,"MutagenicStrength":8,"Snecko Eye":14,"Orrery":15,"Pandora\u0027s Box":0,"Art of War":19,"Bottled Lightning":10,"PureWater":0,"Toxic Egg 2":6},{"Darkstone Periapt":34,"Girya":79,"Golden Idol":10,"Blue Candle":14,"Dead Branch":55,"Ancient Tea Set":48,"Boot":79,"Akabeko":14,"White Beast Statue":16,"SlaversCollar":26,"MutagenicStrength":27,"Snecko Eye":65,"Orrery":70,"Pandora\u0027s Box":0,"Art of War":83,"Bottled Lightning":38,"PureWater":0,"Toxic Egg 2":21}]},"card_choices":[{"not_picked":["PathToVictory","WindmillStrike","Consecrate"],"picked":"SKIP","floor":1.0},{"not_picked":["Halt","SashWhip","FlurryOfBlows"],"picked":"SKIP","floor":3.0},{"not_picked":["Perseverance","FollowUp"],"picked":"Swivel","floor":4.0},{"not_picked":["FlurryOfBlows","JustLucky","SignatureMove"],"picked":"SKIP","floor":7.0},{"not_picked":["CrushJoints","EmptyFist"],"picked":"TalkToTheHand","floor":12.0},{"not_picked":["Crescendo+1","PathToVictory+1"],"picked":"Worship+1","floor":14.0},{"not_picked":["Establishment","DevaForm"],"picked":"Wish+1","floor":16.0},{"not_picked":["WaveOfTheHand+1","ThirdEye+1"],"picked":"Tantrum","floor":18.0},{"not_picked":["Indignation+1","FollowUp","Evaluate+1"],"picked":"SKIP","floor":24.0},{"not_picked":["FlyingSleeves","FollowUp"],"picked":"Meditate+1","floor":25.0},{"not_picked":["CrushJoints","PathToVictory+1"],"picked":"ThirdEye+1","floor":27.0},{"not_picked":["Meditate+1","Worship+1"],"picked":"Scrawl+1","floor":28.0},{"not_picked":["CrushJoints","FollowUp+1"],"picked":"WheelKick+1","floor":31},{"not_picked":["Brilliance","Judgement+1"],"picked":"Devotion","floor":33},{"not_picked":["CrushJoints+1","EmptyFist","PathToVictory+1"],"picked":"SKIP","floor":35},{"not_picked":["EmptyBody+1","BowlingBash"],"picked":"Blasphemy+1","floor":36},{"not_picked":["FearNoEvil","PathToVictory+1"],"picked":"TalkToTheHand+1","floor":36},{"not_picked":["CrushJoints+1","BowlingBash"],"picked":"Scrawl+1","floor":36},{"not_picked":["PathToVictory+1","SandsOfTime","SashWhip"],"picked":"SKIP","floor":37},{"not_picked":["SashWhip","Crescendo+1","CrushJoints+1"],"picked":"SKIP","floor":38},{"not_picked":["ClearTheMind+1","JustLucky"],"picked":"Scrawl+1","floor":41},{"not_picked":["CrushJoints","LessonLearned","EmptyFist+1"],"picked":"SKIP","floor":44},{"not_picked":["EmptyFist","Meditate+1","Halt+1"],"picked":"SKIP","floor":45},{"not_picked":["EmptyFist","Meditate+1","Halt+1"],"picked":"SKIP","floor":45},{"not_picked":["EmptyMind+1","Perseverance+1","ClearTheMind+1"],"picked":"SKIP","floor":47},{"not_picked":["FollowUp+1","ClearTheMind+1"],"picked":"Wish+1","floor":48}],"player_experience":2036305,"relics_obtained":[{"floor":9.0,"key":"Blue Candle"},{"floor":12.0,"key":"White Beast Statue"},{"floor":14.0,"key":"Toxic Egg 2"},{"floor":24.0,"key":"Darkstone Periapt"},{"floor":26.0,"key":"Bottled Lightning"},{"floor":27.0,"key":"Ancient Tea Set"},{"floor":41,"key":"Boot"},{"floor":43,"key":"Girya"},{"floor":44,"key":"Art of War"}],"event_choices":[{"damage_healed":0.0,"max_hp_gain":0.0,"max_hp_loss":0.0,"gold_gain":0.0,"event_name":"Match and Keep!","player_choice":"1 cards matched","floor":2.0,"gold_loss":0.0,"damage_taken":0.0,"cards_obtained":["SignatureMove"]},{"damage_healed":0.0,"max_hp_gain":0.0,"max_hp_loss":0.0,"gold_gain":0.0,"event_name":"Golden Idol","player_choice":"Take Damage","floor":5.0,"gold_loss":0.0,"damage_taken":18.0,"relics_obtained":["Golden Idol"]},{"damage_healed":0.0,"max_hp_gain":0.0,"max_hp_loss":0.0,"gold_gain":0.0,"event_name":"Living Wall","player_choice":"Grow","floor":13.0,"gold_loss":0.0,"damage_taken":0.0,"cards_upgraded":["TalkToTheHand"]},{"damage_healed":0.0,"max_hp_gain":0.0,"max_hp_loss":36.0,"gold_gain":0.0,"event_name":"Ghosts","player_choice":"Became a Ghost","floor":19.0,"gold_loss":0.0,"damage_taken":0.0,"cards_obtained":["Ghostly","Ghostly","Ghostly","Ghostly","Ghostly"]},{"cards_removed":["Nirvana"],"damage_healed":0.0,"max_hp_gain":0.0,"max_hp_loss":0.0,"gold_gain":0.0,"event_name":"Beggar","player_choice":"Gave Gold","floor":20.0,"gold_loss":75.0,"damage_taken":0.0},{"damage_healed":0.0,"max_hp_gain":0.0,"max_hp_loss":0.0,"gold_gain":0.0,"event_name":"Drug Dealer","player_choice":"Inject Mutagens","floor":21.0,"gold_loss":0.0,"damage_taken":0.0,"relics_obtained":["MutagenicStrength"]},{"damage_healed":0.0,"max_hp_gain":0.0,"max_hp_loss":0.0,"gold_gain":0.0,"event_name":"Nest","player_choice":"Joined the Cult","floor":22.0,"gold_loss":0.0,"damage_taken":6.0,"cards_obtained":["RitualDagger"]},{"damage_healed":0.0,"max_hp_gain":0.0,"max_hp_loss":0.0,"gold_gain":0.0,"event_name":"Addict","player_choice":"Obtained Relic","floor":30.0,"gold_loss":85.0,"damage_taken":0.0,"relics_obtained":["Dead Branch"]},{"damage_healed":0,"gold_gain":0,"player_choice":"Upgraded","damage_taken":0,"max_hp_gain":0,"max_hp_loss":0,"event_name":"Upgrade Shrine","floor":39,"gold_loss":0,"cards_upgraded":["Devotion"]}],"is_beta":false,"boss_relics":[{"not_picked":["VioletLotus","Calling Bell"],"picked":"SlaversCollar"},{"not_picked":["Sozu","Empty Cage"],"picked":"Snecko Eye"}],"items_purged_floors":[42],"is_endless":false,"potions_floor_spawned":[1,4,7,12,14,16,18,24,25,27,28,31,33,35,37,38,41,44,45,47,48],"ascension_level":9}}