{"host":"cjhtzh7tp54jdfyv","time":1607529988,"event":{"gold_per_floor":[117,4,19,35,51,85,85,116,116,149,164,177,190,210,210,210,210],"floor_reached":16,"playtime":915,"items_purged":[],"score":252,"play_id":"c6ad18c8-1015-4739-802e-e304187d3428","local_time":"20201209110628","is_ascension_mode":true,"campfire_choices":[{"data":"Bludgeon","floor":7.0,"key":"SMITH"},{"data":"True Grit","floor":15,"key":"SMITH"}],"neow_cost":"NONE","seed_source_timestamp":680053049073900,"circlet_count":0,"master_deck":["AscendersBane","Strike_R","Strike_R","Strike_R","Strike_R","Strike_R","Defend_R","Defend_R","Defend_R","Defend_R","Bash","Cleave","Inflame","Twin Strike","Feel No Pain","Dual Wield","True Grit+1","Bludgeon+1","Shrug It Off","Battle Trance","Metallicize","Feel No Pain","Flame Barrier"],"special_seed":0,"relics":["Cursed Key","Anchor","TungstenRod"],"potions_floor_usage":[11,13,16,16],"damage_taken":[{"damage":6.0,"enemies":"Small Slimes","floor":1.0,"turns":4.0},{"damage":7.0,"enemies":"Jaw Worm","floor":3.0,"turns":3.0},{"damage":0.0,"enemies":"Cultist","floor":4.0,"turns":3.0},{"damage":6.0,"enemies":"Blue Slaver","floor":5.0,"turns":3.0},{"damage":20.0,"enemies":"Lagavulin","floor":6.0,"turns":6.0},{"damage":13.0,"enemies":"3 Sentries","floor":8.0,"turns":7.0},{"damage":15,"enemies":"Lagavulin","floor":10,"turns":5},{"damage":1,"enemies":"3 Louse","floor":11,"turns":6},{"damage":6,"enemies":"Exordium Wildlife","floor":12,"turns":5},{"damage":0,"enemies":"2 Fungi Beasts","floor":13,"turns":2},{"damage":1,"enemies":"3 Louse","floor":14,"turns":3},{"damage":14,"enemies":"The Guardian","floor":16,"turns":4}],"seed_played":"-1928727134525016238","potions_obtained":[{"floor":3.0,"key":"FairyPotion"},{"floor":4.0,"key":"LiquidMemories"},{"floor":6.0,"key":"Energy Potion"},{"floor":10,"key":"Regen Potion"},{"floor":11,"key":"SteroidPotion"},{"floor":12,"key":"Fruit Juice"},{"floor":13,"key":"FearPotion"}],"is_trial":false,"path_per_floor":["M","$","M","M","M","E","R","E","T","E","M","M","M","M","R","B"],"character_chosen":"IRONCLAD","items_purchased":["Inflame","Twin Strike"],"campfire_rested":0,"item_purchase_floors":[2,2],"current_hp_per_floor":[62,62,55,55,49,29,29,16,16,1,15,9,14,13,13,0,0],"gold":210,"neow_bonus":"BOSS_RELIC","is_prod":false,"is_daily":false,"chose_seed":false,"campfire_upgraded":2,"win_rate":0,"timestamp":1607529988,"path_taken":["M","$","M","M","M","E","R","E","T","E","M","M","M","M","R","BOSS"],"build_version":"2020-11-30","purchased_purges":0,"victory":false,"max_hp_per_floor":[75,75,75,75,75,75,75,75,75,75,75,75,80,80,80,80,80],"card_choices":[{"not_picked":["Flex","Power Through"],"picked":"Cleave","floor":1.0},{"not_picked":["Iron Wave","Bloodletting"],"picked":"Feel No Pain","floor":3.0},{"not_picked":["Perfected Strike","Clothesline"],"picked":"Dual Wield","floor":4.0},{"not_picked":["Dual Wield","Sword Boomerang"],"picked":"True Grit","floor":5.0},{"not_picked":["Dual Wield","True Grit"],"picked":"Bludgeon","floor":6.0},{"not_picked":["Perfected Strike","Warcry"],"picked":"Shrug It Off","floor":8.0},{"not_picked":["Double Tap","Second Wind"],"picked":"Battle Trance","floor":10},{"not_picked":["Havoc","Flex","Power Through"],"picked":"SKIP","floor":11},{"not_picked":["Rampage","Thunderclap"],"picked":"Metallicize","floor":12},{"not_picked":["Spot Weakness","Iron Wave"],"picked":"Feel No Pain","floor":13},{"not_picked":["Armaments","Clothesline"],"picked":"Flame Barrier","floor":14}],"player_experience":4065775,"relics_obtained":[{"floor":8.0,"key":"Anchor"},{"floor":10,"key":"TungstenRod"}],"event_choices":[],"is_beta":false,"boss_relics":[],"items_purged_floors":[],"is_endless":false,"potions_floor_spawned":[3,4,6,10,11,12,13],"killed_by":"The Guardian","ascension_level":20}}