{"host":"jm9833yuloeli2yd","time":1607536357,"event":{"gold_per_floor":[365,365,365,72,91,91,131,131,131,166,166,182,25,45,45,140,140,161,161,174,14,14,14,33,33,58,101,101,101],"floor_reached":28,"playtime":545,"items_purged":["Parasite"],"score":488,"play_id":"acee1e8b-84cf-4aa3-80b9-c3d621b437a5","local_time":"20201209125237","is_ascension_mode":true,"campfire_choices":[{"data":"Sweeping Beam","floor":6,"key":"SMITH"},{"data":"Loop","floor":8,"key":"SMITH"},{"floor":15,"key":"REST"},{"data":"FTL","floor":23,"key":"SMITH"}],"neow_cost":"CURSE","seed_source_timestamp":762320876135900,"circlet_count":0,"master_deck":["AscendersBane","Strike_B","Strike_B","Defend_B","Defend_B","Defend_B","Defend_B","Zap+1","Dualcast","Gash","BootSequence","Ball Lightning","Sweeping Beam+1","Loop+1","Ball Lightning","Echo Form","Core Surge","Static Discharge","Electrodynamics","Writhe","FTL+1","Shame"],"special_seed":0,"relics":["Cracked Core","Golden Idol","ClockworkSouvenir","Bottled Flame","Boot","Bag of Marbles","Velvet Choker","Lizard Tail","PreservedInsect","Potion Belt","Smiling Mask","Akabeko"],"potions_floor_usage":[10,16,16,24],"damage_taken":[{"damage":2,"enemies":"2 Louse","floor":1,"turns":2},{"damage":0,"enemies":"Small Slimes","floor":5,"turns":3},{"damage":26,"enemies":"Gremlin Nob","floor":7,"turns":4},{"damage":15,"enemies":"Lagavulin","floor":10,"turns":7},{"damage":1,"enemies":"Cultist","floor":12,"turns":3},{"damage":0,"enemies":"Looter","floor":14,"turns":2},{"damage":17,"enemies":"Slime Boss","floor":16,"turns":7},{"damage":18,"enemies":"2 Thieves","floor":18,"turns":3},{"damage":9,"enemies":"Chosen","floor":20,"turns":5},{"damage":30,"enemies":"Centurion and Healer","floor":24,"turns":6},{"damage":24,"enemies":"Slavers","floor":27,"turns":2},{"damage":11,"enemies":"Snake Plant","floor":28,"turns":2}],"seed_played":"348731082959686444","potions_obtained":[{"floor":1,"key":"Strength Potion"},{"floor":5,"key":"Explosive Potion"},{"floor":10,"key":"EssenceOfSteel"},{"floor":20,"key":"EssenceOfDarkness"}],"is_trial":false,"path_per_floor":["M","?","?","$","M","R","E","R","T","E","?","M","$","M","R","B",null,"M","?","M","$","?","R","M","?","T","E","M"],"character_chosen":"DEFECT","items_purchased":["ClockworkSouvenir","Ball Lightning","Core Surge","PreservedInsect"],"campfire_rested":1,"item_purchase_floors":[4,4,13,21],"current_hp_per_floor":[62,62,62,61,61,61,35,35,35,20,13,12,12,12,30,13,49,31,31,22,22,22,22,30,30,30,6,0,0],"gold":101,"neow_bonus":"TWO_FIFTY_GOLD","is_prod":false,"is_daily":false,"chose_seed":false,"campfire_upgraded":3,"win_rate":0,"timestamp":1607536357,"path_taken":["M","?","?","$","?","R","E","R","T","E","?","M","$","M","R","BOSS","M","?","M","$","?","R","?","?","T","E","M"],"build_version":"2020-11-30","purchased_purges":1,"victory":false,"max_hp_per_floor":[71,64,64,61,61,61,61,61,61,61,61,61,61,61,61,61,61,61,61,61,61,61,61,61,61,61,61,61,61],"card_choices":[{"not_picked":["Streamline","Undo"],"picked":"Gash","floor":1},{"not_picked":["Leap","Compile Driver"],"picked":"Sweeping Beam","floor":5},{"not_picked":["Conserve Battery","Fusion"],"picked":"Loop","floor":7},{"not_picked":["Stack","Hologram"],"picked":"Ball Lightning","floor":10},{"not_picked":["Ball Lightning","Redo"],"picked":"Echo Form","floor":12},{"not_picked":["Ball Lightning","Storm"],"picked":"Static Discharge","floor":14},{"not_picked":["Multi-Cast","All For One"],"picked":"Electrodynamics","floor":16},{"not_picked":["Storm","Blizzard","Lockon"],"picked":"SKIP","floor":18},{"not_picked":["Melter+1","Barrage"],"picked":"FTL","floor":20},{"not_picked":["Static Discharge","Go for the Eyes","Melter+1"],"picked":"SKIP","floor":24},{"not_picked":["Darkness","Sweeping Beam+1","Beam Cell"],"picked":"SKIP","floor":27}],"player_experience":982883,"relics_obtained":[{"floor":7,"key":"Bottled Flame"},{"floor":9,"key":"Boot"},{"floor":10,"key":"Bag of Marbles"},{"floor":26,"key":"Smiling Mask"},{"floor":27,"key":"Akabeko"}],"event_choices":[{"damage_healed":0,"gold_gain":0,"player_choice":"Lose Max HP","damage_taken":0,"relics_obtained":["Golden Idol"],"max_hp_gain":0,"max_hp_loss":7,"event_name":"Golden Idol","floor":2,"gold_loss":0},{"damage_healed":0,"gold_gain":0,"cards_transformed":["Strike_B"],"player_choice":"Transformed","damage_taken":0,"max_hp_gain":0,"max_hp_loss":0,"event_name":"Transmorgrifier","floor":3,"gold_loss":0,"cards_obtained":["BootSequence"]},{"cards_removed":["Strike_B"],"damage_healed":0,"gold_gain":0,"player_choice":"Card Removal","damage_taken":7,"max_hp_gain":0,"max_hp_loss":0,"event_name":"Golden Wing","floor":11,"gold_loss":0},{"damage_healed":0,"gold_gain":0,"player_choice":"Opened","damage_taken":0,"relics_obtained":["Lizard Tail"],"max_hp_gain":0,"max_hp_loss":0,"event_name":"The Mausoleum","floor":19,"gold_loss":0,"cards_obtained":["Writhe"]},{"damage_healed":0,"gold_gain":0,"player_choice":"Upgraded","damage_taken":0,"max_hp_gain":0,"max_hp_loss":0,"event_name":"Upgrade Shrine","floor":22,"gold_loss":0,"cards_upgraded":["Zap"]},{"damage_healed":0,"gold_gain":0,"player_choice":"Stole Relic","damage_taken":0,"relics_obtained":["Potion Belt"],"max_hp_gain":0,"max_hp_loss":0,"event_name":"Addict","floor":25,"gold_loss":0,"cards_obtained":["Shame"]}],"is_beta":false,"boss_relics":[{"not_picked":["Sozu","Fusion Hammer"],"picked":"Velvet Choker"}],"items_purged_floors":[4],"is_endless":false,"potions_floor_spawned":[1,5,10,20],"killed_by":"Snake Plant","ascension_level":20}}