{"host":"rmsq46plbpwfbxcc","time":1607529468,"event":{"gold_per_floor":[117,117,39,39,56,56,81,81,81,101,120,120,132,132,132,208,208,219,144,155,172,172,172],"floor_reached":22,"playtime":557,"items_purged":["Strike_G"],"score":425,"play_id":"69b3dacf-33e2-46d6-9fd6-99120f81bc77","local_time":"20201210005748","is_ascension_mode":true,"campfire_choices":[{"data":"Backstab","floor":6,"key":"SMITH"},{"data":"Terror","floor":8,"key":"SMITH"},{"data":"Cloak And Dagger","floor":15,"key":"SMITH"}],"neow_cost":"NONE","seed_source_timestamp":1914317845157800,"circlet_count":0,"master_deck":["AscendersBane","Strike_G","Strike_G","Strike_G","Defend_G","Defend_G","Defend_G","Defend_G","Survivor","Neutralize+1","Backflip","Backstab+1","Terror+1","Escape Plan","Accuracy","Cloak And Dagger+1","A Thousand Cuts"],"relics":["Ring of the Snake","StoneCalendar","Shuriken","Torii","SlaversCollar"],"potions_floor_usage":[7,7,16,16,17,22],"damage_taken":[{"damage":1,"enemies":"Jaw Worm","floor":1,"turns":6},{"damage":0,"enemies":"Small Slimes","floor":5,"turns":5},{"damage":14,"enemies":"Gremlin Nob","floor":7,"turns":5},{"damage":0,"enemies":"Cultist","floor":10,"turns":2},{"damage":3,"enemies":"Blue Slaver","floor":11,"turns":3},{"damage":0,"enemies":"2 Fungi Beasts","floor":13,"turns":4},{"damage":0,"enemies":"Slime Boss","floor":16,"turns":3},{"damage":2,"enemies":"Shell Parasite","floor":18,"turns":5},{"damage":14,"enemies":"Chosen","floor":20,"turns":6},{"damage":33,"enemies":"3 Cultists","floor":21,"turns":7},{"damage":14,"enemies":"Cultist and Chosen","floor":22,"turns":6}],"seed_played":"3402322261302850828","potions_obtained":[{"floor":1,"key":"EntropicBrew"},{"floor":10,"key":"SteroidPotion"},{"floor":16,"key":"Fruit Juice"},{"floor":21,"key":"DuplicationPotion"}],"is_trial":false,"path_per_floor":["M","?","$","?","M","R","E","R","T","M","M","?","M","?","R","B",null,"M","$","M","M","M"],"character_chosen":"THE_SILENT","items_purchased":["Backstab"],"campfire_rested":0,"item_purchase_floors":[3],"current_hp_per_floor":[58,51,51,51,51,51,37,37,37,37,34,34,34,16,16,16,59,57,57,43,10,0,0],"gold":172,"neow_bonus":"UPGRADE_CARD","is_prod":false,"is_daily":false,"chose_seed":false,"campfire_upgraded":3,"win_rate":0,"timestamp":1607529468,"path_taken":["M","?","$","?","M","R","E","R","T","M","M","?","M","?","R","BOSS","M","$","M","M","M"],"build_version":"2020-11-30","purchased_purges":1,"victory":false,"max_hp_per_floor":[66,66,66,66,66,66,66,66,66,66,66,66,66,66,66,66,71,71,71,71,71,71,71],"card_choices":[{"not_picked":["Bane","Deflect"],"picked":"Backflip","floor":1},{"not_picked":["Expertise","Sucker Punch","Acrobatics"],"picked":"SKIP","floor":5},{"not_picked":["Endless Agony","Dagger Throw"],"picked":"Terror","floor":7},{"not_picked":["Outmaneuver","Bane"],"picked":"Escape Plan","floor":10},{"not_picked":["Poisoned Stab","Slice","Quick Slash"],"picked":"SKIP","floor":11},{"not_picked":["Leg Sweep","Bouncing Flask"],"picked":"Cloak And Dagger","floor":13},{"not_picked":["Glass Knife","Unload"],"picked":"A Thousand Cuts","floor":16},{"not_picked":["Skewer","Distraction","Deflect"],"picked":"SKIP","floor":18},{"not_picked":["Sucker Punch","Outmaneuver","Quick Slash+1"],"picked":"SKIP","floor":20},{"not_picked":["Quick Slash","Noxious Fumes+1","Masterful Stab"],"picked":"SKIP","floor":21}],"player_experience":1297914,"relics_obtained":[{"floor":7,"key":"StoneCalendar"},{"floor":9,"key":"Shuriken"}],"event_choices":[{"cards_removed":["Defend_G"],"damage_healed":0,"gold_gain":0,"player_choice":"Card Removal","damage_taken":7,"max_hp_gain":0,"max_hp_loss":0,"event_name":"Golden Wing","floor":2,"gold_loss":0},{"damage_healed":0,"gold_gain":0,"player_choice":"Ignored","damage_taken":0,"max_hp_gain":0,"max_hp_loss":0,"event_name":"Shining Light","floor":4,"gold_loss":0},{"damage_healed":0,"gold_gain":0,"cards_transformed":["Strike_G"],"player_choice":"Change","damage_taken":0,"max_hp_gain":0,"max_hp_loss":0,"event_name":"Living Wall","floor":12,"gold_loss":0,"cards_obtained":["Accuracy"]},{"damage_healed":0,"gold_gain":0,"player_choice":"Success","damage_taken":18,"relics_obtained":["Torii"],"max_hp_gain":0,"max_hp_loss":0,"event_name":"Scrap Ooze","floor":14,"gold_loss":0}],"is_beta":false,"boss_relics":[{"not_picked":["Busted Crown","Fusion Hammer"],"picked":"SlaversCollar"}],"items_purged_floors":[19],"is_endless":false,"potions_floor_spawned":[1,10,16,21],"killed_by":"Cultist and Chosen","ascension_level":16}}