{"host":"imcnvgdpyln3vfnc","time":1607475350,"event":{"gold_per_floor":[116,191,211,211,63,63,89,89,89,120,140,152,181,200,200,300,300,317,263,263,263,263,294,294,307,307,307,307,318,318,318,318],"floor_reached":31,"playtime":1917,"items_purged":[],"score":323,"play_id":"57e10a0e-0015-4c48-a07b-96d858298433","local_time":"20201208195550","is_ascension_mode":true,"campfire_choices":[{"data":"Perfected Strike","floor":6,"key":"SMITH"},{"floor":8,"key":"REST"},{"floor":15,"key":"REST"},{"data":"Combust","floor":24,"key":"SMITH"},{"data":"Feed","floor":27,"key":"SMITH"}],"neow_cost":"NONE","seed_source_timestamp":1738280317832800,"circlet_count":0,"master_deck":["Strike_R","Strike_R","Strike_R","Strike_R","Strike_R","Defend_R","Defend_R+1","Bash","Perfected Strike+1","Flame Barrier+1","Carnage","Dual Wield","Whirlwind","Reckless Charge","Flex","Feed+1","Impervious","Seeing Red+1","Writhe","Headbutt+1","Intimidate+1","Combust+1","Ghostly","Ghostly","Ghostly","Ghostly","Ghostly","Wild Strike","Wild Strike","Clash","J.A.X.+1"],"special_seed":0,"relics":["Burning Blood","Red Skull","theForsaken:PlagueMask","War Paint","Sundial","The Courier","theForsaken:Lifeblossom","Tiny Chest","Astrolabe","Oddly Smooth Stone","HornCleat","Toxic Egg 2"],"potions_floor_usage":[16,18,23,31],"damage_taken":[{"damage":1,"enemies":"Cultist","floor":1,"turns":4},{"damage":7,"enemies":"Jaw Worm","floor":3,"turns":2},{"damage":37,"enemies":"Lagavulin","floor":7,"turns":7},{"damage":29,"enemies":"Gremlin Nob","floor":10,"turns":4},{"damage":2,"enemies":"2 Louse","floor":11,"turns":2},{"damage":14,"enemies":"Looter","floor":12,"turns":3},{"damage":25,"enemies":"Lagavulin","floor":13,"turns":5},{"damage":15,"enemies":"Large Slime","floor":14,"turns":2},{"damage":45,"enemies":"Slime Boss","floor":16,"turns":8},{"damage":7,"enemies":"Chosen","floor":18,"turns":4},{"damage":28,"enemies":"Book of Stabbing","floor":23,"turns":7},{"damage":3,"enemies":"Spheric Guardian","floor":25,"turns":5},{"damage":16,"enemies":"Chosen and Byrds","floor":29,"turns":8},{"damage":48,"enemies":"Snecko","floor":31,"turns":4}],"seed_played":"7326516297930735101","potions_obtained":[{"floor":12,"key":"Explosive Potion"},{"floor":13,"key":"EssenceOfSteel"},{"floor":14,"key":"BloodPotion"},{"floor":16,"key":"Fire Potion"},{"floor":18,"key":"SkillPotion"}],"is_trial":false,"path_per_floor":["M","?","M","?","$","R","E","R","T","E","M","M","E","M","R","B",null,"M","$","?","?","?","E","R","M","T","R","T","M","?","M"],"character_chosen":"IRONCLAD","items_purchased":["War Paint","Combust"],"campfire_rested":2,"item_purchase_floors":[5,19],"current_hp_per_floor":[80,69,68,68,68,68,37,61,61,38,45,42,29,23,47,14,80,82,82,82,41,36,23,23,32,32,32,32,28,28,0,0],"gold":318,"neow_bonus":"RANDOM_COMMON_RELIC","is_prod":false,"is_daily":false,"chose_seed":false,"campfire_upgraded":3,"win_rate":0,"timestamp":1607475350,"path_taken":["M","?","M","?","$","R","E","R","T","E","M","M","E","M","R","BOSS","M","$","?","?","?","E","R","M","T","R","?","M","?","M"],"build_version":"2020-11-30","purchased_purges":0,"victory":false,"max_hp_per_floor":[80,80,80,80,80,80,80,80,80,80,80,80,80,80,80,80,80,83,83,83,41,46,49,49,49,49,49,49,49,49,49,49],"card_choices":[{"not_picked":["Pommel Strike","Warcry"],"picked":"Perfected Strike","floor":1},{"not_picked":["Burning Pact","Clash"],"picked":"Flame Barrier","floor":3},{"not_picked":["Burning Pact","Exhume"],"picked":"Carnage","floor":7},{"not_picked":["Sword Boomerang","Headbutt"],"picked":"Dual Wield","floor":10},{"not_picked":["Body Slam","Thunderclap"],"picked":"Whirlwind","floor":11},{"not_picked":["Entrench","True Grit"],"picked":"Reckless Charge","floor":12},{"not_picked":["Body Slam","Sword Boomerang"],"picked":"Flex","floor":13},{"not_picked":["Pommel Strike","Clash"],"picked":"Feed","floor":14},{"not_picked":["Berserk","Barricade"],"picked":"Impervious","floor":16},{"not_picked":["Clash","Dropkick"],"picked":"Intimidate+1","floor":18},{"not_picked":["Corruption","True Grit"],"picked":"Wild Strike","floor":23},{"not_picked":["Sever Soul","Cleave+1"],"picked":"Wild Strike","floor":25},{"not_picked":["Clothesline","Iron Wave"],"picked":"Clash","floor":29}],"player_experience":202262,"relics_obtained":[{"floor":7,"key":"Sundial"},{"floor":9,"key":"The Courier"},{"floor":10,"key":"theForsaken:Lifeblossom"},{"floor":13,"key":"Tiny Chest"},{"floor":23,"key":"Oddly Smooth Stone"},{"floor":26,"key":"HornCleat"},{"floor":28,"key":"Toxic Egg 2"}],"event_choices":[{"damage_healed":0,"gold_gain":75,"player_choice":"Gather Gold","damage_taken":11,"max_hp_gain":0,"max_hp_loss":0,"event_name":"World of Goop","floor":2,"gold_loss":0},{"damage_healed":0,"gold_gain":0,"player_choice":"Obtain Plague Curse","damage_taken":0,"max_hp_gain":0,"max_hp_loss":0,"event_name":"Plague Doctor","floor":4,"gold_loss":0,"cards_obtained":["theForsaken:PlagueCurse"]},{"damage_healed":0,"gold_gain":0,"player_choice":"Ignored","damage_taken":0,"max_hp_gain":0,"max_hp_loss":0,"event_name":"Vampires","floor":20,"gold_loss":0},{"damage_healed":0,"gold_gain":0,"player_choice":"Became a Ghost","damage_taken":0,"max_hp_gain":0,"max_hp_loss":42,"event_name":"Ghosts","floor":21,"gold_loss":0,"cards_obtained":["Ghostly","Ghostly","Ghostly","Ghostly","Ghostly"]},{"damage_healed":0,"gold_gain":0,"player_choice":"Shed Blood","damage_taken":10,"max_hp_gain":5,"max_hp_loss":0,"event_name":"Forgotten Altar","floor":22,"gold_loss":0},{"damage_healed":0,"gold_gain":0,"player_choice":"Obtain J.A.X.","damage_taken":0,"max_hp_gain":0,"max_hp_loss":0,"event_name":"Drug Dealer","floor":30,"gold_loss":0,"cards_obtained":["J.A.X."]}],"is_beta":false,"boss_relics":[{"not_picked":["Runic Dome","Tiny House"],"picked":"Astrolabe"}],"items_purged_floors":[],"is_endless":false,"potions_floor_spawned":[12,13,14,16,18],"killed_by":"Snecko","ascension_level":2}}