{"host":"9nd616dgym2ayubq","time":1607474976,"event":{"gold_per_floor":[20,20,39,39,51,51,110,110,136,152,164,199,199,229,229,229,229],"floor_reached":16,"playtime":1081,"items_purged":[],"score":160,"play_id":"2c16c263-2647-4615-b4f7-57b2889f4d11","local_time":"20201208164936","is_ascension_mode":true,"campfire_choices":[{"data":"Dagger Spray","floor":6,"key":"SMITH"},{"data":"Finisher","floor":8,"key":"SMITH"},{"data":"Cloak And Dagger","floor":15,"key":"SMITH"}],"neow_cost":"NO_GOLD","seed_source_timestamp":531170886318800,"circlet_count":0,"master_deck":["Strike_G","Strike_G","Strike_G","Defend_G","Defend_G","Defend_G","Defend_G","Survivor","Neutralize","Finisher+1","Dodge and Roll","Dagger Spray+1","Cloak And Dagger+1","Infinite Blades"],"special_seed":0,"relics":["Ring of the Snake","Torii","Blue Candle","InkBottle","Akabeko"],"potions_floor_usage":[7,12,14],"damage_taken":[{"damage":3,"enemies":"Cultist","floor":1,"turns":5},{"damage":1,"enemies":"Small Slimes","floor":3,"turns":6},{"damage":6,"enemies":"2 Louse","floor":5,"turns":3},{"damage":1,"enemies":"3 Sentries","floor":7,"turns":4},{"damage":1,"enemies":"Looter","floor":10,"turns":3},{"damage":0,"enemies":"Red Slaver","floor":11,"turns":4},{"damage":17,"enemies":"Lagavulin","floor":12,"turns":6},{"damage":11,"enemies":"3 Sentries","floor":14,"turns":4},{"damage":31,"enemies":"The Guardian","floor":16,"turns":12}],"seed_played":"-7724652608999837816","potions_obtained":[{"floor":3,"key":"DuplicationPotion"},{"floor":11,"key":"FearPotion"},{"floor":12,"key":"CunningPotion"}],"is_trial":false,"path_per_floor":["M","?","M","$","M","R","?","R","T","M","M","E","?","E","R","B"],"character_chosen":"THE_SILENT","items_purchased":[],"campfire_rested":0,"item_purchase_floors":[],"current_hp_per_floor":[60,60,59,59,53,53,52,52,52,51,51,34,31,20,20,0,0],"gold":229,"neow_bonus":"REMOVE_TWO","is_prod":false,"is_daily":false,"chose_seed":false,"campfire_upgraded":3,"win_rate":0,"timestamp":1607474976,"path_taken":["M","?","?","?","M","R","?","R","T","M","M","E","?","E","R","BOSS"],"build_version":"2020-11-30","purchased_purges":0,"victory":false,"max_hp_per_floor":[70,70,70,70,70,70,70,70,70,70,70,70,70,70,70,70,70],"card_choices":[{"not_picked":["Dagger Throw","Slice"],"picked":"Finisher","floor":1},{"not_picked":["Deadly Poison","Predator"],"picked":"Dagger Spray","floor":3},{"not_picked":["Sucker Punch","Dagger Spray","Bouncing Flask"],"picked":"SKIP","floor":5},{"not_picked":["PiercingWail","Skewer"],"picked":"Cloak And Dagger","floor":10},{"not_picked":["Endless Agony","Outmaneuver","Prepared"],"picked":"SKIP","floor":11},{"not_picked":["Underhanded Strike","Riddle With Holes","Night Terror"],"picked":"SKIP","floor":12},{"not_picked":["Skewer","PiercingWail"],"picked":"Infinite Blades","floor":14}],"player_experience":1272182,"relics_obtained":[{"floor":12,"key":"Blue Candle"},{"floor":14,"key":"Akabeko"}],"event_choices":[{"damage_healed":0,"gold_gain":0,"cards_transformed":["Strike_G"],"player_choice":"Transformed","damage_taken":0,"max_hp_gain":0,"max_hp_loss":0,"event_name":"Transmorgrifier","floor":2,"gold_loss":0,"cards_obtained":["Dodge and Roll"]},{"damage_healed":0,"gold_gain":30,"player_choice":"Searched \u00273\u0027 times","damage_taken":0,"relics_obtained":["Torii"],"max_hp_gain":0,"max_hp_loss":0,"event_name":"Dead Adventurer","floor":7,"gold_loss":0},{"damage_healed":0,"gold_gain":0,"player_choice":"Success","damage_taken":3,"relics_obtained":["InkBottle"],"max_hp_gain":0,"max_hp_loss":0,"event_name":"Scrap Ooze","floor":13,"gold_loss":0}],"is_beta":false,"boss_relics":[],"items_purged_floors":[],"is_endless":false,"potions_floor_spawned":[3,11,12],"killed_by":"The Guardian","ascension_level":9}}