{"host":"2461dio7vetlq1z3","time":1607504363,"event":{"gold_per_floor":[117,133,148,4,22,22,22],"floor_reached":6,"playtime":560,"items_purged":[],"score":38,"play_id":"bd8a0a3f-73ae-409e-93d4-c545edd0bc15","local_time":"20201209095923","is_ascension_mode":false,"campfire_choices":[],"neow_cost":"","seed_source_timestamp":344689934592600,"circlet_count":0,"master_deck":["Strike_G","Strike_G","Strike_G","Strike_G","Strike_G","Defend_G","Defend_G","Defend_G","Defend_G","Defend_G","Survivor","Neutralize","Calculated Gamble","SpiderBud","CrumblingArmor","Leg Sweep","Wellcheers","Bouncing Flask","PiercingWail"],"relics":["Ring of the Snake","CogitoBucket","LetterFromLob","OrangePellets"],"potions_floor_usage":[6,6],"damage_taken":[{"damage":2,"enemies":"Cultist","floor":1,"turns":4},{"damage":0,"enemies":"2 Louse","floor":2,"turns":3},{"damage":5,"enemies":"Small Slimes","floor":3,"turns":4},{"damage":1,"enemies":"Blue Slaver","floor":5,"turns":6},{"damage":93,"enemies":"3 Sentries","floor":6,"turns":11}],"seed_played":"2162572636552780743","potions_obtained":[{"floor":3,"key":"CunningPotion"},{"floor":5,"key":"CunningPotion"}],"is_trial":false,"path_per_floor":["M","M","M","$","M","E"],"character_chosen":"THE_SILENT","items_purchased":["OrangePellets"],"campfire_rested":0,"item_purchase_floors":[4],"current_hp_per_floor":[68,68,63,63,68,0,0],"gold":22,"neow_bonus":"","is_prod":false,"is_daily":false,"chose_seed":false,"campfire_upgraded":0,"win_rate":0,"timestamp":1607504363,"path_taken":["M","M","M","?","?","E"],"build_version":"2020-11-30","purchased_purges":0,"victory":false,"max_hp_per_floor":[70,70,70,70,70,70,70],"relic_stats":{"OrangePellets":[0],"counters":[5,28],"obtain_stats":[{"OrangePellets":4,"CogitoBucket":0,"LetterFromLob":1,"Ring of the Snake":0},{"OrangePellets":3,"CogitoBucket":0,"LetterFromLob":1,"Ring of the Snake":0},{"OrangePellets":11,"CogitoBucket":0,"LetterFromLob":4,"Ring of the Snake":0}],"Ring of the Snake":[10]},"card_choices":[{"not_picked":["Distraction","Dagger Throw"],"picked":"Calculated Gamble","floor":1},{"not_picked":["MeatLantern","VoidDream"],"picked":"SpiderBud","floor":1},{"not_picked":["UniverseFragment","LaLuna"],"picked":"CrumblingArmor","floor":2},{"not_picked":["Prepared","Underhanded Strike"],"picked":"Leg Sweep","floor":2},{"not_picked":["Bloodbath","BeautyBeast"],"picked":"Wellcheers","floor":3},{"not_picked":["Underhanded Strike","Dodge and Roll"],"picked":"Bouncing Flask","floor":3},{"not_picked":["PunishingBird","BeautyBeast"],"picked":"BigBird","floor":5},{"not_picked":["Endless Agony","Reflex"],"picked":"PiercingWail","floor":5}],"player_experience":579638,"relics_obtained":[{"floor":1,"key":"LetterFromLob"}],"event_choices":[],"is_beta":false,"boss_relics":[],"items_purged_floors":[],"is_endless":false,"potions_floor_spawned":[3,5],"killed_by":"3 Sentries","ascension_level":0}}