{"host":"ci7ivtocgfxh0ueo","time":1607492557,"event":{"gold_per_floor":[116,116,130,205,205,205,248,272,299,340,408,121,121,141,141,235,235,256,270,185,185,203,203,222,222,248,248,248],"floor_reached":27,"playtime":434,"items_purged":[],"score":443,"play_id":"a0d2a4c5-e585-4c15-9d44-9f8d8a3e5515","local_time":"20201209134237","is_ascension_mode":true,"campfire_choices":[{"data":"Carnage","floor":6,"key":"SMITH"},{"data":"Uppercut","floor":13,"key":"SMITH"},{"data":"Heavy Blade","floor":15,"key":"SMITH"},{"data":"Immolate","floor":23,"key":"SMITH"},{"data":"Pummel","floor":25,"key":"SMITH"}],"neow_cost":"NONE","seed_source_timestamp":68190644361700,"circlet_count":0,"master_deck":["AscendersBane","Strike_R","Strike_R+1","Strike_R","Strike_R","Defend_R+1","Defend_R+1","Defend_R","Defend_R","Bash+1","Carnage+1","Sentinel","Juggernaut","Uppercut+1","Pummel+1","Cleave","Heavy Blade+1","Immolate+1","Ghostly Armor","Clash+1","Blood for Blood"],"relics":["Burning Blood","NeowsBlessing","Golden Idol","Smiling Mask","Whetstone","Red Skull","Vajra","SacredBark","Magic Flower","War Paint"],"potions_floor_usage":[10,10,16,16,18,19],"damage_taken":[{"damage":0,"enemies":"Jaw Worm","floor":1,"turns":1},{"damage":0,"enemies":"Small Slimes","floor":3,"turns":1},{"damage":0,"enemies":"Lagavulin","floor":7,"turns":1},{"damage":6,"enemies":"2 Louse","floor":8,"turns":3},{"damage":24,"enemies":"Gremlin Nob","floor":10,"turns":4},{"damage":1,"enemies":"Looter","floor":14,"turns":2},{"damage":18,"enemies":"Hexaghost","floor":16,"turns":4},{"damage":6,"enemies":"2 Thieves","floor":18,"turns":3},{"damage":34,"enemies":"Shell Parasite","floor":19,"turns":6},{"damage":18,"enemies":"Snake Plant","floor":22,"turns":2},{"damage":12,"enemies":"Centurion and Healer","floor":24,"turns":5},{"damage":52,"enemies":"Gremlin Leader","floor":27,"turns":7}],"seed_played":"-4580699834179669017","potions_obtained":[{"floor":1,"key":"Swift Potion"},{"floor":3,"key":"BlessingOfTheForge"},{"floor":10,"key":"AttackPotion"},{"floor":16,"key":"PowerPotion"},{"floor":18,"key":"Block Potion"}],"is_trial":false,"path_per_floor":["M","?","M","?","?","R","E","M","T","E","?","$","R","M","R","B",null,"M","M","?","?","M","R","M","R","T","E"],"character_chosen":"IRONCLAD","items_purchased":["Vajra","PowerPotion","Cleave"],"campfire_rested":0,"item_purchase_floors":[12,12,12],"current_hp_per_floor":[74,74,75,64,38,38,44,44,44,26,26,26,26,31,31,19,61,61,33,33,48,39,39,36,36,36,0,0],"gold":248,"neow_bonus":"THREE_ENEMY_KILL","is_prod":false,"is_daily":false,"chose_seed":false,"campfire_upgraded":5,"win_rate":0,"timestamp":1607492557,"path_taken":["M","?","M","?","?","R","E","M","T","E","?","$","R","M","R","BOSS","M","M","?","?","M","R","M","R","T","E"],"build_version":"2020-11-30","purchased_purges":0,"victory":false,"max_hp_per_floor":[75,75,75,75,75,75,75,75,75,75,75,75,75,75,75,75,75,75,75,75,75,75,75,75,75,75,75,75],"card_choices":[{"not_picked":["Iron Wave","Dual Wield"],"picked":"Carnage","floor":1},{"not_picked":["Body Slam","Dual Wield","Entrench"],"picked":"SKIP","floor":3},{"not_picked":["Perfected Strike","Rampage"],"picked":"Juggernaut","floor":7},{"not_picked":["Pommel Strike","Heavy Blade"],"picked":"Uppercut","floor":8},{"not_picked":["Dark Embrace","Havoc"],"picked":"Pummel","floor":10},{"not_picked":["Dark Embrace","Havoc"],"picked":"Heavy Blade","floor":14},{"not_picked":["Limit Break","Corruption"],"picked":"Immolate","floor":16},{"not_picked":["Clothesline","Wild Strike","True Grit"],"picked":"SKIP","floor":18},{"not_picked":["Flex","Headbutt"],"picked":"Ghostly Armor","floor":19},{"not_picked":["Flex","Wild Strike"],"picked":"Clash+1","floor":22},{"not_picked":["Havoc","Bloodletting"],"picked":"Blood for Blood","floor":24}],"player_experience":1231142,"relics_obtained":[{"floor":7,"key":"Smiling Mask"},{"floor":9,"key":"Whetstone"},{"floor":10,"key":"Red Skull"},{"floor":26,"key":"War Paint"}],"event_choices":[{"damage_healed":0,"gold_gain":0,"cards_transformed":["Strike_R"],"player_choice":"Change","damage_taken":0,"max_hp_gain":0,"max_hp_loss":0,"event_name":"Living Wall","floor":2,"gold_loss":0,"cards_obtained":["Sentinel"]},{"damage_healed":0,"gold_gain":75,"player_choice":"Gather Gold","damage_taken":11,"max_hp_gain":0,"max_hp_loss":0,"event_name":"World of Goop","floor":4,"gold_loss":0},{"damage_healed":0,"gold_gain":0,"player_choice":"Take Damage","damage_taken":26,"relics_obtained":["Golden Idol"],"max_hp_gain":0,"max_hp_loss":0,"event_name":"Golden Idol","floor":5,"gold_loss":0},{"damage_healed":0,"gold_gain":68,"player_choice":"Gained Gold","damage_taken":0,"max_hp_gain":0,"max_hp_loss":0,"event_name":"Golden Wing","floor":11,"gold_loss":0},{"damage_healed":0,"gold_gain":0,"player_choice":"Obtained Relic","damage_taken":0,"relics_obtained":["Magic Flower"],"max_hp_gain":0,"max_hp_loss":0,"event_name":"Addict","floor":20,"gold_loss":85},{"damage_healed":15,"gold_gain":0,"player_choice":"Heal","damage_taken":0,"max_hp_gain":0,"max_hp_loss":0,"event_name":"The Library","floor":21,"gold_loss":0}],"is_beta":false,"boss_relics":[{"not_picked":["Velvet Choker","Runic Cube"],"picked":"SacredBark"}],"items_purged_floors":[],"is_endless":false,"potions_floor_spawned":[1,3,10,16,18],"killed_by":"Gremlin Leader","ascension_level":16}}