{"host":"8dpalrttb7ksmhgg","time":1607534305,"event":{"gold_per_floor":[212,231,231,244,258,258,258,277,277,112,131,151,151,166,166,265,265,284,296,296,296,296,296,321,161,193,193,220,238,238,251,251,366,366,404,404,443,487,530,530,597,597,597,655,655,655,655,723,723,723,782,782,782,154,154,154,154],"floor_reached":56,"playtime":2406,"items_purged":["Injury","Plague_Bolt"],"score":1146,"play_id":"264b50ab-94f1-4156-a407-2edc6e3ce8dd","local_time":"20201209121825","is_ascension_mode":false,"campfire_choices":[{"data":"Footwork","floor":6,"key":"SMITH"},{"floor":13,"key":"REST"},{"data":"Replay:Poison Smokescreen","floor":15,"key":"SMITH"},{"data":"Draining Mist","floor":23,"key":"SMITH"},{"floor":30,"key":"REST"},{"floor":32,"key":"REST"},{"floor":40,"key":"REST"},{"floor":42,"key":"REST"},{"floor":49,"key":"REST"},{"data":"PokerPlayerMod:ChangeRules","floor":55,"key":"SMITH"}],"neow_cost":"NONE","seed_source_timestamp":1170663317395100,"circlet_count":0,"master_deck":["Strike_G+1","Strike_G+1","Strike_G+1","Strike_G+1","Strike_G+1","Defend_G+1","Defend_G+1","Defend_G+1","Defend_G+1","Defend_G+1","Survivor+1","Neutralize","Footwork+1","Malaise","Replay:Poison Smokescreen+1","expansioncontent:DarkVoid+1","Poisoned Stab","Blur","Envenom+1","Draining Mist+1","infinitespire:Oblivion+1","Rip and Tear+1","sneckomod:WideSting","Guardian:EvasiveProtocol+1","Ragnarok","PokerPlayerMod:ChangeRules+1","StuffTheSpire:PlasmaPulse+1","Summon_Undead+1","blackbeard:GoldenDefense+1","Gatherer:FlowerShield+1","DDmod:UnstoppableAttack+1","Hologram","Hologram"],"relics":["Ring of the Snake","HushsDoor","GuppysTail","Question Card","Frozen Egg 2","infinitespire:WardingShard","aspiration:DefectSkillbook","aspiration:VileToxins","StuffTheSpire:SapphireSignet","PrismaticShard","hubris:Reverence","infinitespire:EvilPickle","beaked:SacredDeck","halation:LettersToHer","infinitespire:Bottled Soul","HollowMod:PaleOreRelic","paleoftheancients:Timepiece","paleoftheancients:KeyRelic","Ice Cream","Gremlin Horn","Garlic","halation:TwoAmDonut"],"potions_floor_usage":[8,24,24,29,33,50,52],"damage_taken":[{"damage":4,"enemies":"2 Louse","floor":1,"turns":3},{"damage":0,"enemies":"Small Slimes","floor":2,"turns":4},{"damage":0,"enemies":"Jaw Worm","floor":4,"turns":5},{"damage":3,"enemies":"Exordium Wildlife","floor":5,"turns":4},{"damage":12,"enemies":"Lots of Slimes","floor":8,"turns":7},{"damage":0,"enemies":"conspire:2 RoseBushes","floor":11,"turns":5},{"damage":2,"enemies":"Looter","floor":12,"turns":4},{"damage":0,"enemies":"3 Louse","floor":14,"turns":3},{"damage":15,"enemies":"Hexaghost","floor":16,"turns":12},{"damage":6,"enemies":"Spheric Guardian","floor":18,"turns":6},{"damage":12,"enemies":"conspire:FuzzyDice","floor":19,"turns":8},{"damage":35,"enemies":"Slavers","floor":24,"turns":6},{"damage":0,"enemies":"3 Cultists","floor":26,"turns":10},{"damage":0,"enemies":"conspire:SneckoGhost","floor":28,"turns":6},{"damage":1,"enemies":"3 Cultists","floor":29,"turns":4},{"damage":0,"enemies":"Cultist and Chosen","floor":31,"turns":4},{"damage":0,"enemies":"Pondfish","floor":33,"turns":9},{"damage":2,"enemies":"3 Darklings","floor":35,"turns":4},{"damage":0,"enemies":"Orb Walker","floor":37,"turns":3},{"damage":21,"enemies":"4 Shapes","floor":38,"turns":3},{"damage":7,"enemies":"Spire Growth","floor":39,"turns":4},{"damage":6,"enemies":"beaked:SuperParasite","floor":41,"turns":9},{"damage":0,"enemies":"Sphere and 2 Shapes","floor":44,"turns":5},{"damage":14,"enemies":"Reptomancer","floor":48,"turns":5},{"damage":33,"enemies":"Time Eater","floor":50,"turns":13},{"damage":0,"enemies":"Time Eater","floor":51,"turns":11},{"damage":70,"enemies":"Time Eater","floor":52,"turns":14},{"damage":76,"enemies":"Time Eater","floor":56,"turns":6}],"seed_played":"926022314614426851","potions_obtained":[{"floor":1,"key":"Block Potion"},{"floor":8,"key":"sagemod:Wine"},{"floor":11,"key":"Fire Potion"},{"floor":12,"key":"LiquidBronze"},{"floor":19,"key":"SteroidPotion"},{"floor":29,"key":"sneckomod:MuddlingPotion"},{"floor":31,"key":"PowerPotion"},{"floor":33,"key":"Flashbang"},{"floor":38,"key":"SpeedPotion"},{"floor":48,"key":"hexamod:EctoCoolerPotion"},{"floor":51,"key":"AttackPotion"}],"is_trial":false,"path_per_floor":["M","M","?","M","M","R","?","M","T","$","M","M","R","M","R","B",null,"M","M","AVR","?","?","R","E","?","MIM","?","E","M","R","M","R","B",null,"M","?","M","M","M","R","E","R","T","M","?","AVR","?","E","R","B","M","M","?","$","R","M"],"character_chosen":"THE_SILENT","items_purchased":["expansioncontent:DarkVoid","Draining Mist","Garlic","halation:TwoAmDonut","Hologram"],"campfire_rested":6,"item_purchase_floors":[10,17,54,54,54],"current_hp_per_floor":[66,66,48,48,45,45,45,33,33,33,33,31,52,52,52,37,67,61,49,49,52,52,52,17,17,17,9,9,8,29,29,50,52,70,68,48,48,27,20,41,39,60,60,62,62,62,62,48,69,70,70,57,57,57,57,0,0],"gold":154,"neow_bonus":"HUNDRED_GOLD","is_prod":false,"is_daily":false,"chose_seed":false,"campfire_upgraded":4,"win_rate":0,"timestamp":1607534305,"path_taken":["M","M","?","M","M","R","?","M","T","$","M","M","R","?","R","BOSS","M","M","AVR","?","?","R","E","?","MIM","?","E","M","R","?","R","BOSS","M","?","M","?","M","R","E","R","T","M","?","AVR","?","E","R","BOSS","M","M","?","$","R","M"],"build_version":"2020-11-30","purchased_purges":2,"victory":false,"max_hp_per_floor":[70,70,70,70,70,70,70,70,70,70,70,70,70,70,70,70,67,67,67,67,70,70,70,70,70,70,70,70,70,70,70,70,70,70,70,70,70,70,70,70,70,70,70,70,70,70,70,70,70,70,70,70,70,70,70,70,70],"card_choices":[{"not_picked":["Masterful Stab","StuffTheSpire:Incantation"],"picked":"Footwork","floor":1},{"not_picked":["Eviscerate","Sneak Up"],"picked":"Malaise","floor":2},{"not_picked":["hubris:SlightOfHand","Backflip","StuffTheSpire:ClusterCrunch"],"picked":"StuffTheSpire:Python","floor":4},{"not_picked":["hubris:SlightOfHand","Eviscerate","StuffTheSpire:BumpUp","Outmaneuver"],"picked":"SKIP","floor":5},{"not_picked":["Flying Knee","All Out Attack","Poisoned Stab"],"picked":"Replay:Poison Smokescreen","floor":8},{"not_picked":["conspire:PoisonWeapons","Reflex","PiercingWail","ReplayTheSpireMod:Shiv Toss"],"picked":"SKIP","floor":11},{"not_picked":["StuffTheSpire:BumpUp","Prepared","Acrobatics"],"picked":"Poisoned Stab","floor":12},{"not_picked":["Acrobatics","Flying Knee","Underhanded Strike"],"picked":"Blur","floor":14},{"not_picked":["aspiration:Lunge","Night Terror","Phantasmal Killer"],"picked":"Envenom+1","floor":16},{"not_picked":["StuffTheSpire:LoadUp","FIFO Queue+1","Turbo+1","Panic Button","Fan"],"picked":"SKIP","floor":18},{"not_picked":["StuffTheSpire:Incursion","ReplayTheSpireMod:Calculation Training+1","Dagger Spray","Hidden Blade","StuffTheSpire:ReptileScales"],"picked":"SKIP","floor":19},{"not_picked":["Acrobatics","Unload","StuffTheSpire:Incursion+1","Distraction+1"],"picked":"Rip and Tear+1","floor":24},{"not_picked":["hexamod:AdvancingGuard","blackbeard:Sharpening","SashWhip","Deadly Poison"],"picked":"sneckomod:WideSting","floor":28},{"not_picked":["construct:UnbalancingBlast+1","blackbeard:TerrorOfTheSeas","HollowMod:CornifersMapStart","mysticmod:ComboCaster+1"],"picked":"Guardian:EvasiveProtocol+1","floor":29},{"not_picked":["HollowMod:VengefulVoid","HollowMod:NewInfectedGuardian","hierophant:Embezzle","StuffTheSpire:Fury+1","Slimebound:SplitAcid"],"picked":"SKIP","floor":31},{"not_picked":["construct:GatlingGun","PokerPlayerMod:WildCard","Gatherer:BlackTea","hexamod:FifthSeal"],"picked":"Ragnarok","floor":33},{"not_picked":["construct:OneWayMirror","Replay:SS_fish_1","sagemod:Fire_Brew","astrologer:Divination"],"picked":"StuffTheSpire:PlasmaPulse+1","floor":35},{"not_picked":["Replay:Battleflow+1","CarveReality","StuffTheSpire:Python","somnambulantmod: Trauma"],"picked":"Summon_Undead+1","floor":37},{"not_picked":["Tempo+1","sagemod:Step_Back+1","sneckomod:UnknownRareSkill","Guardian:RollAttack"],"picked":"blackbeard:GoldenDefense+1","floor":38},{"not_picked":["sneckomod:SerpentIdol","Gatherer:EnergyBasket+1","Dual Wield","HollowMod:SharpenedNail"],"picked":"Plague_Bolt","floor":39},{"not_picked":["hierophant:CursedGold+1","construct:ShiftStrike+1","OracleForm+1","Guardian:Gem_Red","somnambulantmod: LightSleeper+1"],"picked":"SKIP","floor":41},{"not_picked":["Gatherer:CarefulStrike","construct:Analyze+1","Leap+1","beaked:Negation","PokerPlayerMod:DiamondStrike+1"],"picked":"SKIP","floor":44},{"not_picked":["Headbutt+1","somnambulantmod: PillowFort+1","sagemod:Potion_Trance+1","hierophant:Doubloon+1"],"picked":"Gatherer:FlowerShield+1","floor":48},{"not_picked":["sneckomod:SnekBeam+1","BasicCrystalCard","construct:VentSteam","Gatherer:AromaProtection+1"],"picked":"DDmod:UnstoppableAttack+1","floor":51}],"player_experience":701113,"relics_obtained":[{"floor":9,"key":"infinitespire:WardingShard"},{"floor":24,"key":"aspiration:VileToxins"},{"floor":26,"key":"StuffTheSpire:SapphireSignet"},{"floor":27,"key":"PrismaticShard"},{"floor":28,"key":"hubris:Reverence"},{"floor":41,"key":"halation:LettersToHer"},{"floor":43,"key":"halation:LettersToHer"},{"floor":43,"key":"infinitespire:Bottled Soul"},{"floor":48,"key":"HollowMod:PaleOreRelic"}],"event_choices":[{"damage_healed":0,"gold_gain":0,"player_choice":"Success","damage_taken":18,"relics_obtained":["Question Card"],"max_hp_gain":0,"max_hp_loss":0,"event_name":"Scrap Ooze","floor":3,"gold_loss":0},{"damage_healed":0,"gold_gain":0,"player_choice":"Simplicity","damage_taken":0,"max_hp_gain":0,"max_hp_loss":0,"event_name":"Back to Basics","floor":22,"gold_loss":0,"cards_upgraded":["Strike_G","Strike_G","Strike_G","Strike_G","Strike_G","Defend_G","Defend_G","Defend_G","Defend_G","Defend_G"]},{"cards_removed":["StuffTheSpire:Python"],"damage_healed":0,"gold_gain":0,"player_choice":"Purged","damage_taken":0,"max_hp_gain":0,"max_hp_loss":0,"event_name":"Purifier","floor":47,"gold_loss":0}],"is_beta":false,"boss_relics":[{"not_picked":["Abe\u0027s Treasure","halation:Prosthetics"],"picked":"aspiration:DefectSkillbook"},{"not_picked":[]},{"not_picked":["StuffTheSpire:Kangaroo","energizedSpire:HighHeels"],"picked":"beaked:SacredDeck"},{"not_picked":[]}],"items_purged_floors":[10,54],"is_endless":false,"potions_floor_spawned":[1,8,11,12,19,29,31,33,38,41,48,51],"killed_by":"Time Eater","ascension_level":0}}