{"host":"2hea6pl5vmah38iy","time":1607513311,"event":{"gold_per_floor":[11,11,25,38,56,91,91,104,104,117,117,117,117,42,42,42,42],"floor_reached":16,"playtime":999,"items_purged":[],"score":163,"play_id":"941f8754-9368-429e-a017-e056dd42a72d","local_time":"20201209202831","is_ascension_mode":true,"campfire_choices":[{"data":"Barricade","floor":7,"key":"SMITH"},{"floor":15,"key":"REST"}],"neow_cost":"NO_GOLD","seed_source_timestamp":1149987808534800,"circlet_count":0,"master_deck":["AscendersBane","Strike_R","Strike_R","Defend_R","Defend_R","Defend_R","Bash+1","Second Wind","Clash","Clothesline","True Grit","Power Through","Barricade+1","Wild Strike+1","Sever Soul","Havoc","Feel No Pain"],"relics":["Burning Blood","Toy Ornithopter","Singing Bowl"],"potions_floor_usage":[16],"damage_taken":[{"damage":18,"enemies":"Jaw Worm","floor":1,"turns":4},{"damage":5,"enemies":"Cultist","floor":3,"turns":4},{"damage":2,"enemies":"2 Louse","floor":4,"turns":3},{"damage":4,"enemies":"Blue Slaver","floor":5,"turns":5},{"damage":29,"enemies":"3 Sentries","floor":6,"turns":18},{"damage":0,"enemies":"Large Slime","floor":8,"turns":10},{"damage":30,"enemies":"Exordium Thugs","floor":10,"turns":5},{"damage":25,"enemies":"Slime Boss","floor":16,"turns":13}],"seed_played":"1012591325319754853","potions_obtained":[{"floor":5,"key":"DistilledChaos"},{"floor":8,"key":"Strength Potion"}],"is_trial":false,"path_per_floor":["M","?","M","M","M","E","R","M","T","M","?","?","$","$","R","B"],"character_chosen":"IRONCLAD","items_purchased":["Feel No Pain"],"campfire_rested":1,"item_purchase_floors":[14],"current_hp_per_floor":[60,60,61,65,67,44,44,50,50,26,10,3,3,3,27,7,7],"gold":42,"neow_bonus":"TRANSFORM_TWO_CARDS","is_prod":false,"is_daily":false,"chose_seed":false,"campfire_upgraded":1,"win_rate":0,"timestamp":1607513311,"path_taken":["M","?","M","M","?","E","R","M","T","M","?","?","?","$","R","BOSS"],"build_version":"2020-11-30","purchased_purges":0,"victory":false,"max_hp_per_floor":[80,80,80,80,80,80,80,80,80,80,80,80,80,80,80,80,80],"card_choices":[{"not_picked":["Thunderclap","Iron Wave"],"picked":"Clothesline","floor":1},{"not_picked":["Headbutt","Spot Weakness"],"picked":"True Grit","floor":3},{"not_picked":["Body Slam","Clothesline"],"picked":"Power Through","floor":4},{"not_picked":["Iron Wave","Sword Boomerang"],"picked":"Barricade","floor":5},{"not_picked":["Perfected Strike","Clash"],"picked":"Wild Strike","floor":6},{"not_picked":["Combust","Havoc"],"picked":"Sever Soul","floor":8},{"not_picked":["Shrug It Off","Clash"],"picked":"Havoc","floor":10}],"player_experience":375644,"relics_obtained":[{"floor":6,"key":"Toy Ornithopter"},{"floor":9,"key":"Singing Bowl"}],"event_choices":[{"cards_removed":["Strike_R"],"damage_healed":0,"gold_gain":0,"player_choice":"Purged","damage_taken":0,"max_hp_gain":0,"max_hp_loss":0,"event_name":"Purifier","floor":2,"gold_loss":0},{"damage_healed":0,"gold_gain":0,"player_choice":"Entered Light","damage_taken":16,"max_hp_gain":0,"max_hp_loss":0,"event_name":"Shining Light","floor":11,"gold_loss":0,"cards_upgraded":["Wild Strike","Bash"]},{"cards_removed":["Strike_R"],"damage_healed":0,"gold_gain":0,"player_choice":"Card Removal","damage_taken":7,"max_hp_gain":0,"max_hp_loss":0,"event_name":"Golden Wing","floor":12,"gold_loss":0}],"is_beta":false,"boss_relics":[],"items_purged_floors":[],"is_endless":false,"potions_floor_spawned":[5,8,10],"killed_by":"Slime Boss","ascension_level":12}}