{"host":"vb8hofwegj72ni3m","time":1607553815,"event":{"gold_per_floor":[118,118,193,207,11,40,40,60,86,36,54,79,107,117,117,193,193,213,18,117,133,149,149,178,16,86,86,86],"floor_reached":27,"playtime":2556,"items_purged":["Defend_R"],"score":439,"play_id":"fe059f6f-e2e5-4795-8d52-4b381d49209e","local_time":"20201209164335","is_ascension_mode":true,"campfire_choices":[{"data":"Shockwave","floor":7.0,"key":"SMITH"},{"floor":15.0,"key":"RECALL"},{"floor":23,"key":"REST"}],"neow_cost":"NONE","seed_source_timestamp":0,"circlet_count":0,"master_deck":["AscendersBane","Strike_R","Strike_R","Strike_R+1","Strike_R","Defend_R+1","Defend_R","Defend_R","Bash","Inflame","Shockwave+1","Shrug It Off","Reaper","Infernal Blade","Shrug It Off","Cleave","Barricade","Twin Strike","Metallicize","Sword Boomerang","Burning Pact+1","Demon Form","Armaments+1","Twin Strike"],"special_seed":0,"relics":["Burning Blood","NeowsBlessing","Membership Card","Boot","Omamori","Darkstone Periapt","Calling Bell","Regal Pillow","Toxic Egg 2","Magic Flower","Lizard Tail","Smiling Mask","Blood Vial","Meat on the Bone"],"potions_floor_usage":[24],"damage_taken":[{"damage":0.0,"enemies":"2 Louse","floor":1.0,"turns":1.0},{"damage":0.0,"enemies":"Jaw Worm","floor":4.0,"turns":1.0},{"damage":0.0,"enemies":"Gremlin Nob","floor":6.0,"turns":1.0},{"damage":15.0,"enemies":"Small Slimes","floor":8.0,"turns":7.0},{"damage":3.0,"enemies":"Blue Slaver","floor":11.0,"turns":4.0},{"damage":21.0,"enemies":"Lagavulin","floor":13.0,"turns":7.0},{"damage":3.0,"enemies":"Looter","floor":14.0,"turns":4.0},{"damage":8.0,"enemies":"The Guardian","floor":16.0,"turns":15.0},{"damage":51.0,"enemies":"Shell Parasite","floor":18.0,"turns":9.0},{"damage":63.0,"enemies":"Spheric Guardian","floor":21.0,"turns":11.0},{"damage":41,"enemies":"Snake Plant","floor":22,"turns":6},{"damage":59,"enemies":"Slavers","floor":24,"turns":6},{"damage":47,"enemies":"Gremlin Leader","floor":27,"turns":4}],"seed_played":"-2155688704181907097","potions_obtained":[{"floor":1.0,"key":"LiquidMemories"},{"floor":11.0,"key":"Explosive Potion"},{"floor":13.0,"key":"Energy Potion"},{"floor":14.0,"key":"HeartOfIron"},{"floor":16.0,"key":"Regen Potion"},{"floor":22,"key":"PowerPotion"}],"is_trial":false,"path_per_floor":["M","?","?","M","$","E","R","M","T","?","M","T","E","M","R","B",null,"M","$","?","M","M","R","E","$","T","E"],"character_chosen":"IRONCLAD","items_purchased":["Membership Card","Shrug It Off","BloodPotion","Metallicize","Lizard Tail","Armaments+1","Blood Vial","Twin Strike"],"campfire_rested":1,"item_purchase_floors":[5,5,5,19,19,25,25,25],"current_hp_per_floor":[78,62,51,57,57,63,63,80,80,80,80,80,74,80,80,78,80,38,38,38,69,37,76,26,26,26,0,0],"gold":86,"neow_bonus":"THREE_ENEMY_KILL","is_prod":false,"is_daily":false,"chose_seed":false,"campfire_upgraded":1,"win_rate":0,"timestamp":1607553815,"path_taken":["M","?","?","M","?","E","R","?","T","?","M","?","E","M","R","BOSS","M","$","?","M","M","R","E","$","T","E"],"build_version":"2020-11-30","purchased_purges":1,"victory":false,"max_hp_per_floor":[80,80,80,80,80,80,80,80,80,80,80,80,80,80,80,80,80,80,80,80,80,80,80,80,80,80,80,80],"relic_stats":{"Darkstone Periapt":0,"Blood Vial":3,"Regal Pillow":15,"Lizard Tail":60,"counters":[13,76],"Magic Flower":[48],"Boot":[10],"Smiling Mask":-12,"obtain_stats":[{"Darkstone Periapt":13,"Regal Pillow":17,"NeowsBlessing":0,"Magic Flower":17,"Omamori":9,"Boot":6,"Smiling Mask":24,"Burning Blood":0,"Calling Bell":17,"Blood Vial":25,"Lizard Tail":19,"Membership Card":5,"Toxic Egg 2":17,"Meat on the Bone":26},{"Darkstone Periapt":6,"Regal Pillow":8,"NeowsBlessing":0,"Magic Flower":8,"Omamori":4,"Boot":3,"Smiling Mask":12,"Burning Blood":0,"Calling Bell":8,"Blood Vial":12,"Lizard Tail":9,"Membership Card":2,"Toxic Egg 2":8,"Meat on the Bone":12},{"Darkstone Periapt":21,"Regal Pillow":40,"NeowsBlessing":0,"Magic Flower":40,"Omamori":10,"Boot":3,"Smiling Mask":72,"Burning Blood":0,"Calling Bell":40,"Blood Vial":72,"Lizard Tail":49,"Membership Card":2,"Toxic Egg 2":40,"Meat on the Bone":72}],"Burning Blood":78,"Meat on the Bone":0},"card_choices":[{"not_picked":["Anger","Spot Weakness"],"picked":"Inflame","floor":1.0},{"not_picked":["Sentinel","Flex"],"picked":"Shockwave","floor":4.0},{"not_picked":["Clothesline","Uppercut"],"picked":"Reaper","floor":6.0},{"not_picked":["Body Slam","Pummel"],"picked":"Infernal Blade","floor":8.0},{"not_picked":["Warcry","Pommel Strike"],"picked":"Shrug It Off","floor":11.0},{"not_picked":["Iron Wave","Blood for Blood","Intimidate"],"picked":"SKIP","floor":13.0},{"not_picked":["Seeing Red","Thunderclap"],"picked":"Cleave","floor":14.0},{"not_picked":["Brutality","Exhume"],"picked":"Barricade","floor":16.0},{"not_picked":["Shockwave+1","Iron Wave"],"picked":"Twin Strike","floor":18.0},{"not_picked":["Twin Strike","Flex+1"],"picked":"Sword Boomerang","floor":21.0},{"not_picked":["Rupture","Brutality"],"picked":"Burning Pact+1","floor":22},{"not_picked":["Flex+1","Havoc+1"],"picked":"Demon Form","floor":24}],"player_experience":474215,"relics_obtained":[{"floor":6.0,"key":"Boot"},{"floor":9.0,"key":"Omamori"},{"floor":13.0,"key":"Darkstone Periapt"},{"floor":17.0,"key":"Regal Pillow"},{"floor":17.0,"key":"Toxic Egg 2"},{"floor":17.0,"key":"Magic Flower"},{"floor":24,"key":"Smiling Mask"},{"floor":26,"key":"Meat on the Bone"}],"event_choices":[{"damage_healed":0.0,"max_hp_gain":0.0,"max_hp_loss":0.0,"gold_gain":0.0,"event_name":"Shining Light","player_choice":"Entered Light","floor":2.0,"gold_loss":0.0,"damage_taken":16.0,"cards_upgraded":["Strike_R","Defend_R"]},{"damage_healed":0.0,"max_hp_gain":0.0,"max_hp_loss":0.0,"gold_gain":75.0,"event_name":"World of Goop","player_choice":"Gather Gold","floor":3.0,"gold_loss":0.0,"damage_taken":11.0},{"cards_removed":["Strike_R"],"damage_healed":0.0,"max_hp_gain":0.0,"max_hp_loss":0.0,"gold_gain":0.0,"event_name":"The Cleric","player_choice":"Card Removal","floor":10.0,"gold_loss":50.0,"damage_taken":0.0},{"damage_healed":0.0,"max_hp_gain":0.0,"max_hp_loss":0.0,"gold_gain":99.0,"event_name":"Nest","player_choice":"Stole From Cult","floor":20.0,"gold_loss":0.0,"damage_taken":0.0}],"is_beta":false,"boss_relics":[{"not_picked":["SacredBark","Astrolabe"],"picked":"Calling Bell"}],"items_purged_floors":[25],"is_endless":false,"potions_floor_spawned":[1,11,13,14,16,22],"killed_by":"Gremlin Leader","ascension_level":13}}