{"host":"yqw8eikj2078ggy1","time":1607539390,"event":{"gold_per_floor":[118,118,135,135,96,96,124,141,194,194,219,238,255,273,273,377,377,395,395,1,12,12,12,12,44,95,114,29,29,46,64,64,160,160,174,174,185,185,202,202,232,232,258,0,10,26,26,26],"floor_reached":47,"playtime":3480,"items_purged":["Strike_W"],"score":512,"play_id":"52d43d09-4221-446d-97fc-6c8335444dd2","local_time":"20201209194310","is_ascension_mode":false,"campfire_choices":[{"data":"Spectral_Walk","floor":6,"key":"SMITH"},{"data":"Summon_Undead_Army","floor":15,"key":"SMITH"},{"floor":23,"key":"REST"},{"data":"Summon_Undead","floor":32,"key":"SMITH"},{"data":"Spectral_Walk","floor":40,"key":"SMITH"},{"floor":42,"key":"RECALL"}],"neow_cost":"NONE","seed_source_timestamp":99107657137600,"circlet_count":0,"master_deck":["Strike_W","Strike_W","Defend_W+1","Defend_W","Defend_W","Negative_Energy_Arrows","Bone_Wall+1","Bone_Spikes","Spectral_Walk+1","Spectral_Walk+1","Bone_Spikes","Summon_Undead_Army+1","Death_Coil","Summon_Undead+1","Negative_Energy_Shield","Grasp_Heart","Enlightenment+1","Bone_Armory","Summon_Undead_Army+1","Negative_Energy_Shield+1","Negative_Energy_Javelin+1","Slay_Living","Negative_Energy_Javelin+1","Chill_Blood+1","Bone_Bullets+1","Negative_Energy_Sphere+1"],"relics":["Vampire_Amulet","NeowsBlessing","Smiling Mask","Nunchaku","Busted Crown","War Paint","DollysMirror","Eternal Feather","Vajra","PreservedInsect","Runic Pyramid","HollowMod:StagPassRelic","Ancient Tea Set","Red Mask"],"potions_floor_usage":[41],"damage_taken":[{"damage":0,"enemies":"Jaw Worm","floor":1,"turns":1},{"damage":0,"enemies":"Small Slimes","floor":3,"turns":1},{"damage":0,"enemies":"Gremlin Nob","floor":7,"turns":1},{"damage":0,"enemies":"Cultist","floor":8,"turns":3},{"damage":23,"enemies":"3 Sentries","floor":11,"turns":7},{"damage":2,"enemies":"Red Slaver","floor":12,"turns":4},{"damage":0,"enemies":"3 Louse","floor":13,"turns":4},{"damage":9,"enemies":"Looter","floor":14,"turns":2},{"damage":41,"enemies":"Hexaghost","floor":16,"turns":10},{"damage":22,"enemies":"3 Byrds","floor":18,"turns":4},{"damage":15,"enemies":"2 Thieves","floor":21,"turns":4},{"damage":11,"enemies":"Book of Stabbing","floor":25,"turns":6},{"damage":6,"enemies":"Snake Plant","floor":27,"turns":4},{"damage":0,"enemies":"Snecko","floor":30,"turns":6},{"damage":10,"enemies":"Cultist and Chosen","floor":31,"turns":5},{"damage":64,"enemies":"Automaton","floor":33,"turns":9},{"damage":44,"enemies":"3 Shapes","floor":35,"turns":4},{"damage":2,"enemies":"Orb Walker","floor":37,"turns":4},{"damage":1,"enemies":"Maw","floor":39,"turns":7},{"damage":50,"enemies":"Reptomancer","floor":41,"turns":5},{"damage":20,"enemies":"Spire Growth","floor":45,"turns":5},{"damage":14,"enemies":"Transient","floor":46,"turns":5},{"damage":30,"enemies":"Spire Growth","floor":47,"turns":5}],"seed_played":"-5149156228955286868","potions_obtained":[{"floor":7,"key":"Dexterity Potion"},{"floor":8,"key":"SteroidPotion"},{"floor":12,"key":"LiquidBronze"},{"floor":14,"key":"Fire Potion"},{"floor":21,"key":"PowerPotion"},{"floor":39,"key":"DistilledChaos"},{"floor":45,"key":"EssenceOfSteel"}],"is_trial":false,"path_per_floor":["M","?","M","?","$","R","E","M","T","?","E","M","M","M","R","B",null,"M","?","$","M","$","R","$","E","T","M","?","?","M","M","R","B",null,"M","?","M","?","M","R","E","R","T","?","M","M","M"],"character_chosen":"NECROMANCER","items_purchased":["Spectral_Walk","Bone_Armory","War Paint","DollysMirror"],"campfire_rested":1,"item_purchase_floors":[5,20,20,20],"current_hp_per_floor":[75,68,72,47,47,47,49,51,51,75,58,58,64,57,57,18,75,57,57,57,44,44,66,66,57,57,53,53,53,55,49,61,3,75,35,43,43,43,56,71,33,48,48,48,30,18,0,0],"gold":26,"neow_bonus":"THREE_ENEMY_KILL","is_prod":false,"is_daily":false,"chose_seed":false,"campfire_upgraded":4,"win_rate":0.0,"timestamp":1607539390,"path_taken":["M","?","M","?","$","R","E","M","T","?","E","M","M","M","R","BOSS","M","?","?","M","$","R","$","E","T","M","?","?","M","M","R","BOSS","M","?","M","?","M","R","E","R","T","?","M","M","M"],"build_version":"2020-11-30","purchased_purges":1,"victory":false,"max_hp_per_floor":[75,75,75,75,75,75,75,75,75,75,75,75,75,75,75,75,75,75,75,75,75,75,75,75,75,75,75,75,75,75,75,75,75,75,75,75,75,75,75,75,75,75,75,75,75,75,75,75],"relic_stats":{"Nunchaku":[14],"Busted Crown":26,"counters":[23,106],"Eternal Feather":42,"PreservedInsect":58,"War Paint":["Defend_W","Bone_Wall"],"Smiling Mask":25,"obtain_stats":[{"NeowsBlessing":0,"Vajra":26,"Eternal Feather":25,"PreservedInsect":28,"War Paint":20,"Smiling Mask":7,"HollowMod:StagPassRelic":41,"Ancient Tea Set":43,"Nunchaku":11,"Busted Crown":17,"DollysMirror":20,"Vampire_Amulet":0,"Red Mask":44,"Runic Pyramid":34},{"NeowsBlessing":0,"Vajra":12,"Eternal Feather":12,"PreservedInsect":13,"War Paint":10,"Smiling Mask":3,"HollowMod:StagPassRelic":20,"Ancient Tea Set":20,"Nunchaku":5,"Busted Crown":9,"DollysMirror":10,"Vampire_Amulet":0,"Red Mask":20,"Runic Pyramid":16},{"NeowsBlessing":0,"Vajra":47,"Eternal Feather":47,"PreservedInsect":51,"War Paint":37,"Smiling Mask":3,"HollowMod:StagPassRelic":91,"Ancient Tea Set":91,"Nunchaku":13,"Busted Crown":33,"DollysMirror":37,"Vampire_Amulet":0,"Red Mask":91,"Runic Pyramid":71}]},"card_choices":[{"not_picked":["Flesh_Made_Foul","Blood_Curse"],"picked":"Bone_Spikes","floor":1},{"not_picked":["Shade_Step","Chill_Blood"],"picked":"Spectral_Walk","floor":3},{"not_picked":["Death_Coil","Toxic_Smoke_Screen"],"picked":"Bone_Spikes","floor":7},{"not_picked":["Bone_Shift","Flesh_Made_Foul"],"picked":"Summon_Undead_Army","floor":8},{"not_picked":["Whirlwind_of_Bones","Negative_Energy_Mist"],"picked":"Death_Coil","floor":11},{"not_picked":["Deaths_Shadow","Strike_from_Beyond","Pandemic"],"picked":"SKIP","floor":12},{"not_picked":["Scare","Bones_to_Steel"],"picked":"Summon_Undead","floor":13},{"not_picked":["Epidemic","Blood_Curse"],"picked":"Negative_Energy_Shield","floor":14},{"not_picked":["Hellfire","Cloudkill"],"picked":"Grasp_Heart","floor":16},{"not_picked":["Death_Knell"],"picked":"SKIP","floor":18},{"not_picked":[],"picked":"Negative_Energy_Shield+1","floor":21},{"not_picked":[],"picked":"Negative_Energy_Javelin+1","floor":25},{"not_picked":["Negative_Energy_Shield"],"picked":"SKIP","floor":27},{"not_picked":["Death_Coil"],"picked":"SKIP","floor":30},{"not_picked":[],"picked":"Slay_Living","floor":31},{"not_picked":[],"picked":"Negative_Energy_Javelin+1","floor":35},{"not_picked":[],"picked":"Chill_Blood+1","floor":37},{"not_picked":[],"picked":"Bone_Bullets+1","floor":39},{"not_picked":[],"picked":"Negative_Energy_Sphere+1","floor":41},{"not_picked":["Scare+1"],"picked":"SKIP","floor":45},{"not_picked":["Bone_Shift"],"picked":"SKIP","floor":46}],"player_experience":139784,"relics_obtained":[{"floor":7,"key":"Smiling Mask"},{"floor":11,"key":"Nunchaku"},{"floor":25,"key":"Eternal Feather"},{"floor":26,"key":"Vajra"},{"floor":41,"key":"HollowMod:StagPassRelic"},{"floor":43,"key":"Ancient Tea Set"}],"event_choices":[{"cards_removed":["Defend_W"],"damage_healed":0,"gold_gain":0,"player_choice":"Card Removal","damage_taken":7,"max_hp_gain":0,"max_hp_loss":0,"event_name":"Golden Wing","floor":2,"gold_loss":0},{"damage_healed":0,"gold_gain":0,"player_choice":"Fled","damage_taken":25,"max_hp_gain":0,"max_hp_loss":0,"event_name":"Scrap Ooze","floor":4,"gold_loss":0},{"damage_healed":25,"gold_gain":0,"player_choice":"Banana","damage_taken":0,"max_hp_gain":0,"max_hp_loss":0,"event_name":"Big Fish","floor":10,"gold_loss":0},{"cards_removed":["Strike_W"],"damage_healed":0,"gold_gain":0,"player_choice":"Take \u0026 Give","damage_taken":0,"max_hp_gain":0,"max_hp_loss":0,"event_name":"betterNote:BetterNote","floor":19,"gold_loss":0,"cards_obtained":["Enlightenment"]},{"damage_healed":0,"gold_gain":0,"player_choice":"Obtained Relic","damage_taken":0,"relics_obtained":["PreservedInsect"],"max_hp_gain":0,"max_hp_loss":0,"event_name":"Addict","floor":28,"gold_loss":85},{"damage_healed":0,"gold_gain":0,"player_choice":"Ignored","damage_taken":0,"max_hp_gain":0,"max_hp_loss":0,"event_name":"Ghosts","floor":29,"gold_loss":0},{"cards_removed":["Strike_W"],"damage_healed":0,"gold_gain":0,"player_choice":"Removed Attack","damage_taken":0,"max_hp_gain":0,"max_hp_loss":0,"event_name":"Falling","floor":38,"gold_loss":0},{"damage_healed":0,"gold_gain":0,"player_choice":"Paid","damage_taken":0,"relics_obtained":["Red Mask"],"max_hp_gain":0,"max_hp_loss":0,"event_name":"Tomb of Lord Red Mask","floor":44,"gold_loss":258}],"is_beta":false,"boss_relics":[{"not_picked":["Tiny House","aspiration:RitualDagger"],"picked":"Busted Crown"},{"not_picked":["Astrolabe","Fusion Hammer"],"picked":"Runic Pyramid"}],"items_purged_floors":[20],"is_endless":false,"potions_floor_spawned":[7,8,12,14,21,25,30,35,39,45],"killed_by":"Spire Growth","ascension_level":0}}