{"host":"wi1dz5t8299iil0b","time":1607531326,"event":{"gold_per_floor":[99,99,115,126,136,136,136,136,165,165,189,189,169,81,69,69,69],"floor_reached":16,"playtime":1565,"items_purged":[],"score":100,"play_id":"c061eab1-eb3c-4c0a-94c8-68369844c371","local_time":"20201209112846","is_ascension_mode":false,"campfire_choices":[{"floor":1,"key":"REST"},{"data":"sneckomod:SnekBite","floor":6,"key":"SMITH"},{"data":"1","floor":10,"key":"LIFT"}],"neow_cost":"PERCENT_DAMAGE","seed_source_timestamp":2080527733446700,"circlet_count":0,"master_deck":["sneckomod:Strike","sneckomod:Strike","sneckomod:Strike","sneckomod:Defend","sneckomod:Defend","sneckomod:Defend","sneckomod:TailWhip","sneckomod:SnekBite+1","sneckomod:Unknown","sneckomod:Unknown","sneckomod:UnknownClassDEATH_KNIGHT_COLOR","sneckomod:UnknownCommonSkill","sneckomod:UnknownClassGUARDIAN","Regret","sneckomod:SerpentIdol","sneckomod:DiceCrush","sneckomod:QuickBite","sneckomod:MasterEye","sneckomod:Nope"],"relics":["sneckomod:SneckoSoul","Girya","halation:PenCase"],"potions_floor_usage":[15,15],"damage_taken":[{"damage":0,"enemies":"2 Louse","floor":3,"turns":2},{"damage":58,"enemies":"Small Slimes","floor":4,"turns":4},{"damage":5,"enemies":"Jaw Worm","floor":5,"turns":3},{"damage":15,"enemies":"Gremlin Nob","floor":9,"turns":4},{"damage":15,"enemies":"Large Slime","floor":13,"turns":7},{"damage":11,"enemies":"downfall:FleeingMerchant","floor":14,"turns":4},{"damage":26,"enemies":"Gremlin Gang","floor":15,"turns":7},{"damage":20,"enemies":"downfall:CharBossIronclad","floor":16,"turns":4}],"seed_played":"-2532080387022593225","potions_obtained":[{"floor":3,"key":"potionbrewer:NoxiousPotion"},{"floor":9,"key":"potionbrewer:BoundlessPotion"},{"floor":13,"key":"Strength Potion"}],"is_trial":false,"path_per_floor":["R","?","M","M","M","R","T","?","E","R","T","?","M","$","M","B"],"character_chosen":"THE_SNECKO","items_purchased":["sneckomod:MasterEye"],"campfire_rested":1,"item_purchase_floors":[14],"current_hp_per_floor":[90,90,91,89,85,85,85,85,70,70,70,70,55,44,18,0,0],"gold":69,"neow_bonus":"RANDOM_COLORLESS_2","is_prod":false,"is_daily":false,"chose_seed":false,"campfire_upgraded":1,"win_rate":0.0,"timestamp":1607531326,"path_taken":["R","?","M","?","M","R","T","?","E","R","?","?","?","$","M","BOSS"],"build_version":"2020-11-30","purchased_purges":0,"victory":false,"max_hp_per_floor":[90,90,91,92,93,93,93,93,93,93,93,93,93,93,93,93,93],"card_choices":[{"not_picked":["sneckomod:UnknownStrike","sneckomod:WideSting"],"picked":"sneckomod:UnknownClassDEATH_KNIGHT_COLOR","floor":3},{"not_picked":["sneckomod:SerpentIdol","sneckomod:MasterEye"],"picked":"sneckomod:UnknownCommonSkill","floor":4},{"not_picked":["sneckomod:SoulDraw","sneckomod:UnknownClassASTROLOGER"],"picked":"sneckomod:UnknownClassGUARDIAN","floor":5},{"not_picked":["sneckomod:UnknownClassASTROLOGER","sneckomod:UnknownClassBREWER_CYAN_COLOR"],"picked":"sneckomod:SerpentIdol","floor":9},{"not_picked":["sneckomod:UnknownClassLobotomy","sneckomod:SlitherStrike"],"picked":"sneckomod:QuickBite","floor":13},{"not_picked":["sneckomod:UnknownClassRED","sneckomod:UnknownClassORANGE"],"picked":"sneckomod:Nope","floor":15}],"player_experience":137986,"relics_obtained":[{"floor":7,"key":"Girya"},{"floor":9,"key":"halation:PenCase"},{"floor":11,"key":"aspiration:EmptySkull"}],"event_choices":[{"damage_healed":0,"gold_gain":0,"player_choice":"Disagree","damage_taken":0,"max_hp_gain":0,"max_hp_loss":0,"event_name":"conspire:LoneGhost","floor":2,"gold_loss":0}],"is_beta":false,"boss_relics":[],"items_purged_floors":[],"is_endless":false,"potions_floor_spawned":[3,9,13],"killed_by":"downfall:CharBossIronclad","ascension_level":0}}