{"host":"2hea6pl5vmah38iy","time":1607521001,"event":{"gold_per_floor":[113,132,142,63,73,73,73,73,99,114,126,126,146,166,166,262,262,275,286,302,10,10,10],"floor_reached":22,"playtime":1062,"items_purged":["Defend_G"],"score":291,"play_id":"f880da5f-ff45-4b6e-b534-99cf55806eda","local_time":"20201209223641","is_ascension_mode":true,"campfire_choices":[{"data":"Footwork","floor":6,"key":"SMITH"},{"data":"Neutralize","floor":8,"key":"SMITH"},{"floor":15,"key":"REST"}],"neow_cost":"TEN_PERCENT_HP_LOSS","seed_source_timestamp":1157615968505400,"circlet_count":0,"master_deck":["AscendersBane","Strike_G","Strike_G","Strike_G","Defend_G","Defend_G","Defend_G","Survivor","Neutralize+1","After Image","PiercingWail","Riddle With Holes","Infinite Blades","Footwork+1","Poisoned Stab","Cloak And Dagger+1","Tactician","Slice","Malaise","Outmaneuver+1","Adrenaline+1","Calculated Gamble+1","Tactician","Concentrate","Escape Plan","Apotheosis"],"relics":["Ring of the Snake","Pen Nib","Astrolabe"],"potions_floor_usage":[16,20],"damage_taken":[{"damage":0,"enemies":"Cultist","floor":1,"turns":4},{"damage":7,"enemies":"2 Louse","floor":2,"turns":3},{"damage":1,"enemies":"Jaw Worm","floor":3,"turns":3},{"damage":6,"enemies":"3 Louse","floor":5,"turns":4},{"damage":19,"enemies":"Looter","floor":10,"turns":3},{"damage":3,"enemies":"Blue Slaver","floor":11,"turns":4},{"damage":0,"enemies":"Exordium Wildlife","floor":13,"turns":4},{"damage":3,"enemies":"3 Louse","floor":14,"turns":5},{"damage":5,"enemies":"Hexaghost","floor":16,"turns":11},{"damage":6,"enemies":"Spheric Guardian","floor":18,"turns":4},{"damage":7,"enemies":"Shell Parasite","floor":19,"turns":8},{"damage":26,"enemies":"Cultist and Chosen","floor":20,"turns":10},{"damage":18,"enemies":"Centurion and Healer","floor":22,"turns":4}],"seed_played":"-6652154396762804858","potions_obtained":[{"floor":3,"key":"Poison Potion"},{"floor":5,"key":"CunningPotion"},{"floor":18,"key":"PowerPotion"}],"is_trial":false,"path_per_floor":["M","M","M","$","M","R","$","R","T","M","M","?","M","M","R","B",null,"M","M","M","$","M"],"character_chosen":"THE_SILENT","items_purchased":["Footwork","Poisoned Stab","Escape Plan","Apotheosis"],"campfire_rested":1,"item_purchase_floors":[4,4,21,21],"current_hp_per_floor":[63,56,55,55,49,49,49,49,49,30,27,27,27,24,42,37,57,51,44,18,18,0,0],"gold":10,"neow_bonus":"THREE_RARE_CARDS","is_prod":false,"is_daily":false,"chose_seed":false,"campfire_upgraded":2,"win_rate":0,"timestamp":1607521001,"path_taken":["M","?","?","$","M","R","?","R","T","M","M","?","M","?","R","BOSS","M","M","M","$","M"],"build_version":"2020-11-30","purchased_purges":1,"victory":false,"max_hp_per_floor":[63,63,63,63,63,63,63,63,63,63,63,63,63,63,63,63,63,63,63,63,63,63,63],"card_choices":[{"not_picked":["Malaise","Phantasmal Killer"],"picked":"After Image","floor":0},{"not_picked":["Deflect","Dash"],"picked":"PiercingWail","floor":1},{"not_picked":["Backstab","Cloak And Dagger"],"picked":"Riddle With Holes","floor":2},{"not_picked":["Deadly Poison","Crippling Poison"],"picked":"Infinite Blades","floor":3},{"not_picked":["Backstab","Flying Knee","Quick Slash"],"picked":"SKIP","floor":5},{"not_picked":["Outmaneuver","Caltrops","Quick Slash"],"picked":"SKIP","floor":10},{"not_picked":["Deadly Poison","Sucker Punch"],"picked":"Cloak And Dagger","floor":11},{"not_picked":["Leg Sweep","Reflex"],"picked":"Tactician","floor":13},{"not_picked":["Distraction","Bouncing Flask"],"picked":"Slice","floor":14},{"not_picked":["Doppelganger","Corpse Explosion"],"picked":"Malaise","floor":16},{"not_picked":["Terror","Poisoned Stab"],"picked":"Tactician","floor":18},{"not_picked":["Dodge and Roll","Poisoned Stab","Well Laid Plans"],"picked":"SKIP","floor":19},{"not_picked":["Flying Knee+1","Deadly Poison"],"picked":"Concentrate","floor":20}],"player_experience":382244,"relics_obtained":[{"floor":9,"key":"Pen Nib"}],"event_choices":[{"damage_healed":0,"gold_gain":0,"player_choice":"Upgraded","damage_taken":0,"max_hp_gain":0,"max_hp_loss":0,"event_name":"Upgrade Shrine","floor":12,"gold_loss":0,"cards_upgraded":["Cloak And Dagger"]}],"is_beta":false,"boss_relics":[{"not_picked":["Runic Dome","SlaversCollar"],"picked":"Astrolabe"}],"items_purged_floors":[21],"is_endless":false,"potions_floor_spawned":[3,5,13,18],"killed_by":"Centurion and Healer","ascension_level":12}}