{"host":"jm9833yuloeli2yd","time":1607543428,"event":{"gold_per_floor":[15,26,40,50,50,77,77,77,77,77,115,115,134,170,170,268,268,288,213,213,262,277,277,277,277],"floor_reached":24,"playtime":615,"items_purged":[],"score":428,"play_id":"1a742cea-59aa-4c47-9b8a-b685c350290f","local_time":"20201209145028","is_ascension_mode":true,"campfire_choices":[{"data":"Double Energy","floor":7.0,"key":"SMITH"},{"data":"Zap","floor":12.0,"key":"SMITH"},{"floor":15.0,"key":"REST"},{"floor":23,"key":"REST"}],"neow_cost":"NO_GOLD","seed_source_timestamp":769157202770400,"circlet_count":0,"master_deck":["AscendersBane","Strike_B","Strike_B","Strike_B","Defend_B","Defend_B","Defend_B","Defend_B","Zap+1","Dualcast","Master of Strategy","Melter","Rebound","Sunder","Double Energy+1","Leap+1","Gash","Conserve Battery+1","Go for the Eyes","Meteor Strike","Turbo+1","Writhe","Echo Form"],"special_seed":0,"relics":["Cracked Core","Dream Catcher","Toxic Egg 2","Golden Idol","Ornamental Fan","Pen Nib","Sozu","Sundial","Happy Flower"],"potions_floor_usage":[16,16],"damage_taken":[{"damage":0.0,"enemies":"Small Slimes","floor":1.0,"turns":2.0},{"damage":2.0,"enemies":"2 Louse","floor":2.0,"turns":2.0},{"damage":2.0,"enemies":"Jaw Worm","floor":3.0,"turns":3.0},{"damage":2.0,"enemies":"Looter","floor":4.0,"turns":3.0},{"damage":8.0,"enemies":"Gremlin Nob","floor":6.0,"turns":3.0},{"damage":28.0,"enemies":"3 Sentries","floor":11.0,"turns":8.0},{"damage":11.0,"enemies":"3 Louse","floor":13.0,"turns":4.0},{"damage":8.0,"enemies":"Gremlin Nob","floor":14.0,"turns":3.0},{"damage":18,"enemies":"The Guardian","floor":16,"turns":10},{"damage":25,"enemies":"2 Thieves","floor":18,"turns":4},{"damage":19,"enemies":"Chosen","floor":22,"turns":7},{"damage":31,"enemies":"Book of Stabbing","floor":24,"turns":4}],"seed_played":"7962600384128922046","potions_obtained":[{"floor":1.0,"key":"Energy Potion"},{"floor":3.0,"key":"Swift Potion"},{"floor":6.0,"key":"SkillPotion"},{"floor":13.0,"key":"SpeedPotion"},{"floor":14.0,"key":"SneckoOil"}],"is_trial":false,"path_per_floor":["M","M","M","M","?","E","R","?","T","?","E","R","M","E","R","B",null,"M","?","?","T","M","R","E"],"character_chosen":"DEFECT","items_purchased":[],"campfire_rested":2,"item_purchase_floors":[],"current_hp_per_floor":[64,62,60,58,58,50,50,55,55,55,27,27,16,8,28,10,54,29,29,29,29,10,30,0,0],"gold":277,"neow_bonus":"RANDOM_COLORLESS_2","is_prod":false,"is_daily":false,"chose_seed":false,"campfire_upgraded":2,"win_rate":0,"timestamp":1607543428,"path_taken":["M","M","M","M","?","E","R","?","T","?","E","R","M","E","R","BOSS","M","?","?","?","M","R","E"],"build_version":"2020-11-30","purchased_purges":0,"victory":false,"max_hp_per_floor":[71,71,71,71,71,71,71,76,76,69,69,69,69,69,69,69,69,69,69,69,69,69,69,69,69],"card_choices":[{"not_picked":["Mayhem","Thinking Ahead"],"picked":"Master of Strategy","floor":0.0},{"not_picked":["Redo","Rebound"],"picked":"Melter","floor":1.0},{"not_picked":["Heatsinks","Redo","Fusion"],"picked":"SKIP","floor":2.0},{"not_picked":["Leap","Aggregate"],"picked":"Rebound","floor":3.0},{"not_picked":["Blizzard","Streamline"],"picked":"Sunder","floor":4.0},{"not_picked":["Gash","Barrage"],"picked":"Double Energy","floor":6.0},{"not_picked":["Barrage","Steam Power+1"],"picked":"Leap+1","floor":11.0},{"not_picked":["Stack+1","Seek+1"],"picked":"Gash","floor":13.0},{"not_picked":["Hello World","Storm"],"picked":"Conserve Battery+1","floor":14.0},{"not_picked":["Skim+1","Streamline"],"picked":"Go for the Eyes","floor":15.0},{"not_picked":["All For One","Machine Learning"],"picked":"Meteor Strike","floor":16},{"not_picked":["Leap+1","Capacitor"],"picked":"Turbo+1","floor":18},{"not_picked":["Cold Snap","Leap+1","Compile Driver"],"picked":"SKIP","floor":22},{"not_picked":["Ball Lightning","Auto Shields+1"],"picked":"Echo Form","floor":23}],"player_experience":982883,"relics_obtained":[{"floor":6.0,"key":"Dream Catcher"},{"floor":9.0,"key":"Toxic Egg 2"},{"floor":11.0,"key":"Ornamental Fan"},{"floor":14.0,"key":"Pen Nib"},{"floor":21,"key":"Happy Flower"}],"event_choices":[{"damage_healed":0.0,"max_hp_gain":0.0,"max_hp_loss":0.0,"gold_gain":0.0,"event_name":"Liars Game","player_choice":"Ignored","floor":5.0,"gold_loss":0.0,"damage_taken":0.0},{"damage_healed":0.0,"max_hp_gain":5.0,"max_hp_loss":0.0,"gold_gain":0.0,"event_name":"Big Fish","player_choice":"Donut","floor":8.0,"gold_loss":0.0,"damage_taken":0.0},{"damage_healed":0.0,"max_hp_gain":0.0,"max_hp_loss":7.0,"gold_gain":0.0,"event_name":"Golden Idol","player_choice":"Lose Max HP","floor":10.0,"gold_loss":0.0,"damage_taken":0.0,"relics_obtained":["Golden Idol"]},{"cards_removed":["Strike_B"],"damage_healed":0,"gold_gain":0,"player_choice":"Gave Gold","damage_taken":0,"max_hp_gain":0,"max_hp_loss":0,"event_name":"Beggar","floor":19,"gold_loss":75},{"damage_healed":0,"gold_gain":0,"player_choice":"Opened","damage_taken":0,"relics_obtained":["Sundial"],"max_hp_gain":0,"max_hp_loss":0,"event_name":"The Mausoleum","floor":20,"gold_loss":0,"cards_obtained":["Writhe"]}],"is_beta":false,"boss_relics":[{"not_picked":["Busted Crown","Runic Dome"],"picked":"Sozu"}],"items_purged_floors":[],"is_endless":false,"potions_floor_spawned":[1,3,6,13,14,22],"killed_by":"Book of Stabbing","ascension_level":20}}