{"host":"1sn8m3l2btf1jbx1","time":1607484868,"event":{"gold_per_floor":[114,114,134,134,134,172,192,192,216,230,230,11,32,66,66,189,189,204,204,129,29,43,43,43],"floor_reached":23,"playtime":1830,"items_purged":["Regret","Strike_P"],"score":269,"play_id":"cbe206d6-a67b-4ced-beb4-860714428cbb","local_time":"20201209113428","is_ascension_mode":true,"campfire_choices":[{"data":"Eruption","floor":8,"key":"SMITH"},{"data":"Pray","floor":11,"key":"SMITH"},{"data":"Prostrate","floor":15,"key":"SMITH"}],"neow_cost":"NONE","seed_source_timestamp":12614991075400,"circlet_count":0,"master_deck":["Strike_P+1","Strike_P","Defend_P+1","Defend_P","Defend_P","Defend_P","Eruption+1","Vigilance","Pray+1","Evaluate","FearNoEvil","MentalFortress","Prostrate+1","ConjureBlade","J.A.X."],"special_seed":0,"relics":["Coffee Dripper","Nunchaku","Golden Idol","Meat on the Bone","Art of War","Damaru","StrikeDummy","Black Star"],"potions_floor_usage":[6,18,18,22],"damage_taken":[{"damage":11.0,"enemies":"Small Slimes","floor":1.0,"turns":3.0},{"damage":5.0,"enemies":"2 Louse","floor":3.0,"turns":3.0},{"damage":28,"enemies":"Gremlin Nob","floor":6,"turns":3},{"damage":1,"enemies":"Jaw Worm","floor":7,"turns":2},{"damage":1,"enemies":"Blue Slaver","floor":10,"turns":3},{"damage":0,"enemies":"Large Slime","floor":13,"turns":4},{"damage":4,"enemies":"Lagavulin","floor":14,"turns":5},{"damage":6,"enemies":"The Guardian","floor":16,"turns":7},{"damage":2,"enemies":"3 Byrds","floor":18,"turns":3},{"damage":11,"enemies":"2 Thieves","floor":22,"turns":3},{"damage":87,"enemies":"Slavers","floor":23,"turns":4}],"seed_played":"2791422979127451386","potions_obtained":[{"floor":3.0,"key":"SteroidPotion"},{"floor":6,"key":"StancePotion"},{"floor":10,"key":"AttackPotion"},{"floor":13,"key":"Ambrosia"},{"floor":22,"key":"Energy Potion"}],"is_trial":false,"path_per_floor":["M","?","M","?","?","E","M","R","T","M","R","$","M","E","R","B",null,"M","?","?","$","M","E"],"character_chosen":"WATCHER","items_purchased":["Damaru"],"campfire_rested":0,"item_purchase_floors":[12],"current_hp_per_floor":[54,54,49,35,35,7,18,18,18,29,29,29,41,37,37,43,61,59,59,59,59,48,0,0],"gold":43,"neow_bonus":"BOSS_RELIC","is_prod":false,"is_daily":false,"chose_seed":false,"campfire_upgraded":3,"win_rate":0,"timestamp":1607484868,"path_taken":["M","?","M","?","?","E","M","R","T","M","R","$","M","E","R","BOSS","M","?","?","$","M","E"],"build_version":"2020-11-30","purchased_purges":2,"victory":false,"max_hp_per_floor":[72,72,72,72,67,67,67,67,67,67,67,67,67,67,67,67,67,67,67,67,67,67,67,67],"card_choices":[{"not_picked":["FlurryOfBlows","SashWhip","TalkToTheHand"],"picked":"SKIP","floor":1.0},{"not_picked":["EmptyFist","SashWhip"],"picked":"Pray","floor":3.0},{"not_picked":["BowlingBash","TalkToTheHand","Crescendo"],"picked":"SKIP","floor":6},{"not_picked":["ThirdEye","Perseverance"],"picked":"Evaluate","floor":7},{"not_picked":["WindmillStrike","Halt"],"picked":"FearNoEvil","floor":10},{"not_picked":["FearNoEvil","SpiritShield"],"picked":"MentalFortress","floor":13},{"not_picked":["MasterReality","PathToVictory"],"picked":"Prostrate","floor":14},{"not_picked":["DeusExMachina","MasterReality"],"picked":"ConjureBlade","floor":16},{"not_picked":["FollowUp+1","SashWhip","CutThroughFate"],"picked":"SKIP","floor":18},{"not_picked":["FlyingSleeves","JustLucky","FollowUp"],"picked":"SKIP","floor":22}],"player_experience":287655,"relics_obtained":[{"floor":6,"key":"Meat on the Bone"},{"floor":9,"key":"Art of War"},{"floor":14,"key":"StrikeDummy"}],"event_choices":[{"damage_healed":0.0,"max_hp_gain":0.0,"max_hp_loss":0.0,"gold_gain":0.0,"event_name":"Big Fish","player_choice":"Box","floor":2.0,"gold_loss":0.0,"damage_taken":0.0,"relics_obtained":["Nunchaku"],"cards_obtained":["Regret"]},{"damage_healed":0.0,"max_hp_gain":0.0,"max_hp_loss":0.0,"gold_gain":0.0,"event_name":"Shining Light","player_choice":"Entered Light","floor":4.0,"gold_loss":0.0,"damage_taken":14.0,"cards_upgraded":["Strike_P","Defend_P"]},{"damage_healed":0.0,"max_hp_gain":0.0,"max_hp_loss":5.0,"gold_gain":0.0,"event_name":"Golden Idol","player_choice":"Lose Max HP","floor":5.0,"gold_loss":0.0,"damage_taken":0.0,"relics_obtained":["Golden Idol"]},{"damage_healed":0,"gold_gain":0,"player_choice":"Obtain J.A.X.","damage_taken":0,"max_hp_gain":0,"max_hp_loss":0,"event_name":"Drug Dealer","floor":19,"gold_loss":0,"cards_obtained":["J.A.X."]},{"cards_removed":["Strike_P"],"damage_healed":0,"gold_gain":0,"player_choice":"Gave Gold","damage_taken":0,"max_hp_gain":0,"max_hp_loss":0,"event_name":"Beggar","floor":20,"gold_loss":75}],"is_beta":false,"boss_relics":[{"not_picked":["Cursed Key","Calling Bell"],"picked":"Black Star"}],"items_purged_floors":[12,21],"is_endless":false,"potions_floor_spawned":[3,6,10,13,14,22],"killed_by":"Slavers","ascension_level":7}}