{"host":"0tiuc76yumknr6qf","time":1607557115,"event":{"gold_per_floor":[115,128,148,168,93,123,123,123,149,149,168,168,191,222,222,313,313,336,176,209,224,124,124,142,142,142,142,142,57,98,122,122,217,217,230,230,452,517,1516,1516,1556,1556,1606,1620,1039,1079,1079,1114,1114,1114,1114,1114,1114,732,770,770,770],"floor_reached":56,"playtime":5524,"items_purged":["Defend_G","Strike_G","Normality","Backstab"],"score":1993,"play_id":"27c37733-3000-4faa-973c-0f1bc22ccb5d","local_time":"20201209173835","is_ascension_mode":true,"campfire_choices":[{"data":"Bouncing Flask","floor":7.0,"key":"SMITH"},{"data":"Skewer","floor":10.0,"key":"SMITH"},{"data":"Deadly Poison","floor":12.0,"key":"SMITH"},{"data":"Neutralize","floor":15.0,"key":"SMITH"},{"floor":23.0,"key":"REST"},{"floor":25.0,"key":"REST"},{"floor":28.0,"key":"RECALL"},{"floor":32.0,"key":"REST"},{"floor":40.0,"key":"REST"},{"floor":42.0,"key":"REST"},{"floor":47.0,"key":"REST"},{"floor":49.0,"key":"REST"},{"floor":53.0,"key":"REST"}],"neow_cost":"NONE","seed_source_timestamp":39540497197300,"circlet_count":0,"master_deck":["AscendersBane","Strike_G+1","Strike_G+1","Strike_G+1","Defend_G+1","Defend_G+1","Defend_G+1","Defend_G+1","Survivor","Neutralize+1","Cloak And Dagger","Bouncing Flask+1","Skewer+1","Calculated Gamble","Deadly Poison+1","Concentrate","Storm of Steel","Leg Sweep","Bouncing Flask","PiercingWail","PiercingWail","Noxious Fumes+1","Noxious Fumes","Reflex","Corpse Explosion","Setup+1","Distraction+1","Backflip","Caltrops","Deflect+1","Deflect+1","Dodge and Roll+1","Dodge and Roll+1","PiercingWail+1","Metamorphosis+1","Discovery+1"],"special_seed":0,"relics":["Runic Pyramid","Dream Catcher","Golden Idol","Omamori","Oddly Smooth Stone","Fusion Hammer","Red Mask","Tough Bandages","Orichalcum","Busted Crown","Unceasing Top","Pen Nib","Membership Card","Ornamental Fan","Ginger","Toxic Egg 2","Bottled Lightning","Shuriken","Nunchaku"],"potions_floor_usage":[55,56,56],"damage_taken":[{"damage":0.0,"enemies":"Jaw Worm","floor":1.0,"turns":7.0},{"damage":0.0,"enemies":"Small Slimes","floor":2.0,"turns":4.0},{"damage":0.0,"enemies":"2 Louse","floor":3.0,"turns":3.0},{"damage":2.0,"enemies":"2 Fungi Beasts","floor":4.0,"turns":4.0},{"damage":13.0,"enemies":"3 Sentries","floor":6.0,"turns":10.0},{"damage":9.0,"enemies":"Large Slime","floor":11.0,"turns":7.0},{"damage":0.0,"enemies":"Blue Slaver","floor":13.0,"turns":4.0},{"damage":4.0,"enemies":"Lagavulin","floor":14.0,"turns":4.0},{"damage":18.0,"enemies":"Hexaghost","floor":16.0,"turns":10.0},{"damage":9.0,"enemies":"3 Byrds","floor":18.0,"turns":5.0},{"damage":13.0,"enemies":"Masked Bandits","floor":20.0,"turns":5.0},{"damage":2.0,"enemies":"Shell Parasite","floor":21.0,"turns":3.0},{"damage":0.0,"enemies":"Centurion and Healer","floor":24.0,"turns":7.0},{"damage":4.0,"enemies":"Slavers","floor":30.0,"turns":6.0},{"damage":6.0,"enemies":"Shelled Parasite and Fungi","floor":31.0,"turns":5.0},{"damage":49.0,"enemies":"Collector","floor":33.0,"turns":11.0},{"damage":0.0,"enemies":"3 Darklings","floor":35.0,"turns":4.0},{"damage":23.0,"enemies":"2 Orb Walkers","floor":38.0,"turns":4.0},{"damage":12.0,"enemies":"Nemesis","floor":41.0,"turns":7.0},{"damage":1.0,"enemies":"Orb Walker","floor":44.0,"turns":3.0},{"damage":8.0,"enemies":"Reptomancer","floor":46.0,"turns":7.0},{"damage":27.0,"enemies":"Nemesis","floor":48.0,"turns":7.0},{"damage":43.0,"enemies":"Donu and Deca","floor":50.0,"turns":9.0},{"damage":10.0,"enemies":"Awakened One","floor":51.0,"turns":20.0},{"damage":45,"enemies":"Shield and Spear","floor":55,"turns":6},{"damage":42,"enemies":"The Heart","floor":56,"turns":2}],"seed_played":"5837291460408855150","potions_obtained":[{"floor":4.0,"key":"FearPotion"},{"floor":6.0,"key":"Poison Potion"},{"floor":11.0,"key":"ColorlessPotion"},{"floor":16.0,"key":"FearPotion"},{"floor":21.0,"key":"Fruit Juice"},{"floor":24.0,"key":"PowerPotion"},{"floor":44.0,"key":"Fire Potion"},{"floor":46.0,"key":"FearPotion"},{"floor":55,"key":"DistilledChaos"}],"is_trial":false,"path_per_floor":["M","M","M","M","?","E","R","?","T","R","M","R","M","E","R","B",null,"M","$","?","M","$","R","M","R","T","?","R","$","E","M","R","B",null,"M","?","?","?","?","R","E","R","T","M","$","E","R","E","R","B","B",null,"R","$","E","B"],"character_chosen":"THE_SILENT","items_purchased":["Leg Sweep","Reflex","Membership Card","Backflip","Ornamental Fan","Ginger","Caltrops","Shuriken","PiercingWail+1","Metamorphosis+1","Discovery+1"],"campfire_rested":8,"item_purchase_floors":[19,29,45,45,45,45,45,54,54,54,54],"current_hp_per_floor":[59,59,59,57,57,44,44,44,44,44,35,35,35,31,31,13,48,39,39,26,24,24,42,42,60,60,60,60,60,56,50,60,11,48,48,60,60,37,37,55,48,65,65,64,64,56,65,38,57,14,4,50,65,65,20,0,0],"gold":770,"neow_bonus":"BOSS_RELIC","is_prod":false,"is_daily":false,"chose_seed":false,"campfire_upgraded":4,"win_rate":0,"timestamp":1607557115,"path_taken":["M","M","M","M","?","E","R","?","T","R","M","R","M","E","R","BOSS","M","$","?","M","$","R","M","R","T","?","R","$","E","M","R","BOSS","M","?","?","?","?","R","E","R","T","M","$","E","R","E","R","BOSS","BOSS","R","$","E","BOSS"],"build_version":"2020-11-30","purchased_purges":4,"victory":false,"max_hp_per_floor":[66,66,66,66,66,66,66,60,60,60,60,60,60,60,60,60,60,60,60,60,60,60,60,60,60,60,60,60,60,60,60,60,60,60,60,60,60,60,60,60,65,65,65,65,65,65,65,65,65,65,65,65,65,65,65,65,65],"card_choices":[{"not_picked":["Underhanded Strike","All Out Attack"],"picked":"Cloak And Dagger","floor":1.0},{"not_picked":["Quick Slash","Catalyst"],"picked":"Bouncing Flask","floor":2.0},{"not_picked":["Sucker Punch","Flying Knee"],"picked":"Backstab","floor":3.0},{"not_picked":["Infinite Blades","Dagger Spray"],"picked":"Skewer","floor":4.0},{"not_picked":["Unload","Backstab"],"picked":"Calculated Gamble","floor":6.0},{"not_picked":["Terror","Bane"],"picked":"Deadly Poison","floor":11.0},{"not_picked":["Flechettes","Blade Dance"],"picked":"Concentrate","floor":13.0},{"not_picked":["Endless Agony","Doppelganger","Acrobatics"],"picked":"SKIP","floor":14.0},{"not_picked":["Bullet Time","Doppelganger"],"picked":"Storm of Steel","floor":16.0},{"not_picked":["Deflect","Underhanded Strike","Endless Agony"],"picked":"SKIP","floor":18.0},{"not_picked":["Dodge and Roll","Terror"],"picked":"Bouncing Flask","floor":20.0},{"not_picked":["Outmaneuver","Deadly Poison"],"picked":"PiercingWail","floor":21.0},{"not_picked":["Flechettes","Concentrate"],"picked":"PiercingWail","floor":23.0},{"not_picked":["Infinite Blades","Quick Slash"],"picked":"Noxious Fumes+1","floor":24.0},{"not_picked":["Blade Dance+1","Dagger Spray"],"picked":"Noxious Fumes","floor":25.0},{"not_picked":["Masterful Stab+1","Glass Knife","Outmaneuver"],"picked":"SKIP","floor":30.0},{"not_picked":["Slice","Underhanded Strike+1","Blade Dance"],"picked":"SKIP","floor":31.0},{"not_picked":["Glass Knife","Tools of the Trade"],"picked":"Corpse Explosion","floor":33.0},{"not_picked":["Flying Knee"],"picked":"SKIP","floor":35.0},{"not_picked":[],"picked":"Setup+1","floor":38.0},{"not_picked":[],"picked":"Distraction+1","floor":40.0},{"not_picked":["Heel Hook"],"picked":"SKIP","floor":41.0},{"not_picked":["Dodge and Roll"],"picked":"SKIP","floor":44.0},{"not_picked":[],"picked":"Deflect+1","floor":46.0},{"not_picked":[],"picked":"Deflect+1","floor":47.0},{"not_picked":["Heel Hook"],"picked":"SKIP","floor":48.0},{"not_picked":[],"picked":"Dodge and Roll+1","floor":49.0},{"not_picked":[],"picked":"Dodge and Roll+1","floor":53.0},{"not_picked":["All Out Attack"],"picked":"SKIP","floor":55}],"player_experience":1754782,"relics_obtained":[{"floor":6.0,"key":"Dream Catcher"},{"floor":9.0,"key":"Omamori"},{"floor":14.0,"key":"Oddly Smooth Stone"},{"floor":20.0,"key":"Red Mask"},{"floor":26.0,"key":"Tough Bandages"},{"floor":30.0,"key":"Orichalcum"},{"floor":38.0,"key":"Unceasing Top"},{"floor":41.0,"key":"Pen Nib"},{"floor":46.0,"key":"Toxic Egg 2"},{"floor":48.0,"key":"Bottled Lightning"},{"floor":55,"key":"Nunchaku"}],"event_choices":[{"cards_removed":["Strike_G"],"damage_healed":0.0,"max_hp_gain":0.0,"max_hp_loss":0.0,"gold_gain":0.0,"event_name":"The Cleric","player_choice":"Card Removal","floor":5.0,"gold_loss":75.0,"damage_taken":0.0},{"damage_healed":0.0,"max_hp_gain":0.0,"max_hp_loss":6.0,"gold_gain":0.0,"event_name":"Golden Idol","player_choice":"Lose Max HP","floor":8.0,"gold_loss":0.0,"damage_taken":0.0,"relics_obtained":["Golden Idol"]},{"damage_healed":0.0,"max_hp_gain":0.0,"max_hp_loss":0.0,"gold_gain":0.0,"event_name":"Masked Bandits","player_choice":"Fought Bandits","floor":20.0,"gold_loss":0.0,"damage_taken":0.0},{"damage_healed":0.0,"max_hp_gain":0.0,"max_hp_loss":0.0,"gold_gain":0.0,"event_name":"Back to Basics","player_choice":"Simplicity","floor":27.0,"gold_loss":0.0,"damage_taken":0.0,"cards_upgraded":["Strike_G","Strike_G","Strike_G","Defend_G","Defend_G","Defend_G","Defend_G"]},{"damage_healed":12.0,"max_hp_gain":0.0,"max_hp_loss":0.0,"gold_gain":0.0,"event_name":"Winding Halls","player_choice":"Writhe","floor":36.0,"gold_loss":0.0,"damage_taken":0.0,"cards_obtained":["Writhe"]},{"damage_healed":0.0,"max_hp_gain":0.0,"max_hp_loss":0.0,"gold_gain":222.0,"event_name":"Tomb of Lord Red Mask","player_choice":"Wore Mask","floor":37.0,"gold_loss":0.0,"damage_taken":0.0},{"damage_healed":0.0,"max_hp_gain":0.0,"max_hp_loss":0.0,"gold_gain":0.0,"event_name":"Mysterious Sphere","player_choice":"Fight","floor":38.0,"gold_loss":0.0,"damage_taken":0.0},{"damage_healed":0.0,"max_hp_gain":0.0,"max_hp_loss":0.0,"gold_gain":999.0,"event_name":"MindBloom","player_choice":"Gold","floor":39.0,"gold_loss":0.0,"damage_taken":0.0,"cards_obtained":["Normality","Normality"]}],"is_beta":false,"boss_relics":[{"not_picked":["WristBlade","Tiny House"],"picked":"Fusion Hammer"},{"not_picked":["Cursed Key","Runic Dome"],"picked":"Busted Crown"}],"items_purged_floors":[19,22,45,54],"is_endless":false,"potions_floor_spawned":[4,6,11,16,18,21,24,44,46,48,55],"killed_by":"The Heart","ascension_level":20}}