{"host":"p0msvaaoy7lstm5q","time":1607526976,"event":{"gold_per_floor":[110,24,24,69,69,87,115,115,115,142,142,159,212,287,287,388,388,401,418,418,418,125,125,169,169,206,248,280,195,203,203],"floor_reached":30,"playtime":3159,"items_purged":["Looming Evil"],"score":280,"play_id":"3ccb7c13-9a63-4621-8756-6827ceab2453","local_time":"20201209161616","is_ascension_mode":false,"campfire_choices":[{"data":"Prepared","floor":11.0,"key":"SMITH"},{"floor":15.0,"key":"REST"},{"floor":23.0,"key":"REST"},{"floor":25.0,"key":"REST"}],"neow_cost":"","seed_source_timestamp":0,"circlet_count":0,"master_deck":["Poisoned Stab+1","Poisoned Stab","Poisoned Stab","Poisoned Stab","Deflect","Deflect","Deflect","Deflect+1","Deadly Poison","Venomology","Hidden Blade","Flying Knee+1","Cloak And Dagger","Prepared+1","Adrenaline","PiercingWail","Escape Plan","Prepared","Phantasmal Killer","The Bomb","Specialist","Survey Options","Prepared","Toxin Wave","PiercingWail","Bane","Adrenaline","Dagger Throw","PiercingWail","Corpse Explosion"],"special_seed":0,"relics":["Ring of the Snake","Ring of Fangs","ReplayTheSpireMod:Ring of Exchange","Replay:Bottled Flurry","Bird Faced Urn","ReplayTheSpireMod:ShopPack","Replay:Bandana","Chameleon Ring","CaptainsWheel"],"potions_floor_usage":[30],"damage_taken":[{"damage":0.0,"enemies":"Small Slimes","floor":1.0,"turns":2.0},{"damage":0.0,"enemies":"2 Louse","floor":4.0,"turns":2.0},{"damage":0.0,"enemies":"Cultist","floor":6.0,"turns":2.0},{"damage":4.0,"enemies":"HollowMod:MossKnight","floor":7.0,"turns":4.0},{"damage":0.0,"enemies":"2 Fungi Beasts","floor":10.0,"turns":3.0},{"damage":6.0,"enemies":"Looter","floor":12.0,"turns":3.0},{"damage":37.0,"enemies":"Slime Boss","floor":16.0,"turns":11.0},{"damage":9.0,"enemies":"Shell Parasite","floor":18.0,"turns":5.0},{"damage":2.0,"enemies":"3 Byrds","floor":19.0,"turns":5.0},{"damage":15.0,"enemies":"Shelled Parasite and Fungi","floor":24.0,"turns":5.0},{"damage":11.0,"enemies":"Snake Plant","floor":26.0,"turns":9.0},{"damage":1.0,"enemies":"Snake Plant","floor":27.0,"turns":4.0},{"damage":26.0,"enemies":"Cultist and Chosen","floor":28.0,"turns":6.0},{"damage":23,"enemies":"Snecko","floor":30,"turns":4}],"seed_played":"-7742700159156912182","potions_obtained":[{"floor":7.0,"key":"Elixir"},{"floor":12.0,"key":"Weak Potion"},{"floor":19.0,"key":"Reflective Coating"}],"is_trial":false,"path_per_floor":["M","$","?","M","?","M","E","?","T","M","R","M","?","?","R_BF","B",null,"M","M","?","?","$","R","M","R","MIM","M","M","?","M"],"character_chosen":"THE_SILENT","items_purchased":["Flying Knee+1","Cloak And Dagger","PiercingWail","Replay:Bandana","Bane"],"campfire_rested":3,"item_purchase_floors":[2,2,22,22,22],"current_hp_per_floor":[53,53,53,53,42,42,38,38,38,40,40,34,34,23,38,1,53,44,44,36,36,36,53,38,55,46,47,21,21,0,0],"gold":203,"neow_bonus":"","is_prod":false,"is_daily":false,"chose_seed":false,"campfire_upgraded":1,"win_rate":0,"timestamp":1607526976,"path_taken":["M","$","?","M","?","M","E","?","T","M","R","?","?","?","R_BF","BOSS","M","M","?","?","$","R","M","R","MIM","M","M","?","M"],"build_version":"2020-11-30","purchased_purges":1,"victory":false,"max_hp_per_floor":[53,53,53,53,53,53,53,53,53,53,53,53,53,53,53,53,53,53,53,58,58,58,58,58,58,58,58,58,58,58,58],"card_choices":[{"not_picked":["Outmaneuver","Poisoned Stab"],"picked":"Hidden Blade","floor":1.0},{"not_picked":["Leg Sweep","Caltrops"],"picked":"Prepared","floor":4.0},{"not_picked":["Draining Mist","Skewer"],"picked":"Adrenaline","floor":6.0},{"not_picked":["Backflip","Cloak And Dagger","Skewer"],"picked":"SKIP","floor":7.0},{"not_picked":["Quick Slash","ReplayTheSpireMod:The Works"],"picked":"Escape Plan","floor":10.0},{"not_picked":["Draining Mist","Flying Knee"],"picked":"Prepared","floor":12.0},{"not_picked":["Venomology","Adrenaline"],"picked":"Phantasmal Killer","floor":16.0},{"not_picked":["Secret Technique","Violence"],"picked":"The Bomb","floor":17.0},{"not_picked":["Replay:SS_fish_1","Replay:SS_fish_3"],"picked":"Specialist","floor":17.0},{"not_picked":["expansioncontent:SuperHexaguard","expansioncontent:FaceSlap"],"picked":"Survey Options","floor":17.0},{"not_picked":["Outmaneuver","Backflip"],"picked":"Prepared","floor":18.0},{"not_picked":["Outmaneuver","Poisoned Stab"],"picked":"Toxin Wave","floor":19.0},{"not_picked":["Dagger Spray+1","Dodge and Roll"],"picked":"Adrenaline","floor":24.0},{"not_picked":["Blade Dance","Dodge and Roll"],"picked":"Dagger Throw","floor":26.0},{"not_picked":["Acrobatics+1","Poisoned Stab"],"picked":"PiercingWail","floor":27.0},{"not_picked":["Hidden Blade","Sucker Punch"],"picked":"Corpse Explosion","floor":28}],"player_experience":92763,"relics_obtained":[{"floor":3.0,"key":"Ring of Fangs"},{"floor":3.0,"key":"ReplayTheSpireMod:Ring of Exchange"},{"floor":7.0,"key":"Replay:Bottled Flurry"},{"floor":9.0,"key":"Bird Faced Urn"},{"floor":26.0,"key":"Chameleon Ring"}],"event_choices":[{"damage_healed":0.0,"max_hp_gain":0.0,"max_hp_loss":0.0,"gold_gain":0.0,"event_name":"Shining Light","player_choice":"Entered Light","floor":5.0,"gold_loss":0.0,"damage_taken":11.0,"cards_upgraded":["Deflect","Poisoned Stab"]},{"damage_healed":0.0,"max_hp_gain":0.0,"max_hp_loss":0.0,"gold_gain":0.0,"event_name":"Match and Keep!","player_choice":"1 cards matched","floor":8.0,"gold_loss":0.0,"damage_taken":0.0,"cards_obtained":["PiercingWail"]},{"damage_healed":0.0,"max_hp_gain":0.0,"max_hp_loss":0.0,"gold_gain":53.0,"event_name":"Golden Wing","player_choice":"Gained Gold","floor":13.0,"gold_loss":0.0,"damage_taken":0.0},{"damage_healed":0.0,"max_hp_gain":0.0,"max_hp_loss":0.0,"gold_gain":75.0,"event_name":"World of Goop","player_choice":"Gather Gold","floor":14.0,"gold_loss":0.0,"damage_taken":11.0},{"damage_healed":0.0,"max_hp_gain":5.0,"max_hp_loss":0.0,"gold_gain":0.0,"event_name":"Forgotten Altar","player_choice":"Shed Blood","floor":20.0,"gold_loss":0.0,"damage_taken":13.0},{"damage_healed":0.0,"max_hp_gain":0.0,"max_hp_loss":0.0,"gold_gain":0.0,"event_name":"Vampires","player_choice":"Ignored","floor":21.0,"gold_loss":0.0,"damage_taken":0.0},{"damage_healed":0,"gold_gain":0,"player_choice":"Obtained Relic","damage_taken":0,"relics_obtained":["CaptainsWheel"],"max_hp_gain":0,"max_hp_loss":0,"event_name":"Addict","floor":29,"gold_loss":85}],"is_beta":false,"boss_relics":[{"not_picked":["ChewingGum","Kintsugi"],"picked":"ReplayTheSpireMod:ShopPack"}],"items_purged_floors":[22],"is_endless":false,"potions_floor_spawned":[7,12,19,24],"killed_by":"Snecko","ascension_level":0}}