{"host":"0g8fai1yzyd1adpx","time":1607486665,"event":{"gold_per_floor":[111,111,122,197,197,197,122,153,202,202,219,295,307,382,394,501,513,513,119,139,139,149,149,175,194,194,194,194,194,194,194,194],"floor_reached":31,"playtime":1505,"items_purged":["Defend_P","Strike_P"],"score":261,"play_id":"b4cb387e-464e-47bc-9663-9a479dbef881","local_time":"20201208220425","is_ascension_mode":true,"campfire_choices":[{"floor":6.0,"key":"REST"},{"data":"Perseverance","floor":10.0,"key":"SMITH"},{"floor":23.0,"key":"REST"}],"neow_cost":"NONE","seed_source_timestamp":413400615201600,"circlet_count":0,"master_deck":["Strike_P","Strike_P","Strike_P","Defend_P","Defend_P","Eruption","Vigilance","Perseverance+1","DevaForm+1","PathToVictory+1","BattleHymn","Omniscience","PathToVictory"],"special_seed":0,"relics":["PureWater","Quantum Egg","Replay:Accelerometer","MawBank","infinitespire:WardingShard","hubris:SlimyHat","Juzu Bracelet","infinitespire:BottledMercury","Counterbalance","hubris:Icosahedron"],"potions_floor_usage":[31],"damage_taken":[{"damage":0.0,"enemies":"Small Slimes","floor":1.0,"turns":2.0},{"damage":0.0,"enemies":"2 Louse","floor":3.0,"turns":2.0},{"damage":1.0,"enemies":"Replay:BlueRogue","floor":8.0,"turns":4.0},{"damage":0.0,"enemies":"Cultist","floor":11.0,"turns":2.0},{"damage":11.0,"enemies":"Lagavulin Event","floor":14.0,"turns":5.0},{"damage":21.0,"enemies":"The Guardian","floor":16.0,"turns":7.0},{"damage":24.0,"enemies":"2 Thieves","floor":18.0,"turns":4.0},{"damage":3.0,"enemies":"Chosen","floor":20.0,"turns":4.0},{"damage":13.0,"enemies":"Snecko","floor":22.0,"turns":5.0},{"damage":41.0,"enemies":"Gremlin Leader","floor":24.0,"turns":5.0},{"damage":2.0,"enemies":"Snake Plant","floor":25.0,"turns":4.0},{"damage":14,"enemies":"Sentry and Sphere","floor":31,"turns":3}],"seed_played":"-5294741470529741533","potions_obtained":[{"floor":1.0,"key":"LifebloodPotion"},{"floor":5.0,"key":"SpeedPotion"},{"floor":5.0,"key":"Fire Potion"},{"floor":5.0,"key":"Fire Potion"},{"floor":16.0,"key":"hexamod:EctoCoolerPotion"},{"floor":20.0,"key":"Guardian:BlockOnCardUsePotion"},{"floor":24.0,"key":"LiquidMemories"},{"floor":25.0,"key":"Block Potion"}],"is_trial":false,"path_per_floor":["M","?","M","?","?","R","$","E","T","R","M","?","$","?","R","B",null,"M","$","M","?","M","R","E","M","T","?","?","?","?","M"],"character_chosen":"WATCHER","items_purchased":["hubris:SlimyHat","Juzu Bracelet"],"campfire_rested":2,"item_purchase_floors":[19,19],"current_hp_per_floor":[72,47,47,36,36,57,57,56,56,56,56,28,28,17,38,17,72,48,48,45,45,32,53,12,10,10,10,10,10,10,0,0],"gold":194,"neow_bonus":"RANDOM_EVENT","is_prod":false,"is_daily":false,"chose_seed":false,"campfire_upgraded":1,"win_rate":0,"timestamp":1607486665,"path_taken":["M","?","M","?","?","R","$","E","T","R","?","?","$","?","R","BOSS","M","$","M","?","M","R","E","M","T","?","?","?","?","M"],"build_version":"2020-11-30","purchased_purges":2,"victory":false,"max_hp_per_floor":[72,72,72,72,72,72,72,72,72,72,72,72,72,72,72,72,72,72,72,72,72,72,72,72,72,72,72,72,72,72,72,72],"card_choices":[{"not_picked":["Replay:BluntJabs","Protect"],"picked":"Perseverance","floor":1.0},{"not_picked":["Replay:AtTheReady","FlyingSleeves","DeceiveReality"],"picked":"SKIP","floor":3.0},{"not_picked":["Study","Replay:Vibes"],"picked":"DevaForm","floor":8.0},{"not_picked":["EmptyBody","JustLucky","Meditate"],"picked":"SKIP","floor":11.0},{"not_picked":["EmptyFist","Replay:ManipulateFuture"],"picked":"PathToVictory","floor":12.0},{"not_picked":["Nirvana","EmptyFist"],"picked":"BattleHymn","floor":14.0},{"not_picked":["MasterReality","DeusExMachina"],"picked":"Omniscience","floor":16.0},{"not_picked":["Replay:BluntJabs","ForeignInfluence"],"picked":"PathToVictory","floor":18.0},{"not_picked":["ThirdEye","PathToVictory","ClearTheMind"],"picked":"SKIP","floor":20.0},{"not_picked":["Replay:Battleflow","Study","Sanctity+1"],"picked":"SKIP","floor":22.0},{"not_picked":["LikeWater","FlurryOfBlows","Halt"],"picked":"SKIP","floor":24.0},{"not_picked":["CutThroughFate","Study","Replay:Vibes"],"picked":"SKIP","floor":25.0}],"player_experience":427052,"relics_obtained":[{"floor":8.0,"key":"Replay:Accelerometer"},{"floor":12.0,"key":"MawBank"},{"floor":24.0,"key":"infinitespire:BottledMercury"},{"floor":26.0,"key":"Counterbalance"}],"event_choices":[{"damage_healed":0.0,"max_hp_gain":0.0,"max_hp_loss":0.0,"gold_gain":0.0,"event_name":"Scrap Ooze","player_choice":"Success","floor":2.0,"gold_loss":0.0,"damage_taken":25.0,"relics_obtained":["Quantum Egg"]},{"damage_healed":0.0,"max_hp_gain":0.0,"max_hp_loss":0.0,"gold_gain":75.0,"event_name":"World of Goop","player_choice":"Gather Gold","floor":4.0,"gold_loss":0.0,"damage_taken":11.0},{"damage_healed":0.0,"max_hp_gain":0.0,"max_hp_loss":0.0,"gold_gain":0.0,"event_name":"Lab","player_choice":"Got Potions","floor":5.0,"gold_loss":0.0,"damage_taken":0.0},{"damage_healed":0.0,"max_hp_gain":0.0,"max_hp_loss":0.0,"gold_gain":30.0,"event_name":"Dead Adventurer","player_choice":"Searched \u00273\u0027 times","floor":14.0,"gold_loss":0.0,"damage_taken":0.0,"relics_obtained":["infinitespire:WardingShard"]},{"damage_healed":0.0,"max_hp_gain":0.0,"max_hp_loss":0.0,"gold_gain":0.0,"event_name":"FaceTrader","player_choice":"Leave","floor":21.0,"gold_loss":0.0,"damage_taken":0.0},{"damage_healed":0.0,"max_hp_gain":0.0,"max_hp_loss":0.0,"gold_gain":0.0,"event_name":"Vampires","player_choice":"Ignored","floor":27.0,"gold_loss":0.0,"damage_taken":0.0}],"is_beta":false,"boss_relics":[{"not_picked":["ChewingGum","Velvet Choker","Replay:Drink Me"]}],"items_purged_floors":[7,19],"is_endless":false,"potions_floor_spawned":[1,8,16,20,24,25],"killed_by":"Sentry and Sphere","ascension_level":1}}