{"host":"69rply1jf2d1wbmp","time":1607496170,"event":{"gold_per_floor":[111,36,56,56,131,161,161,192,192,208,221,221,235,248,248,351,351,366,397,413,127,139,169,169,202,202,202,215,175,175,185,185,288,288,298,79,95,95,15,15,15,31,82,82,102,102,102,135,135,135,135],"floor_reached":50,"playtime":2058,"items_purged":["Strike_B"],"score":547,"play_id":"ede0a4f7-bc0a-48dd-98bd-bd9fedeea8e9","local_time":"20201209014250","is_ascension_mode":false,"campfire_choices":[{"floor":7,"key":"REST"},{"floor":12,"key":"REST"},{"floor":15,"key":"REST"},{"floor":24,"key":"REST"},{"floor":27,"key":"RECALL"},{"floor":30,"key":"REST"},{"floor":32,"key":"REST"},{"floor":40,"key":"REST"},{"floor":46,"key":"REST"},{"floor":49,"key":"REST"}],"neow_cost":"TEN_PERCENT_HP_LOSS","seed_source_timestamp":951653646847400,"circlet_count":0,"master_deck":["Strike_B","Defend_B","Defend_B","Defend_B","Defend_B","Zap","Dualcast","Creative AI+1","Streamline+1","Chill","Melter","Self Repair","Core Surge+1","Go for the Eyes+1","Sweeping Beam+1","Loop","White Noise","Force Field","Defragment","FTL","Self Repair+1","Conserve Battery"],"relics":["Cracked Core","Singing Bowl","Happy Flower","Question Card","SlaversCollar","Red Mask","Mummified Hand","Whetstone","Toy Ornithopter","Inserter","Orichalcum","Potion Belt","Frozen Egg 2"],"potions_floor_usage":[6,43,47,48,48,50],"damage_taken":[{"damage":0,"enemies":"2 Louse","floor":1,"turns":3},{"damage":1,"enemies":"Jaw Worm","floor":3,"turns":6},{"damage":30,"enemies":"Lagavulin","floor":6,"turns":9},{"damage":19,"enemies":"3 Sentries","floor":8,"turns":7},{"damage":5,"enemies":"Small Slimes","floor":10,"turns":5},{"damage":14,"enemies":"Gremlin Gang","floor":11,"turns":6},{"damage":1,"enemies":"3 Louse","floor":13,"turns":5},{"damage":2,"enemies":"Exordium Thugs","floor":14,"turns":3},{"damage":26,"enemies":"The Guardian","floor":16,"turns":9},{"damage":14,"enemies":"Chosen","floor":18,"turns":6},{"damage":32,"enemies":"Masked Bandits","floor":19,"turns":7},{"damage":0,"enemies":"Spheric Guardian","floor":20,"turns":3},{"damage":6,"enemies":"Centurion and Healer","floor":22,"turns":9},{"damage":15,"enemies":"Gremlin Leader","floor":23,"turns":4},{"damage":31,"enemies":"Slavers","floor":25,"turns":6},{"damage":22,"enemies":"Sentry and Sphere","floor":28,"turns":4},{"damage":25,"enemies":"Shelled Parasite and Fungi","floor":31,"turns":6},{"damage":36,"enemies":"Automaton","floor":33,"turns":8},{"damage":22,"enemies":"3 Shapes","floor":35,"turns":5},{"damage":55,"enemies":"3 Darklings","floor":37,"turns":6},{"damage":39,"enemies":"Maw","floor":42,"turns":10},{"damage":9,"enemies":"4 Shapes","floor":45,"turns":7},{"damage":0,"enemies":"Writhing Mass","floor":47,"turns":1},{"damage":76,"enemies":"Reptomancer","floor":48,"turns":6},{"damage":76,"enemies":"Time Eater","floor":50,"turns":11}],"seed_played":"930803713358619389","potions_obtained":[{"floor":3,"key":"Explosive Potion"},{"floor":6,"key":"Dexterity Potion"},{"floor":13,"key":"Energy Potion"},{"floor":18,"key":"ColorlessPotion"},{"floor":28,"key":"EntropicBrew"},{"floor":42,"key":"PowerPotion"}],"is_trial":false,"path_per_floor":["M","$","M","?","?","E","R","E","T","M","M","R","M","M","R","B",null,"M","?","M","$","M","E","R","E","T","R","M","?","R","M","R","B",null,"M","$","M","?","$","R","?","M","T","?","M","R","M","E","R","B"],"character_chosen":"DEFECT","items_purchased":["White Noise","Mummified Hand","Orichalcum","Self Repair","Defragment"],"campfire_rested":9,"item_purchase_floors":[21,21,36,36,39],"current_hp_per_floor":[68,68,67,72,61,33,55,38,38,33,21,44,45,43,67,48,81,74,49,49,49,52,46,71,49,49,49,36,36,62,44,70,43,91,78,78,39,39,39,67,67,44,49,49,47,76,81,39,68,0,0],"gold":135,"neow_bonus":"THREE_RARE_CARDS","is_prod":false,"is_daily":false,"chose_seed":false,"campfire_upgraded":0,"win_rate":0,"timestamp":1607496170,"path_taken":["M","$","M","?","?","E","R","E","T","M","M","R","M","M","R","BOSS","M","?","M","$","M","E","R","E","T","R","M","?","R","M","R","BOSS","M","$","?","?","?","R","?","?","T","?","M","R","M","E","R","BOSS"],"build_version":"2020-11-30","purchased_purges":1,"victory":false,"max_hp_per_floor":[68,68,68,73,73,75,75,77,77,77,79,79,81,81,81,81,81,81,81,81,81,83,85,85,87,87,87,89,89,89,89,89,91,91,93,93,95,95,95,95,95,97,97,97,97,97,97,97,97,97,97],"card_choices":[{"not_picked":["Amplify","Biased Cognition"],"picked":"Creative AI","floor":0},{"not_picked":["Coolheaded","Gash"],"picked":"Streamline","floor":1},{"not_picked":["Coolheaded","Rebound"],"picked":"Chill","floor":3},{"not_picked":["Compile Driver","BootSequence","Stack"],"picked":"Singing Bowl","floor":6},{"not_picked":["Rainbow","Redo","Barrage"],"picked":"Singing Bowl","floor":8},{"not_picked":["Turbo","Gash","Stack"],"picked":"Melter","floor":10},{"not_picked":["Coolheaded","Cold Snap","Storm","Stack"],"picked":"Singing Bowl","floor":11},{"not_picked":["Cold Snap","Redo","Compile Driver","Streamline"],"picked":"Singing Bowl","floor":13},{"not_picked":["Rebound","Blizzard","Thunder Strike"],"picked":"Self Repair","floor":14},{"not_picked":["Meteor Strike","Fission","Hyperbeam"],"picked":"Core Surge","floor":16},{"not_picked":["Redo","Reinforced Body","Glacier"],"picked":"Go for the Eyes+1","floor":18},{"not_picked":["Rebound","Skim","Coolheaded"],"picked":"Sweeping Beam+1","floor":19},{"not_picked":["Rebound+1","Hello World","Go for the Eyes"],"picked":"Loop","floor":20},{"not_picked":["Static Discharge","Beam Cell","Conserve Battery","Sunder+1"],"picked":"Singing Bowl","floor":22},{"not_picked":["Genetic Algorithm","Cold Snap","Stack","Rebound+1"],"picked":"Singing Bowl","floor":23},{"not_picked":["Beam Cell","BootSequence+1","Static Discharge","Ball Lightning"],"picked":"Singing Bowl","floor":25},{"not_picked":["Doom and Gloom","Darkness+1","Seek","Sweeping Beam"],"picked":"Singing Bowl","floor":28},{"not_picked":["Skim","FTL","Chill"],"picked":"Force Field","floor":31},{"not_picked":["Multi-Cast","Meteor Strike","Fission","All For One"],"picked":"Singing Bowl","floor":33},{"not_picked":["Redo","Streamline+1","Cold Snap","Go for the Eyes"],"picked":"Singing Bowl","floor":35},{"not_picked":["Coolheaded","Seek","Cold Snap","Glacier+1"],"picked":"Singing Bowl","floor":37},{"not_picked":["Cold Snap+1","Melter","Stack+1","Sweeping Beam+1"],"picked":"Singing Bowl","floor":42},{"not_picked":["Capacitor+1","Reprogram+1","Barrage+1"],"picked":"Self Repair+1","floor":45},{"not_picked":["Gash","Hello World+1","Steam"],"picked":"Conserve Battery","floor":48}],"player_experience":314642,"relics_obtained":[{"floor":6,"key":"Singing Bowl"},{"floor":8,"key":"Happy Flower"},{"floor":9,"key":"Question Card"},{"floor":19,"key":"Red Mask"},{"floor":23,"key":"Whetstone"},{"floor":25,"key":"Toy Ornithopter"},{"floor":43,"key":"Potion Belt"},{"floor":48,"key":"Frozen Egg 2"}],"event_choices":[{"damage_healed":0,"gold_gain":0,"player_choice":"Donut","damage_taken":0,"max_hp_gain":5,"max_hp_loss":0,"event_name":"Big Fish","floor":4,"gold_loss":0},{"damage_healed":0,"gold_gain":75,"player_choice":"Gather Gold","damage_taken":11,"max_hp_gain":0,"max_hp_loss":0,"event_name":"World of Goop","floor":5,"gold_loss":0},{"damage_healed":0,"gold_gain":0,"player_choice":"Fought Bandits","damage_taken":0,"max_hp_gain":0,"max_hp_loss":0,"event_name":"Masked Bandits","floor":19,"gold_loss":0},{"damage_healed":0,"gold_gain":0,"player_choice":"Upgrade","damage_taken":0,"max_hp_gain":0,"max_hp_loss":0,"event_name":"Designer","floor":29,"gold_loss":40,"cards_upgraded":["Creative AI"]},{"cards_removed":["Strike_B"],"damage_healed":0,"gold_gain":0,"player_choice":"Purged","damage_taken":0,"max_hp_gain":0,"max_hp_loss":0,"event_name":"Purifier","floor":38,"gold_loss":0},{"damage_healed":0,"gold_gain":0,"cards_transformed":["Strike_B"],"player_choice":"Transformed","damage_taken":0,"max_hp_gain":0,"max_hp_loss":0,"event_name":"Transmorgrifier","floor":41,"gold_loss":0,"cards_obtained":["FTL"]},{"cards_removed":["Self Repair"],"damage_healed":0,"gold_gain":0,"player_choice":"Removed Power","damage_taken":0,"max_hp_gain":0,"max_hp_loss":0,"event_name":"Falling","floor":44,"gold_loss":0}],"is_beta":false,"boss_relics":[{"not_picked":["Velvet Choker","Busted Crown"],"picked":"SlaversCollar"},{"not_picked":["SacredBark","Runic Pyramid"],"picked":"Inserter"}],"items_purged_floors":[2],"is_endless":false,"potions_floor_spawned":[3,6,13,18,23,28,33,37,42],"killed_by":"Time Eater","ascension_level":0}}