{"host":"kjehzzhcyp0nyrrl","time":1607518434,"event":{"gold_per_floor":[117,130,3,3,3,28,45,10,34,34,60,60,70,70,70,172,172,184,199,217,142,142,142,169,169,249,249,261,88,102,117,117,213,213,223,234,284,70,82,99,123,139,163,163,43,0,14,29,29,29,29,29,29,57,57,57],"floor_reached":55,"playtime":1169,"items_purged":["Strike_G","Strike_G","Defend_G","Parasite"],"score":724,"play_id":"ba6362c7-3b26-4596-8e87-7c137be9ea8f","local_time":"20201209215354","is_ascension_mode":false,"campfire_choices":[{"data":"Catalyst","floor":10,"key":"SMITH"},{"floor":12,"key":"REST"},{"data":"Dash","floor":15,"key":"SMITH"},{"data":"Footwork","floor":23,"key":"SMITH"},{"data":"Deadly Poison","floor":27,"key":"SMITH"},{"data":"Caltrops","floor":32,"key":"SMITH"},{"floor":44,"key":"RECALL"},{"data":"Catalyst","floor":49,"key":"SMITH"},{"data":"Bullet Time","floor":52,"key":"SMITH"}],"neow_cost":"NONE","seed_source_timestamp":1091739704286200,"circlet_count":0,"master_deck":["Strike_G+1","Strike_G+1","Defend_G","Defend_G","Defend_G","Defend_G","Survivor","Neutralize","Poisoned Stab+1","Dagger Spray+1","Deadly Poison+1","Dash+1","Catalyst+1","Corpse Explosion","Deflect","Footwork+1","Slice","Catalyst+1","Caltrops+1","PiercingWail","Bullet Time+1","Leg Sweep+1","Injury","Crippling Poison+1","Burst"],"relics":["Ring of the Snake","Tiny Chest","Pen Nib","Ancient Tea Set","Whetstone","InkBottle","CaptainsWheel","Runic Pyramid","Regal Pillow","Strawberry","The Courier","Cursed Key","Mango","Oddly Smooth Stone","PreservedInsect","Vajra","Red Mask","StrikeDummy"],"potions_floor_usage":[19,33,39,47,50,55,55],"damage_taken":[{"damage":0,"enemies":"Jaw Worm","floor":1,"turns":5},{"damage":0,"enemies":"2 Louse","floor":2,"turns":3},{"damage":26,"enemies":"3 Sentries","floor":6,"turns":6},{"damage":0,"enemies":"Cultist","floor":7,"turns":3},{"damage":11,"enemies":"Lagavulin","floor":11,"turns":6},{"damage":0,"enemies":"3 Louse","floor":13,"turns":3},{"damage":34,"enemies":"The Guardian","floor":16,"turns":14},{"damage":0,"enemies":"Chosen","floor":18,"turns":4},{"damage":4,"enemies":"2 Thieves","floor":19,"turns":3},{"damage":0,"enemies":"3 Cultists","floor":20,"turns":2},{"damage":0,"enemies":"Gremlin Leader","floor":24,"turns":6},{"damage":0,"enemies":"Snecko","floor":28,"turns":4},{"damage":3,"enemies":"Centurion and Healer","floor":30,"turns":4},{"damage":0,"enemies":"3 Cultists","floor":31,"turns":2},{"damage":31,"enemies":"Collector","floor":33,"turns":9},{"damage":11,"enemies":"Orb Walker","floor":35,"turns":3},{"damage":1,"enemies":"3 Darklings","floor":36,"turns":3},{"damage":0,"enemies":"Mind Bloom Boss Battle","floor":37,"turns":5},{"damage":9,"enemies":"4 Shapes","floor":39,"turns":3},{"damage":0,"enemies":"Sphere and 2 Shapes","floor":40,"turns":4},{"damage":6,"enemies":"Transient","floor":42,"turns":5},{"damage":12,"enemies":"Spire Growth","floor":47,"turns":4},{"damage":0,"enemies":"4 Shapes","floor":48,"turns":2},{"damage":14,"enemies":"Awakened One","floor":50,"turns":14},{"damage":24,"enemies":"Shield and Spear","floor":54,"turns":6},{"damage":65,"enemies":"The Heart","floor":55,"turns":5}],"seed_played":"3596537659330365585","potions_obtained":[{"floor":2,"key":"EssenceOfSteel"},{"floor":11,"key":"CultistPotion"},{"floor":16,"key":"Energy Potion"},{"floor":19,"key":"AttackPotion"},{"floor":20,"key":"Swift Potion"},{"floor":33,"key":"CunningPotion"},{"floor":42,"key":"LiquidBronze"},{"floor":54,"key":"Fire Potion"}],"is_trial":false,"path_per_floor":["M","M","$","?","?","E","M","$","T","R","E","R","M","T","R","B",null,"M","M","M","?","T","R","E","T","T","R","M","$","M","M","R","B",null,"M","M","?","$","M","M","T","M","T","R","$","?","M","M","R","B",null,"R","$","E","B"],"character_chosen":"THE_SILENT","items_purchased":["Deadly Poison","Catalyst","Catalyst","Caltrops","Oddly Smooth Stone"],"campfire_rested":1,"item_purchase_floors":[3,8,29,29,38],"current_hp_per_floor":[70,70,70,56,56,30,30,30,30,30,19,40,40,40,40,6,70,70,66,66,66,66,66,66,73,73,73,73,73,70,70,70,39,77,66,65,79,79,70,70,70,64,64,64,64,64,52,52,52,38,88,88,88,64,0,0],"gold":57,"neow_bonus":"RANDOM_COMMON_RELIC","is_prod":false,"is_daily":false,"chose_seed":false,"campfire_upgraded":7,"win_rate":0,"timestamp":1607518434,"path_taken":["M","M","$","?","?","E","?","$","T","R","E","R","M","?","R","BOSS","M","?","M","?","?","R","E","?","T","R","?","$","M","?","R","BOSS","M","M","?","$","M","M","?","M","T","R","$","?","M","M","R","BOSS","R","$","E","BOSS"],"build_version":"2020-11-30","purchased_purges":4,"victory":false,"max_hp_per_floor":[70,70,70,70,70,70,70,70,70,70,70,70,70,70,70,70,70,70,70,70,70,70,70,70,77,77,77,77,77,77,77,77,77,77,77,77,91,91,91,91,91,91,91,91,88,88,88,88,88,88,88,88,88,88,88,88],"card_choices":[{"not_picked":["Deadly Poison","Predator"],"picked":"Poisoned Stab","floor":1},{"not_picked":["Underhanded Strike","Outmaneuver"],"picked":"Dagger Spray","floor":2},{"not_picked":["Wraith Form v2","Finisher","Endless Agony"],"picked":"SKIP","floor":6},{"not_picked":["Blade Dance","Dagger Spray"],"picked":"Dash","floor":7},{"not_picked":["Dash","Acrobatics","Tactician"],"picked":"SKIP","floor":11},{"not_picked":["Underhanded Strike","Dodge and Roll","Dagger Throw"],"picked":"SKIP","floor":13},{"not_picked":["Bullet Time","Night Terror"],"picked":"Corpse Explosion","floor":16},{"not_picked":["Sucker Punch+1","Flying Knee"],"picked":"Deflect","floor":18},{"not_picked":["Deflect","Backflip","Sucker Punch"],"picked":"SKIP","floor":19},{"not_picked":["Outmaneuver+1","Tactician"],"picked":"Footwork","floor":20},{"not_picked":["Malaise","Flying Knee"],"picked":"Slice","floor":24},{"not_picked":["Deadly Poison","Flying Knee","Infinite Blades+1"],"picked":"SKIP","floor":28},{"not_picked":["Flying Knee+1","Dagger Throw+1"],"picked":"PiercingWail","floor":30},{"not_picked":["Dagger Spray","Backstab+1","Distraction"],"picked":"SKIP","floor":31},{"not_picked":["Grand Finale","Venomology"],"picked":"Bullet Time","floor":33},{"not_picked":["Blade Dance+1","Dash+1"],"picked":"Leg Sweep+1","floor":35},{"not_picked":["Poisoned Stab+1","Slice","Blade Dance+1"],"picked":"SKIP","floor":36},{"not_picked":["Endless Agony","Well Laid Plans","Backflip+1"],"picked":"SKIP","floor":39},{"not_picked":["Dodge and Roll+1","Acrobatics+1","Terror+1"],"picked":"SKIP","floor":40},{"not_picked":["Well Laid Plans+1","Infinite Blades","Endless Agony+1"],"picked":"SKIP","floor":42},{"not_picked":["Dash","Dagger Throw+1"],"picked":"Crippling Poison+1","floor":47},{"not_picked":["Blur","Tactician","Dodge and Roll+1"],"picked":"SKIP","floor":48},{"not_picked":["Backflip","Dagger Throw"],"picked":"Burst","floor":54}],"player_experience":354062,"relics_obtained":[{"floor":6,"key":"Ancient Tea Set"},{"floor":9,"key":"Whetstone"},{"floor":11,"key":"InkBottle"},{"floor":14,"key":"CaptainsWheel"},{"floor":24,"key":"Regal Pillow"},{"floor":25,"key":"Strawberry"},{"floor":26,"key":"The Courier"},{"floor":37,"key":"Mango"},{"floor":41,"key":"PreservedInsect"},{"floor":43,"key":"Vajra"},{"floor":54,"key":"StrikeDummy"}],"event_choices":[{"damage_healed":0,"gold_gain":0,"player_choice":"Entered Light","damage_taken":14,"max_hp_gain":0,"max_hp_loss":0,"event_name":"Shining Light","floor":4,"gold_loss":0,"cards_upgraded":["Dagger Spray","Strike_G"]},{"damage_healed":0,"gold_gain":0,"player_choice":"Gave Potion","damage_taken":0,"relics_obtained":["Pen Nib"],"max_hp_gain":0,"max_hp_loss":0,"event_name":"WeMeetAgain","floor":5,"gold_loss":0},{"cards_removed":["Strike_G"],"damage_healed":0,"gold_gain":0,"player_choice":"Gave Gold","damage_taken":0,"max_hp_gain":0,"max_hp_loss":0,"event_name":"Beggar","floor":21,"gold_loss":75},{"damage_healed":0,"gold_gain":0,"player_choice":"Fight","damage_taken":0,"max_hp_gain":0,"max_hp_loss":0,"event_name":"MindBloom","floor":37,"gold_loss":0},{"damage_healed":0,"gold_gain":0,"player_choice":"Paid","damage_taken":0,"relics_obtained":["Red Mask"],"max_hp_gain":0,"max_hp_loss":0,"event_name":"Tomb of Lord Red Mask","floor":46,"gold_loss":43}],"is_beta":false,"boss_relics":[{"not_picked":["Philosopher\u0027s Stone","Tiny House"],"picked":"Runic Pyramid"},{"not_picked":["WristBlade","Fusion Hammer"],"picked":"Cursed Key"}],"items_purged_floors":[3,29,38,45],"is_endless":false,"potions_floor_spawned":[2,11,16,19,20,33,35,36,42,54],"killed_by":"The Heart","ascension_level":0}}