{"host":"1hv1kueuvc4r3rdp","time":1607492172,"event":{"gold_per_floor":[118,132,150,170,189,189,199,230,280,380,380,396,408,408,408,505,505,520,538,278,294,294,294,294,294],"floor_reached":24,"playtime":1055,"items_purged":["Defend_P"],"score":323,"play_id":"179bac98-f982-4944-ad5b-8a956340ffc6","local_time":"20201208233612","is_ascension_mode":true,"campfire_choices":[{"data":"Study","floor":6,"key":"SMITH"},{"floor":11,"key":"REST"},{"floor":15,"key":"REST"},{"floor":23,"key":"REST"}],"neow_cost":"NONE","seed_source_timestamp":204289342900,"circlet_count":0,"master_deck":["AscendersBane","Strike_P","Strike_P","Strike_P","Strike_P","Defend_P+1","Defend_P","Defend_P+1","Eruption","Vigilance","FollowUp","EmptyFist","Study+1","BattleHymn","Conclude","DevaForm","DeceiveReality"],"relics":["PureWater","Meat on the Bone","Art of War","War Paint","Busted Crown","Happy Flower"],"potions_floor_usage":[5,8,12,13,21],"damage_taken":[{"damage":2,"enemies":"Jaw Worm","floor":1,"turns":3},{"damage":0,"enemies":"Cultist","floor":2,"turns":3},{"damage":0,"enemies":"Small Slimes","floor":3,"turns":3},{"damage":13,"enemies":"Blue Slaver","floor":4,"turns":3},{"damage":10,"enemies":"Large Slime","floor":5,"turns":4},{"damage":14,"enemies":"Looter","floor":7,"turns":4},{"damage":12,"enemies":"3 Sentries","floor":8,"turns":6},{"damage":15,"enemies":"2 Fungi Beasts","floor":12,"turns":4},{"damage":0,"enemies":"Blue Slaver","floor":13,"turns":2},{"damage":22,"enemies":"The Guardian","floor":16,"turns":12},{"damage":28,"enemies":"2 Thieves","floor":18,"turns":4},{"damage":28,"enemies":"3 Byrds","floor":19,"turns":5},{"damage":22,"enemies":"3 Cultists","floor":21,"turns":5},{"damage":41,"enemies":"Snake Plant","floor":24,"turns":3}],"seed_played":"554993349237980837","potions_obtained":[{"floor":4,"key":"StancePotion"},{"floor":5,"key":"SkillPotion"},{"floor":8,"key":"Regen Potion"},{"floor":12,"key":"Swift Potion"},{"floor":18,"key":"Regen Potion"},{"floor":19,"key":"SneckoOil"}],"is_trial":false,"path_per_floor":["M","M","M","M","M","R","M","E","T","?","R","M","M","?","R","B",null,"M","M","$","M","?","R","M"],"character_chosen":"WATCHER","items_purchased":["Happy Flower","DeceiveReality"],"campfire_rested":3,"item_purchase_floors":[20,20],"current_hp_per_floor":[63,63,63,50,40,40,26,14,14,14,35,44,44,32,53,43,65,37,21,21,20,20,41,0,0],"gold":294,"neow_bonus":"THREE_CARDS","is_prod":false,"is_daily":false,"chose_seed":false,"campfire_upgraded":1,"win_rate":0,"timestamp":1607492172,"path_taken":["M","M","M","M","M","R","M","E","T","?","R","M","?","?","R","BOSS","M","M","$","M","?","R","M"],"build_version":"2020-11-30","purchased_purges":1,"victory":false,"max_hp_per_floor":[72,72,72,72,72,72,72,72,72,72,72,72,72,72,72,72,72,72,72,72,72,72,72,72,72],"card_choices":[{"not_picked":["CutThroughFate","Protect"],"picked":"FollowUp","floor":0},{"not_picked":["SashWhip","JustLucky"],"picked":"EmptyFist","floor":1},{"not_picked":["Fasting2","SignatureMove"],"picked":"Study","floor":2},{"not_picked":["Perseverance","Evaluate"],"picked":"BattleHymn","floor":3},{"not_picked":["CrushJoints","Indignation","CutThroughFate"],"picked":"SKIP","floor":4},{"not_picked":["Halt","FlurryOfBlows"],"picked":"Conclude","floor":5},{"not_picked":["SashWhip","LikeWater","Ragnarok"],"picked":"SKIP","floor":7},{"not_picked":["Sanctity","FollowUp","Halt"],"picked":"SKIP","floor":8},{"not_picked":["Crescendo","Prostrate","CutThroughFate"],"picked":"SKIP","floor":12},{"not_picked":["Prostrate","CutThroughFate","Evaluate"],"picked":"SKIP","floor":13},{"not_picked":["Devotion","Alpha"],"picked":"DevaForm","floor":16},{"not_picked":["FlurryOfBlows"],"picked":"SKIP","floor":18},{"not_picked":["Indignation"],"picked":"SKIP","floor":19},{"not_picked":["InnerPeace"],"picked":"SKIP","floor":21}],"player_experience":939260,"relics_obtained":[{"floor":8,"key":"Meat on the Bone"},{"floor":9,"key":"Art of War"}],"event_choices":[{"damage_healed":0,"gold_gain":100,"player_choice":"Pray","damage_taken":0,"max_hp_gain":0,"max_hp_loss":0,"event_name":"Golden Shrine","floor":10,"gold_loss":0},{"damage_healed":0,"gold_gain":0,"player_choice":"Success","damage_taken":12,"relics_obtained":["War Paint"],"max_hp_gain":0,"max_hp_loss":0,"event_name":"Scrap Ooze","floor":14,"gold_loss":0},{"damage_healed":0,"gold_gain":0,"player_choice":"Ignored","damage_taken":0,"max_hp_gain":0,"max_hp_loss":0,"event_name":"Cursed Tome","floor":22,"gold_loss":0}],"is_beta":false,"boss_relics":[{"not_picked":["Velvet Choker","Snecko Eye"],"picked":"Busted Crown"}],"items_purged_floors":[20],"is_endless":false,"potions_floor_spawned":[4,5,8,12,18,19],"killed_by":"Snake Plant","ascension_level":12}}