{"host":"g3js2eermvvpeiqn","time":1607478836,"event":{"gold_per_floor":[363,375,375,375,88,88,101,431,431,462,442,64,64,64],"floor_reached":13,"playtime":698,"items_purged":["Strike_R","Strike_R"],"score":186,"play_id":"b65b99f3-fe7e-4a4f-8224-85b8d025effd","local_time":"20201208195356","is_ascension_mode":true,"campfire_choices":[{"data":"Armaments","floor":6.0,"key":"SMITH"}],"neow_cost":"PERCENT_DAMAGE","seed_source_timestamp":594380179161600,"circlet_count":0,"master_deck":["AscendersBane","Strike_R","Strike_R","Strike_R","Defend_R","Defend_R","Defend_R","Bash","Iron Wave","Shrug It Off","Demon Form","Armaments+1","Pommel Strike","Heavy Blade"],"special_seed":0,"relics":["Burning Blood","Old Coin","The Courier","Toxic Egg 2","Membership Card","Girya","Bronze Scales"],"potions_floor_usage":[],"damage_taken":[{"damage":4.0,"enemies":"Small Slimes","floor":1.0,"turns":3.0},{"damage":1.0,"enemies":"Cultist","floor":2.0,"turns":3.0},{"damage":0.0,"enemies":"Jaw Worm","floor":7.0,"turns":4.0},{"damage":29.0,"enemies":"3 Sentries","floor":8.0,"turns":8.0},{"damage":13.0,"enemies":"Lagavulin","floor":10.0,"turns":6.0},{"damage":24.0,"enemies":"Exordium Thugs","floor":11.0,"turns":5.0},{"damage":0,"enemies":"3 Sentries","floor":13,"turns":1}],"seed_played":"-7918270890711399874","potions_obtained":[{"floor":1.0,"key":"ElixirPotion"},{"floor":11.0,"key":"Ancient Potion"}],"is_trial":false,"path_per_floor":["M","M","?","$","$","R","M","E","T","E","M","$","E"],"character_chosen":"IRONCLAD","items_purchased":["Demon Form","Armaments","Membership Card","Girya","Bronze Scales","Heavy Blade"],"campfire_rested":0,"item_purchase_floors":[5,5,12,12,12,12],"current_hp_per_floor":[52,57,57,57,57,57,63,40,40,33,15,15,15,15],"gold":64,"neow_bonus":"TWO_FIFTY_GOLD","is_prod":false,"is_daily":false,"chose_seed":false,"campfire_upgraded":1,"win_rate":0,"timestamp":1607478836,"path_taken":["M","M","?","?","$","R","M","E","T","E","?","$","E"],"build_version":"2020-11-30","purchased_purges":2,"victory":false,"max_hp_per_floor":[75,75,75,75,75,75,75,75,75,75,75,75,75,75],"card_choices":[{"not_picked":["Infernal Blade","Sword Boomerang"],"picked":"Iron Wave","floor":1.0},{"not_picked":["Havoc","Battle Trance"],"picked":"Shrug It Off","floor":2.0},{"not_picked":["Warcry","Twin Strike","Sword Boomerang"],"picked":"SKIP","floor":7.0},{"not_picked":["Clash","Body Slam","Wild Strike"],"picked":"SKIP","floor":8.0},{"not_picked":["Sword Boomerang","Juggernaut","Whirlwind"],"picked":"SKIP","floor":10.0},{"not_picked":["Flex+1","Twin Strike"],"picked":"Pommel Strike","floor":11.0}],"player_experience":1417595,"relics_obtained":[{"floor":8.0,"key":"Old Coin"},{"floor":9.0,"key":"The Courier"},{"floor":10.0,"key":"Toxic Egg 2"}],"event_choices":[{"cards_removed":["Defend_R"],"damage_healed":0.0,"max_hp_gain":0.0,"max_hp_loss":0.0,"gold_gain":0.0,"event_name":"Purifier","player_choice":"Purged","floor":3.0,"gold_loss":0.0,"damage_taken":0.0}],"is_beta":false,"boss_relics":[],"items_purged_floors":[5,12],"is_endless":false,"potions_floor_spawned":[1,11],"killed_by":"3 Sentries","ascension_level":20}}