{"host":"xr9kfrtt7uxz0mdc","time":1607545167,"event":{"gold_per_floor":[19,19,94,107,72,97,114,114,114,114,126,36,54,65,65,169,169,183,183,183,26,44,44,70,70,97,108,108,108,134,145,145,145,145],"floor_reached":33,"playtime":1869,"items_purged":[],"score":285,"play_id":"e3f52c23-cfc6-4154-aa3d-550ce0aa17bf","local_time":"20201209211927","is_ascension_mode":false,"campfire_choices":[{"data":"Well Laid Plans","floor":8,"key":"SMITH"},{"floor":15,"key":"REST"},{"floor":23,"key":"REST"},{"floor":29,"key":"REST"},{"floor":32,"key":"REST"}],"neow_cost":"NO_GOLD","seed_source_timestamp":440914481954200,"circlet_count":0,"master_deck":["Strike_G","Strike_G","Defend_G","Defend_G","Defend_G","Defend_G","Defend_G","Survivor","Neutralize","Bane","Blur","Heel Hook","Deadly Poison","Well Laid Plans+1","Backflip","Regret","Enlightenment","Deadly Poison","Tools of the Trade","Venomology","Poisoned Stab","Poisoned Stab","Noxious Fumes+1","Tactician"],"relics":["Ring of the Snake","Incense Burner","Bottled Flame","Lantern","Fusion Hammer","Enchiridion","Lee\u0027s Waffle","Letter Opener","Boot","Ancient Tea Set"],"potions_floor_usage":[24,27,27,30,33,33,33],"damage_taken":[{"damage":2,"enemies":"2 Louse","floor":1,"turns":4},{"damage":0,"enemies":"Jaw Worm","floor":4,"turns":3},{"damage":12,"enemies":"Gremlin Nob","floor":6,"turns":4},{"damage":2,"enemies":"Small Slimes","floor":7,"turns":4},{"damage":4,"enemies":"Exordium Wildlife","floor":11,"turns":4},{"damage":4,"enemies":"Blue Slaver","floor":13,"turns":4},{"damage":13,"enemies":"Exordium Thugs","floor":14,"turns":4},{"damage":24,"enemies":"The Guardian","floor":16,"turns":10},{"damage":12,"enemies":"Spheric Guardian","floor":18,"turns":6},{"damage":4,"enemies":"Chosen","floor":22,"turns":5},{"damage":81,"enemies":"Gremlin Leader","floor":24,"turns":11},{"damage":8,"enemies":"3 Cultists","floor":27,"turns":6},{"damage":39,"enemies":"Slavers","floor":30,"turns":7},{"damage":3,"enemies":"Centurion and Healer","floor":31,"turns":5},{"damage":67,"enemies":"Collector","floor":33,"turns":7}],"seed_played":"-1924156284137285416","potions_obtained":[{"floor":1,"key":"GamblersBrew"},{"floor":6,"key":"FairyPotion"},{"floor":7,"key":"AttackPotion"},{"floor":14,"key":"BlessingOfTheForge"},{"floor":30,"key":"SmokeBomb"}],"is_trial":false,"path_per_floor":["M","?","?","M","?","E","M","R","T","?","M","$","M","M","R","B",null,"M","?","?","$","M","R","E","$","T","M","?","R","E","M","R","B"],"character_chosen":"THE_SILENT","items_purchased":["Enlightenment","Lee\u0027s Waffle"],"campfire_rested":4,"item_purchase_floors":[12,21],"current_hp_per_floor":[68,68,57,57,70,58,56,56,56,56,52,52,48,35,56,32,70,58,42,42,77,73,77,23,23,23,30,30,53,29,26,49,0,0],"gold":145,"neow_bonus":"TRANSFORM_TWO_CARDS","is_prod":false,"is_daily":false,"chose_seed":false,"campfire_upgraded":1,"win_rate":0.0,"timestamp":1607545167,"path_taken":["M","?","?","M","?","E","M","R","T","?","M","?","M","M","R","BOSS","M","?","?","$","M","R","E","?","T","M","?","R","E","?","R","BOSS"],"build_version":"2020-11-30","purchased_purges":0,"victory":false,"max_hp_per_floor":[70,70,70,70,70,70,70,70,70,70,70,70,70,70,70,70,70,70,70,70,77,77,77,77,77,77,77,77,77,77,77,77,77,77],"card_choices":[{"not_picked":["Dodge and Roll","Deflect"],"picked":"Heel Hook","floor":1},{"not_picked":["Slice","Terror"],"picked":"Well Laid Plans","floor":4},{"not_picked":["Expertise","PiercingWail"],"picked":"Backflip","floor":6},{"not_picked":["Backflip","Expertise","Dagger Spray"],"picked":"SKIP","floor":7},{"not_picked":["Backflip","Underhanded Strike"],"picked":"Infinite Blades","floor":11},{"not_picked":["Heel Hook","Cloak And Dagger"],"picked":"Deadly Poison","floor":13},{"not_picked":["Catalyst","Eviscerate"],"picked":"Tools of the Trade","floor":14},{"not_picked":["Tools of the Trade","Storm of Steel"],"picked":"Venomology","floor":16},{"not_picked":["Dodge and Roll","All Out Attack","Deflect"],"picked":"SKIP","floor":18},{"not_picked":["Backflip","Dash"],"picked":"Poisoned Stab","floor":22},{"not_picked":["Accuracy","Blade Dance"],"picked":"Poisoned Stab","floor":24},{"not_picked":["Outmaneuver","Poisoned Stab+1"],"picked":"Noxious Fumes+1","floor":27},{"not_picked":["Accuracy+1","Prepared","All Out Attack"],"picked":"SKIP","floor":30},{"not_picked":["Tactician","Quick Slash","Flying Knee+1"],"picked":"SKIP","floor":31}],"player_experience":57699,"relics_obtained":[{"floor":6,"key":"Incense Burner"},{"floor":9,"key":"Bottled Flame"},{"floor":19,"key":"Enchiridion"},{"floor":24,"key":"Letter Opener"},{"floor":26,"key":"Boot"},{"floor":30,"key":"Ancient Tea Set"}],"event_choices":[{"damage_healed":0,"gold_gain":0,"cards_transformed":["Strike_G"],"player_choice":"Change","damage_taken":0,"max_hp_gain":0,"max_hp_loss":0,"event_name":"Living Wall","floor":2,"gold_loss":0,"cards_obtained":["Deadly Poison"]},{"damage_healed":0,"gold_gain":75,"player_choice":"Gather Gold","damage_taken":11,"max_hp_gain":0,"max_hp_loss":0,"event_name":"World of Goop","floor":3,"gold_loss":0},{"damage_healed":17,"gold_gain":0,"player_choice":"Healed","damage_taken":0,"max_hp_gain":0,"max_hp_loss":0,"event_name":"The Cleric","floor":5,"gold_loss":35},{"damage_healed":0,"gold_gain":0,"player_choice":"Box","damage_taken":0,"relics_obtained":["Lantern"],"max_hp_gain":0,"max_hp_loss":0,"event_name":"Big Fish","floor":10,"gold_loss":0,"cards_obtained":["Regret"]},{"damage_healed":0,"gold_gain":0,"player_choice":"Obtained Book","damage_taken":16,"max_hp_gain":0,"max_hp_loss":0,"event_name":"Cursed Tome","floor":19,"gold_loss":0},{"cards_removed":["Infinite Blades"],"damage_healed":0,"gold_gain":0,"player_choice":"Elegance","damage_taken":0,"max_hp_gain":0,"max_hp_loss":0,"event_name":"Back to Basics","floor":20,"gold_loss":0},{"damage_healed":0,"gold_gain":0,"player_choice":"Read","damage_taken":0,"max_hp_gain":0,"max_hp_loss":0,"event_name":"The Library","floor":28,"gold_loss":0,"cards_obtained":["Tactician"]}],"is_beta":false,"boss_relics":[{"not_picked":["Black Star","Snecko Eye"],"picked":"Fusion Hammer"}],"items_purged_floors":[],"is_endless":false,"potions_floor_spawned":[1,6,7,14,18,30],"killed_by":"Collector","ascension_level":0}}