{"host":"htpechobqgpaugnv","time":1607499427,"event":{"gold_per_floor":[109,109,127,146,159,192,192,192,192],"floor_reached":8,"playtime":169,"items_purged":[],"score":116,"play_id":"d06ae3df-417c-486d-8c4f-4578d604ad77","local_time":"20201209013707","is_ascension_mode":true,"campfire_choices":[{"data":"Deadly Poison","floor":7,"key":"SMITH"}],"neow_cost":"NONE","seed_source_timestamp":79577550501100,"circlet_count":0,"master_deck":["AscendersBane","Strike_G","Strike_G","Strike_G","Strike_G","Strike_G","Defend_G","Defend_G","Defend_G","Defend_G","Defend_G","Survivor","Neutralize","Deadly Poison+1","Sucker Punch","Dagger Throw","Footwork"],"special_seed":0,"relics":["Ring of the Snake","NeowsBlessing","CultistMask","Bird Faced Urn"],"potions_floor_usage":[6,8],"damage_taken":[{"damage":0,"enemies":"Small Slimes","floor":1,"turns":1},{"damage":0,"enemies":"Cultist","floor":3,"turns":1},{"damage":0,"enemies":"2 Louse","floor":4,"turns":1},{"damage":8,"enemies":"Looter","floor":5,"turns":3},{"damage":13,"enemies":"Lagavulin","floor":6,"turns":6},{"damage":46,"enemies":"3 Sentries","floor":8,"turns":6}],"seed_played":"-3518850284322613988","potions_obtained":[{"floor":4,"key":"BlessingOfTheForge"},{"floor":6,"key":"CultistPotion"}],"is_trial":false,"path_per_floor":["M","?","M","M","M","E","R","E"],"character_chosen":"THE_SILENT","items_purchased":[],"campfire_rested":0,"item_purchase_floors":[],"current_hp_per_floor":[59,59,59,59,51,38,38,0,0],"gold":192,"neow_bonus":"THREE_ENEMY_KILL","is_prod":false,"is_daily":false,"chose_seed":false,"campfire_upgraded":1,"win_rate":0,"timestamp":1607499427,"path_taken":["M","?","?","?","M","E","R","E"],"build_version":"2020-11-30","purchased_purges":0,"victory":false,"max_hp_per_floor":[66,66,66,66,66,66,66,66,66],"relic_stats":{"counters":[6,18],"Bird Faced Urn":[2],"obtain_stats":[{"NeowsBlessing":0,"Bird Faced Urn":6,"CultistMask":2,"Ring of the Snake":0},{"NeowsBlessing":0,"Bird Faced Urn":5,"CultistMask":1,"Ring of the Snake":0},{"NeowsBlessing":0,"Bird Faced Urn":12,"CultistMask":1,"Ring of the Snake":0}],"Ring of the Snake":[12]},"card_choices":[{"not_picked":["Blade Dance","Noxious Fumes"],"picked":"Deadly Poison","floor":1},{"not_picked":["Concentrate","Quick Slash"],"picked":"Sucker Punch","floor":3},{"not_picked":["Outmaneuver","Heel Hook"],"picked":"Dagger Throw","floor":4},{"not_picked":["Quick Slash","Endless Agony","Acrobatics"],"picked":"SKIP","floor":5},{"not_picked":["PiercingWail","Prepared"],"picked":"Footwork","floor":6}],"player_experience":1258737,"relics_obtained":[{"floor":6,"key":"Bird Faced Urn"}],"event_choices":[{"damage_healed":0,"gold_gain":0,"player_choice":"Trade","damage_taken":0,"relics_obtained":["CultistMask"],"max_hp_gain":0,"max_hp_loss":0,"event_name":"FaceTrader","floor":2,"gold_loss":0}],"is_beta":false,"boss_relics":[],"items_purged_floors":[],"is_endless":false,"potions_floor_spawned":[4,6],"killed_by":"3 Sentries","ascension_level":20}}