{"host":"l9fn0pydaze8nubc","time":1607480723,"event":{"gold_per_floor":[114,114,129,129,144,174,174,204,204,108,60,60,90,105,105,205,205,220,220,135,60,60,90,90,120,120,28,58,73,103,203,203,303,303,318,356,371,386,386,386,401,431,431,431,431],"floor_reached":44,"playtime":1681,"items_purged":[],"score":580,"play_id":"8e09f1fa-b230-43ae-96d3-ad18f6551508","local_time":"20201209152523","daily_mods":["SealedDeck","Purple Cards","Elite Swarm"],"is_ascension_mode":false,"campfire_choices":[{"data":"Wallop","floor":7.0,"key":"SMITH"},{"floor":15.0,"key":"REST"},{"data":"DevaForm","floor":24.0,"key":"SMITH"},{"floor":32,"key":"REST"},{"floor":40,"key":"REST"}],"neow_cost":"","seed_source_timestamp":0,"circlet_count":0,"master_deck":["WaveOfTheHand","PathToVictory","PathToVictory","Go for the Eyes","Redo","Cold Snap","FlurryOfBlows","FearNoEvil","Wallop+1","Sunder","CrushJoints","Swift Strike","Echo Form","Doom and Gloom","All For One","Swift Strike","Sweeping Beam","Stack","DevaForm+1","Necronomicurse","Blizzard","Core Surge","Electrodynamics","Fasting2","Ball Lightning","Consecrate+1","CurseOfTheBell","Genetic Algorithm+1","Parasite"],"special_seed":18605,"relics":["FrozenCore","InkBottle","Dream Catcher","Meat on the Bone","Orichalcum","Centennial Puzzle","Necronomicon","WingedGreaves","Pantograph","Ginger","Singing Bowl","White Beast Statue","Darkstone Periapt","Molten Egg 2","Dead Branch","Calling Bell","Nunchaku","HornCleat","StoneCalendar","Unceasing Top","Boot","Torii"],"potions_floor_usage":[36,44],"damage_taken":[{"damage":0.0,"enemies":"2 Louse","floor":1.0,"turns":2.0},{"damage":4.0,"enemies":"Cultist","floor":3.0,"turns":3.0},{"damage":8.0,"enemies":"Jaw Worm","floor":5.0,"turns":2.0},{"damage":20.0,"enemies":"Lagavulin","floor":6.0,"turns":4.0},{"damage":12.0,"enemies":"Gremlin Nob","floor":8.0,"turns":3.0},{"damage":5.0,"enemies":"Lagavulin","floor":13.0,"turns":4.0},{"damage":8.0,"enemies":"Lots of Slimes","floor":14.0,"turns":2.0},{"damage":28.0,"enemies":"Hexaghost","floor":16.0,"turns":7.0},{"damage":2.0,"enemies":"3 Byrds","floor":18.0,"turns":4.0},{"damage":23.0,"enemies":"Gremlin Leader","floor":23.0,"turns":5.0},{"damage":12.0,"enemies":"Slavers","floor":25.0,"turns":4.0},{"damage":10.0,"enemies":"Gremlin Leader","floor":28.0,"turns":4.0},{"damage":10,"enemies":"Spheric Guardian","floor":29,"turns":4},{"damage":16,"enemies":"Book of Stabbing","floor":30,"turns":5},{"damage":8,"enemies":"Colosseum Slavers","floor":31,"turns":3},{"damage":14,"enemies":"Colosseum Nobs","floor":31,"turns":4},{"damage":53,"enemies":"Automaton","floor":33,"turns":7},{"damage":6,"enemies":"Orb Walker","floor":35,"turns":4},{"damage":91,"enemies":"2 Orb Walkers","floor":36,"turns":6},{"damage":0,"enemies":"3 Darklings","floor":37,"turns":5},{"damage":44,"enemies":"Spire Growth","floor":38,"turns":5},{"damage":12,"enemies":"Writhing Mass","floor":41,"turns":6},{"damage":38,"enemies":"Reptomancer","floor":42,"turns":6},{"damage":44,"enemies":"Nemesis","floor":44,"turns":4}],"seed_played":"4494449258677458329","potions_obtained":[{"floor":1.0,"key":"Energy Potion"},{"floor":5.0,"key":"EssenceOfSteel"},{"floor":6.0,"key":"FearPotion"},{"floor":16.0,"key":"Block Potion"},{"floor":23.0,"key":"FairyPotion"},{"floor":29,"key":"LiquidBronze"},{"floor":31,"key":"PowerPotion"},{"floor":33,"key":"DistilledChaos"},{"floor":36,"key":"GamblersBrew"},{"floor":37,"key":"BlessingOfTheForge"}],"is_trial":false,"path_per_floor":["M","?","M","?","M","E","R","E","T","$","$","?","E","M","R","B",null,"M","?","?","$","?","E","R","E","T","$","E","M","E","?","R","B",null,"M","?","M","M","?","R","M","E","T","E"],"character_chosen":"DEFECT","items_purchased":["Swift Strike","Sweeping Beam","Blizzard","Fasting2","Ball Lightning"],"campfire_rested":3,"item_purchase_floors":[10,11,21,27,27],"current_hp_per_floor":[75,75,71,71,63,43,43,31,31,31,31,31,38,42,64,48,75,73,57,57,57,57,46,46,46,46,46,50,42,40,42,68,44,91,87,39,53,23,23,54,62,38,38,0,0],"gold":431,"neow_bonus":"","is_prod":false,"is_daily":true,"chose_seed":false,"campfire_upgraded":2,"win_rate":0,"timestamp":1607480723,"path_taken":["M","?","?","?","?","E","R","E","T","?","$","?","E","M","R","BOSS","M","?","?","?","?","E","R","E","T","$","E","?","E","?","R","BOSS","M","?","M","M","?","R","M","E","T","E"],"build_version":"2020-11-30","purchased_purges":0,"victory":false,"max_hp_per_floor":[75,75,75,75,75,75,75,75,75,75,75,75,75,75,75,75,75,75,75,75,75,75,75,75,75,75,75,77,79,81,81,83,85,91,93,93,95,97,97,99,107,109,109,109,109],"relic_stats":{"Darkstone Periapt":12,"Singing Bowl":22,"Torii":0,"counters":[24,103],"Dead Branch":[16],"StoneCalendar":[0],"Ginger":[6],"Orichalcum":[198],"Boot":[32],"FrozenCore":[29],"Dream Catcher":3,"Centennial Puzzle":[51],"Nunchaku":[10],"Pantograph":15,"Necronomicon":[37],"obtain_stats":[{"Darkstone Periapt":30,"Singing Bowl":26,"Torii":43,"Dead Branch":31,"StoneCalendar":34,"Ginger":25,"Orichalcum":9,"Boot":42,"White Beast Statue":28,"FrozenCore":17,"Calling Bell":34,"Dream Catcher":6,"Centennial Puzzle":13,"Nunchaku":34,"HornCleat":34,"Pantograph":23,"Molten Egg 2":31,"WingedGreaves":20,"Necronomicon":19,"Cracked Core":0,"InkBottle":4,"Unceasing Top":36,"Meat on the Bone":8},{"Darkstone Periapt":14,"Singing Bowl":11,"Torii":23,"Dead Branch":16,"StoneCalendar":17,"Ginger":11,"Orichalcum":5,"Boot":23,"White Beast Statue":12,"FrozenCore":8,"Calling Bell":17,"Dream Catcher":4,"Centennial Puzzle":6,"Nunchaku":17,"HornCleat":17,"Pantograph":10,"Molten Egg 2":16,"WingedGreaves":9,"Necronomicon":9,"Cracked Core":0,"InkBottle":2,"Unceasing Top":19,"Meat on the Bone":5},{"Darkstone Periapt":53,"Singing Bowl":40,"Torii":99,"Dead Branch":60,"StoneCalendar":67,"Ginger":40,"Orichalcum":14,"Boot":99,"White Beast Statue":44,"FrozenCore":27,"Calling Bell":67,"Dream Catcher":11,"Centennial Puzzle":18,"Nunchaku":67,"HornCleat":67,"Pantograph":36,"Molten Egg 2":60,"WingedGreaves":31,"Necronomicon":31,"Cracked Core":0,"InkBottle":5,"Unceasing Top":77,"Meat on the Bone":14}],"InkBottle":[36],"Unceasing Top":[1],"Meat on the Bone":180},"card_choices":[{"not_picked":["ThirdEye","Evaluate"],"picked":"CrushJoints","floor":1.0},{"not_picked":["Auto Shields","Consume"],"picked":"DeceiveReality","floor":3.0},{"not_picked":["FlyingSleeves","Scrape"],"picked":"Doom and Gloom","floor":5.0},{"not_picked":["Thunder Strike","Scrawl","Wish"],"picked":"SKIP","floor":6.0},{"not_picked":["Seek","Meteor Strike"],"picked":"All For One","floor":8.0},{"not_picked":["Seek","SpiritShield","Hyperbeam"],"picked":"SKIP","floor":13.0},{"not_picked":["Recycle","Meditate","Consume"],"picked":"SKIP","floor":14.0},{"not_picked":["Turbo","Heatsinks"],"picked":"Stack","floor":15.0},{"not_picked":["Alpha","ConjureBlade"],"picked":"DevaForm","floor":16.0},{"not_picked":["BattleHymn","Turbo","Sanctity"],"picked":"SKIP","floor":18.0},{"not_picked":["Blasphemy","Alpha"],"picked":"Core Surge","floor":23.0},{"not_picked":["Reboot","Machine Learning"],"picked":"Electrodynamics","floor":25.0},{"not_picked":["Buffer","Fission","Echo Form"],"picked":"Singing Bowl","floor":28.0},{"not_picked":["FollowUp","Coolheaded","CutThroughFate"],"picked":"Singing Bowl","floor":29},{"not_picked":["Scrawl","LessonLearned","Thunder Strike"],"picked":"Singing Bowl","floor":30},{"not_picked":["BowlingBash+1","SignatureMove+1"],"picked":"Consecrate+1","floor":31},{"not_picked":["Protect+1","CutThroughFate+1","FlyingSleeves+1"],"picked":"Singing Bowl","floor":32},{"not_picked":["ConjureBlade","MasterReality","Wish"],"picked":"Singing Bowl","floor":33},{"not_picked":["FollowUp+1","Stack","Streamline+1"],"picked":"Singing Bowl","floor":35},{"not_picked":["ClearTheMind","Perseverance"],"picked":"Genetic Algorithm+1","floor":36},{"not_picked":["Halt+1","Barrage+1","Ball Lightning+1"],"picked":"Singing Bowl","floor":37},{"not_picked":["CarveReality+1","Steam Power","Sweeping Beam+1"],"picked":"Singing Bowl","floor":38},{"not_picked":["Coolheaded+1","WheelKick+1","Turbo+1"],"picked":"Singing Bowl","floor":40},{"not_picked":["Reprogram+1","SashWhip+1","Cold Snap+1"],"picked":"Singing Bowl","floor":41},{"not_picked":["Thunder Strike+1","ConjureBlade","Devotion"],"picked":"Singing Bowl","floor":42}],"player_experience":992215,"relics_obtained":[{"floor":4.0,"key":"InkBottle"},{"floor":6.0,"key":"Dream Catcher"},{"floor":8.0,"key":"Meat on the Bone"},{"floor":9.0,"key":"Orichalcum"},{"floor":13.0,"key":"Centennial Puzzle"},{"floor":19.0,"key":"Necronomicon"},{"floor":23.0,"key":"Pantograph"},{"floor":25.0,"key":"Ginger"},{"floor":26.0,"key":"Singing Bowl"},{"floor":28.0,"key":"White Beast Statue"},{"floor":30,"key":"Darkstone Periapt"},{"floor":31,"key":"Molten Egg 2"},{"floor":31,"key":"Dead Branch"},{"floor":34,"key":"Nunchaku"},{"floor":34,"key":"HornCleat"},{"floor":34,"key":"StoneCalendar"},{"floor":36,"key":"Unceasing Top"},{"floor":42,"key":"Boot"},{"floor":43,"key":"Torii"}],"event_choices":[{"damage_healed":0.0,"max_hp_gain":0.0,"max_hp_loss":0.0,"gold_gain":0.0,"event_name":"Match and Keep!","player_choice":"2 cards matched","floor":2.0,"gold_loss":0.0,"damage_taken":0.0,"cards_obtained":["Swift Strike","Echo Form"]},{"damage_healed":0.0,"max_hp_gain":0.0,"max_hp_loss":0.0,"gold_gain":0.0,"event_name":"Wheel of Change","player_choice":"Relic","floor":4.0,"gold_loss":0.0,"damage_taken":0.0},{"damage_healed":0.0,"max_hp_gain":0.0,"max_hp_loss":0.0,"gold_gain":0.0,"event_name":"The Cleric","player_choice":"Leave","floor":12.0,"gold_loss":0.0,"damage_taken":0.0},{"damage_healed":0.0,"max_hp_gain":0.0,"max_hp_loss":0.0,"gold_gain":0.0,"event_name":"Cursed Tome","player_choice":"Obtained Book","floor":19.0,"gold_loss":0.0,"damage_taken":16.0},{"damage_healed":0.0,"max_hp_gain":0.0,"max_hp_loss":0.0,"gold_gain":0.0,"event_name":"Addict","player_choice":"Obtained Relic","floor":20.0,"gold_loss":85.0,"damage_taken":0.0,"relics_obtained":["WingedGreaves"]},{"damage_healed":0.0,"max_hp_gain":0.0,"max_hp_loss":0.0,"gold_gain":0.0,"event_name":"Back to Basics","player_choice":"Simplicity","floor":22.0,"gold_loss":0.0,"damage_taken":0.0,"cards_upgraded":[]},{"damage_healed":0,"gold_gain":0,"player_choice":"Fight","damage_taken":0,"max_hp_gain":0,"max_hp_loss":0,"event_name":"Colosseum","floor":31,"gold_loss":0},{"damage_healed":0,"gold_gain":0,"player_choice":"Fought Nobs","damage_taken":0,"max_hp_gain":0,"max_hp_loss":0,"event_name":"Colosseum","floor":31,"gold_loss":0},{"damage_healed":0,"gold_gain":0,"player_choice":"Fight","damage_taken":0,"max_hp_gain":0,"max_hp_loss":0,"event_name":"Mysterious Sphere","floor":36,"gold_loss":0},{"cards_removed":["DeceiveReality"],"damage_healed":0,"gold_gain":0,"player_choice":"Removed Skill","damage_taken":0,"max_hp_gain":0,"max_hp_loss":0,"event_name":"Falling","floor":39,"gold_loss":0}],"is_beta":false,"boss_relics":[{"not_picked":["SlaversCollar","Empty Cage"],"picked":"FrozenCore"},{"not_picked":["Runic Dome","Coffee Dripper"],"picked":"Calling Bell"}],"items_purged_floors":[],"is_endless":false,"potions_floor_spawned":[1,5,6,16,23,29,30,31,31,33,35,36,37,38,41,42],"killed_by":"Nemesis","ascension_level":0}}