{"host":"cz3p2o9n3b1gdmkz","time":1607489445,"event":{"gold_per_floor":[110,128,147,72,72,101,101,121,146,161,180,180,180,180],"floor_reached":12,"playtime":770,"items_purged":["MokouMod:Strike"],"score":82,"play_id":"07aa851f-1d7e-4743-9d78-f14c3aef7603","local_time":"20201209135045","is_ascension_mode":false,"campfire_choices":[{"data":"MokouMod:FlickeringFlame","floor":7.0,"key":"SMITH"}],"neow_cost":"NONE","seed_source_timestamp":17110662774900,"circlet_count":0,"master_deck":["MokouMod:Strike","MokouMod:Strike","MokouMod:Strike","MokouMod:Strike","MokouMod:Defend","MokouMod:Defend","MokouMod:Defend","MokouMod:Defend","MokouMod:HeatSpark","MokouMod:FlareStarter","MokouMod:FlickeringFlame+1","MokouMod:ControlledCombustion","MokouMod:IllusoryBattlefield","MokouMod:ThermalPressure","MokouMod:Overheat"],"special_seed":0,"relics":["MokouMod:PhoenixFeather","NeowsBlessing","Pet Ghost","DemoMod:MonsterBlood"],"potions_floor_usage":[],"damage_taken":[{"damage":0.0,"enemies":"Cultist","floor":1.0,"turns":1.0},{"damage":0.0,"enemies":"Small Slimes","floor":2.0,"turns":1.0},{"damage":0.0,"enemies":"2 Louse","floor":3.0,"turns":2.0},{"damage":33.0,"enemies":"Gremlin Nob","floor":6.0,"turns":5.0},{"damage":8,"enemies":"Gremlin Gang","floor":8,"turns":4},{"damage":10,"enemies":"Looter","floor":10,"turns":2},{"damage":17,"enemies":"Exordium Thugs","floor":11,"turns":3},{"damage":0,"enemies":"Large Slime","floor":12,"turns":1}],"seed_played":"-1674738842648243821","potions_obtained":[{"floor":3.0,"key":"BlessingOfTheForge"},{"floor":11,"key":"GamblersBrew"}],"is_trial":false,"path_per_floor":["M","M","M","$","?","E","R","M","T","M","M","M"],"character_chosen":"MKU","items_purchased":[],"campfire_rested":0,"item_purchase_floors":[],"current_hp_per_floor":[75,75,75,75,75,42,42,34,41,31,14,14,14,14],"gold":180,"neow_bonus":"THREE_ENEMY_KILL","is_prod":false,"is_daily":false,"chose_seed":false,"campfire_upgraded":1,"win_rate":0.0,"timestamp":1607489445,"path_taken":["M","M","M","$","?","E","R","M","T","M","M","M"],"build_version":"2020-11-30","purchased_purges":1,"victory":false,"max_hp_per_floor":[75,75,75,75,75,75,75,75,82,82,82,82,82,82],"card_choices":[{"not_picked":["MokouMod:Firecracker","MokouMod:Meltdown"],"picked":"MokouMod:FlareStarter","floor":1.0},{"not_picked":["MokouMod:InfernalWave","MokouMod:Overheat"],"picked":"MokouMod:FlickeringFlame","floor":2.0},{"not_picked":["MokouMod:CrimsonFlare","MokouMod:FujiyamaVolcano","MokouMod:Stoke"],"picked":"SKIP","floor":3.0},{"not_picked":["MokouMod:UncontrollableSolarReaction","MokouMod:ExplosiveFlame"],"picked":"MokouMod:ControlledCombustion","floor":6.0},{"not_picked":["MokouMod:Firecracker","MokouMod:TemporalFireSeal"],"picked":"MokouMod:IllusoryBattlefield","floor":8},{"not_picked":["MokouMod:ImperishableFlame","MokouMod:FlickeringFlame"],"picked":"MokouMod:ThermalPressure","floor":10},{"not_picked":["MokouMod:RoaringFlare","MokouMod:TemporalFireSeal"],"picked":"MokouMod:Overheat","floor":11}],"player_experience":693821,"relics_obtained":[{"floor":6.0,"key":"Pet Ghost"},{"floor":9,"key":"DemoMod:MonsterBlood"}],"event_choices":[{"damage_healed":0.0,"max_hp_gain":0.0,"max_hp_loss":0.0,"gold_gain":0.0,"event_name":"NoteForYourself","player_choice":"Ignored","floor":5.0,"gold_loss":0.0,"damage_taken":0.0}],"is_beta":false,"boss_relics":[],"items_purged_floors":[4],"is_endless":false,"potions_floor_spawned":[3,11],"killed_by":"Large Slime","ascension_level":0}}