{"host":"ek3xvuouaw6vk9if","time":1607489704,"event":{"gold_per_floor":[11,28,46,46,62,91,91,91,170,95,105,105,105,105],"floor_reached":13,"playtime":340,"items_purged":["Strike_R"],"score":123,"play_id":"5f5684d1-a535-4b29-be2e-e0e33c298f7b","local_time":"20201208235504","is_ascension_mode":true,"campfire_choices":[{"data":"Double Tap","floor":12,"key":"SMITH"}],"neow_cost":"NO_GOLD","seed_source_timestamp":20092098587700,"circlet_count":0,"master_deck":["Strike_R","Strike_R","Strike_R","Strike_R","Defend_R","Defend_R+1","Defend_R+1","Defend_R","Bash","Double Tap+1","Headbutt","Perfected Strike","Cleave","Body Slam+1"],"relics":["Burning Blood","Gambling Chip","Pen Nib","White Beast Statue"],"potions_floor_usage":[6,13],"damage_taken":[{"damage":7,"enemies":"2 Louse","floor":1,"turns":3},{"damage":0,"enemies":"Small Slimes","floor":2,"turns":3},{"damage":13,"enemies":"Jaw Worm","floor":3,"turns":4},{"damage":17,"enemies":"Looter","floor":5,"turns":3},{"damage":26,"enemies":"3 Sentries","floor":6,"turns":8},{"damage":1,"enemies":"2 Fungi Beasts","floor":11,"turns":3},{"damage":24,"enemies":"Lagavulin","floor":13,"turns":3}],"seed_played":"-5495420468933729281","potions_obtained":[{"floor":3,"key":"Swift Potion"},{"floor":6,"key":"Elixir"},{"floor":11,"key":"PowerPotion"}],"is_trial":false,"path_per_floor":["M","M","M","?","M","E","?","?","T","$","M","R","E"],"character_chosen":"IRONCLAD","items_purchased":[],"campfire_rested":0,"item_purchase_floors":[],"current_hp_per_floor":[71,77,70,54,43,23,23,11,11,11,16,16,0,0],"gold":105,"neow_bonus":"THREE_RARE_CARDS","is_prod":false,"is_daily":false,"chose_seed":false,"campfire_upgraded":1,"win_rate":0,"timestamp":1607489704,"path_taken":["M","M","M","?","M","E","?","?","T","$","M","R","E"],"build_version":"2020-11-30","purchased_purges":1,"victory":false,"max_hp_per_floor":[80,80,80,80,80,80,80,80,80,80,80,80,80,80],"card_choices":[{"not_picked":["Eclipse","Juggernaut"],"picked":"Double Tap","floor":0},{"not_picked":["Run Through","Twin Strike"],"picked":"ReplayTheSpireMod:LeadingStrike","floor":1},{"not_picked":["Warcry","Life Link"],"picked":"Headbutt","floor":2},{"not_picked":["Rupture","Uppercut"],"picked":"Perfected Strike","floor":3},{"not_picked":["Entrench","Feel No Pain"],"picked":"Cleave","floor":5},{"not_picked":["Reaper","Heavy Blade","Searing Blow"],"picked":"SKIP","floor":6},{"not_picked":["Flex","Massacre","Fire Breathing"],"picked":"SKIP","floor":11}],"player_experience":458786,"relics_obtained":[{"floor":6,"key":"Gambling Chip"},{"floor":9,"key":"White Beast Statue"}],"event_choices":[{"damage_healed":0,"gold_gain":0,"player_choice":"Entered Light","damage_taken":16,"max_hp_gain":0,"max_hp_loss":0,"event_name":"Shining Light","floor":4,"gold_loss":0,"cards_upgraded":["Defend_R","Defend_R"]},{"damage_healed":0,"gold_gain":0,"player_choice":"Success","damage_taken":12,"relics_obtained":["Pen Nib"],"max_hp_gain":0,"max_hp_loss":0,"event_name":"Scrap Ooze","floor":8,"gold_loss":0}],"is_beta":false,"boss_relics":[],"items_purged_floors":[10],"is_endless":false,"potions_floor_spawned":[3,6,11],"killed_by":"Lagavulin","ascension_level":9}}