{"host":"r3d3rfw8zyydmocx","time":1607543734,"event":{"gold_per_floor":[111,122,142,417,433,433,445,471,521,541,570,586,586,603,603,702,702,721,671,770,782,782,828,828,828],"floor_reached":24,"playtime":1878,"items_purged":[],"score":230,"play_id":"6232ae4a-915e-4ae8-b2d4-82f51c3eacdb","local_time":"20201209115534","is_ascension_mode":false,"campfire_choices":[{"data":"hermit:Enervate","floor":6.0,"key":"SMITH"},{"data":"hermit:Snipe","floor":13.0,"key":"SMITH"},{"data":"hermit:FromBeyond","floor":15.0,"key":"SMITH"}],"neow_cost":"NONE","seed_source_timestamp":0,"circlet_count":0,"master_deck":["hermit:Strike_Hermit","hermit:Strike_Hermit","hermit:Strike_Hermit","hermit:Strike_Hermit","hermit:Defend_Hermit","hermit:Defend_Hermit","hermit:Defend_Hermit","hermit:Defend_Hermit","hermit:Snapshot","hermit:Covet","hermit:LowProfile","hermit:ItchyTrigger","hermit:BigShot","Regret","hermit:Enervate+1","hermit:Gestalt","hermit:Snipe+1","hermit:FromBeyond+1","hermit:FinalCanter","hermit:RoundhouseKick","Replay:ManipulateFuture+1","conspire:SpireCoStock","Weave","hermit:Manifest"],"special_seed":0,"relics":["hermit:Momento","NeowsBlessing","Blue Candle","Bronze Scales","Bag of Preparation","aspiration:WatcherSkillbook","Replay:Ringing Soul","conspire:TopHat"],"potions_floor_usage":[23,23,23,23,23,24],"damage_taken":[{"damage":0.0,"enemies":"Cultist","floor":1.0,"turns":1.0},{"damage":0.0,"enemies":"Small Slimes","floor":2.0,"turns":1.0},{"damage":2.0,"enemies":"conspire:RoseBush","floor":3.0,"turns":1.0},{"damage":5.0,"enemies":"3 Louse","floor":5.0,"turns":5.0},{"damage":2.0,"enemies":"Blue Slaver","floor":7.0,"turns":4.0},{"damage":23.0,"enemies":"Gremlin Nob","floor":8.0,"turns":5.0},{"damage":0.0,"enemies":"Exordium Wildlife","floor":10.0,"turns":3.0},{"damage":2.0,"enemies":"3 Sentries","floor":11.0,"turns":6.0},{"damage":9.0,"enemies":"2 Fungi Beasts","floor":12.0,"turns":3.0},{"damage":2.0,"enemies":"Blue Slaver","floor":14.0,"turns":3.0},{"damage":14.0,"enemies":"Slime Boss","floor":16.0,"turns":10.0},{"damage":8.0,"enemies":"3 Byrds","floor":18.0,"turns":3.0},{"damage":12.0,"enemies":"Shell Parasite","floor":21.0,"turns":4.0},{"damage":53,"enemies":"Slavers","floor":23,"turns":6},{"damage":11,"enemies":"Snake Plant","floor":24,"turns":2}],"seed_played":"7342579617644199444","potions_obtained":[{"floor":3.0,"key":"Strength Potion"},{"floor":7.0,"key":"ColorlessPotion"},{"floor":8.0,"key":"Explosive Potion"},{"floor":10.0,"key":"Adrenaline Potion"},{"floor":21.0,"key":"EntropicBrew"},{"floor":23,"key":"Fire Potion"}],"is_trial":false,"path_per_floor":["M","M","M","?","M","R","M","E","T","M","E","M","R","M","R","B",null,"M","?","?","M","T","E","M"],"character_chosen":"HERMIT","items_purchased":[],"campfire_rested":0,"item_purchase_floors":[],"current_hp_per_floor":[75,75,73,73,68,68,66,43,43,43,41,32,32,30,30,16,75,67,67,67,55,55,5,0,0],"gold":828,"neow_bonus":"THREE_ENEMY_KILL","is_prod":false,"is_daily":false,"chose_seed":false,"campfire_upgraded":3,"win_rate":0.0,"timestamp":1607543734,"path_taken":["M","M","?","?","M","R","M","E","T","M","E","M","R","?","R","BOSS","M","?","?","M","?","E","M"],"build_version":"2020-11-30","purchased_purges":0,"victory":false,"max_hp_per_floor":[75,75,75,75,75,75,75,75,75,75,75,75,75,75,75,75,75,75,75,75,75,75,78,78,78],"card_choices":[{"not_picked":["hermit:Misfire","hermit:Headshot"],"picked":"hermit:LowProfile","floor":1.0},{"not_picked":["hermit:Feint","hermit:Virtue"],"picked":"hermit:ItchyTrigger","floor":2.0},{"not_picked":["hermit:Coalescence","hermit:ItchyTrigger"],"picked":"hermit:BigShot","floor":3.0},{"not_picked":["hermit:Vantage","hermit:ItchyTrigger"],"picked":"hermit:Enervate","floor":5.0},{"not_picked":["hermit:Misfire","hermit:HoleUp"],"picked":"hermit:Gestalt","floor":7.0},{"not_picked":["hermit:GhostlyPresence","hermit:Vantage"],"picked":"hermit:Snipe","floor":8.0},{"not_picked":["hermit:SprayPray","hermit:LowProfile","hermit:ItchyTrigger"],"picked":"SKIP","floor":10.0},{"not_picked":["hermit:ShadowCloak","hermit:Glare","hermit:Manifest"],"picked":"SKIP","floor":11.0},{"not_picked":["hermit:TrackingShot","hermit:CalledShot"],"picked":"hermit:FromBeyond","floor":12.0},{"not_picked":["hermit:HoleUp","hermit:TrackingShot"],"picked":"hermit:FinalCanter","floor":14.0},{"not_picked":["hermit:Adapt","hermit:OverwhelmingPower"],"picked":"hermit:RoundhouseKick","floor":16.0},{"not_picked":["WindmillStrike","Adaptation","Replay:AtTheReady+1"],"picked":"Replay:ManipulateFuture+1","floor":18.0},{"not_picked":["CrushJoints","Perseverance","ReachHeaven"],"picked":"Weave","floor":21.0},{"not_picked":["Swivel","Perseverance","FollowUp"],"picked":"hermit:Manifest","floor":23}],"player_experience":433222,"relics_obtained":[{"floor":8.0,"key":"Blue Candle"},{"floor":9.0,"key":"Bronze Scales"},{"floor":11.0,"key":"Bag of Preparation"},{"floor":22.0,"key":"Replay:Ringing Soul"},{"floor":23,"key":"conspire:TopHat"}],"event_choices":[{"damage_healed":0.0,"max_hp_gain":0.0,"max_hp_loss":0.0,"gold_gain":275.0,"event_name":"Golden Shrine","player_choice":"Desecrate","floor":4.0,"gold_loss":0.0,"damage_taken":0.0,"cards_obtained":["Regret"]},{"damage_healed":0.0,"max_hp_gain":0.0,"max_hp_loss":0.0,"gold_gain":0.0,"event_name":"conspire:Investor","player_choice":"Invest 1","floor":19.0,"gold_loss":0.0,"damage_taken":0.0},{"damage_healed":0.0,"max_hp_gain":0.0,"max_hp_loss":0.0,"gold_gain":99.0,"event_name":"Nest","player_choice":"Stole From Cult","floor":20.0,"gold_loss":0.0,"damage_taken":0.0}],"is_beta":false,"boss_relics":[{"not_picked":["Calling Bell","Painkiller Herb"],"picked":"aspiration:WatcherSkillbook"}],"items_purged_floors":[],"is_endless":false,"potions_floor_spawned":[3,7,8,10,21,23],"killed_by":"Snake Plant","ascension_level":0}}