{"host":"zx10cf1fsoa3eqiy","time":1607498417,"event":{"gold_per_floor":[117,82,82,82,94,123,123,149,149,149,81,81,98,131,131,131,131],"floor_reached":16,"playtime":446,"items_purged":[],"score":162,"play_id":"e1da011d-8c00-4289-bb00-55f99a90de8f","local_time":"20201209152017","is_ascension_mode":true,"campfire_choices":[{"data":"Zap","floor":7.0,"key":"SMITH"},{"floor":10,"key":"REST"},{"floor":12,"key":"REST"},{"floor":15,"key":"REST"}],"neow_cost":"NONE","seed_source_timestamp":14790992808800,"circlet_count":0,"master_deck":["Strike_B","Strike_B","Strike_B","Strike_B","Defend_B","Defend_B","Defend_B","Defend_B","Zap+1","Dualcast","Sweeping Beam","ReplayTheSpireMod:System Scan","Regret","Heatsinks","Defragment","White Noise"],"special_seed":0,"relics":["Cracked Core","NeowsBlessing","Divine Protection","yuri:PortableGlitches","Bag of Preparation","Mummified Hand","ReplayTheSpireMod:Ninjato"],"potions_floor_usage":[14,16],"damage_taken":[{"damage":0.0,"enemies":"Jaw Worm","floor":1.0,"turns":1.0},{"damage":0.0,"enemies":"Small Slimes","floor":5.0,"turns":1.0},{"damage":0.0,"enemies":"3 Sentries","floor":6.0,"turns":1.0},{"damage":61,"enemies":"Lagavulin","floor":8,"turns":7},{"damage":0,"enemies":"Cultist","floor":13,"turns":3},{"damage":52,"enemies":"3 Sentries","floor":14,"turns":8},{"damage":29,"enemies":"Hexaghost","floor":16,"turns":9}],"seed_played":"2051105917513082646","potions_obtained":[{"floor":5.0,"key":"SpeedPotion"},{"floor":8,"key":"Doom Potion"},{"floor":13,"key":"SpeedPotion"}],"is_trial":false,"path_per_floor":["M","$","?","?","M","E","R","E","T","R","$","R","M","E","R","B"],"character_chosen":"DEFECT","items_purchased":["ReplayTheSpireMod:System Scan","Defragment"],"campfire_rested":3,"item_purchase_floors":[2,11],"current_hp_per_floor":[75,75,75,75,75,75,75,14,14,36,36,58,58,6,28,0,0],"gold":131,"neow_bonus":"THREE_ENEMY_KILL","is_prod":false,"is_daily":false,"chose_seed":false,"campfire_upgraded":1,"win_rate":0,"timestamp":1607498417,"path_taken":["M","$","?","?","?","E","R","E","T","R","?","R","M","E","R","BOSS"],"build_version":"2020-11-30","purchased_purges":0,"victory":false,"max_hp_per_floor":[75,75,75,75,75,75,75,75,75,75,75,75,75,75,75,75,75],"card_choices":[{"not_picked":["Turbo","Hologram"],"picked":"Sweeping Beam","floor":1.0},{"not_picked":["Panic Button","Turbo","Doom and Gloom"],"picked":"SKIP","floor":5.0},{"not_picked":["FTL","ReplaySolidLightProjector"],"picked":"Heatsinks","floor":6.0},{"not_picked":["Redo","Heatsinks","Go for the Eyes"],"picked":"SKIP","floor":8},{"not_picked":["Sweeping Beam","Redo","Panic Button"],"picked":"SKIP","floor":13},{"not_picked":["BasicCrystalCard","Compile Driver"],"picked":"White Noise","floor":14}],"player_experience":231148,"relics_obtained":[{"floor":6.0,"key":"yuri:PortableGlitches"},{"floor":8,"key":"Bag of Preparation"},{"floor":9,"key":"Mummified Hand"},{"floor":14,"key":"ReplayTheSpireMod:Ninjato"}],"event_choices":[{"damage_healed":0.0,"max_hp_gain":0.0,"max_hp_loss":0.0,"gold_gain":0.0,"event_name":"Golden Wing","player_choice":"Ignored","floor":3.0,"gold_loss":0.0,"damage_taken":0.0},{"damage_healed":0.0,"max_hp_gain":0.0,"max_hp_loss":0.0,"gold_gain":0.0,"event_name":"Big Fish","player_choice":"Box","floor":4.0,"gold_loss":0.0,"damage_taken":0.0,"relics_obtained":["Divine Protection"],"cards_obtained":["Regret"]}],"is_beta":false,"boss_relics":[],"items_purged_floors":[],"is_endless":false,"potions_floor_spawned":[5,8,13],"killed_by":"Hexaghost","ascension_level":3}}