{"host":"p7j7o00jacnw7qzt","time":1607549153,"event":{"gold_per_floor":[158,158,198,253,306,306,231,231,255,155,214,258,323,367,367,439,439,476,487,537,82,82,118,156,156,180,219,257,257,296,296,296,398,398,460,460,460,503,503,559,634,689,712,763,763,802,364,450,450,475,500,500,500,160,187,187],"floor_reached":57,"playtime":4247,"items_purged":["Strike_G","Defend_G","Strike_G","Strike_G+1","HandOfGreed+1"],"score":3067,"play_id":"3aae660f-7b6c-4a1b-9ccd-cb92373bd6e4","local_time":"20201209162553","is_ascension_mode":true,"campfire_choices":[{"data":"HandOfGreed","floor":6.0,"key":"SMITH"},{"floor":8.0,"key":"REST"},{"data":"Footwork","floor":15.0,"key":"SMITH"},{"data":"Flechettes","floor":29.0,"key":"SMITH"},{"data":"Prepared","floor":32.0,"key":"SMITH"},{"data":"Purity","floor":45,"key":"SMITH"},{"floor":49,"key":"RECALL"},{"data":"Footwork","floor":53,"key":"SMITH"}],"neow_cost":"PERCENT_DAMAGE","seed_source_timestamp":2122499164885500,"circlet_count":0,"master_deck":["AscendersBane","Defend_G","Defend_G","Defend_G","Defend_G","Survivor","Neutralize+1","Prepared+1","Escape Plan","Footwork+1","Backflip+1","Terror","Expertise+1","Escape Plan+1","Backflip+1","Flechettes+1","Acrobatics+1","Reflex+1","Blade Dance+1","Ghostly","Ghostly","Ghostly+1","Tactician+1","Purity+1","Master of Strategy","Concentrate","Footwork+1"],"special_seed":0,"relics":["Ring of the Snake","Bronze Scales","Ancient Tea Set","Astrolabe","Orrery","Art of War","Pen Nib","Runic Pyramid","Molten Egg 2","Thread and Needle","War Paint","Whetstone","Paper Crane","OrangePellets","Oddly Smooth Stone"],"potions_floor_usage":[56,56],"damage_taken":[{"damage":1.0,"enemies":"2 Louse","floor":1.0,"turns":3.0},{"damage":2.0,"enemies":"Jaw Worm","floor":3.0,"turns":5.0},{"damage":0.0,"enemies":"Small Slimes","floor":4.0,"turns":4.0},{"damage":26.0,"enemies":"Exordium Thugs","floor":5.0,"turns":7.0},{"damage":18.0,"enemies":"Gremlin Nob","floor":11.0,"turns":4.0},{"damage":1.0,"enemies":"Blue Slaver","floor":12.0,"turns":4.0},{"damage":7.0,"enemies":"Large Slime","floor":13.0,"turns":7.0},{"damage":0.0,"enemies":"Looter","floor":14.0,"turns":4.0},{"damage":7.0,"enemies":"Hexaghost","floor":16.0,"turns":8.0},{"damage":3.0,"enemies":"2 Thieves","floor":18.0,"turns":3.0},{"damage":6.0,"enemies":"Spheric Guardian","floor":19.0,"turns":5.0},{"damage":0.0,"enemies":"Snecko","floor":23.0,"turns":4.0},{"damage":5.0,"enemies":"Chosen and Byrds","floor":24.0,"turns":5.0},{"damage":2.0,"enemies":"Centurion and Healer","floor":27.0,"turns":7.0},{"damage":25.0,"enemies":"Shelled Parasite and Fungi","floor":28.0,"turns":5.0},{"damage":0.0,"enemies":"Snake Plant","floor":30.0,"turns":3.0},{"damage":4.0,"enemies":"Collector","floor":33.0,"turns":9.0},{"damage":1.0,"enemies":"3 Shapes","floor":35.0,"turns":4.0},{"damage":1.0,"enemies":"Orb Walker","floor":38.0,"turns":3.0},{"damage":0.0,"enemies":"Nemesis","floor":40.0,"turns":3.0},{"damage":1.0,"enemies":"2 Orb Walkers","floor":41.0,"turns":5.0},{"damage":0.0,"enemies":"Reptomancer","floor":42.0,"turns":3.0},{"damage":0,"enemies":"Giant Head","floor":44,"turns":3},{"damage":0,"enemies":"Maw","floor":46,"turns":3},{"damage":3,"enemies":"4 Shapes","floor":48,"turns":4},{"damage":0,"enemies":"Time Eater","floor":50,"turns":5},{"damage":0,"enemies":"Donu and Deca","floor":51,"turns":3},{"damage":0,"enemies":"Shield and Spear","floor":55,"turns":2},{"damage":26,"enemies":"The Heart","floor":56,"turns":7}],"seed_played":"5569825161023913418","potions_obtained":[{"floor":5.0,"key":"SpeedPotion"},{"floor":14.0,"key":"Strength Potion"},{"floor":18.0,"key":"SkillPotion"},{"floor":19.0,"key":"BlessingOfTheForge"},{"floor":30.0,"key":"Fruit Juice"},{"floor":38.0,"key":"Block Potion"},{"floor":42.0,"key":"Weak Potion"},{"floor":48,"key":"DuplicationPotion"}],"is_trial":false,"path_per_floor":["M","?","M","M","M","R","$","R","T","$","E","M","M","M","R","B",null,"M","M","?","$","?","M","M","?","T","M","M","R","M","?","R","B",null,"M","?","?","M","?","E","?","E","T","E","R","M","$","M","R","B","B",null,"R","$","E","B",null],"character_chosen":"THE_SILENT","items_purchased":["Orrery","Art of War","Paper Crane","OrangePellets"],"campfire_rested":1,"item_purchase_floors":[21,21,47,54],"current_hp_per_floor":[43,43,41,41,15,15,15,34,34,34,16,15,8,8,8,1,50,47,41,41,41,41,41,36,33,33,31,6,6,6,6,6,2,25,24,24,14,18,18,18,17,17,17,17,17,17,17,14,14,14,14,32,32,32,32,6],"gold":187,"neow_bonus":"RANDOM_COLORLESS_2","is_prod":false,"is_daily":false,"chose_seed":false,"campfire_upgraded":6,"win_rate":0,"timestamp":1607549153,"path_taken":["M","?","M","M","M","R","$","R","T","$","E","M","M","M","R","BOSS","M","M","?","$","?","M","M","?","T","?","M","R","M","?","R","BOSS","M","?","?","M","?","E","?","E","T","E","R","M","$","M","R","BOSS","BOSS","R","$","E","BOSS"],"build_version":"2020-11-30","purchased_purges":5,"victory":true,"max_hp_per_floor":[66,66,66,66,66,66,66,66,66,66,66,66,66,66,66,66,66,66,66,66,66,66,66,66,33,33,33,33,33,33,33,33,33,33,33,33,33,38,38,38,38,38,38,38,38,38,38,38,38,38,38,38,38,38,38,38],"relic_stats":{"OrangePellets":[3],"counters":[29,132],"Bronze Scales":[421],"Astrolabe":["Expertise","Escape Plan","Backflip"],"Pen Nib":[16],"Art of War":[20],"Whetstone":["Strike_G"],"War Paint":["Ghostly","Backflip"],"obtain_stats":[{"Astrolabe":17,"Oddly Smooth Stone":55,"Thread and Needle":41,"Pen Nib":26,"Whetstone":44,"War Paint":42,"Paper Crane":47,"Ancient Tea Set":11,"OrangePellets":54,"Bronze Scales":9,"Orrery":21,"Molten Egg 2":40,"Art of War":21,"Ring of the Snake":0,"Runic Pyramid":34},{"Astrolabe":9,"Oddly Smooth Stone":28,"Thread and Needle":21,"Pen Nib":13,"Whetstone":23,"War Paint":22,"Paper Crane":24,"Ancient Tea Set":5,"OrangePellets":27,"Bronze Scales":4,"Orrery":11,"Molten Egg 2":20,"Art of War":11,"Ring of the Snake":0,"Runic Pyramid":17},{"Astrolabe":46,"Oddly Smooth Stone":125,"Thread and Needle":102,"Pen Nib":63,"Whetstone":108,"War Paint":105,"Paper Crane":111,"Ancient Tea Set":23,"OrangePellets":123,"Bronze Scales":19,"Orrery":54,"Molten Egg 2":97,"Art of War":54,"Ring of the Snake":0,"Runic Pyramid":87}],"Ring of the Snake":[58]},"card_choices":[{"not_picked":["The Bomb","Chrysalis"],"picked":"HandOfGreed","floor":0.0},{"not_picked":["Dash","Dagger Throw","Endless Agony"],"picked":"SKIP","floor":1.0},{"not_picked":["Outmaneuver","Dash"],"picked":"Prepared","floor":3.0},{"not_picked":["Poisoned Stab","Masterful Stab","Setup"],"picked":"SKIP","floor":4.0},{"not_picked":["Choke","Sucker Punch"],"picked":"Escape Plan","floor":5.0},{"not_picked":["Cloak And Dagger","PiercingWail"],"picked":"Backflip","floor":11.0},{"not_picked":["Setup","PiercingWail"],"picked":"Footwork","floor":12.0},{"not_picked":["Underhanded Strike","Deflect"],"picked":"Backflip","floor":13.0},{"not_picked":["Deadly Poison","Dagger Throw"],"picked":"Terror","floor":14.0},{"not_picked":["Grand Finale","Die Die Die"],"picked":"Corpse Explosion","floor":16.0},{"not_picked":["Quick Slash","Sucker Punch"],"picked":"Flechettes","floor":18.0},{"not_picked":["Heel Hook+1","Bane","Terror"],"picked":"SKIP","floor":19.0},{"not_picked":["Prepared","Choke"],"picked":"Acrobatics+1","floor":21.0},{"not_picked":["Bane","Sucker Punch"],"picked":"Reflex+1","floor":21.0},{"not_picked":["Masterful Stab","Dodge and Roll"],"picked":"Blade Dance+1","floor":23.0},{"not_picked":["Cloak And Dagger+1","Flying Knee","Well Laid Plans"],"picked":"SKIP","floor":24.0},{"not_picked":["PiercingWail","Underhanded Strike","Choke"],"picked":"SKIP","floor":27.0},{"not_picked":["Terror","Sucker Punch","Bane+1"],"picked":"SKIP","floor":28.0},{"not_picked":["Outmaneuver","Acrobatics","Deadly Poison"],"picked":"SKIP","floor":30.0},{"not_picked":["Reflex","Slice"],"picked":"Tactician+1","floor":35.0},{"not_picked":["Deep Breath","Forethought"],"picked":"Purity","floor":37.0},{"not_picked":["Forethought","Jack Of All Trades"],"picked":"Master of Strategy","floor":37.0},{"not_picked":["Blur","Cloak And Dagger","Sucker Punch"],"picked":"SKIP","floor":38.0},{"not_picked":["Dagger Spray+1","Accuracy","Cloak And Dagger"],"picked":"SKIP","floor":40.0},{"not_picked":["Sucker Punch+1","Well Laid Plans"],"picked":"Concentrate","floor":41.0},{"not_picked":["PiercingWail+1","Reflex","Underhanded Strike+1"],"picked":"SKIP","floor":42.0},{"not_picked":["Concentrate","Unload+1","Phantasmal Killer"],"picked":"SKIP","floor":44},{"not_picked":["Backstab+1","Skewer+1"],"picked":"Footwork","floor":46},{"not_picked":["Sucker Punch+1","Riddle With Holes+1","Endless Agony+1"],"picked":"SKIP","floor":48},{"not_picked":["Deflect","Backstab+1","Endless Agony+1"],"picked":"SKIP","floor":55}],"player_experience":709292,"relics_obtained":[{"floor":9.0,"key":"Bronze Scales"},{"floor":11.0,"key":"Ancient Tea Set"},{"floor":26.0,"key":"Pen Nib"},{"floor":40.0,"key":"Molten Egg 2"},{"floor":41.0,"key":"Thread and Needle"},{"floor":42.0,"key":"War Paint"},{"floor":44,"key":"Whetstone"},{"floor":55,"key":"Oddly Smooth Stone"}],"event_choices":[{"damage_healed":0.0,"max_hp_gain":0.0,"max_hp_loss":0.0,"gold_gain":0.0,"event_name":"Liars Game","player_choice":"Ignored","floor":2.0,"gold_loss":0.0,"damage_taken":0.0},{"damage_healed":0.0,"max_hp_gain":0.0,"max_hp_loss":0.0,"gold_gain":50.0,"event_name":"Nest","player_choice":"Stole From Cult","floor":20.0,"gold_loss":0.0,"damage_taken":0.0},{"damage_healed":0.0,"max_hp_gain":0.0,"max_hp_loss":33.0,"gold_gain":0.0,"event_name":"Ghosts","player_choice":"Became a Ghost","floor":25.0,"gold_loss":0.0,"damage_taken":0.0,"cards_obtained":["Ghostly","Ghostly","Ghostly"]},{"damage_healed":0.0,"max_hp_gain":0.0,"max_hp_loss":0.0,"gold_gain":0.0,"event_name":"Accursed Blacksmith","player_choice":"Forge","floor":31.0,"gold_loss":0.0,"damage_taken":0.0,"cards_upgraded":["Neutralize"]},{"cards_removed":["Corpse Explosion"],"damage_healed":0.0,"max_hp_gain":0.0,"max_hp_loss":0.0,"gold_gain":0.0,"event_name":"Falling","player_choice":"Removed Skill","floor":36.0,"gold_loss":0.0,"damage_taken":0.0},{"damage_healed":0.0,"max_hp_gain":0.0,"max_hp_loss":0.0,"gold_gain":0.0,"event_name":"SensoryStone","player_choice":"Memory 3","floor":37.0,"gold_loss":0.0,"damage_taken":10.0},{"damage_healed":0.0,"max_hp_gain":0.0,"max_hp_loss":0.0,"gold_gain":0.0,"event_name":"Tomb of Lord Red Mask","player_choice":"Ignored","floor":39.0,"gold_loss":0.0,"damage_taken":0.0},{"damage_healed":0.0,"max_hp_gain":0.0,"max_hp_loss":0.0,"gold_gain":0.0,"event_name":"Mysterious Sphere","player_choice":"Fight","floor":41.0,"gold_loss":0.0,"damage_taken":0.0}],"is_beta":false,"boss_relics":[{"not_picked":["SacredBark","Ring of the Serpent"],"picked":"Astrolabe"},{"not_picked":["Sozu","HoveringKite"],"picked":"Runic Pyramid"}],"items_purged_floors":[7,10,21,47,54],"is_endless":false,"potions_floor_spawned":[5,14,18,19,24,30,38,42,48,55],"ascension_level":20}}