{"host":"kux12pw67lc1ca9q","time":1607518816,"event":{"gold_per_floor":[199,199,99,32,43,43,76,76,89,89,89,109,131,131,131,182,182,202,221,221,229,67,63,63],"floor_reached":23,"playtime":1288,"items_purged":[],"score":924,"play_id":"9428d109-7f87-4c3e-885a-b61bf157f903","local_time":"20201209130016","is_ascension_mode":true,"campfire_choices":[{"data":"hierophant:ChurchCoffers","floor":6,"key":"SMITH"},{"data":"hierophant:Community","floor":8,"key":"SMITH"},{"floor":10,"key":"REST"},{"floor":15,"key":"REST"}],"neow_cost":"NONE","seed_source_timestamp":332675578870800,"circlet_count":0,"master_deck":["AscendersBane","hierophant:Strike_Hierophant","hierophant:Strike_Hierophant","hierophant:Strike_Hierophant","hierophant:Strike_Hierophant","hierophant:Punish","hierophant:Defend_Hierophant","hierophant:Defend_Hierophant","hierophant:Defend_Hierophant","hierophant:Defend_Hierophant+1","hierophant:ChurchCoffers+1","hierophant:Endure+1","Clumsy","hierophant:OrnateJavelin","hierophant:Community+1","hierophant:Doubloon","hierophant:MorningPrayer","hierophant:DeathKnell","hierophant:DisplayOfPower","hierophant:FieryStrike","hierophant:Smite"],"relics":["hierophant:PropheticMaskRelic","Golden Idol","Menagerie:Aurumvore","ReplayTheSpireMod:TigerMarble","Gremlin Food","vexMod:MemoryStick","Replay:Rubber Ducky","Menagerie:HuntersKnife","Busted Crown","Happy Flower"],"potions_floor_usage":[7,16,16,21],"damage_taken":[{"damage":4,"enemies":"Menagerie:StygianBoar","floor":1,"turns":3},{"damage":0,"enemies":"Menagerie:MonstrousExperiment","floor":5,"turns":3},{"damage":49,"enemies":"Menagerie:Hydra","floor":7,"turns":6},{"damage":0,"enemies":"Menagerie:MaskedSummoner","floor":12,"turns":5},{"damage":0,"enemies":"Menagerie:2_RABBITS","floor":13,"turns":3},{"damage":4,"enemies":"Menagerie:AVATARS","floor":16,"turns":14},{"damage":0,"enemies":"theJungle:5_Spyders","floor":18,"turns":5},{"damage":1,"enemies":"theJungle:Flameango_and_Byrd","floor":19,"turns":5},{"damage":18,"enemies":"theJungle:SlimyTreeVines","floor":21,"turns":5},{"damage":41,"enemies":"theJungle:MamaSnecko","floor":23,"turns":8}],"seed_played":"-5895582352698324801","potions_obtained":[{"floor":1,"key":"ColorlessPotion"},{"floor":5,"key":"Explosive Potion"},{"floor":13,"key":"LiquidMemories"},{"floor":16,"key":"BlessingOfTheForge"}],"is_trial":false,"path_per_floor":["M","?","?","$","M","R","E","R","T","R","?","E","M","?","R","B",null,"M","M","?","M","$","E"],"character_chosen":"HIEROPHANT","items_purchased":["ReplayTheSpireMod:TigerMarble","Happy Flower"],"campfire_rested":2,"item_purchase_floors":[4,22],"current_hp_per_floor":[64,64,64,64,64,64,15,15,15,35,37,37,37,37,55,58,61,61,60,50,38,38,0,0],"gold":63,"neow_bonus":"HUNDRED_GOLD","is_prod":false,"is_daily":false,"chose_seed":false,"campfire_upgraded":2,"win_rate":0,"timestamp":1607518816,"path_taken":["M","?","?","?","?","R","E","R","T","R","?","E","?","?","R","BOSS","M","M","?","M","$","E"],"build_version":"2020-11-30","purchased_purges":0,"victory":false,"max_hp_per_floor":[75,68,68,68,68,68,68,68,68,68,68,68,68,62,62,62,62,62,62,67,67,67,67,67],"card_choices":[{"not_picked":["hierophant:EyeForCoin","hierophant:Doubloon"],"picked":"hierophant:Endure","floor":1},{"not_picked":["hierophant:Rebuild","hierophant:Embezzle"],"picked":"hierophant:OrnateJavelin","floor":5},{"not_picked":["hierophant:OrnateBuckler","hierophant:Smite"],"picked":"hierophant:Community","floor":7},{"not_picked":["hierophant:Doomsaying","hierophant:Purify","hierophant:FieryStrike"],"picked":"SKIP","floor":12},{"not_picked":["hierophant:DisplayOfPower","hierophant:OrnateBuckler"],"picked":"hierophant:MorningPrayer","floor":13},{"not_picked":["hierophant:Cornucopia","hierophant:BulkyChest"],"picked":"hierophant:DeathKnell","floor":16},{"not_picked":[],"picked":"hierophant:DisplayOfPower","floor":18},{"not_picked":[],"picked":"hierophant:FieryStrike","floor":19},{"not_picked":[],"picked":"hierophant:Smite","floor":21}],"player_experience":1287154,"relics_obtained":[{"floor":7,"key":"Gremlin Food"},{"floor":9,"key":"vexMod:MemoryStick"},{"floor":12,"key":"Replay:Rubber Ducky"}],"event_choices":[{"damage_healed":0,"gold_gain":0,"player_choice":"Lose Max HP","damage_taken":0,"relics_obtained":["Golden Idol"],"max_hp_gain":0,"max_hp_loss":7,"event_name":"Golden Idol","floor":2,"gold_loss":0},{"damage_healed":0,"gold_gain":0,"player_choice":"Pacify","damage_taken":0,"relics_obtained":["Menagerie:Aurumvore"],"max_hp_gain":0,"max_hp_loss":0,"event_name":"Menagerie:ScentOfGold","floor":3,"gold_loss":0},{"damage_healed":2,"gold_gain":0,"player_choice":"LEAVE ","damage_taken":0,"relics_obtained":[],"max_hp_gain":0,"max_hp_loss":0,"event_name":"betterSkull:BetterSkull","floor":11,"gold_loss":0,"cards_upgraded":[]},{"damage_healed":0,"gold_gain":0,"player_choice":"Take","damage_taken":0,"relics_obtained":["Menagerie:HuntersKnife"],"max_hp_gain":0,"max_hp_loss":6,"event_name":"Menagerie:BigGameHunter","floor":14,"gold_loss":0}],"is_beta":false,"boss_relics":[{"not_picked":["Astrolabe","vexMod:EndlessSickness"],"picked":"Busted Crown"}],"items_purged_floors":[],"is_endless":false,"potions_floor_spawned":[1,5,13,16],"killed_by":"theJungle:MamaSnecko","ascension_level":20}}