{"host":"h2i40m4bo7ruu9qj","time":1607486287,"event":{"gold_per_floor":[113,113,188,203,214,214,289,289,289,289,317,317,332,343,343,343,343],"floor_reached":16,"playtime":1264,"items_purged":[],"score":100,"play_id":"bd74589a-5087-4497-ab89-2cb971349085","local_time":"20201208195807","is_ascension_mode":false,"campfire_choices":[{"data":"Moonlight","floor":6,"key":"SMITH"},{"data":"Exchange","floor":8,"key":"SMITH"},{"data":"KidneyShot","floor":10,"key":"SMITH"},{"floor":12,"key":"REST"},{"floor":15,"key":"REST"}],"neow_cost":"NONE","seed_source_timestamp":64771199851600,"circlet_count":0,"master_deck":["Strike_S","Strike_S","Strike_S","Defend_S","Defend_S","Defend_S","Defend_S","KidneyShot+1","Exchange+1","Moonlight+1","Moonlight+1","Luminosity+1","FanOfKnives","FastForward","Luminosity","Contraction"],"relics":["Uniform","MealTicket","Lizard Tail"],"potions_floor_usage":[],"damage_taken":[{"damage":12,"enemies":"Jaw Worm","floor":1,"turns":5},{"damage":7,"enemies":"Small Slimes","floor":4,"turns":4},{"damage":0,"enemies":"Cultist","floor":5,"turns":2},{"damage":31,"enemies":"Gremlin Nob","floor":11,"turns":5},{"damage":8,"enemies":"Exordium Thugs","floor":13,"turns":6},{"damage":5,"enemies":"2 Fungi Beasts","floor":14,"turns":3},{"damage":94,"enemies":"Fading Forest","floor":16,"turns":8}],"seed_played":"96872867117991844","potions_obtained":[{"floor":5,"key":"Energy Potion"},{"floor":14,"key":"PowerPotion"}],"is_trial":false,"path_per_floor":["M","?","?","M","M","R","?","R","T","R","E","R","M","M","R","B"],"character_chosen":"THE_SERVANT","items_purchased":[],"campfire_rested":2,"item_purchase_floors":[],"current_hp_per_floor":[59,59,48,41,41,41,34,34,34,34,3,24,16,11,32,0,0],"gold":343,"neow_bonus":"TEN_PERCENT_HP_BONUS","is_prod":false,"is_daily":false,"chose_seed":false,"campfire_upgraded":3,"win_rate":0.0,"timestamp":1607486287,"path_taken":["M","?","?","M","M","R","?","R","T","R","E","R","M","?","R","BOSS"],"build_version":"2020-11-30","purchased_purges":0,"victory":false,"max_hp_per_floor":[71,71,71,71,71,71,71,71,71,71,71,71,71,71,71,71,71],"card_choices":[{"not_picked":["BottledTime","Defy"],"picked":"Moonlight","floor":1},{"not_picked":["BottledTime","Defy"],"picked":"Moonlight","floor":1},{"not_picked":["Rewind","Replace"],"picked":"FanOfKnives","floor":4},{"not_picked":["Reset","Shuttle"],"picked":"FastForward","floor":5},{"not_picked":["Read","Rewind"],"picked":"Luminosity","floor":11},{"not_picked":["Potential","Comet","FanOfKnives"],"picked":"SKIP","floor":13},{"not_picked":["BottledTime","Alleviate"],"picked":"Contraction","floor":14}],"player_experience":117700,"relics_obtained":[{"floor":9,"key":"MealTicket"},{"floor":11,"key":"Lizard Tail"}],"event_choices":[{"damage_healed":0,"gold_gain":75,"player_choice":"Gather Gold","damage_taken":11,"max_hp_gain":0,"max_hp_loss":0,"event_name":"World of Goop","floor":3,"gold_loss":0},{"damage_healed":0,"gold_gain":75,"player_choice":"Touch","damage_taken":7,"max_hp_gain":0,"max_hp_loss":0,"event_name":"FaceTrader","floor":7,"gold_loss":0}],"is_beta":false,"boss_relics":[],"items_purged_floors":[],"is_endless":false,"potions_floor_spawned":[5,14],"killed_by":"Fading Forest","ascension_level":0}}