{"host":"q9718omregw4er46","time":1607525031,"event":{"gold_per_floor":[112,126,401,416,1,334,334,334,334,359,95,120,120,136,136,136,136],"floor_reached":16,"playtime":670,"items_purged":["Regret","Strike_P"],"score":205,"play_id":"f512f836-b869-4bbb-a952-2447cc97f169","local_time":"20201209194351","is_ascension_mode":true,"campfire_choices":[{"data":"Wallop","floor":7.0,"key":"SMITH"},{"floor":13,"key":"REST"},{"data":"ForeignInfluence","floor":15,"key":"SMITH"}],"neow_cost":"NONE","seed_source_timestamp":38379085945948,"circlet_count":0,"master_deck":["AscendersBane","Strike_P","Strike_P","Strike_P","Defend_P","Defend_P","Defend_P","Defend_P","Eruption","Vigilance","Wallop+1","WheelKick+1","ForeignInfluence+1","CarveReality"],"special_seed":0,"relics":["PureWater","NeowsBlessing","Sling","Orichalcum","Old Coin","WingedGreaves","Centennial Puzzle","Bag of Marbles","Odd Mushroom"],"potions_floor_usage":[14,16],"damage_taken":[{"damage":0.0,"enemies":"Cultist","floor":1.0,"turns":2.0},{"damage":0.0,"enemies":"Small Slimes","floor":2.0,"turns":1.0},{"damage":0.0,"enemies":"2 Louse","floor":4.0,"turns":1.0},{"damage":32.0,"enemies":"Lagavulin","floor":6.0,"turns":8.0},{"damage":13,"enemies":"3 Sentries","floor":10,"turns":10},{"damage":0,"enemies":"The Mushroom Lair","floor":12,"turns":2},{"damage":15,"enemies":"Large Slime","floor":14,"turns":6},{"damage":44,"enemies":"Hexaghost","floor":16,"turns":9}],"seed_played":"-176486718184281535","potions_obtained":[{"floor":1.0,"key":"Regen Potion"},{"floor":10,"key":"DuplicationPotion"},{"floor":14,"key":"DuplicationPotion"}],"is_trial":false,"path_per_floor":["M","M","?","M","$","E","R","?","T","E","$","?","R","M","R","B"],"character_chosen":"WATCHER","items_purchased":["Sling","Orichalcum","Bag of Marbles"],"campfire_rested":1,"item_purchase_floors":[5,5,11],"current_hp_per_floor":[61,61,61,61,61,29,29,29,29,16,16,16,36,36,36,0,0],"gold":136,"neow_bonus":"THREE_ENEMY_KILL","is_prod":false,"is_daily":false,"chose_seed":false,"campfire_upgraded":2,"win_rate":0,"timestamp":1607525031,"path_taken":["M","?","?","?","$","E","R","?","T","E","$","?","R","M","R","BOSS"],"build_version":"2020-11-30","purchased_purges":2,"victory":false,"max_hp_per_floor":[68,68,68,68,68,68,68,68,68,68,68,68,68,68,68,68,68],"relic_stats":{"Centennial Puzzle":[6],"counters":[8,39],"Orichalcum":[90],"obtain_stats":[{"Centennial Puzzle":10,"NeowsBlessing":0,"WingedGreaves":9,"Bag of Marbles":11,"PureWater":0,"Orichalcum":5,"Odd Mushroom":12,"Sling":5,"Old Coin":6},{"Centennial Puzzle":5,"NeowsBlessing":0,"WingedGreaves":4,"Bag of Marbles":5,"PureWater":0,"Orichalcum":3,"Odd Mushroom":6,"Sling":3,"Old Coin":4},{"Centennial Puzzle":22,"NeowsBlessing":0,"WingedGreaves":12,"Bag of Marbles":22,"PureWater":0,"Orichalcum":4,"Odd Mushroom":24,"Sling":4,"Old Coin":12}]},"card_choices":[{"not_picked":["JustLucky","Prostrate"],"picked":"Wallop","floor":1.0},{"not_picked":["InnerPeace","FlyingSleeves","Evaluate"],"picked":"SKIP","floor":2.0},{"not_picked":["ClearTheMind","Collect","Prostrate"],"picked":"SKIP","floor":4.0},{"not_picked":["JustLucky","MentalFortress"],"picked":"WheelKick","floor":6.0},{"not_picked":["Meditate","FearNoEvil"],"picked":"ForeignInfluence","floor":10},{"not_picked":["ThirdEye","ClearTheMind"],"picked":"CarveReality","floor":14}],"player_experience":974292,"relics_obtained":[{"floor":6.0,"key":"Old Coin"},{"floor":9.0,"key":"WingedGreaves"},{"floor":10,"key":"Centennial Puzzle"},{"floor":12,"key":"Odd Mushroom"}],"event_choices":[{"damage_healed":0.0,"max_hp_gain":0.0,"max_hp_loss":0.0,"gold_gain":275.0,"event_name":"Golden Shrine","player_choice":"Desecrate","floor":3.0,"gold_loss":0.0,"damage_taken":0.0,"cards_obtained":["Regret"]},{"damage_healed":0.0,"max_hp_gain":0.0,"max_hp_loss":0.0,"gold_gain":0.0,"event_name":"Living Wall","player_choice":"Grow","floor":8.0,"gold_loss":0.0,"damage_taken":0.0,"cards_upgraded":["WheelKick"]},{"damage_healed":0,"gold_gain":0,"player_choice":"Fought Mushrooms","damage_taken":0,"max_hp_gain":0,"max_hp_loss":0,"event_name":"Mushrooms","floor":12,"gold_loss":0}],"is_beta":false,"boss_relics":[],"items_purged_floors":[5,11],"is_endless":false,"potions_floor_spawned":[1,10,14],"killed_by":"Hexaghost","ascension_level":18}}