{"host":"l84l8xigz5v5foa2","time":1607498389,"event":{"gold_per_floor":[211,211,226,242,242,242,267,192,219,219,275,288,288,314,314,386,386,401,417,332,342,342,342,342,342,342,353,366,379,56,80,80,156,156,173,173,123,123,123,123,136,136,136,152,168,183,183,199,199,199,199,199,87,87,87],"floor_reached":54,"playtime":3376,"items_purged":["Strike_G","Defend_G","Defend_G"],"score":1089,"play_id":"24a8a2bc-2be4-4723-aeb8-d61f1a33955f","local_time":"20201209161949","is_ascension_mode":true,"campfire_choices":[{"data":"Deadly Poison","floor":6.0,"key":"SMITH"},{"data":"Skewer","floor":10.0,"key":"SMITH"},{"floor":13.0,"key":"REST"},{"data":"Neutralize","floor":15.0,"key":"SMITH"},{"data":"Calculated Gamble","floor":23.0,"key":"SMITH"},{"data":"Reflex","floor":25.0,"key":"SMITH"},{"data":"Footwork","floor":32.0,"key":"SMITH"},{"data":"After Image","floor":40.0,"key":"SMITH"},{"floor":49.0,"key":"RECALL"},{"data":"Noxious Fumes","floor":52.0,"key":"SMITH"}],"neow_cost":"NONE","seed_source_timestamp":498705714925000,"circlet_count":0,"master_deck":["AscendersBane","Defend_G","Defend_G","Defend_G","Survivor","Neutralize+1","Dagger Spray","Deadly Poison+1","Skewer+1","Slice+1","Backflip","Adrenaline","Calculated Gamble+1","Reflex+1","Concentrate+1","Riddle With Holes+1","Malaise","Cloak And Dagger+1","PiercingWail","Footwork+1","Panacea","Dodge and Roll","After Image+1","Backflip","Catalyst+1","Noxious Fumes+1","Dash+1","Escape Plan+1","Noxious Fumes","Dodge and Roll"],"special_seed":0,"relics":["Ring of the Serpent","Regal Pillow","Anchor","Dream Catcher","Incense Burner","Pocketwatch","Membership Card","Whetstone","PreservedInsect","Philosopher\u0027s Stone","Art of War","Strawberry","Happy Flower"],"potions_floor_usage":[54],"damage_taken":[{"damage":0.0,"enemies":"Small Slimes","floor":1.0,"turns":5.0},{"damage":3.0,"enemies":"Cultist","floor":3.0,"turns":6.0},{"damage":0.0,"enemies":"2 Louse","floor":4.0,"turns":3.0},{"damage":46.0,"enemies":"Gremlin Nob","floor":7.0,"turns":5.0},{"damage":5.0,"enemies":"3 Sentries","floor":11.0,"turns":5.0},{"damage":0.0,"enemies":"Looter","floor":12.0,"turns":2.0},{"damage":15.0,"enemies":"3 Sentries","floor":14.0,"turns":5.0},{"damage":31.0,"enemies":"Hexaghost","floor":16.0,"turns":11.0},{"damage":0.0,"enemies":"Chosen","floor":18.0,"turns":5.0},{"damage":4.0,"enemies":"Shell Parasite","floor":19.0,"turns":4.0},{"damage":0.0,"enemies":"Cultist and Chosen","floor":21.0,"turns":5.0},{"damage":1.0,"enemies":"3 Cultists","floor":27.0,"turns":5.0},{"damage":1.0,"enemies":"Chosen and Byrds","floor":28.0,"turns":6.0},{"damage":13.0,"enemies":"Snecko","floor":29.0,"turns":5.0},{"damage":26.0,"enemies":"Automaton","floor":33.0,"turns":16.0},{"damage":0.0,"enemies":"3 Shapes","floor":35.0,"turns":9.0},{"damage":0.0,"enemies":"Orb Walker","floor":41.0,"turns":4.0},{"damage":5.0,"enemies":"4 Shapes","floor":44.0,"turns":8.0},{"damage":7.0,"enemies":"Sphere and 2 Shapes","floor":45.0,"turns":6.0},{"damage":0.0,"enemies":"Jaw Worm Horde","floor":46.0,"turns":6.0},{"damage":3.0,"enemies":"Spire Growth","floor":48.0,"turns":6.0},{"damage":31.0,"enemies":"Awakened One","floor":50.0,"turns":20.0},{"damage":71,"enemies":"Shield and Spear","floor":54,"turns":6}],"seed_played":"-6344153173005878922","potions_obtained":[{"floor":1.0,"key":"SpeedPotion"},{"floor":4.0,"key":"Energy Potion"},{"floor":7.0,"key":"CunningPotion"},{"floor":12.0,"key":"Regen Potion"},{"floor":19.0,"key":"Strength Potion"},{"floor":27.0,"key":"Dexterity Potion"},{"floor":28.0,"key":"Fruit Juice"},{"floor":35.0,"key":"ColorlessPotion"},{"floor":44.0,"key":"LiquidMemories"},{"floor":45.0,"key":"FearPotion"}],"is_trial":false,"path_per_floor":["M","?","M","M","?","R","E","$","T","R","?","M","R","E","R","B",null,"M","M","?","M","?","R","?","R","T","M","M","M","$","T","R","B",null,"M","?","$","?","T","R","M","$","T","M","M","M","?","M","R","B",null,"R","$","E"],"character_chosen":"THE_SILENT","items_purchased":["Membership Card","Footwork","Whetstone","Panacea","Dodge and Roll","Noxious Fumes","Dodge and Roll"],"campfire_rested":1,"item_purchase_floors":[30,30,30,30,30,53,53],"current_hp_per_floor":[59,59,56,56,56,56,10,10,10,10,5,5,39,38,38,7,51,51,47,47,47,47,47,47,47,47,46,50,37,37,37,37,11,56,56,56,56,56,56,56,56,56,63,58,51,51,51,48,48,17,60,60,60,0,0],"gold":87,"neow_bonus":"HUNDRED_GOLD","is_prod":false,"is_daily":false,"chose_seed":false,"campfire_upgraded":8,"win_rate":0,"timestamp":1607498389,"path_taken":["M","?","?","M","?","R","E","$","T","R","?","M","R","E","R","BOSS","M","M","?","M","?","R","?","R","T","M","M","M","$","?","R","BOSS","M","?","$","?","?","R","M","?","T","M","M","?","?","M","R","BOSS","R","$","E"],"build_version":"2020-11-30","purchased_purges":3,"victory":false,"max_hp_per_floor":[66,66,66,66,66,66,66,66,66,66,66,66,66,66,66,66,66,66,66,66,66,66,66,66,66,66,66,71,71,71,71,71,71,71,71,71,71,67,67,67,67,67,74,74,74,74,74,74,74,74,74,74,74,74,74],"card_choices":[{"not_picked":["Choke","Bane","Distraction"],"picked":"SKIP","floor":1.0},{"not_picked":["Sucker Punch","Backflip"],"picked":"Dagger Spray","floor":3.0},{"not_picked":["Poisoned Stab","Expertise"],"picked":"Deadly Poison","floor":4.0},{"not_picked":["Deadly Poison","Accuracy"],"picked":"Skewer","floor":7.0},{"not_picked":["Sucker Punch","Quick Slash"],"picked":"Slice","floor":11.0},{"not_picked":["Dash","Dodge and Roll","Bouncing Flask"],"picked":"SKIP","floor":12.0},{"not_picked":["Phantasmal Killer","Tactician"],"picked":"Backflip","floor":14.0},{"not_picked":["Phantasmal Killer","Glass Knife"],"picked":"Adrenaline","floor":16.0},{"not_picked":["Dodge and Roll","Poisoned Stab"],"picked":"Calculated Gamble","floor":18.0},{"not_picked":["Cloak And Dagger","Deflect"],"picked":"Reflex","floor":19.0},{"not_picked":["Distraction","Finisher"],"picked":"Concentrate+1","floor":21.0},{"not_picked":["Dagger Spray","Outmaneuver","Setup"],"picked":"SKIP","floor":27.0},{"not_picked":["Outmaneuver","Predator"],"picked":"Cloak And Dagger+1","floor":28.0},{"not_picked":["Blade Dance","Eviscerate"],"picked":"PiercingWail","floor":29.0},{"not_picked":["Glass Knife","Grand Finale"],"picked":"After Image","floor":33.0},{"not_picked":["Prepared","Bane"],"picked":"Backflip","floor":35.0},{"not_picked":["Heel Hook","Leg Sweep+1"],"picked":"Catalyst+1","floor":41.0},{"not_picked":["Cloak And Dagger","Dagger Throw+1"],"picked":"Noxious Fumes","floor":44.0},{"not_picked":["Quick Slash","Underhanded Strike","Backflip"],"picked":"SKIP","floor":45.0},{"not_picked":["Predator","Blade Dance+1"],"picked":"Dash+1","floor":46.0},{"not_picked":["Dodge and Roll+1","Bane"],"picked":"Escape Plan+1","floor":48.0}],"player_experience":1387475,"relics_obtained":[{"floor":7.0,"key":"Regal Pillow"},{"floor":9.0,"key":"Anchor"},{"floor":11.0,"key":"Dream Catcher"},{"floor":14.0,"key":"Incense Burner"},{"floor":31.0,"key":"PreservedInsect"},{"floor":39.0,"key":"Art of War"},{"floor":43.0,"key":"Strawberry"}],"event_choices":[{"cards_removed":["Strike_G"],"damage_healed":0.0,"max_hp_gain":0.0,"max_hp_loss":0.0,"gold_gain":0.0,"event_name":"Wheel of Change","player_choice":"Card Removal","floor":2.0,"gold_loss":0.0,"damage_taken":0.0},{"damage_healed":0.0,"max_hp_gain":0.0,"max_hp_loss":0.0,"gold_gain":0.0,"event_name":"Liars Game","player_choice":"Ignored","floor":5.0,"gold_loss":0.0,"damage_taken":0.0},{"damage_healed":0.0,"max_hp_gain":0.0,"max_hp_loss":0.0,"gold_gain":0.0,"event_name":"Dead Adventurer","player_choice":"Searched \u00271\u0027 times","floor":11.0,"gold_loss":0.0,"damage_taken":0.0},{"damage_healed":0.0,"max_hp_gain":0.0,"max_hp_loss":0.0,"gold_gain":0.0,"event_name":"Addict","player_choice":"Obtained Relic","floor":20.0,"gold_loss":85.0,"damage_taken":0.0,"relics_obtained":["Pocketwatch"]},{"damage_healed":0.0,"max_hp_gain":0.0,"max_hp_loss":0.0,"gold_gain":0.0,"cards_transformed":["Strike_G","Strike_G"],"event_name":"Drug Dealer","player_choice":"Became Test Subject","floor":22.0,"gold_loss":0.0,"damage_taken":0.0,"cards_obtained":["Riddle With Holes","Malaise"]},{"damage_healed":0.0,"max_hp_gain":0.0,"max_hp_loss":0.0,"gold_gain":0.0,"event_name":"Vampires","player_choice":"Ignored","floor":24.0,"gold_loss":0.0,"damage_taken":0.0},{"cards_removed":["Strike_G"],"damage_healed":0.0,"max_hp_gain":0.0,"max_hp_loss":0.0,"gold_gain":0.0,"event_name":"Falling","player_choice":"Removed Attack","floor":36.0,"gold_loss":0.0,"damage_taken":0.0},{"damage_healed":0.0,"max_hp_gain":0.0,"max_hp_loss":4.0,"gold_gain":0.0,"event_name":"Winding Halls","player_choice":"Max HP","floor":38.0,"gold_loss":0.0,"damage_taken":0.0},{"damage_healed":0.0,"max_hp_gain":0.0,"max_hp_loss":0.0,"gold_gain":0.0,"event_name":"WeMeetAgain","player_choice":"Gave Potion","floor":47.0,"gold_loss":0.0,"damage_taken":0.0,"relics_obtained":["Happy Flower"]}],"is_beta":false,"boss_relics":[{"not_picked":["SlaversCollar","Runic Pyramid"],"picked":"Ring of the Serpent"},{"not_picked":["Cursed Key","Calling Bell"],"picked":"Philosopher\u0027s Stone"}],"items_purged_floors":[8,37,53],"is_endless":false,"potions_floor_spawned":[1,4,7,12,19,27,28,35,44,45],"killed_by":"Shield and Spear","ascension_level":15}}