{"host":"ci7ivtocgfxh0ueo","time":1607504128,"event":{"gold_per_floor":[116,116,116,135,135,163,163,173,198,27,38,65,65,65,65,141,141,161,194,27,27,27,27,43,43,43,43,68,13,13,13,13,13,13],"floor_reached":33,"playtime":642,"items_purged":[],"score":481,"play_id":"a8bc6214-0548-4ce0-95ef-aa612d0af494","local_time":"20201209165528","is_ascension_mode":true,"campfire_choices":[{"data":"Double Tap","floor":7,"key":"SMITH"},{"data":"Bash","floor":13,"key":"SMITH"},{"data":"Heavy Blade","floor":15,"key":"SMITH"},{"data":"Feed","floor":23,"key":"SMITH"},{"data":"Inflame","floor":25,"key":"SMITH"},{"data":"Cleave","floor":27,"key":"SMITH"},{"data":"Metallicize","floor":30,"key":"SMITH"},{"data":"Flex","floor":32,"key":"SMITH"}],"neow_cost":"NONE","seed_source_timestamp":79552716416800,"circlet_count":0,"master_deck":["AscendersBane","Strike_R+1","Strike_R+1","Strike_R+1","Strike_R+1","Strike_R+1","Defend_R+1","Defend_R+1","Defend_R+1","Defend_R+1","Bash+1","Cleave+1","Uppercut+1","Metallicize+1","Double Tap+1","Pommel Strike","Flex+1","Heavy Blade+1","Feed+1","Inflame+1","Uppercut+1","Dropkick+1"],"relics":["Burning Blood","Darkstone Periapt","Champion Belt","Tiny Chest","Lee\u0027s Waffle","Red Skull","Omamori","SacredBark","Red Mask","Membership Card","Blue Candle","Juzu Bracelet","Mummified Hand"],"potions_floor_usage":[12,18,19,28,33,33],"damage_taken":[{"damage":13,"enemies":"2 Louse","floor":1,"turns":4},{"damage":12,"enemies":"Jaw Worm","floor":4,"turns":2},{"damage":18,"enemies":"Gremlin Nob","floor":6,"turns":5},{"damage":6,"enemies":"Small Slimes","floor":8,"turns":3},{"damage":22,"enemies":"3 Louse","floor":11,"turns":5},{"damage":22,"enemies":"3 Sentries","floor":12,"turns":5},{"damage":31,"enemies":"Slime Boss","floor":16,"turns":7},{"damage":9,"enemies":"3 Byrds","floor":18,"turns":4},{"damage":34,"enemies":"Masked Bandits","floor":19,"turns":5},{"damage":8,"enemies":"Spheric Guardian","floor":24,"turns":3},{"damage":40,"enemies":"Book of Stabbing","floor":28,"turns":4},{"damage":47,"enemies":"Automaton","floor":33,"turns":6}],"seed_played":"4799076415817262631","potions_obtained":[{"floor":8,"key":"BloodPotion"},{"floor":11,"key":"LiquidMemories"},{"floor":16,"key":"Fire Potion"},{"floor":18,"key":"LiquidMemories"}],"is_trial":false,"path_per_floor":["M","?","T","M","?","E","R","M","T","$","M","E","R","?","R","B",null,"M","?","$","?","T","R","M","R","T","R","E","$","R","?","R","B"],"character_chosen":"IRONCLAD","items_purchased":["Lee\u0027s Waffle","Membership Card","EntropicBrew"],"campfire_rested":0,"item_purchase_floors":[10,20,29],"current_hp_per_floor":[61,66,66,60,60,48,48,48,48,87,71,55,55,37,37,12,68,65,40,40,40,40,40,42,42,42,42,45,45,45,45,45,0,0],"gold":13,"neow_bonus":"THREE_CARDS","is_prod":false,"is_daily":false,"chose_seed":false,"campfire_upgraded":8,"win_rate":0,"timestamp":1607504128,"path_taken":["M","?","?","M","?","E","R","M","T","$","M","E","R","?","R","BOSS","M","?","$","?","?","R","M","R","T","R","E","$","R","?","R","BOSS"],"build_version":"2020-11-30","purchased_purges":0,"victory":false,"max_hp_per_floor":[75,80,80,80,80,80,80,80,80,87,87,87,87,87,87,87,87,87,90,90,90,90,90,94,94,94,94,94,94,94,94,94,94,94],"card_choices":[{"not_picked":["Intimidate","Metallicize"],"picked":"Cleave","floor":0},{"not_picked":["Heavy Blade","Warcry"],"picked":"Uppercut","floor":1},{"not_picked":["Body Slam","Anger"],"picked":"Metallicize","floor":4},{"not_picked":["Flex","Battle Trance"],"picked":"Double Tap","floor":6},{"not_picked":["Flex","Body Slam"],"picked":"Pommel Strike","floor":8},{"not_picked":["Rage","Iron Wave"],"picked":"Flex","floor":11},{"not_picked":["Clothesline","Anger"],"picked":"Heavy Blade","floor":12},{"not_picked":["Demon Form","Fiend Fire"],"picked":"Feed","floor":16},{"not_picked":["Dark Embrace","True Grit"],"picked":"Inflame","floor":18},{"not_picked":["Warcry","Cleave"],"picked":"Dropkick+1","floor":24},{"not_picked":["Sword Boomerang","Body Slam","True Grit"],"picked":"SKIP","floor":28}],"player_experience":1234992,"relics_obtained":[{"floor":3,"key":"Darkstone Periapt"},{"floor":6,"key":"Champion Belt"},{"floor":9,"key":"Tiny Chest"},{"floor":12,"key":"Red Skull"},{"floor":19,"key":"Red Mask"},{"floor":22,"key":"Blue Candle"},{"floor":26,"key":"Juzu Bracelet"},{"floor":28,"key":"Mummified Hand"}],"event_choices":[{"damage_healed":0,"gold_gain":0,"player_choice":"Donut","damage_taken":0,"max_hp_gain":5,"max_hp_loss":0,"event_name":"Big Fish","floor":2,"gold_loss":0},{"damage_healed":0,"gold_gain":0,"player_choice":"Grow","damage_taken":0,"max_hp_gain":0,"max_hp_loss":0,"event_name":"Living Wall","floor":5,"gold_loss":0,"cards_upgraded":["Uppercut"]},{"damage_healed":0,"gold_gain":0,"player_choice":"Success","damage_taken":18,"relics_obtained":["Omamori"],"max_hp_gain":0,"max_hp_loss":0,"event_name":"Scrap Ooze","floor":14,"gold_loss":0},{"damage_healed":0,"gold_gain":0,"player_choice":"Fought Bandits","damage_taken":0,"max_hp_gain":0,"max_hp_loss":0,"event_name":"Masked Bandits","floor":19,"gold_loss":0},{"damage_healed":0,"gold_gain":0,"player_choice":"Copied","damage_taken":0,"max_hp_gain":0,"max_hp_loss":0,"event_name":"Duplicator","floor":21,"gold_loss":0,"cards_obtained":["Uppercut"]},{"damage_healed":0,"gold_gain":0,"player_choice":"Simplicity","damage_taken":0,"max_hp_gain":0,"max_hp_loss":0,"event_name":"Back to Basics","floor":31,"gold_loss":0,"cards_upgraded":["Strike_R","Strike_R","Strike_R","Strike_R","Strike_R","Defend_R","Defend_R","Defend_R","Defend_R"]}],"is_beta":false,"boss_relics":[{"not_picked":["Black Star","Velvet Choker"],"picked":"SacredBark"}],"items_purged_floors":[],"is_endless":false,"potions_floor_spawned":[8,11,16,18],"killed_by":"Automaton","ascension_level":16}}