{"host":"o3so5oxo9aakc7d5","time":1607551800,"event":{"gold_per_floor":[114,114,134,147,165,195,195,223,223,148,162,174,174,186,186,290,290,310,327,339,339,339,339,373,373,396,408,88,88,118,137,137,237,237,257,257,269,216,235,235,235],"floor_reached":40,"playtime":1499,"items_purged":["Defend_G"],"score":486,"play_id":"6494b26e-41d0-49e2-be4e-8b3ee05eb8fa","local_time":"20201209151000","is_ascension_mode":true,"campfire_choices":[{"data":"Backstab","floor":7,"key":"SMITH"},{"data":"Neutralize","floor":15,"key":"SMITH"},{"data":"Strike_G","floor":23,"key":"PURGE"},{"data":"Defend_G","floor":25,"key":"PURGE"},{"data":"Strike_G","floor":27,"key":"PURGE"},{"floor":32,"key":"REST"}],"neow_cost":"NONE","seed_source_timestamp":1740177047230700,"circlet_count":0,"master_deck":["Strike_G","Strike_G","Defend_G","Defend_G","Defend_G","Survivor","Neutralize+1","Sucker Punch","Cloak And Dagger","Slice","All Out Attack","Backstab+1","Accuracy","Quick Slash+1","Die Die Die","CurseOfTheBell","Cloak And Dagger","Dagger Spray+1","Quick Slash+1","Blade Dance","AscendersBane","Choke","Infinite Blades+1"],"relics":["Ring of the Snake","Nunchaku","Paper Crane","Meat on the Bone","Strawberry","Calling Bell","Pen Nib","Ornamental Fan","Peace Pipe","Oddly Smooth Stone","MawBank","Gremlin Horn","Mercury Hourglass","Black Star","Smiling Mask"],"potions_floor_usage":[6,16,24,24,24,33,40],"damage_taken":[{"damage":0,"enemies":"2 Louse","floor":1,"turns":3},{"damage":4,"enemies":"Cultist","floor":3,"turns":5},{"damage":2,"enemies":"Jaw Worm","floor":4,"turns":3},{"damage":0,"enemies":"3 Louse","floor":5,"turns":2},{"damage":12,"enemies":"Lagavulin","floor":6,"turns":7},{"damage":18,"enemies":"3 Sentries","floor":8,"turns":7},{"damage":2,"enemies":"Blue Slaver","floor":11,"turns":2},{"damage":0,"enemies":"Looter","floor":12,"turns":2},{"damage":0,"enemies":"Large Slime","floor":14,"turns":4},{"damage":38,"enemies":"Hexaghost","floor":16,"turns":13},{"damage":6,"enemies":"Chosen","floor":18,"turns":4},{"damage":1,"enemies":"2 Thieves","floor":19,"turns":3},{"damage":14,"enemies":"3 Cultists","floor":20,"turns":5},{"damage":7,"enemies":"Book of Stabbing","floor":24,"turns":7},{"damage":0,"enemies":"Slavers","floor":30,"turns":2},{"damage":0,"enemies":"Snake Plant","floor":31,"turns":3},{"damage":56,"enemies":"Automaton","floor":33,"turns":10},{"damage":0,"enemies":"3 Darklings","floor":35,"turns":3},{"damage":4,"enemies":"Orb Walker","floor":37,"turns":2},{"damage":10,"enemies":"3 Darklings","floor":39,"turns":3},{"damage":67,"enemies":"Giant Head","floor":40,"turns":8}],"seed_played":"177380600516222476","potions_obtained":[{"floor":3,"key":"Block Potion"},{"floor":4,"key":"Energy Potion"},{"floor":6,"key":"GhostInAJar"},{"floor":8,"key":"Energy Potion"},{"floor":16,"key":"Explosive Potion"},{"floor":24,"key":"SpeedPotion"},{"floor":30,"key":"GhostInAJar"},{"floor":37,"key":"ColorlessPotion"}],"is_trial":false,"path_per_floor":["M","?","M","M","M","E","R","E","T","?","M","M","?","M","R","B",null,"M","M","M","?","?","R","E","R","T","R","$","?","E","M","R","B",null,"M","?","M","?","M","E"],"character_chosen":"THE_SILENT","items_purchased":["Gremlin Horn"],"campfire_rested":1,"item_purchase_floors":[28],"current_hp_per_floor":[70,63,59,57,57,45,45,27,27,27,37,37,41,41,41,15,77,71,70,56,56,56,56,49,49,49,49,49,31,43,43,66,22,77,77,77,73,73,63,0,0],"gold":235,"neow_bonus":"THREE_CARDS","is_prod":false,"is_daily":false,"chose_seed":false,"campfire_upgraded":2,"win_rate":0,"timestamp":1607551800,"path_taken":["M","?","M","?","M","E","R","E","T","?","M","M","?","M","R","BOSS","M","M","M","?","?","R","E","R","T","R","$","?","E","M","R","BOSS","M","?","M","?","?","E"],"build_version":"2020-11-30","purchased_purges":1,"victory":false,"max_hp_per_floor":[70,70,70,70,70,70,70,70,70,70,70,70,77,77,77,77,77,77,77,77,77,77,77,77,77,77,77,77,77,77,77,77,77,77,77,77,77,77,77,77,77],"card_choices":[{"not_picked":["PiercingWail","Poisoned Stab"],"picked":"Sucker Punch","floor":0},{"not_picked":["Caltrops","Endless Agony"],"picked":"Cloak And Dagger","floor":1},{"not_picked":["Sucker Punch","Bane"],"picked":"Slice","floor":3},{"not_picked":["Setup","Dagger Throw"],"picked":"All Out Attack","floor":4},{"not_picked":["Slice","PiercingWail"],"picked":"Backstab","floor":5},{"not_picked":["Endless Agony","Deadly Poison","Night Terror"],"picked":"SKIP","floor":6},{"not_picked":["Quick Slash","Finisher"],"picked":"Accuracy","floor":8},{"not_picked":["Backflip+1","Dodge and Roll+1"],"picked":"Quick Slash+1","floor":10},{"not_picked":["Bane","Concentrate","Outmaneuver"],"picked":"SKIP","floor":11},{"not_picked":["Reflex","Eviscerate","Leg Sweep"],"picked":"SKIP","floor":12},{"not_picked":["Dodge and Roll","Deflect","Setup"],"picked":"SKIP","floor":14},{"not_picked":["Unload","Phantasmal Killer"],"picked":"Die Die Die","floor":16},{"not_picked":["Quick Slash","Flechettes"],"picked":"Cloak And Dagger","floor":18},{"not_picked":["Sucker Punch","Dodge and Roll+1"],"picked":"Dagger Spray+1","floor":19},{"not_picked":["Reflex","Slice","Dodge and Roll"],"picked":"SKIP","floor":20},{"not_picked":["Acrobatics","Tools of the Trade","Leg Sweep"],"picked":"SKIP","floor":24},{"not_picked":["Caltrops","Setup"],"picked":"Quick Slash+1","floor":30},{"not_picked":["Distraction","Backflip+1"],"picked":"Blade Dance","floor":31},{"not_picked":["Deadly Poison+1","Underhanded Strike","Dodge and Roll+1"],"picked":"SKIP","floor":35},{"not_picked":["Backstab+1","Dagger Spray+1"],"picked":"Infinite Blades+1","floor":37},{"not_picked":["Deflect+1","Dagger Spray","Prepared+1"],"picked":"SKIP","floor":39}],"player_experience":502588,"relics_obtained":[{"floor":6,"key":"Nunchaku"},{"floor":8,"key":"Paper Crane"},{"floor":9,"key":"Meat on the Bone"},{"floor":17,"key":"Pen Nib"},{"floor":17,"key":"Ornamental Fan"},{"floor":17,"key":"Peace Pipe"},{"floor":24,"key":"Oddly Smooth Stone"},{"floor":26,"key":"MawBank"},{"floor":30,"key":"Mercury Hourglass"}],"event_choices":[{"damage_healed":0,"gold_gain":0,"player_choice":"Damaged","damage_taken":7,"max_hp_gain":0,"max_hp_loss":0,"event_name":"Wheel of Change","floor":2,"gold_loss":0},{"damage_healed":0,"gold_gain":0,"player_choice":"2","damage_taken":0,"max_hp_gain":0,"max_hp_loss":0,"event_name":"betterMatch:BetterMatch","floor":10,"gold_loss":0,"cards_obtained":["betterMatch:CommonCard"]},{"damage_healed":0,"gold_gain":0,"player_choice":"Relic ","damage_taken":3,"max_hp_gain":0,"max_hp_loss":0,"event_name":"betterThird:BetterScrap","floor":13,"gold_loss":0,"cards_obtained":["Scrape"]},{"damage_healed":0,"gold_gain":0,"player_choice":"Ignored","damage_taken":0,"max_hp_gain":0,"max_hp_loss":0,"event_name":"Ghosts","floor":21,"gold_loss":0},{"cards_removed":["Strike_G"],"damage_healed":0,"gold_gain":0,"player_choice":"Elegance","damage_taken":0,"max_hp_gain":0,"max_hp_loss":0,"event_name":"betterThird:BetterWriting","floor":22,"gold_loss":0},{"damage_healed":0,"gold_gain":0,"player_choice":" Potion ","damage_taken":18,"relics_obtained":[],"max_hp_gain":49,"max_hp_loss":31,"event_name":"betterAltar:BetterAltar","floor":29,"potions_obtained":["betterAltar:AltarPotion"],"relics_lost":[],"gold_loss":0},{"damage_healed":0,"gold_gain":3,"player_choice":"3","damage_taken":0,"max_hp_gain":0,"max_hp_loss":0,"event_name":"betterStone:BetterStone","floor":36,"gold_loss":0,"cards_obtained":["Choke"]},{"damage_healed":0,"gold_gain":0,"player_choice":"Paid Gold","damage_taken":0,"relics_obtained":["Smiling Mask"],"max_hp_gain":0,"max_hp_loss":0,"event_name":"WeMeetAgain","floor":38,"gold_loss":53}],"is_beta":false,"boss_relics":[{"not_picked":["Astrolabe","Busted Crown"],"picked":"Calling Bell"},{"not_picked":["Fusion Hammer","Coffee Dripper"],"picked":"Black Star"}],"items_purged_floors":[28],"is_endless":false,"potions_floor_spawned":[3,4,6,8,11,16,19,20,24,30,37],"killed_by":"Giant Head","ascension_level":1}}