{"host":"0uumfqrc8aynrssa","time":1607497120,"event":{"gold_per_floor":[139,155,32,59,59,59,72,72,97,121,138,138,138,152,152,249,915,927,963,980,930,817,817,817,817],"floor_reached":24,"playtime":2388,"items_purged":["animator:Strike_Konosuba"],"score":215,"play_id":"2aa31176-f589-4f7d-b76f-061d15c97bde","local_time":"20201209015840","is_ascension_mode":false,"campfire_choices":[{"data":"stsjorbsmod:Apparition_Cull","floor":6.0,"key":"SMITH"},{"data":"animator:UneriGinkaku","floor":8.0,"key":"SMITH"},{"floor":13.0,"key":"RECALL"},{"data":"animator:Geryuganshoop","floor":15.0,"key":"SMITH"},{"data":"animator:YunYun","floor":23.0,"key":"SMITH"}],"neow_cost":"NONE","seed_source_timestamp":0,"circlet_count":0,"master_deck":["animator:Defend_Konosuba","animator:Strike","animator:Strike","animator:Strike","animator:Defend","animator:Defend","animator:Defend","animator:Kazuma","animator:Aqua","Slimebound:Icky","stsjorbsmod:Apparition_Cull+1","animator:Hans","animator:QuestionMark","Replay:Fractal Strike","animator:Shichika","animator:UneriGinkaku+1","animator:Verdia","animator:Melzalgald","animator:YunYun+1","animator:Mitsurugi","animator:Mitsurugi","animator:Geryuganshoop+1","animator:Hans","animator:Chris","animator:SilverFang+1","animator:Guy"],"special_seed":0,"relics":["animator:TheMissingPiece","ReplayTheSpireMod:SealedPack","vexMod:RockOfEvil","conspire:TopHat"],"potions_floor_usage":[],"damage_taken":[{"damage":1.0,"enemies":"Jaw Worm","floor":1.0,"turns":7.0},{"damage":7.0,"enemies":"2 Louse","floor":2.0,"turns":3.0},{"damage":4.0,"enemies":"conspire:RoseBush","floor":4.0,"turns":5.0},{"damage":39.0,"enemies":"Gremlin Gang","floor":7.0,"turns":9.0},{"damage":14.0,"enemies":"3 Louse","floor":10.0,"turns":3.0},{"damage":19.0,"enemies":"Blue Slaver","floor":11.0,"turns":3.0},{"damage":6.0,"enemies":"Gremlin Gang","floor":14.0,"turns":4.0},{"damage":7.0,"enemies":"Fading Forest","floor":16.0,"turns":11.0},{"damage":10.0,"enemies":"3 Byrds","floor":18.0,"turns":4.0},{"damage":21.0,"enemies":"Chosen","floor":19.0,"turns":7.0},{"damage":10.0,"enemies":"Sentry and Sphere","floor":20.0,"turns":3.0},{"damage":0,"enemies":"animator:HornedBat","floor":24,"turns":1}],"seed_played":"-5320002610843840574","potions_obtained":[{"floor":2.0,"key":"LiquidBronze"},{"floor":7.0,"key":"FearPotion"},{"floor":10.0,"key":"GamblersBrew"}],"is_trial":false,"path_per_floor":["M","M","$","M","?","R","M","R","T","M","M","?","R","M","R","B",null,"M","M","M","?","?","R","E"],"character_chosen":"THE_ANIMATOR","items_purchased":["animator:Verdia"],"campfire_rested":0,"item_purchase_floors":[3],"current_hp_per_floor":[66,62,62,60,67,67,35,35,35,23,6,68,68,63,63,69,35,28,9,1,1,1,1,1,1],"gold":817,"neow_bonus":"BOSS_RELIC","is_prod":false,"is_daily":false,"chose_seed":false,"campfire_upgraded":4,"win_rate":0,"timestamp":1607497120,"path_taken":["M","M","$","M","?","R","?","R","T","?","M","?","R","?","R","BOSS","M","M","M","?","?","R","E"],"build_version":"2020-11-30","purchased_purges":1,"victory":false,"max_hp_per_floor":[66,67,67,67,67,67,68,68,68,68,68,68,68,69,69,69,35,36,36,36,36,36,36,36,36],"card_choices":[{"not_picked":["Koishi:HauntingSlash","astrologer:NorthStar"],"picked":"stsjorbsmod:Apparition_Cull","floor":0.0},{"not_picked":["animator:HomuraAkemi","animator:Saitama"],"picked":"animator:Hans","floor":0.0},{"not_picked":["animator:Canti","animator:NononJakuzure"],"picked":"animator:QuestionMark","floor":0.0},{"not_picked":["infinitespire:DeathsTouch","ReplayTheSpireMod:??????????????????????"],"picked":"Replay:Fractal Strike","floor":0.0},{"not_picked":["animator:IrohaTamaki","animator:Sonic"],"picked":"animator:Shichika","floor":1.0},{"not_picked":["animator:GuildGirl","animator:IzunaHatsuse"],"picked":"animator:UneriGinkaku","floor":2.0},{"not_picked":["animator:Geryuganshoop","animator:Sonic"],"picked":"animator:Melzalgald","floor":4.0},{"not_picked":["animator:Chris","animator:Verdia"],"picked":"animator:YunYun","floor":7.0},{"not_picked":["animator:GuildGirl","animator:Fredrika"],"picked":"animator:Mitsurugi","floor":10.0},{"not_picked":["animator:DolaCouronne","animator:Azekura"],"picked":"animator:Mitsurugi","floor":11.0},{"not_picked":["animator:Darkness","animator:Fredrika"],"picked":"animator:Geryuganshoop","floor":14.0},{"not_picked":["animator:Kyubey","animator:Shiro"],"picked":"animator:Hans","floor":16.0},{"not_picked":["animator:Verdia","animator:Mitsurugi"],"picked":"animator:Chris","floor":18.0},{"not_picked":["animator:Mitsurugi","animator:TsurugaMeisai"],"picked":"animator:SilverFang+1","floor":19.0},{"not_picked":["animator:DolaRiku","animator:SayakaMiki"],"picked":"animator:Guy","floor":20.0}],"player_experience":813369,"relics_obtained":[],"event_choices":[{"damage_healed":62.0,"max_hp_gain":0.0,"max_hp_loss":0.0,"gold_gain":0.0,"event_name":"Wheel of Change","player_choice":"Full Heal","floor":12.0,"gold_loss":0.0,"damage_taken":0.0},{"damage_healed":0.0,"max_hp_gain":0.0,"max_hp_loss":0.0,"gold_gain":0.0,"event_name":"The Joust","player_choice":"Bet on Murderer","floor":21.0,"gold_loss":50.0,"damage_taken":0.0},{"damage_healed":0.0,"max_hp_gain":0.0,"max_hp_loss":0.0,"gold_gain":0.0,"event_name":"WeMeetAgain","player_choice":"Paid Gold","floor":22.0,"gold_loss":113.0,"damage_taken":0.0,"relics_obtained":["conspire:TopHat"]}],"is_beta":false,"boss_relics":[{"not_picked":["aspiration:ServantSkillbook","hubris:TerracottaHorce"],"picked":"vexMod:RockOfEvil"}],"items_purged_floors":[3],"is_endless":false,"potions_floor_spawned":[2,7,10],"killed_by":"animator:HornedBat","ascension_level":0}}