{"host":"zi8o4akxlgxypwgb","time":1607544513,"event":{"gold_per_floor":[113,113,132,142,142,142,177,177,177,64,239,257,274,274,274,274,274,376,376,376,376],"floor_reached":20,"playtime":636,"items_purged":["Defend_G"],"score":179,"play_id":"8768dd25-2b80-42f1-b0b5-18dcb0b1ee90","local_time":"20201210040833","is_ascension_mode":true,"campfire_choices":[{"data":"Blur","floor":6.0,"key":"SMITH"},{"data":"Hidden Blade","floor":8.0,"key":"SMITH"},{"data":"Toxin Wave","floor":17.0,"key":"SMITH"}],"neow_cost":"NONE","seed_source_timestamp":28727513326965,"circlet_count":0,"master_deck":["Strike_G","Strike_G","Strike_G","Strike_G","Defend_G","Defend_G","Defend_G","Defend_G","Survivor","Neutralize","Finisher","Outmaneuver","Blur+1","Dagger Spray","Hidden Blade+1","ReplayTheSpireMod:Speed Training","Doubt","Expertise","Toxin Wave+1","Pain","ReplayTheSpireMod:From All Sides"],"special_seed":0,"relics":["Ring of the Serpent","NeowsBlessing","Blue Candle","Lizard Tail","WarpedTongs"],"potions_floor_usage":[18],"damage_taken":[{"damage":0.0,"enemies":"2 Louse","floor":1.0,"turns":1.0},{"damage":0.0,"enemies":"Cultist","floor":3.0,"turns":1.0},{"damage":0.0,"enemies":"Small Slimes","floor":4.0,"turns":1.0},{"damage":23.0,"enemies":"3 Sentries","floor":7.0,"turns":8.0},{"damage":8.0,"enemies":"Exordium Wildlife","floor":12.0,"turns":7.0},{"damage":11.0,"enemies":"3 Louse","floor":13.0,"turns":3.0},{"damage":56,"enemies":"Fading Forest","floor":18,"turns":11},{"damage":35,"enemies":"3 Byrds","floor":20,"turns":4}],"seed_played":"3432756682110317916","potions_obtained":[{"floor":1.0,"key":"Swift Potion"},{"floor":2.0,"key":"Energy Potion"},{"floor":2.0,"key":"FairyPotion"},{"floor":12.0,"key":"BlessingOfTheForge"},{"floor":18,"key":"LifebloodPotion"}],"is_trial":false,"path_per_floor":["M","?","M","M","?","R","E","R","T","$","?","M","M","?","PTL","PTL","R","B",null,"M"],"character_chosen":"THE_SILENT","items_purchased":["ReplayTheSpireMod:Speed Training"],"campfire_rested":0,"item_purchase_floors":[10],"current_hp_per_floor":[70,70,70,70,70,70,47,47,47,47,47,39,28,28,28,28,28,35,70,35,35],"gold":376,"neow_bonus":"THREE_ENEMY_KILL","is_prod":false,"is_daily":false,"chose_seed":false,"campfire_upgraded":3,"win_rate":0,"timestamp":1607544513,"path_taken":["M","?","?","M","?","R","E","R","T","$","?","M","M","?","PTL","PTL","R","BOSS","M"],"build_version":"2020-11-30","purchased_purges":1,"victory":false,"max_hp_per_floor":[70,70,70,70,70,70,70,70,70,70,70,70,70,70,70,70,70,70,70,70,70],"card_choices":[{"not_picked":["Escape Plan","Deadly Poison"],"picked":"Finisher","floor":1.0},{"not_picked":["Escape Plan","Underhanded Strike"],"picked":"Outmaneuver","floor":3.0},{"not_picked":["Slice","Poisoned Stab"],"picked":"Blur","floor":4.0},{"not_picked":["Cloak And Dagger","Poisoned Stab"],"picked":"Hidden Blade","floor":7.0},{"not_picked":["Blur","Reflex"],"picked":"Expertise","floor":12.0},{"not_picked":["Quick Slash","Dodge and Roll"],"picked":"Toxin Wave","floor":13.0},{"not_picked":["Grand Finale","Poison Darts"],"picked":"ReplayTheSpireMod:From All Sides","floor":18}],"player_experience":255098,"relics_obtained":[{"floor":7.0,"key":"Blue Candle"},{"floor":9.0,"key":"Lizard Tail"}],"event_choices":[{"damage_healed":0.0,"max_hp_gain":0.0,"max_hp_loss":0.0,"gold_gain":0.0,"event_name":"Lab","player_choice":"Got Potions","floor":2.0,"gold_loss":0.0,"damage_taken":0.0},{"damage_healed":0.0,"max_hp_gain":0.0,"max_hp_loss":0.0,"gold_gain":0.0,"cards_transformed":["Strike_G"],"event_name":"Living Wall","player_choice":"Change","floor":5.0,"gold_loss":0.0,"damage_taken":0.0,"cards_obtained":["Dagger Spray"]},{"damage_healed":0.0,"max_hp_gain":0.0,"max_hp_loss":0.0,"gold_gain":175.0,"event_name":"Liars Game","player_choice":"AGREE","floor":11.0,"gold_loss":0.0,"damage_taken":0.0,"cards_obtained":["Doubt"]},{"damage_healed":0.0,"max_hp_gain":0.0,"max_hp_loss":0.0,"gold_gain":0.0,"event_name":"Accursed Blacksmith","player_choice":"Rummage","floor":14.0,"gold_loss":0.0,"damage_taken":0.0,"relics_obtained":["WarpedTongs"],"cards_obtained":["Pain"]}],"is_beta":false,"boss_relics":[{"not_picked":["SlaversCollar","Black Star"],"picked":"Ring of the Serpent"}],"items_purged_floors":[10],"is_endless":false,"potions_floor_spawned":[1,12,13,18],"killed_by":"3 Byrds","ascension_level":1}}