{"host":"ecaj4hn004xnnrw9","time":1607534828,"event":{"gold_per_floor":[109,109,109,109,120,152,152,164,164,164,182,37,37,69,69,170,170,181,191,210,210,223,254,273,273,273],"floor_reached":25,"playtime":878,"items_purged":["Strike_B"],"score":323,"play_id":"b1d9955e-3bea-46f0-a3e3-8ad52f2a3b25","local_time":"20201209172708","is_ascension_mode":true,"campfire_choices":[{"data":"Barrage","floor":7,"key":"SMITH"},{"data":"Dualcast","floor":10,"key":"SMITH"},{"data":"Defragment","floor":13,"key":"SMITH"},{"data":"FIFO Queue","floor":15,"key":"SMITH"}],"neow_cost":"NONE","seed_source_timestamp":7165699280900,"circlet_count":0,"master_deck":["Strike_B","Strike_B","Defend_B","Defend_B","Defend_B","Defend_B","Zap+1","Dualcast+1","Barrage+1","Time Bomb","Panic Button","Genetic Algorithm","Defragment+1","FIFO Queue+1","Rainbow","ReplaySort+1","Time Bomb+1","Panic Button"],"relics":["Cracked Core","NeowsBlessing","Gremlin Horn","Replay:Bottled Snecko","Blue Candle","Lizard Tail","Painkiller Herb","Tiny Chest"],"potions_floor_usage":[19,23,25],"damage_taken":[{"damage":0,"enemies":"Cultist","floor":1,"turns":1},{"damage":0,"enemies":"Small Slimes","floor":5,"turns":1},{"damage":0,"enemies":"Gremlin Nob","floor":6,"turns":1},{"damage":0,"enemies":"2 Louse","floor":8,"turns":2},{"damage":36,"enemies":"Gremlin Gang","floor":11,"turns":4},{"damage":18,"enemies":"Lagavulin","floor":14,"turns":5},{"damage":0,"enemies":"Slime Boss","floor":16,"turns":3},{"damage":33,"enemies":"2 Thieves","floor":18,"turns":3},{"damage":9,"enemies":"3 Byrds","floor":19,"turns":3},{"damage":2,"enemies":"3 Cultists","floor":20,"turns":5},{"damage":5,"enemies":"Cultist and Chosen","floor":22,"turns":4},{"damage":10,"enemies":"Replay:Snechameleon","floor":23,"turns":5},{"damage":21,"enemies":"Snake Plant","floor":24,"turns":2},{"damage":39,"enemies":"Sentry and Sphere","floor":25,"turns":4}],"seed_played":"488304501705814757","potions_obtained":[{"floor":1,"key":"Swift Potion"},{"floor":14,"key":"Reflective Coating"},{"floor":16,"key":"FearPotion"},{"floor":20,"key":"SteroidPotion"},{"floor":23,"key":"ColorlessPotion"},{"floor":24,"key":"BlessingOfTheForge"}],"is_trial":false,"path_per_floor":["M","?","?","?","M","E","R","M","T","R","M","$","R","E","R","B",null,"?","?","?","?","?","E","?","?"],"character_chosen":"DEFECT","items_purchased":["Defragment"],"campfire_rested":0,"item_purchase_floors":[12],"current_hp_per_floor":[75,75,75,75,75,75,75,75,75,75,39,39,39,21,21,21,75,42,33,31,31,26,16,37,0,0],"gold":273,"neow_bonus":"THREE_ENEMY_KILL","is_prod":false,"is_daily":false,"chose_seed":false,"campfire_upgraded":4,"win_rate":0,"timestamp":1607534828,"path_taken":["M","?","?","?","M","E","R","M","T","R","?","?","R","E","R","BOSS","?","?","?","?","?","E","?","?"],"build_version":"2020-11-30","purchased_purges":1,"victory":false,"max_hp_per_floor":[75,75,75,75,75,75,75,75,75,75,75,75,75,75,75,75,75,75,75,75,75,75,75,75,75,75],"card_choices":[{"not_picked":["Doom and Gloom","Rebound"],"picked":"Barrage","floor":1},{"not_picked":["Rip and Tear","Redo"],"picked":"Time Bomb","floor":5},{"not_picked":["Chaos","Blizzard"],"picked":"Panic Button","floor":6},{"not_picked":["Rebound","Stack","ReplayGash"],"picked":"SKIP","floor":8},{"not_picked":["Hologram","Stack"],"picked":"Genetic Algorithm","floor":11},{"not_picked":["Conserve Battery","Go for the Eyes"],"picked":"FIFO Queue","floor":14},{"not_picked":["Electrodynamics","Seek"],"picked":"Rainbow","floor":16},{"not_picked":["Turbo","Streamline","Lockon"],"picked":"SKIP","floor":18},{"not_picked":["Steam","Auto Shields","Melter+1"],"picked":"SKIP","floor":19},{"not_picked":["Stack","Turbo+1","Beam Cell+1"],"picked":"SKIP","floor":20},{"not_picked":["Gash+1","Barrage"],"picked":"ReplaySort+1","floor":22},{"not_picked":["Sunder","ReplayTheSpireMod:GoodbyeWorld+1"],"picked":"Time Bomb+1","floor":23},{"not_picked":["Leap","Crystallizer"],"picked":"Panic Button","floor":24}],"player_experience":131768,"relics_obtained":[{"floor":4,"key":"Gremlin Horn"},{"floor":6,"key":"Replay:Bottled Snecko"},{"floor":9,"key":"Blue Candle"},{"floor":14,"key":"Lizard Tail"},{"floor":23,"key":"Tiny Chest"}],"event_choices":[{"damage_healed":0,"gold_gain":0,"player_choice":"Grow","damage_taken":0,"max_hp_gain":0,"max_hp_loss":0,"event_name":"Living Wall","floor":3,"gold_loss":0,"cards_upgraded":["Zap"]},{"damage_healed":0,"gold_gain":0,"player_choice":"Relic","damage_taken":0,"max_hp_gain":0,"max_hp_loss":0,"event_name":"Wheel of Change","floor":4,"gold_loss":0},{"damage_healed":0,"gold_gain":0,"player_choice":"Ignored","damage_taken":0,"max_hp_gain":0,"max_hp_loss":0,"event_name":"Vampires","floor":21,"gold_loss":0}],"is_beta":false,"boss_relics":[{"not_picked":["Busted Crown","Astrolabe"],"picked":"Painkiller Herb"}],"items_purged_floors":[12],"is_endless":false,"potions_floor_spawned":[1,14,16,20,23,24],"killed_by":"Sentry and Sphere","ascension_level":1}}