{"host":"vcrofm1hbk0ziuql","time":1607548864,"event":{"gold_per_floor":[99,114,140,415,432,452,452,19,51,51,65,105,116,138,155,155,155],"floor_reached":16,"playtime":918,"items_purged":["Regret"],"score":114,"play_id":"201861f4-42f2-4b22-9be0-f7858aee6438","local_time":"20201209212104","is_ascension_mode":false,"campfire_choices":[{"data":"sneckomod:TailWhip","floor":1,"key":"SMITH"},{"data":"sneckomod:Unknown3Cost","floor":10,"key":"SMITH"}],"neow_cost":"NONE","seed_source_timestamp":43402457893014,"circlet_count":0,"master_deck":["sneckomod:Strike","sneckomod:Strike","sneckomod:Strike","sneckomod:Defend","sneckomod:Defend","sneckomod:Defend","sneckomod:TailWhip+1","sneckomod:SnekBite","sneckomod:Unknown","sneckomod:Unknown","sneckomod:DefensiveFlair","sneckomod:Unknown3Cost+1","sneckomod:Unknown1Cost","sneckomod:ImprovisedGuard","sneckomod:UnknownBlock","sneckomod:UnknownUncommonPower","sneckomod:UnknownClassRED","sneckomod:UnknownStrike","sneckomod:UnknownX","sneckomod:UnknownEthereal","sneckomod:Nope"],"relics":["Runic Dome","Question Card","Onion Ring","Incense Burner","Gremlin Food","Odd Mushroom"],"potions_floor_usage":[8,14,14],"damage_taken":[{"damage":0,"enemies":"2 Louse","floor":2,"turns":2},{"damage":19,"enemies":"Replay:BlueRogue","floor":3,"turns":7},{"damage":3,"enemies":"Cultist","floor":5,"turns":2},{"damage":0,"enemies":"Small Slimes","floor":6,"turns":3},{"damage":8,"enemies":"downfall:FleeingMerchant","floor":8,"turns":4},{"damage":15,"enemies":"Gremlin Nob","floor":9,"turns":4},{"damage":5,"enemies":"3 Louse","floor":11,"turns":3},{"damage":5,"enemies":"Lots of Slimes","floor":12,"turns":5},{"damage":0,"enemies":"Exordium Wildlife","floor":13,"turns":2},{"damage":2,"enemies":"The Mushroom Lair","floor":14,"turns":4},{"damage":0,"enemies":"Blue Slaver","floor":15,"turns":1},{"damage":59,"enemies":"downfall:CharBossWatcher","floor":16,"turns":10}],"seed_played":"-7829119989495260946","potions_obtained":[{"floor":2,"key":"Ancient Potion"},{"floor":5,"key":"EssenceOfSteel"},{"floor":6,"key":"Swift Potion"},{"floor":13,"key":"SpeedPotion"}],"is_trial":false,"path_per_floor":["R","M","E","?","M","M","T","$","E","R","M","M","M","?","M","B"],"character_chosen":"THE_SNECKO","items_purchased":["sneckomod:UnknownBlock","Incense Burner"],"campfire_rested":0,"item_purchase_floors":[8,8],"current_hp_per_floor":[90,90,71,71,68,68,68,60,45,45,40,46,46,44,44,0,0],"gold":155,"neow_bonus":"BOSS_RELIC","is_prod":false,"is_daily":false,"chose_seed":false,"campfire_upgraded":2,"win_rate":0.0,"timestamp":1607548864,"path_taken":["R","M","E","?","M","M","T","?","E","R","M","M","M","?","M","BOSS"],"build_version":"2020-11-30","purchased_purges":1,"victory":false,"max_hp_per_floor":[90,90,90,90,90,90,90,90,90,90,90,90,90,90,90,90,90],"card_choices":[{"not_picked":["sneckomod:QuickMove","sneckomod:TrashToTreasure"],"picked":"sneckomod:DefensiveFlair","floor":2},{"not_picked":["sneckomod:RainOfDice","sneckomod:DiceBlock"],"picked":"sneckomod:Unknown3Cost","floor":3},{"not_picked":["sneckomod:SoulDraw","sneckomod:UnknownCommonSkill","sneckomod:MasterEye"],"picked":"sneckomod:Unknown1Cost","floor":5},{"not_picked":["sneckomod:RainOfDice","sneckomod:SoulRoll","sneckomod:QuickBite"],"picked":"sneckomod:ImprovisedGuard","floor":6},{"not_picked":["sneckomod:UnknownVulnerable","sneckomod:UnknownCommonAttack","sneckomod:UnknownWeak"],"picked":"sneckomod:UnknownUncommonPower","floor":9},{"not_picked":["sneckomod:UnknownClassHEXA_GHOST_PURPLE","sneckomod:SoulDraw","sneckomod:SoulRoll"],"picked":"sneckomod:UnknownClassRED","floor":11},{"not_picked":["sneckomod:TrashToTreasure","sneckomod:SoulExchange","sneckomod:DiceCrush"],"picked":"sneckomod:UnknownStrike","floor":12},{"not_picked":["sneckomod:IronFang","sneckomod:SoulCleanse","sneckomod:UnknownCommonAttack"],"picked":"sneckomod:UnknownX","floor":13},{"not_picked":["sneckomod:SoulRoll","sneckomod:UnknownClassPURPLE","sneckomod:UnknownCommonSkill"],"picked":"sneckomod:UnknownEthereal","floor":14},{"not_picked":["sneckomod:UnknownClassBLUE","sneckomod:UnknownWeak","sneckomod:UnlimitedRolls"],"picked":"sneckomod:Nope","floor":15}],"player_experience":533461,"relics_obtained":[{"floor":3,"key":"Question Card"},{"floor":7,"key":"Onion Ring"},{"floor":9,"key":"Gremlin Food"},{"floor":14,"key":"Odd Mushroom"}],"event_choices":[{"damage_healed":0,"gold_gain":0,"player_choice":"Fought Mushrooms","damage_taken":0,"max_hp_gain":0,"max_hp_loss":0,"event_name":"Mushrooms","floor":14,"gold_loss":0}],"is_beta":false,"boss_relics":[],"items_purged_floors":[8],"is_endless":false,"potions_floor_spawned":[2,5,6,13],"killed_by":"downfall:CharBossWatcher","ascension_level":0}}