{"host":"f7mgfv1rcbv6ir5v","time":1607505157,"event":{"gold_per_floor":[110,128,203,214,45,75,75,104,104,121,121,177,193,222,222,326,326,338,357,367,383,483,483,514,527,527,527,546,573,88,117,117,213,213,232,26,0,10,24,59,59,72,99,99,99],"floor_reached":44,"playtime":5395,"items_purged":["Strike_P","Strike_P","Strike_P"],"score":818,"play_id":"a54d39fb-c552-4b99-a07f-d9bbd226af91","local_time":"20201209011237","is_ascension_mode":true,"campfire_choices":[{"floor":7,"key":"REST"},{"data":"Tantrum","floor":11,"key":"SMITH"},{"data":"SandsOfTime","floor":15,"key":"SMITH"},{"data":"WaveOfTheHand","floor":23,"key":"SMITH"},{"data":"Weave","floor":27,"key":"SMITH"},{"data":"Omniscience","floor":32,"key":"SMITH"},{"data":"Blasphemy","floor":41,"key":"SMITH"}],"neow_cost":"TEN_PERCENT_HP_LOSS","seed_source_timestamp":2341600019809500,"circlet_count":0,"master_deck":["Strike_P","Defend_P","Defend_P","Defend_P","Defend_P","Eruption","Vigilance","Weave+1","CutThroughFate","Evaluate","ThirdEye","Adaptation","SandsOfTime+1","CutThroughFate","Tantrum+1","DevaForm","Protect","WheelKick","SpiritShield","Conclude+1","EmptyFist","Adaptation","WaveOfTheHand+1","ThirdEye+1","Wireheading+1","FearNoEvil","WheelKick+1","Omniscience+1","Wallop","Meditate","Omniscience","Fasting2","Blasphemy+1","EmptyBody+1"],"relics":["PureWater","Mango","Vajra","CaptainsWheel","Pear","Nunchaku","Odd Mushroom","Coffee Dripper","Dead Branch","Bottled Tornado","Pantograph","Anchor","Ginger","SacredBark","Red Mask","Smiling Mask"],"potions_floor_usage":[12,12,19,29,31,33,44],"damage_taken":[{"damage":8,"enemies":"2 Louse","floor":1,"turns":3},{"damage":1,"enemies":"Small Slimes","floor":2,"turns":3},{"damage":0,"enemies":"Cultist","floor":4,"turns":2},{"damage":26,"enemies":"3 Sentries","floor":6,"turns":8},{"damage":17,"enemies":"Lagavulin","floor":8,"turns":6},{"damage":0,"enemies":"Looter","floor":10,"turns":2},{"damage":16,"enemies":"Gremlin Nob","floor":12,"turns":4},{"damage":6,"enemies":"3 Louse","floor":13,"turns":2},{"damage":0,"enemies":"The Mushroom Lair","floor":14,"turns":2},{"damage":0,"enemies":"Slime Boss","floor":16,"turns":3},{"damage":0,"enemies":"Spheric Guardian","floor":18,"turns":4},{"damage":2,"enemies":"Chosen","floor":19,"turns":4},{"damage":9,"enemies":"Centurion and Healer","floor":20,"turns":3},{"damage":14,"enemies":"Shelled Parasite and Fungi","floor":21,"turns":4},{"damage":0,"enemies":"Gremlin Leader","floor":24,"turns":5},{"damage":7,"enemies":"Cultist and Chosen","floor":25,"turns":4},{"damage":4,"enemies":"3 Cultists","floor":28,"turns":3},{"damage":32,"enemies":"Slavers","floor":29,"turns":4},{"damage":5,"enemies":"Gremlin Leader","floor":31,"turns":4},{"damage":5,"enemies":"Champ","floor":33,"turns":5},{"damage":17,"enemies":"3 Darklings","floor":35,"turns":6},{"damage":0,"enemies":"Orb Walker","floor":38,"turns":4},{"damage":30,"enemies":"Sphere and 2 Shapes","floor":39,"turns":5},{"damage":0,"enemies":"Giant Head","floor":40,"turns":4},{"damage":4,"enemies":"Transient","floor":42,"turns":5},{"damage":34,"enemies":"Reptomancer","floor":44,"turns":2}],"seed_played":"2139166290497384010","potions_obtained":[{"floor":4,"key":"ColorlessPotion"},{"floor":8,"key":"ColorlessPotion"},{"floor":13,"key":"FearPotion"},{"floor":14,"key":"DistilledChaos"},{"floor":18,"key":"BlessingOfTheForge"},{"floor":20,"key":"PowerPotion"},{"floor":31,"key":"PowerPotion"},{"floor":38,"key":"PowerPotion"},{"floor":39,"key":"DuplicationPotion"}],"is_trial":false,"path_per_floor":["M","M","?","M","$","E","R","E","T","M","R","?","M","?","R","B",null,"M","M","M","M","?","R","E","M","T","R","M","E","$","E","R","B",null,"M","$","?","M","M","E","R","M","T","E"],"character_chosen":"WATCHER","items_purchased":["ThirdEye","Adaptation","Omniscience","Wallop","Anchor","Fire Potion","Fasting2"],"campfire_rested":1,"item_purchase_floors":[5,5,30,30,30,30,36],"current_hp_per_floor":[71,70,59,59,59,33,56,39,49,49,49,33,27,27,27,27,74,74,72,63,49,49,49,49,42,42,42,38,6,6,1,1,21,72,55,55,55,55,25,25,25,21,21,0,0],"gold":99,"neow_bonus":"ONE_RARE_RELIC","is_prod":false,"is_daily":false,"chose_seed":false,"campfire_upgraded":6,"win_rate":0,"timestamp":1607505157,"path_taken":["M","M","?","M","$","E","R","E","T","M","R","?","M","?","R","BOSS","M","M","M","M","?","R","E","M","T","R","M","E","$","E","R","BOSS","M","?","?","M","M","E","R","M","T","E"],"build_version":"2020-11-30","purchased_purges":3,"victory":false,"max_hp_per_floor":[79,79,79,79,79,79,79,79,89,89,89,89,89,89,89,89,89,89,89,89,89,89,89,89,89,89,89,89,89,89,89,89,89,89,89,89,89,89,89,89,89,89,89,89,89],"relic_stats":{"Nunchaku":[19],"counters":[26,101],"Dead Branch":[28],"Pantograph":25,"Ginger":[4],"Smiling Mask":0,"obtain_stats":[{"Pear":9,"Dead Branch":24,"SacredBark":34,"Vajra":6,"Mango":0,"Ginger":31,"Odd Mushroom":14,"Bottled Tornado":26,"Smiling Mask":40,"CaptainsWheel":8,"Nunchaku":12,"Anchor":30,"Pantograph":29,"Coffee Dripper":17,"Red Mask":37,"PureWater":0},{"Pear":5,"Dead Branch":15,"SacredBark":20,"Vajra":4,"Mango":0,"Ginger":19,"Odd Mushroom":9,"Bottled Tornado":16,"Smiling Mask":24,"CaptainsWheel":5,"Nunchaku":7,"Anchor":18,"Pantograph":18,"Coffee Dripper":10,"Red Mask":21,"PureWater":0},{"Pear":22,"Dead Branch":55,"SacredBark":75,"Vajra":16,"Mango":0,"Ginger":70,"Odd Mushroom":32,"Bottled Tornado":59,"Smiling Mask":94,"CaptainsWheel":22,"Nunchaku":28,"Anchor":66,"Pantograph":66,"Coffee Dripper":35,"Red Mask":81,"PureWater":0}]},"card_choices":[{"not_picked":["BowlingBash","CutThroughFate"],"picked":"Weave","floor":1},{"not_picked":["SashWhip","Consecrate"],"picked":"CutThroughFate","floor":2},{"not_picked":["Study","FollowUp"],"picked":"Evaluate","floor":4},{"not_picked":["PathToVictory","Crescendo"],"picked":"SandsOfTime","floor":6},{"not_picked":["CrushJoints","Consecrate"],"picked":"CutThroughFate","floor":8},{"not_picked":["Crescendo","FlyingSleeves"],"picked":"Tantrum","floor":10},{"not_picked":["Crescendo","Evaluate"],"picked":"DevaForm","floor":12},{"not_picked":["ReachHeaven","FollowUp"],"picked":"Protect","floor":13},{"not_picked":["Study","Halt"],"picked":"WheelKick","floor":14},{"not_picked":["MasterReality","Establishment"],"picked":"SpiritShield","floor":16},{"not_picked":["SashWhip","Halt+1"],"picked":"Conclude+1","floor":18},{"not_picked":["LikeWater","FlurryOfBlows"],"picked":"EmptyFist","floor":19},{"not_picked":["CutThroughFate","LikeWater"],"picked":"Adaptation","floor":20},{"not_picked":["EmptyFist","DeceiveReality+1"],"picked":"WaveOfTheHand","floor":21},{"not_picked":["SashWhip","LikeWater"],"picked":"ThirdEye+1","floor":24},{"not_picked":["Prostrate","BowlingBash"],"picked":"Wireheading+1","floor":25},{"not_picked":["Protect","Study+1"],"picked":"FearNoEvil","floor":28},{"not_picked":["InnerPeace","Swivel+1"],"picked":"WheelKick+1","floor":29},{"not_picked":["FearNoEvil","Perseverance"],"picked":"Meditate","floor":31},{"not_picked":["SpiritShield","Establishment"],"picked":"Omniscience","floor":33},{"not_picked":["EmptyFist+1","FlurryOfBlows+1","Evaluate+1"],"picked":"SKIP","floor":35},{"not_picked":["Halt","EmptyBody","Consecrate+1"],"picked":"SKIP","floor":38},{"not_picked":["CutThroughFate+1","Sanctity","Pray+1"],"picked":"SKIP","floor":39},{"not_picked":["Meditate","LessonLearned"],"picked":"Blasphemy","floor":40},{"not_picked":["Crescendo","Prostrate"],"picked":"EmptyBody+1","floor":42}],"player_experience":292064,"relics_obtained":[{"floor":6,"key":"Vajra"},{"floor":8,"key":"CaptainsWheel"},{"floor":9,"key":"Pear"},{"floor":12,"key":"Nunchaku"},{"floor":14,"key":"Odd Mushroom"},{"floor":24,"key":"Dead Branch"},{"floor":26,"key":"Bottled Tornado"},{"floor":29,"key":"Pantograph"},{"floor":31,"key":"Ginger"},{"floor":40,"key":"Smiling Mask"}],"event_choices":[{"damage_healed":0,"gold_gain":75,"player_choice":"Gather Gold","damage_taken":11,"max_hp_gain":0,"max_hp_loss":0,"event_name":"World of Goop","floor":3,"gold_loss":0},{"damage_healed":0,"gold_gain":30,"player_choice":"Searched \u00272\u0027 times","damage_taken":0,"max_hp_gain":0,"max_hp_loss":0,"event_name":"Dead Adventurer","floor":12,"gold_loss":0},{"damage_healed":0,"gold_gain":0,"player_choice":"Fought Mushrooms","damage_taken":0,"max_hp_gain":0,"max_hp_loss":0,"event_name":"Mushrooms","floor":14,"gold_loss":0},{"damage_healed":0,"gold_gain":100,"player_choice":"Pray","damage_taken":0,"max_hp_gain":0,"max_hp_loss":0,"event_name":"Golden Shrine","floor":22,"gold_loss":0},{"damage_healed":0,"gold_gain":0,"player_choice":"Paid","damage_taken":0,"relics_obtained":["Red Mask"],"max_hp_gain":0,"max_hp_loss":0,"event_name":"Tomb of Lord Red Mask","floor":37,"gold_loss":26}],"is_beta":false,"boss_relics":[{"not_picked":["Busted Crown","VioletLotus"],"picked":"Coffee Dripper"},{"not_picked":["Velvet Choker","Sozu"],"picked":"SacredBark"}],"items_purged_floors":[5,30,36],"is_endless":false,"potions_floor_spawned":[4,8,13,14,18,20,25,31,38,39,40],"killed_by":"Reptomancer","ascension_level":6}}