{"host":"tsnif9umxyqokjak","time":1607539690,"event":{"gold_per_floor":[131,164,190,215,239,239,278,278,278,297,297,209,209,179,179,279,279,306,331,357,371,371,371,371],"floor_reached":23,"playtime":4622,"items_purged":[],"score":195,"play_id":"97d5f22c-32a5-45df-a276-2dacad26c247","local_time":"20201209194810","is_ascension_mode":false,"campfire_choices":[{"data":"animator:KrulTepes","floor":6,"key":"SMITH"},{"data":"animator:FielNirvalen","floor":8,"key":"SMITH"},{"data":"animator:DolaCouronne","floor":11,"key":"SMITH"},{"data":"animator:Tet","floor":13,"key":"SMITH"},{"floor":15,"key":"REST"}],"neow_cost":"NONE","seed_source_timestamp":7934067551185401246,"circlet_count":0,"master_deck":["animator:Strike_NoGameNoLife","animator:Defend_NoGameNoLife","animator:DolaSchwi+1","animator:DolaCouronne+1","animator:GuildGirl","animator:KrulTepes+1","animator:FielNirvalen+1","animator:Sonic","animator:Tet+1","animator:Strike_AccelWorld","animator:Strike_MadokaMagica","animator:Strike_Katanagatari","animator:Defend_GoblinSlayer","animator:Defend_NoGameNoLife","animator:Defend_HitsugiNoChaika","animator:Boros","animator:DolaStephanie","animator:Yuuichirou+1","animator:Shinoa","animator:Pride"],"relics":["animator:LivingPicture","animator:TheMissingPiece","Blood Vial","Dead Branch","Calipers","SlaversCollar"],"potions_floor_usage":[7,7,7,16,18,18,19,20],"damage_taken":[{"damage":8,"enemies":"Small Slimes","floor":1,"turns":4},{"damage":3,"enemies":"Jaw Worm","floor":2,"turns":4},{"damage":1,"enemies":"Cultist","floor":3,"turns":4},{"damage":0,"enemies":"Large Slime","floor":4,"turns":5},{"damage":0,"enemies":"3 Louse","floor":5,"turns":5},{"damage":3,"enemies":"Lagavulin","floor":7,"turns":6},{"damage":17,"enemies":"Exordium Thugs","floor":10,"turns":6},{"damage":13,"enemies":"Hexaghost","floor":16,"turns":11},{"damage":8,"enemies":"Spheric Guardian","floor":18,"turns":3},{"damage":44,"enemies":"3 Byrds","floor":19,"turns":6},{"damage":22,"enemies":"Snake Plant","floor":20,"turns":5},{"damage":5,"enemies":"Snecko","floor":21,"turns":5},{"damage":20,"enemies":"Centurion and Healer","floor":23,"turns":5}],"seed_played":"2939459760464582942","potions_obtained":[{"floor":3,"key":"Strength Potion"},{"floor":4,"key":"FearPotion"},{"floor":5,"key":"PowerPotion"},{"floor":10,"key":"sneckomod:MuddlingPotion"},{"floor":14,"key":"ColorlessPotion"},{"floor":14,"key":"GrandPatriotsElixir:ReiMu"},{"floor":16,"key":"SpeedPotion"},{"floor":20,"key":"Fruit Juice"},{"floor":21,"key":"sagemod:Wine"}],"is_trial":false,"path_per_floor":["M","M","M","M","M","R","E","R","T","M","R","?","R","?","R","B",null,"M","M","M","M","?","M"],"character_chosen":"THE_ANIMATOR","items_purchased":[],"campfire_rested":1,"item_purchase_floors":[],"current_hp_per_floor":[58,55,54,54,54,54,51,51,51,37,37,37,37,37,57,46,67,59,24,12,9,9,0,0],"gold":371,"neow_bonus":"UPGRADE_CARD","is_prod":false,"is_daily":false,"chose_seed":false,"campfire_upgraded":4,"win_rate":0,"timestamp":1607539690,"path_taken":["M","M","M","M","M","R","E","R","T","M","R","?","R","?","R","BOSS","M","M","?","M","?","M"],"build_version":"2020-11-30","purchased_purges":0,"victory":false,"max_hp_per_floor":[66,66,66,66,66,66,66,66,66,67,67,67,67,67,67,67,67,67,68,73,73,73,73,73],"card_choices":[{"not_picked":["animator:MaesHughes","animator:Shigure"],"picked":"animator:GuildGirl","floor":1},{"not_picked":["animator:RoyMustang","animator:Jibril"],"picked":"animator:KrulTepes","floor":2},{"not_picked":["animator:DolaCouronne","animator:MaesHughes"],"picked":"animator:FielNirvalen","floor":3},{"not_picked":["animator:Geryuganshoop","animator:Melzalgald"],"picked":"animator:Sonic","floor":4},{"not_picked":["animator:Spearman","animator:Kazuma","animator:Genos"],"picked":"SKIP","floor":5},{"not_picked":["animator:PandorasActor","animator:Boros","animator:Spearman"],"picked":"SKIP","floor":7},{"not_picked":["animator:Kazuma","animator:DolaSchwi"],"picked":"animator:Tet","floor":10},{"not_picked":["animator:Greed","animator:Guren"],"picked":"animator:Boros","floor":16},{"not_picked":["animator:DolaCouronne","animator:Jibril"],"picked":"animator:DolaStephanie","floor":18},{"not_picked":["animator:Albedo","animator:Entoma"],"picked":"animator:Yuuichirou+1","floor":19},{"not_picked":["animator:Tet","animator:Megumin+1"],"picked":"animator:Shinoa","floor":20},{"not_picked":["animator:MumenRider","animator:Sloth"],"picked":"animator:Pride","floor":21}],"player_experience":696364,"relics_obtained":[{"floor":7,"key":"Blood Vial"},{"floor":7,"key":"Dead Branch"},{"floor":9,"key":"Calipers"}],"event_choices":[{"damage_healed":0,"gold_gain":0,"player_choice":"Bought 2 Potions","damage_taken":0,"max_hp_gain":0,"max_hp_loss":0,"event_name":"The Woman in Blue","floor":14,"gold_loss":0},{"damage_healed":0,"gold_gain":0,"player_choice":"Ignored","damage_taken":0,"max_hp_gain":0,"max_hp_loss":0,"event_name":"Purifier","floor":22,"gold_loss":0}],"is_beta":false,"boss_relics":[{"not_picked":["Sozu","Fusion Hammer"],"picked":"SlaversCollar"}],"items_purged_floors":[],"is_endless":false,"potions_floor_spawned":[3,4,5,10,16,20,21],"killed_by":"Centurion and Healer","ascension_level":0}}