{"host":"y76clbnovzmw9ubx","time":1607473774,"event":{"gold_per_floor":[119,132,151,168,130,130,159,175,250,260,273,304,318,318,318,318,318],"floor_reached":16,"playtime":1084,"items_purged":[],"score":282,"play_id":"5f138d79-3f19-4f33-a474-6fbd12e74a49","local_time":"20201208192934","is_ascension_mode":true,"campfire_choices":[{"data":"Zap","floor":6,"key":"SMITH"},{"floor":15,"key":"REST"}],"neow_cost":"NONE","seed_source_timestamp":370221119677,"circlet_count":0,"master_deck":["AscendersBane","Strike_B","Strike_B","Strike_B","Defend_B","Defend_B","Defend_B","Defend_B","Zap+1","Dualcast","All For One","Gash","Buffer","Ball Lightning","Steam","Beam Cell","Gash","Beam Cell","Leap","BootSequence"],"relics":["Cracked Core","Omamori","Thread and Needle"],"potions_floor_usage":[7,10,12,16],"damage_taken":[{"damage":0,"enemies":"2 Louse","floor":1,"turns":3},{"damage":1,"enemies":"Cultist","floor":2,"turns":3},{"damage":4,"enemies":"Small Slimes","floor":3,"turns":3},{"damage":1,"enemies":"Looter","floor":4,"turns":3},{"damage":33,"enemies":"Gremlin Nob","floor":7,"turns":5},{"damage":9,"enemies":"Red Slaver","floor":8,"turns":2},{"damage":0,"enemies":"3 Louse","floor":10,"turns":3},{"damage":6,"enemies":"Looter","floor":11,"turns":3},{"damage":0,"enemies":"Lagavulin","floor":12,"turns":5},{"damage":2,"enemies":"2 Fungi Beasts","floor":13,"turns":4},{"damage":29,"enemies":"The Guardian","floor":16,"turns":8}],"seed_played":"-2013374806869810498","potions_obtained":[{"floor":3,"key":"EssenceOfDarkness"},{"floor":4,"key":"Block Potion"},{"floor":7,"key":"GamblersBrew"},{"floor":12,"key":"Strength Potion"},{"floor":13,"key":"Explosive Potion"}],"is_trial":false,"path_per_floor":["M","M","M","M","?","R","E","M","T","M","M","E","M","?","R","B"],"character_chosen":"DEFECT","items_purchased":[],"campfire_rested":1,"item_purchase_floors":[],"current_hp_per_floor":[64,63,59,58,58,58,25,16,16,16,10,10,8,8,29,0,0],"gold":318,"neow_bonus":"TRANSFORM_CARD","is_prod":false,"is_daily":false,"chose_seed":false,"campfire_upgraded":1,"win_rate":0,"timestamp":1607473774,"path_taken":["M","M","M","M","?","R","E","M","T","M","M","E","M","?","R","BOSS"],"build_version":"2020-11-30","purchased_purges":0,"victory":false,"max_hp_per_floor":[71,71,71,71,71,71,71,71,71,71,71,71,71,71,71,71,71],"relic_stats":{"counters":[11,42],"obtain_stats":[{"Thread and Needle":12,"Omamori":7,"Cracked Core":0},{"Thread and Needle":9,"Omamori":5,"Cracked Core":0},{"Thread and Needle":30,"Omamori":17,"Cracked Core":0}]},"card_choices":[{"not_picked":["Conserve Battery","Hologram"],"picked":"Gash","floor":1},{"not_picked":["Hello World","Sweeping Beam"],"picked":"Buffer","floor":2},{"not_picked":["Fusion","Redo"],"picked":"Ball Lightning","floor":3},{"not_picked":["Undo","Blizzard"],"picked":"Steam","floor":4},{"not_picked":["Steam","Reinforced Body"],"picked":"Beam Cell","floor":7},{"not_picked":["Undo","Streamline"],"picked":"Gash","floor":8},{"not_picked":["Sweeping Beam","Barrage","Coolheaded"],"picked":"SKIP","floor":10},{"not_picked":["Conserve Battery","Tempest"],"picked":"Beam Cell","floor":11},{"not_picked":["Fission","Rebound"],"picked":"Leap","floor":12},{"not_picked":["Consume","Leap"],"picked":"BootSequence","floor":13}],"player_experience":2783666,"relics_obtained":[{"floor":7,"key":"Omamori"},{"floor":12,"key":"Thread and Needle"}],"event_choices":[{"damage_healed":0,"gold_gain":0,"player_choice":"Left Gold","damage_taken":0,"max_hp_gain":0,"max_hp_loss":0,"event_name":"World of Goop","floor":5,"gold_loss":38},{"damage_healed":0,"gold_gain":0,"player_choice":"Ignored","damage_taken":0,"max_hp_gain":0,"max_hp_loss":0,"event_name":"Shining Light","floor":14,"gold_loss":0}],"is_beta":false,"boss_relics":[],"items_purged_floors":[],"is_endless":false,"potions_floor_spawned":[3,4,7,8,12,13],"killed_by":"The Guardian","ascension_level":20}}