{"host":"htpechobqgpaugnv","time":1607511316,"event":{"gold_per_floor":[112,112,122,47,47,47,61,61,135,135,185,0,16,42,42,114,114,133,133,165,90,110,110,142,142,187,187,215,90,106,119,119,198,198,213,435,453,453,473,473,473],"floor_reached":40,"playtime":964,"items_purged":["Strike_R","Strike_R","Strike_R"],"score":894,"play_id":"2a5876cf-2c7c-42b5-b945-a703c4b7f83a","local_time":"20201209045516","is_ascension_mode":true,"campfire_choices":[{"data":"Searing Blow","floor":6.0,"key":"SMITH"},{"data":"Searing Blow+1","floor":8.0,"key":"SMITH"},{"data":"Searing Blow+2","floor":10.0,"key":"SMITH"},{"data":"Searing Blow+3","floor":15.0,"key":"SMITH"},{"data":"Searing Blow+4","floor":23.0,"key":"SMITH"},{"data":"Searing Blow+5","floor":25.0,"key":"SMITH"},{"data":"Searing Blow+6","floor":32.0,"key":"SMITH"}],"neow_cost":"NONE","seed_source_timestamp":90280940762500,"circlet_count":0,"master_deck":["AscendersBane","Defend_R","Defend_R","Defend_R","Defend_R+1","Bash","Sword Boomerang+1","Searing Blow+7","Burning Pact","Headbutt","Double Tap","Shrug It Off","Shrug It Off"],"special_seed":0,"relics":["Burning Blood","NeowsBlessing","Meat on the Bone","InkBottle","Philosopher\u0027s Stone","MutagenicStrength","Red Mask","Singing Bowl","Lantern","Paper Frog","SlaversCollar"],"potions_floor_usage":[40],"damage_taken":[{"damage":0.0,"enemies":"2 Louse","floor":1.0,"turns":1.0},{"damage":0.0,"enemies":"Small Slimes","floor":3.0,"turns":1.0},{"damage":0.0,"enemies":"Cultist","floor":7.0,"turns":1.0},{"damage":8.0,"enemies":"Blue Slaver","floor":13.0,"turns":3.0},{"damage":11.0,"enemies":"Gremlin Nob","floor":14.0,"turns":3.0},{"damage":18.0,"enemies":"Slime Boss","floor":16.0,"turns":7.0},{"damage":18.0,"enemies":"3 Byrds","floor":18.0,"turns":4.0},{"damage":46.0,"enemies":"Masked Bandits","floor":20.0,"turns":4.0},{"damage":0.0,"enemies":"Spheric Guardian","floor":22.0,"turns":2.0},{"damage":19.0,"enemies":"Book of Stabbing","floor":24.0,"turns":3.0},{"damage":7.0,"enemies":"Gremlin Leader","floor":28.0,"turns":4.0},{"damage":0.0,"enemies":"Shelled Parasite and Fungi","floor":30.0,"turns":2.0},{"damage":0.0,"enemies":"Chosen and Byrds","floor":31.0,"turns":3.0},{"damage":56.0,"enemies":"Champ","floor":33.0,"turns":8.0},{"damage":8.0,"enemies":"3 Shapes","floor":35.0,"turns":3.0},{"damage":33.0,"enemies":"3 Darklings","floor":37.0,"turns":3.0},{"damage":50.0,"enemies":"Jaw Worm Horde","floor":39.0,"turns":5.0},{"damage":64,"enemies":"Nemesis","floor":40,"turns":4}],"seed_played":"-3976334198761421716","potions_obtained":[{"floor":7.0,"key":"Fire Potion"},{"floor":13.0,"key":"ElixirPotion"},{"floor":22.0,"key":"AttackPotion"},{"floor":24.0,"key":"FairyPotion"},{"floor":28.0,"key":"ColorlessPotion"},{"floor":30.0,"key":"DuplicationPotion"}],"is_trial":false,"path_per_floor":["M","?","M","$","?","R","M","R","T","R","?","$","M","E","R","B",null,"M","?","?","?","M","R","E","R","T","?","E","$","M","M","R","B",null,"M","?","M","T","M","E"],"character_chosen":"IRONCLAD","items_purchased":["Burning Pact"],"campfire_rested":0,"item_purchase_floors":[12],"current_hp_per_floor":[74,51,57,57,50,50,56,56,56,56,49,49,47,54,54,54,70,58,58,30,30,48,48,49,49,49,49,50,50,58,66,66,30,71,71,71,58,58,28,0,0],"gold":473,"neow_bonus":"THREE_ENEMY_KILL","is_prod":false,"is_daily":false,"chose_seed":false,"campfire_upgraded":7,"win_rate":0,"timestamp":1607511316,"path_taken":["M","?","M","$","?","R","M","R","T","R","?","$","M","E","R","BOSS","M","?","?","?","M","R","E","R","T","?","E","?","?","M","R","BOSS","M","?","M","?","?","E"],"build_version":"2020-11-30","purchased_purges":3,"victory":false,"max_hp_per_floor":[75,75,75,75,75,75,75,75,75,75,75,75,75,75,75,75,75,75,75,75,75,75,75,77,77,77,77,79,79,81,83,83,85,85,87,87,89,89,91,91,91],"relic_stats":{"Singing Bowl":16,"counters":[18,61],"obtain_stats":[{"SlaversCollar":34,"Lantern":26,"NeowsBlessing":0,"Singing Bowl":24,"MutagenicStrength":19,"Philosopher\u0027s Stone":17,"Red Mask":20,"Burning Blood":0,"InkBottle":14,"Meat on the Bone":9,"Paper Frog":28},{"SlaversCollar":14,"Lantern":10,"NeowsBlessing":0,"Singing Bowl":10,"MutagenicStrength":7,"Philosopher\u0027s Stone":6,"Red Mask":8,"Burning Blood":0,"InkBottle":5,"Meat on the Bone":3,"Paper Frog":11},{"SlaversCollar":46,"Lantern":29,"NeowsBlessing":0,"Singing Bowl":29,"MutagenicStrength":20,"Philosopher\u0027s Stone":16,"Red Mask":24,"Burning Blood":0,"InkBottle":9,"Meat on the Bone":3,"Paper Frog":33}],"Burning Blood":102,"InkBottle":[16],"Meat on the Bone":96},"card_choices":[{"not_picked":["Iron Wave","Infernal Blade"],"picked":"Sword Boomerang","floor":1.0},{"not_picked":["Wild Strike","Clash"],"picked":"Searing Blow","floor":3.0},{"not_picked":["Hemokinesis","Flex","Wild Strike"],"picked":"SKIP","floor":7.0},{"not_picked":["Carnage","Warcry","Anger"],"picked":"SKIP","floor":13.0},{"not_picked":["Heavy Blade","Rupture"],"picked":"Headbutt","floor":14.0},{"not_picked":["Brutality","Demon Form"],"picked":"Double Tap","floor":16.0},{"not_picked":["Clothesline","Evolve","Fire Breathing"],"picked":"SKIP","floor":18.0},{"not_picked":["Pommel Strike","Twin Strike"],"picked":"Shrug It Off","floor":20.0},{"not_picked":["Pummel","Armaments"],"picked":"Shrug It Off","floor":22.0},{"not_picked":["Armaments","Carnage+1","Evolve"],"picked":"Singing Bowl","floor":24.0},{"not_picked":["Limit Break","Body Slam","Twin Strike"],"picked":"Singing Bowl","floor":28.0},{"not_picked":["Perfected Strike","Body Slam","True Grit"],"picked":"Singing Bowl","floor":30.0},{"not_picked":["Sword Boomerang","Evolve","Warcry"],"picked":"Singing Bowl","floor":31.0},{"not_picked":["Berserk","Brutality","Reaper"],"picked":"Singing Bowl","floor":33.0},{"not_picked":["Wild Strike+1","Clothesline","Reckless Charge"],"picked":"Singing Bowl","floor":35.0},{"not_picked":["Armaments+1","Anger+1","Twin Strike"],"picked":"Singing Bowl","floor":37.0},{"not_picked":["Blood for Blood+1","Anger","Armaments"],"picked":"Singing Bowl","floor":39.0}],"player_experience":1265440,"relics_obtained":[{"floor":9.0,"key":"Meat on the Bone"},{"floor":14.0,"key":"InkBottle"},{"floor":20.0,"key":"Red Mask"},{"floor":24.0,"key":"Singing Bowl"},{"floor":26.0,"key":"Lantern"},{"floor":28.0,"key":"Paper Frog"}],"event_choices":[{"damage_healed":0.0,"max_hp_gain":0.0,"max_hp_loss":0.0,"gold_gain":0.0,"event_name":"Shining Light","player_choice":"Entered Light","floor":2.0,"gold_loss":0.0,"damage_taken":23.0,"cards_upgraded":["Defend_R","Sword Boomerang"]},{"cards_removed":["Strike_R"],"damage_healed":0.0,"max_hp_gain":0.0,"max_hp_loss":0.0,"gold_gain":0.0,"event_name":"Golden Wing","player_choice":"Card Removal","floor":5.0,"gold_loss":0.0,"damage_taken":7.0},{"damage_healed":0.0,"max_hp_gain":0.0,"max_hp_loss":0.0,"gold_gain":50.0,"event_name":"FaceTrader","player_choice":"Touch","floor":11.0,"gold_loss":0.0,"damage_taken":7.0},{"damage_healed":0.0,"max_hp_gain":0.0,"max_hp_loss":0.0,"gold_gain":0.0,"event_name":"Drug Dealer","player_choice":"Inject Mutagens","floor":19.0,"gold_loss":0.0,"damage_taken":0.0,"relics_obtained":["MutagenicStrength"]},{"damage_healed":0.0,"max_hp_gain":0.0,"max_hp_loss":0.0,"gold_gain":0.0,"event_name":"Masked Bandits","player_choice":"Fought Bandits","floor":20.0,"gold_loss":0.0,"damage_taken":0.0},{"cards_removed":["Strike_R"],"damage_healed":0.0,"max_hp_gain":0.0,"max_hp_loss":0.0,"gold_gain":0.0,"event_name":"Beggar","player_choice":"Gave Gold","floor":21.0,"gold_loss":75.0,"damage_taken":0.0},{"damage_healed":0.0,"max_hp_gain":0.0,"max_hp_loss":0.0,"gold_gain":0.0,"event_name":"Vampires","player_choice":"Ignored","floor":27.0,"gold_loss":0.0,"damage_taken":0.0},{"damage_healed":0.0,"max_hp_gain":0.0,"max_hp_loss":0.0,"gold_gain":222.0,"event_name":"Tomb of Lord Red Mask","player_choice":"Wore Mask","floor":36.0,"gold_loss":0.0,"damage_taken":0.0}],"is_beta":false,"boss_relics":[{"not_picked":["Runic Dome","Runic Cube"],"picked":"Philosopher\u0027s Stone"},{"not_picked":["Black Star","Black Blood"],"picked":"SlaversCollar"}],"items_purged_floors":[4,12,29],"is_endless":false,"potions_floor_spawned":[7,13,14,22,24,28,30,39],"killed_by":"Nemesis","ascension_level":20}}