{"host":"fevvm7bbzuh4s1jc","time":1607539216,"event":{"gold_per_floor":[212,212,262,278,296,296,296,322,402,402,86,100,100,176,176,176,176],"floor_reached":16,"playtime":527,"items_purged":["Strike_G"],"score":216,"play_id":"54ddb7c3-8880-4f1b-8b9f-382d7c25ace5","local_time":"20201209134016","is_ascension_mode":true,"campfire_choices":[{"floor":7,"key":"REST"},{"data":"All Out Attack","floor":10,"key":"SMITH"},{"data":"Wraith Form v2","floor":13,"key":"SMITH"},{"floor":15,"key":"REST"}],"neow_cost":"NONE","seed_source_timestamp":788372714792400,"circlet_count":0,"master_deck":["AscendersBane","Strike_G","Strike_G+1","Strike_G","Strike_G+1","Defend_G","Defend_G","Defend_G","Defend_G","Defend_G","Survivor","Neutralize","Endless Agony","All Out Attack+1","Poisoned Stab","Wraith Form v2+1","The Bomb"],"relics":["Ring of the Snake","Blood Vial","Darkstone Periapt","InkBottle"],"potions_floor_usage":[6,16],"damage_taken":[{"damage":19,"enemies":"Jaw Worm","floor":1,"turns":7},{"damage":0,"enemies":"2 Louse","floor":4,"turns":2},{"damage":0,"enemies":"Cultist","floor":5,"turns":2},{"damage":3,"enemies":"Gremlin Nob","floor":6,"turns":3},{"damage":27,"enemies":"3 Sentries","floor":8,"turns":8},{"damage":3,"enemies":"Exordium Wildlife","floor":12,"turns":3},{"damage":35,"enemies":"Slime Boss","floor":16,"turns":5}],"seed_played":"1933875976919546829","potions_obtained":[{"floor":4,"key":"SmokeBomb"}],"is_trial":false,"path_per_floor":["M","?","?","M","M","E","R","E","T","R","$","M","R","T","R","B"],"character_chosen":"THE_SILENT","items_purchased":["Fire Potion","The Bomb"],"campfire_rested":2,"item_purchase_floors":[11,11],"current_hp_per_floor":[40,20,20,20,20,17,36,9,9,9,9,8,8,8,27,0,0],"gold":176,"neow_bonus":"HUNDRED_GOLD","is_prod":false,"is_daily":false,"chose_seed":false,"campfire_upgraded":2,"win_rate":0,"timestamp":1607539216,"path_taken":["M","?","?","M","?","E","R","E","T","R","$","M","R","?","R","BOSS"],"build_version":"2020-11-30","purchased_purges":1,"victory":false,"max_hp_per_floor":[66,66,66,66,66,66,66,66,66,66,66,66,66,66,66,66,66],"relic_stats":{"Blood Vial":4,"Darkstone Periapt":0,"counters":[7,30],"obtain_stats":[{"Blood Vial":8,"Darkstone Periapt":9,"InkBottle":14,"Ring of the Snake":0},{"Blood Vial":5,"Darkstone Periapt":5,"InkBottle":6,"Ring of the Snake":0},{"Blood Vial":22,"Darkstone Periapt":22,"InkBottle":25,"Ring of the Snake":0}],"InkBottle":[1],"Ring of the Snake":[16]},"card_choices":[{"not_picked":["Acrobatics","Dodge and Roll"],"picked":"Endless Agony","floor":1},{"not_picked":["Cloak And Dagger","Underhanded Strike"],"picked":"All Out Attack","floor":4},{"not_picked":["Bane","Finisher"],"picked":"Poisoned Stab","floor":5},{"not_picked":["Reflex","Predator"],"picked":"Wraith Form v2","floor":8},{"not_picked":["Sucker Punch","Poisoned Stab","Underhanded Strike"],"picked":"SKIP","floor":12}],"player_experience":2522302,"relics_obtained":[{"floor":8,"key":"Blood Vial"},{"floor":9,"key":"Darkstone Periapt"},{"floor":14,"key":"InkBottle"}],"event_choices":[{"damage_healed":0,"gold_gain":0,"player_choice":"Entered Light","damage_taken":20,"max_hp_gain":0,"max_hp_loss":0,"event_name":"Shining Light","floor":2,"gold_loss":0,"cards_upgraded":["Strike_G","Strike_G"]},{"damage_healed":0,"gold_gain":50,"player_choice":"Pray","damage_taken":0,"max_hp_gain":0,"max_hp_loss":0,"event_name":"Golden Shrine","floor":3,"gold_loss":0}],"is_beta":false,"boss_relics":[],"items_purged_floors":[11],"is_endless":false,"potions_floor_spawned":[4,6],"killed_by":"Slime Boss","ascension_level":20}}