{"host":"p245q48pmopyklqs","time":1607484699,"event":{"gold_per_floor":[112,112,128,128,53,53,2,14,41,41,41],"floor_reached":10,"playtime":177,"items_purged":[],"score":112,"play_id":"096d1ed6-3bb5-453d-878f-119e11508330","local_time":"20201209123139","is_ascension_mode":true,"campfire_choices":[{"data":"Envenom","floor":6,"key":"SMITH"}],"neow_cost":"NONE","seed_source_timestamp":2936953133300,"circlet_count":0,"master_deck":["AscendersBane","Strike_G+1","Strike_G","Strike_G","Strike_G","Defend_G","Defend_G","Defend_G","Defend_G","Defend_G","Survivor","Neutralize","Envenom+1","Deadly Poison+1","Backflip","Poisoned Stab"],"relics":["Ring of the Snake","Bird Faced Urn","Ancient Tea Set"],"potions_floor_usage":[],"damage_taken":[{"damage":0,"enemies":"Cultist","floor":1,"turns":4},{"damage":8,"enemies":"Jaw Worm","floor":3,"turns":6},{"damage":9,"enemies":"Small Slimes","floor":8,"turns":4},{"damage":34,"enemies":"3 Sentries","floor":10,"turns":8}],"seed_played":"-4207732553912393178","potions_obtained":[],"is_trial":false,"path_per_floor":["M","T","M","?","?","R","$","M","T","E"],"character_chosen":"THE_SILENT","items_purchased":["Poisoned Stab"],"campfire_rested":0,"item_purchase_floors":[7],"current_hp_per_floor":[59,59,51,31,31,31,31,24,24,0,0],"gold":41,"neow_bonus":"ONE_RANDOM_RARE_CARD","is_prod":false,"is_daily":false,"chose_seed":false,"campfire_upgraded":1,"win_rate":0,"timestamp":1607484699,"path_taken":["M","?","M","?","?","R","$","M","T","E"],"build_version":"2020-11-30","purchased_purges":0,"victory":false,"max_hp_per_floor":[66,66,66,66,66,66,66,66,66,66,66],"relic_stats":{"counters":[4,22],"Bird Faced Urn":[4],"obtain_stats":[{"Bird Faced Urn":2,"Ancient Tea Set":9,"Ring of the Snake":0},{"Bird Faced Urn":1,"Ancient Tea Set":3,"Ring of the Snake":0},{"Bird Faced Urn":4,"Ancient Tea Set":14,"Ring of the Snake":0}],"Ring of the Snake":[8]},"card_choices":[{"not_picked":["Slice","Distraction"],"picked":"Deadly Poison","floor":1},{"not_picked":["Slice","Backstab"],"picked":"Backflip","floor":3},{"not_picked":["Dodge and Roll","Bane","Outmaneuver"],"picked":"SKIP","floor":8}],"player_experience":2236155,"relics_obtained":[{"floor":2,"key":"Bird Faced Urn"},{"floor":9,"key":"Ancient Tea Set"}],"event_choices":[{"damage_healed":0,"gold_gain":0,"player_choice":"Entered Light","damage_taken":20,"max_hp_gain":0,"max_hp_loss":0,"event_name":"Shining Light","floor":4,"gold_loss":0,"cards_upgraded":["Deadly Poison","Strike_G"]},{"cards_removed":["Strike_G"],"damage_healed":0,"gold_gain":0,"player_choice":"Card Removal","damage_taken":0,"max_hp_gain":0,"max_hp_loss":0,"event_name":"The Cleric","floor":5,"gold_loss":75}],"is_beta":false,"boss_relics":[],"items_purged_floors":[],"is_endless":false,"potions_floor_spawned":[],"killed_by":"3 Sentries","ascension_level":20}}