{"host":"98h4g33y3ss2ktsr","time":1607495507,"event":{"gold_per_floor":[0,13,31,49,49,69,69,96,21,48,48,48,59,75,92,191,191,116,132,241,5,5,5,54,71,89,89,99,115,41,53,68,168,218,218,236,236,252,269,304,304,316,241,253,303,330,6,27,68,76],"floor_reached":51,"playtime":3396,"items_purged":["Regret"],"score":874,"play_id":"a172b4c9-3546-4351-9493-a11b49fa847d","local_time":"20201209013147","is_ascension_mode":false,"campfire_choices":[{"floor":1,"key":"RECALL"},{"data":"Slimebound:Split","floor":5,"key":"SMITH"},{"data":"Slimebound:GrowthPunch","floor":9,"key":"SMITH"},{"floor":18,"key":"DIG"},{"data":"Slimebound:LevelUp","floor":27,"key":"SMITH"},{"floor":35,"key":"DIG"},{"data":"Slimebound:DuplicatedForm","floor":37,"key":"SMITH"},{"data":"Slimebound:OozeBath","floor":43,"key":"SMITH"}],"neow_cost":"NO_GOLD","seed_source_timestamp":6159886260500,"circlet_count":0,"master_deck":["Slimebound:Strike_Slimebound+1","Slimebound:Strike_Slimebound+1","Slimebound:Strike_Slimebound","Slimebound:Tackle","Slimebound:Defend_Slimebound","Slimebound:Defend_Slimebound","Slimebound:Defend_Slimebound","Slimebound:Defend_Slimebound+1","Slimebound:Split+1","Slimebound:CorrosiveSpit+1","jedi:LeechingStrike","Slimebound:SplitBruiser","Slimebound:SplitLeeching","Slimebound:GrowthPunch+1","Slimebound:SplitBruiser","Slimebound:SamplingLick","Slimebound:Gluttony","Slimebound:SplitAcid","Slimebound:LeechEnergy","Slimebound:SplitBruiser","Slimebound:Darklings","Slimebound:LevelUp+1","Slimebound:SlimeBarrage","Slimebound:Darklings","Slimebound:TongueLash","Slimebound:RejuvenatingLick","Slimebound:Teamwork","Slimebound:SplitLeeching","CommonCold","Parasite","Slimebound:OozeBath+1","Slimebound:SplitMire","Slimebound:Equalize+1","Slimebound:DuplicatedForm+1","Slimebound:SplitMire","Slimebound:LevelUp+1","Slimebound:SplitBruiser+1","Slimebound:Prepare","Pot Of Greed","Pot Of Greed","Pot Of Greed","Pot Of Greed","Slimebound:LeechingTouch","Slimebound:PressTheAttack+1","Slimebound:GrowthPunch+1","Doubt","Slimebound:Replication+1","Slimebound:Schlurp","Slimebound:PressTheAttack","Slimebound:SplitAcid+1","Slimebound:Prepare+1","Pot Of Greed"],"relics":["Slimebound:AbsorbEndCombat","Slimebound:AggressiveSlimeRelic","downfall:HeartBlessingRed","Pantograph","Ring of Chaos","downfall:HeartBlessingBlue","hubris:TenFootPole","Replay:Baseball","Orichalcum","ClockworkSouvenir","Toolbox","ReplayFunnel","ReplayTheSpireMod:CursedCoin","MerchantsRug","HandDrill","Tiny House","Anchor","Grinning Jar","halation:Pancakes","downfall:HeartBlessingGreen","Ring of Greed","Ring of Peace","Golden Idol","Replay:Bandana","Happy Flower"],"potions_floor_usage":[8,8,15,16,16,25,25,25,25,25,29,38,39],"damage_taken":[{"damage":4,"enemies":"Cultist","floor":2,"turns":4},{"damage":15,"enemies":"Small Slimes","floor":3,"turns":3},{"damage":4,"enemies":"2 Louse","floor":4,"turns":2},{"damage":20,"enemies":"Blue Slaver","floor":6,"turns":4},{"damage":32,"enemies":"Lagavulin","floor":8,"turns":5},{"damage":33,"enemies":"Gremlin Nob","floor":10,"turns":3},{"damage":25,"enemies":"Exordium Thugs","floor":13,"turns":3},{"damage":35,"enemies":"Exordium Wildlife","floor":14,"turns":3},{"damage":16,"enemies":"2 Fungi Beasts","floor":15,"turns":2},{"damage":72,"enemies":"downfall:CharBossDefect","floor":16,"turns":6},{"damage":48,"enemies":"Spheric Guardian","floor":19,"turns":4},{"damage":34,"enemies":"downfall:FleeingMerchant","floor":21,"turns":4},{"damage":0,"enemies":"Chosen","floor":22,"turns":1},{"damage":57,"enemies":"conspire:HollyBat","floor":25,"turns":6},{"damage":50,"enemies":"Cultist and Chosen","floor":26,"turns":4},{"damage":43,"enemies":"Snake Plant","floor":28,"turns":4},{"damage":67,"enemies":"Centurion and Healer","floor":29,"turns":5},{"damage":42,"enemies":"downfall:FleeingMerchant","floor":30,"turns":4},{"damage":40,"enemies":"Chosen and Byrds","floor":31,"turns":5},{"damage":37,"enemies":"Snake Plant","floor":32,"turns":3},{"damage":82,"enemies":"downfall:CharBossWatcher","floor":33,"turns":7},{"damage":75,"enemies":"3 Darklings","floor":36,"turns":5},{"damage":8,"enemies":"Orb Walker","floor":38,"turns":3},{"damage":44,"enemies":"3 Darklings","floor":39,"turns":4},{"damage":127,"enemies":"Giant Head","floor":40,"turns":7},{"damage":68,"enemies":"Transient","floor":42,"turns":5},{"damage":71,"enemies":"Sphere and 2 Shapes","floor":44,"turns":5},{"damage":43,"enemies":"Spire Growth","floor":46,"turns":4},{"damage":30,"enemies":"downfall:FleeingMerchant","floor":47,"turns":4},{"damage":83,"enemies":"3 Darklings","floor":48,"turns":5},{"damage":59,"enemies":"4 Shapes","floor":49,"turns":5},{"damage":134,"enemies":"downfall:CharBossSilent","floor":50,"turns":10}],"seed_played":"-2568199841223223302","potions_obtained":[{"floor":3,"key":"Block Potion"},{"floor":6,"key":"Dexterity Potion"},{"floor":13,"key":"DistilledChaos"},{"floor":14,"key":"SneckoOil"},{"floor":15,"key":"Fire Potion"},{"floor":19,"key":"LifebloodPotion"},{"floor":26,"key":"Block Potion"},{"floor":28,"key":"Guardian:BlockOnCardUsePotion"},{"floor":29,"key":"Swift Potion"},{"floor":32,"key":"SmokeBomb"},{"floor":34,"key":"SmokeBomb"},{"floor":36,"key":"PowerPotion"},{"floor":38,"key":"Ancient Potion"},{"floor":44,"key":"FearPotion"},{"floor":48,"key":"GamblersBrew"},{"floor":49,"key":"Strength Potion"}],"is_trial":false,"path_per_floor":["R","M","M","M","R","M","T","E","R","E","?","?","M","M","M","B",null,"R_BF","M","?","$","M","?","T","M","M","R","M","M","$","M","M","B",null,"R_BF","M","R","M","M","E","T","M","R","M","?","M","$","M","M","B",null],"character_chosen":"SLIMEBOUND","items_purchased":["ClockworkSouvenir","Toolbox","ReplayTheSpireMod:CursedCoin","MerchantsRug","HandDrill","Slimebound:OozeBath","Happy Flower","Slimebound:Schlurp","Slimebound:PressTheAttack"],"campfire_rested":0,"item_purchase_floors":[21,21,30,30,30,30,47,47,47],"current_hp_per_floor":[60,60,60,60,60,60,60,60,60,47,47,47,48,51,55,53,60,70,52,32,62,62,62,62,70,60,60,39,36,32,36,19,64,75,75,65,65,75,68,13,59,48,48,32,32,75,73,70,74,48],"gold":76,"neow_bonus":"RANDOM_COLORLESS_2","is_prod":false,"is_daily":false,"chose_seed":false,"campfire_upgraded":5,"win_rate":0.0,"timestamp":1607495507,"path_taken":["R","M","M","?","R","M","T","E","R","E","?","?","?","M","M","BOSS","R_BF","M","?","$","M","?","T","?","M","R","?","M","?","M","M","BOSS","R_BF","M","R","?","M","E","T","M","R","M","?","M","$","M","M","BOSS"],"build_version":"2020-11-30","purchased_purges":1,"victory":true,"max_hp_per_floor":[60,60,60,60,60,60,60,60,60,60,60,60,60,60,60,60,60,70,70,70,70,70,70,70,70,70,70,70,70,70,70,70,70,75,75,75,75,75,75,75,75,75,75,75,75,75,75,75,75,75],"card_choices":[{"not_picked":["jedi:RedIncense","Chrysalis"],"picked":"jedi:LeechingStrike","floor":0},{"not_picked":["Slimebound:FormOfPuddle","Slimebound:SlimeSpikes"],"picked":"Slimebound:SplitBruiser","floor":2},{"not_picked":["Slimebound:PressTheAttack","Slimebound:DivideAndConquer"],"picked":"Slimebound:SplitLeeching","floor":3},{"not_picked":["Slimebound:SlimeSpikes","Slimebound:ViciousTackle"],"picked":"Slimebound:GrowthPunch","floor":4},{"not_picked":["Slimebound:DisruptingSlam","Slimebound:Schlurp"],"picked":"Slimebound:SplitBruiser","floor":6},{"not_picked":["Slimebound:RollThrough","Slimebound:CheckThePlaybook"],"picked":"Slimebound:SamplingLick","floor":8},{"not_picked":["Slimebound:ItLooksTasty","Slimebound:Replication"],"picked":"Slimebound:Gluttony","floor":10},{"not_picked":["Slimebound:GoopSpray","Slimebound:SamplingLick"],"picked":"Slimebound:SplitAcid","floor":13},{"not_picked":["Slimebound:SplitBruiser","Slimebound:LeadByExample"],"picked":"Slimebound:LeechEnergy","floor":14},{"not_picked":["Slimebound:Nibble","Slimebound:SlimeBrawl"],"picked":"Slimebound:SplitBruiser","floor":15},{"not_picked":["Slimebound:Overexert","Slimebound:TagTeam"],"picked":"Slimebound:Darklings","floor":16},{"not_picked":["Slimebound:SplitBruiser","Slimebound:Gluttony"],"picked":"Slimebound:LevelUp","floor":19},{"not_picked":["Slimebound:Schlurp","Slimebound:SplitAcid"],"picked":"Slimebound:SlimeBarrage","floor":22},{"not_picked":["Slimebound:LeechEnergy","Slimebound:FinishingTackle"],"picked":"Slimebound:TongueLash","floor":25},{"not_picked":["Slimebound:FirmFortitude","Slimebound:Schlurp"],"picked":"Slimebound:RejuvenatingLick","floor":26},{"not_picked":["Slimebound:DivideAndConquer","Slimebound:Prepare"],"picked":"Slimebound:Teamwork","floor":28},{"not_picked":["Slimebound:Schlurp+1","Slimebound:Prepare+1"],"picked":"Slimebound:SplitLeeching","floor":29},{"not_picked":["Slimebound:SlimeTap","Slimebound:PressTheAttack"],"picked":"Slimebound:SplitMire","floor":31},{"not_picked":["Slimebound:PrepareCrush","Slimebound:LeechingTouch"],"picked":"Slimebound:Equalize+1","floor":32},{"not_picked":["Slimebound:Teamwork","Slimebound:MassRepurpose"],"picked":"Slimebound:DuplicatedForm","floor":33},{"not_picked":["Slimebound:SlimeSpikes","Slimebound:PressTheAttack"],"picked":"Slimebound:SplitMire","floor":34},{"not_picked":["Slimebound:RollThrough","Slimebound:DivideAndConquer+1"],"picked":"Slimebound:LevelUp+1","floor":36},{"not_picked":["Slimebound:SlimeSpikes","Slimebound:FinishingTackle"],"picked":"Slimebound:SplitBruiser+1","floor":38},{"not_picked":["Slimebound:MassFeed","Slimebound:DivideAndConquer"],"picked":"Slimebound:Prepare","floor":39},{"not_picked":["Slimebound:ViciousTackle","Slimebound:DivideAndConquer"],"picked":"Slimebound:LeechingTouch","floor":40},{"not_picked":["Slimebound:SplitLeeching","Slimebound:Chomp"],"picked":"Slimebound:PressTheAttack+1","floor":42},{"not_picked":["Slimebound:SplitBruiser","Slimebound:ServeAndProtect"],"picked":"Slimebound:GrowthPunch+1","floor":44},{"not_picked":["Slimebound:ComboTackle+1","Slimebound:PressTheAttack"],"picked":"Slimebound:Replication+1","floor":46},{"not_picked":["Slimebound:ProtectTheBoss+1","Slimebound:LeechEnergy+1"],"picked":"Slimebound:SplitAcid+1","floor":48},{"not_picked":["Slimebound:GrowthPunch","Slimebound:SlimeBarrage"],"picked":"Slimebound:Prepare+1","floor":49}],"player_experience":85161,"relics_obtained":[{"floor":8,"key":"Slimebound:AggressiveSlimeRelic"},{"floor":10,"key":"Pantograph"},{"floor":18,"key":"hubris:TenFootPole"},{"floor":24,"key":"ReplayFunnel"},{"floor":35,"key":"Anchor"},{"floor":40,"key":"Grinning Jar"},{"floor":41,"key":"halation:Pancakes"},{"floor":45,"key":"Ring of Greed"},{"floor":45,"key":"Ring of Peace"},{"floor":45,"key":"Golden Idol"},{"floor":45,"key":"Replay:Bandana"}],"event_choices":[{"damage_healed":0,"gold_gain":109,"player_choice":"RE GO UP RE ","damage_taken":51,"relics_obtained":["Replay:Baseball","Orichalcum"],"max_hp_gain":0,"max_hp_loss":0,"event_name":"betterSkull:BetterSkull","floor":20,"gold_loss":0,"cards_upgraded":["Slimebound:Defend_Slimebound"]},{"damage_healed":0,"gold_gain":0,"player_choice":"Copied","damage_taken":0,"max_hp_gain":0,"max_hp_loss":0,"event_name":"Duplicator","floor":23,"gold_loss":0,"cards_obtained":["Slimebound:Darklings"]}],"is_beta":false,"boss_relics":[{"not_picked":["Snecko Eye","hubris:Stopwatch"],"picked":"Ring of Chaos"},{"not_picked":["Coffee Dripper","aspiration:PoetsPen_weak"],"picked":"Tiny House"}],"items_purged_floors":[47],"is_endless":false,"potions_floor_spawned":[3,6,13,14,15,19,26,28,29,32,36,38,44,48,49],"ascension_level":0}}