{"host":"12piqfhmdln9x2la","time":1607526332,"event":{"gold_per_floor":[112,112,112,187,202,241,241,114,114,114,138,171,205,220,220,220,220],"floor_reached":16,"playtime":290,"items_purged":["Regret"],"score":133,"play_id":"f1ef8542-a4f1-4cc7-82b9-00a34a9007f7","local_time":"20201210000532","is_ascension_mode":false,"campfire_choices":[{"data":"Crippling Poison","floor":7,"key":"SMITH"},{"data":"Adrenaline","floor":10,"key":"SMITH"},{"data":"Bouncing Flask","floor":15,"key":"SMITH"}],"neow_cost":"NONE","seed_source_timestamp":20379780612400,"circlet_count":0,"master_deck":["Strike_G","Strike_G","Strike_G","Strike_G","Strike_G","Defend_G","Defend_G","Defend_G","Defend_G","Defend_G","Survivor","Neutralize","Crippling Poison+1","Prepared","Adrenaline+1","Bouncing Flask+1","Escape Plan","Catalyst","Poisoned Stab","Dagger Throw"],"relics":["Ring of the Snake","NeowsBlessing","Smiling Mask","Golden Idol","Tiny Chest","White Beast Statue","Lizard Tail","Odd Mushroom"],"potions_floor_usage":[12,13,16,16,16],"damage_taken":[{"damage":0,"enemies":"2 Louse","floor":1,"turns":1},{"damage":0,"enemies":"Small Slimes","floor":5,"turns":1},{"damage":0,"enemies":"3 Sentries","floor":6,"turns":2},{"damage":3,"enemies":"Jaw Worm","floor":11,"turns":2},{"damage":18,"enemies":"Gremlin Nob","floor":12,"turns":5},{"damage":4,"enemies":"The Mushroom Lair","floor":13,"turns":4},{"damage":8,"enemies":"2 Fungi Beasts","floor":14,"turns":3},{"damage":34,"enemies":"Slime Boss","floor":16,"turns":7}],"seed_played":"8724179148063330017","potions_obtained":[{"floor":1,"key":"DuplicationPotion"},{"floor":11,"key":"Strength Potion"},{"floor":12,"key":"Block Potion"},{"floor":13,"key":"Explosive Potion"},{"floor":14,"key":"PowerPotion"}],"is_trial":false,"path_per_floor":["M","?","?","?","M","E","R","$","T","R","M","E","?","M","R","B"],"character_chosen":"THE_SILENT","items_purchased":["Bouncing Flask"],"campfire_rested":0,"item_purchase_floors":[8],"current_hp_per_floor":[70,70,53,42,42,42,42,42,42,42,39,21,17,9,9,15,15],"gold":220,"neow_bonus":"THREE_ENEMY_KILL","is_prod":false,"is_daily":false,"chose_seed":false,"campfire_upgraded":3,"win_rate":0.0,"timestamp":1607526332,"path_taken":["M","?","?","?","M","E","R","$","T","R","M","E","?","M","R","BOSS"],"build_version":"2020-11-30","purchased_purges":1,"victory":false,"max_hp_per_floor":[70,70,70,70,70,70,70,70,70,70,70,70,70,70,70,70,70],"card_choices":[{"not_picked":["All Out Attack","Acrobatics"],"picked":"Crippling Poison","floor":1},{"not_picked":["Dagger Spray","Quick Slash"],"picked":"Prepared","floor":5},{"not_picked":["Deflect","Escape Plan"],"picked":"Adrenaline","floor":6},{"not_picked":["Predator","Heel Hook"],"picked":"Escape Plan","floor":11},{"not_picked":["Deflect","PiercingWail"],"picked":"Catalyst","floor":12},{"not_picked":["Acrobatics","Slice"],"picked":"Poisoned Stab","floor":13},{"not_picked":["Backflip","Eviscerate"],"picked":"Dagger Throw","floor":14}],"player_experience":93176,"relics_obtained":[{"floor":6,"key":"Tiny Chest"},{"floor":9,"key":"White Beast Statue"},{"floor":12,"key":"Lizard Tail"},{"floor":13,"key":"Odd Mushroom"}],"event_choices":[{"damage_healed":0,"gold_gain":0,"player_choice":"Box","damage_taken":0,"relics_obtained":["Smiling Mask"],"max_hp_gain":0,"max_hp_loss":0,"event_name":"Big Fish","floor":2,"gold_loss":0,"cards_obtained":["Regret"]},{"damage_healed":0,"gold_gain":0,"player_choice":"Take Damage","damage_taken":17,"relics_obtained":["Golden Idol"],"max_hp_gain":0,"max_hp_loss":0,"event_name":"Golden Idol","floor":3,"gold_loss":0},{"damage_healed":0,"gold_gain":75,"player_choice":"Gather Gold","damage_taken":11,"max_hp_gain":0,"max_hp_loss":0,"event_name":"World of Goop","floor":4,"gold_loss":0},{"damage_healed":0,"gold_gain":0,"player_choice":"Fought Mushrooms","damage_taken":0,"max_hp_gain":0,"max_hp_loss":0,"event_name":"Mushrooms","floor":13,"gold_loss":0}],"is_beta":false,"boss_relics":[],"items_purged_floors":[8],"is_endless":false,"potions_floor_spawned":[1,11,12,13,14],"killed_by":"Slime Boss","ascension_level":0}}