{"host":"4be9rrw6luv8jrir","time":1607531634,"event":{"gold_per_floor":[112,12,22,22,42,73,73,73,118,149,3,3,3],"floor_reached":12,"playtime":500,"items_purged":["Strike_R"],"score":90,"play_id":"6509cf6b-546d-4c30-a8c2-440fa7c13a5a","local_time":"20201210003354","is_ascension_mode":true,"campfire_choices":[{"floor":8,"key":"REST"}],"neow_cost":"NONE","seed_source_timestamp":169846220955600,"circlet_count":0,"master_deck":["Strike_R","Strike_R","Strike_R+1","Strike_R+1","Defend_R","Defend_R","Defend_R","Defend_R","Bash","ReplayReversal","Ghostly","Body Slam+1","animator:Yoichi","Turbo","Entrench","hubris:ReadiedAction","Carnage+1"],"relics":["DaveBox","The Courier","ChiXiaoBlade","Question Card","PrismaticShard","Whetstone","Meat on the Bone"],"potions_floor_usage":[5,5],"damage_taken":[{"damage":5,"enemies":"Jaw Worm","floor":1,"turns":4},{"damage":10,"enemies":"Cultist","floor":3,"turns":4},{"damage":11,"enemies":"2 Louse","floor":5,"turns":6},{"damage":39,"enemies":"Gremlin Nob","floor":6,"turns":6},{"damage":21,"enemies":"Replay:BlueRogue","floor":10,"turns":8},{"damage":28,"enemies":"Gremlin Nob","floor":12,"turns":3}],"seed_played":"4485198184868044228","potions_obtained":[{"floor":1,"key":"Languid Potion"},{"floor":3,"key":"ColorlessPotion"}],"is_trial":false,"path_per_floor":["M","?","M","$","M","E","?","R","T","E","$","E"],"character_chosen":"IRONCLAD","items_purchased":["hubris:ReadiedAction","Carnage+1"],"campfire_rested":1,"item_purchase_floors":[11,11],"current_hp_per_floor":[75,75,65,65,54,15,15,39,39,18,18,0,0],"gold":3,"neow_bonus":"BOSS_RELIC","is_prod":false,"is_daily":false,"chose_seed":false,"campfire_upgraded":0,"win_rate":0,"timestamp":1607531634,"path_taken":["M","?","M","?","M","E","?","R","T","E","$","E"],"build_version":"2020-11-30","purchased_purges":1,"victory":false,"max_hp_per_floor":[80,80,80,80,80,80,80,80,80,80,80,80,80],"card_choices":[{"not_picked":["Havoc","Armaments"],"picked":"ReplayReversal","floor":1},{"not_picked":["Thunderclap","Headbutt","Backflip"],"picked":"Body Slam","floor":3},{"not_picked":["CutThroughFate","animator:Vanir","Compile Driver"],"picked":"animator:Yoichi","floor":5},{"not_picked":["animator:YaoHaDucy","Poisoned Stab","Panacea"],"picked":"Turbo","floor":6},{"not_picked":["Violence","Body Slam","Replay:BluntJabs"],"picked":"Entrench","floor":10}],"player_experience":468581,"relics_obtained":[{"floor":1,"key":"Question Card"},{"floor":1,"key":"PrismaticShard"},{"floor":6,"key":"Whetstone"},{"floor":10,"key":"Meat on the Bone"}],"event_choices":[{"damage_healed":0,"gold_gain":0,"player_choice":"Argue","damage_taken":0,"max_hp_gain":0,"max_hp_loss":0,"event_name":"conspire:LoneGhost","floor":2,"gold_loss":0}],"is_beta":false,"boss_relics":[],"items_purged_floors":[11],"is_endless":false,"potions_floor_spawned":[1,3],"killed_by":"Gremlin Nob","ascension_level":1}}