{"host":"xodzlm10r37577ou","time":1607472820,"event":{"gold_per_floor":[109,34,34,34,34,34,34,84,84,95,113,28,45,45,45,45,45],"floor_reached":16,"playtime":390,"items_purged":["Strike_G"],"score":172,"play_id":"5e5fe6ad-b57c-437f-aed2-20f555ec7deb","local_time":"20201209081340","is_ascension_mode":true,"campfire_choices":[{"data":"Dagger Spray","floor":6.0,"key":"SMITH"},{"data":"Replay:Poison Smokescreen","floor":15,"key":"SMITH"}],"neow_cost":"NONE","seed_source_timestamp":318603658021500,"circlet_count":0,"master_deck":["AscendersBane","Strike_G","Strike_G","Defend_G","Defend_G","Defend_G","Defend_G","Defend_G","Survivor","Neutralize","Dagger Spray+1","Masterful Stab","Slice","Replay:Poison Smokescreen+1"],"special_seed":0,"relics":["Ring of the Snake","Tiny Chest","InkBottle","ReplayTheSpireMod:Shallot","Pear","Replay:Wax Seal"],"potions_floor_usage":[16],"damage_taken":[{"damage":3.0,"enemies":"Small Slimes","floor":1.0,"turns":6.0},{"damage":0,"enemies":"2 Louse","floor":10,"turns":3},{"damage":0,"enemies":"Jaw Worm","floor":11,"turns":3},{"damage":2,"enemies":"Looter","floor":13,"turns":3},{"damage":44,"enemies":"Slime Boss","floor":16,"turns":6}],"seed_played":"-2532269530343784392","potions_obtained":[{"floor":13,"key":"FearPotion"}],"is_trial":false,"path_per_floor":["M","$","?","?","?","R","T","?","T","M","M","$","M","$","R","B"],"character_chosen":"THE_SILENT","items_purchased":["Replay:Wax Seal"],"campfire_rested":0,"item_purchase_floors":[12],"current_hp_per_floor":[56,56,49,38,38,38,38,32,42,42,42,42,40,40,40,0,0],"gold":45,"neow_bonus":"RANDOM_COMMON_RELIC","is_prod":false,"is_daily":false,"chose_seed":false,"campfire_upgraded":2,"win_rate":0,"timestamp":1607472820,"path_taken":["M","$","?","?","?","R","?","?","T","M","?","$","M","$","R","BOSS"],"build_version":"2020-11-30","purchased_purges":1,"victory":false,"max_hp_per_floor":[66,66,66,66,66,66,66,66,76,76,76,76,76,76,76,76,76],"card_choices":[{"not_picked":["Dodge and Roll","Poisoned Stab"],"picked":"Dagger Spray","floor":1.0},{"not_picked":["Prepared","Endless Agony"],"picked":"Masterful Stab","floor":10},{"not_picked":["Cloak And Dagger","Flying Knee"],"picked":"Slice","floor":11},{"not_picked":["Underhanded Strike","Well Laid Plans"],"picked":"Replay:Poison Smokescreen","floor":13}],"player_experience":391484,"relics_obtained":[{"floor":7.0,"key":"ReplayTheSpireMod:Shallot"},{"floor":9,"key":"Pear"}],"event_choices":[{"cards_removed":["Strike_G"],"damage_healed":0.0,"max_hp_gain":0.0,"max_hp_loss":0.0,"gold_gain":0.0,"event_name":"Golden Wing","player_choice":"Card Removal","floor":3.0,"gold_loss":0.0,"damage_taken":7.0},{"damage_healed":0.0,"max_hp_gain":0.0,"max_hp_loss":0.0,"gold_gain":0.0,"event_name":"Scrap Ooze","player_choice":"Success","floor":4.0,"gold_loss":0.0,"damage_taken":11.0,"relics_obtained":["InkBottle"]},{"damage_healed":0,"gold_gain":50,"player_choice":"Touch","damage_taken":6,"max_hp_gain":0,"max_hp_loss":0,"event_name":"FaceTrader","floor":8,"gold_loss":0}],"is_beta":false,"boss_relics":[],"items_purged_floors":[2],"is_endless":false,"potions_floor_spawned":[13],"killed_by":"Slime Boss","ascension_level":19}}