{"host":"woah5shdh5xsovm3","time":1607542923,"event":{"gold_per_floor":[116,133,148,223,223,223,239,266,266,266,366,393,410,465,465,565,565,578,578,493,508,508,508,535,535,535,535,551,316,328,346,346,441,441,452,452,471,486,541,491,491,491,545,570,620,620,620,639,639,639],"floor_reached":51,"playtime":2718,"items_purged":["HollowMod:NailStrikeStart","Injury"],"score":803,"play_id":"a75ed096-4906-4716-b0ed-a371bcb4a6f7","local_time":"20201209134203","is_ascension_mode":false,"campfire_choices":[{"floor":6,"key":"REST"},{"data":"HollowMod:ShadowDash","floor":10,"key":"SMITH"},{"floor":15,"key":"REST"},{"data":"HollowMod:SlysStrikes","floor":23,"key":"SMITH"},{"floor":25,"key":"REST"},{"floor":32,"key":"REST"},{"floor":42,"key":"REST"},{"floor":46,"key":"REST"},{"data":"hubris:Fate","floor":49,"key":"SMITH"}],"neow_cost":"NONE","seed_source_timestamp":659997022475200,"circlet_count":0,"master_deck":["HollowMod:NailStrikeStart","HollowMod:NailStrikeStart","HollowMod:NailStrikeStart+1","HollowMod:QuickDashStart","HollowMod:QuickDashStart","HollowMod:QuickDashStart","HollowMod:QuickDashStart+1","HollowMod:FocusHealStart","HollowMod:PogoStrike","HollowMod:DescendingDark+1","HollowMod:ShadowDash+1","HollowMod:HuntersJournal","hubris:Fate+1","HollowMod:SiblingsShadow","HollowMod:WraithStrike+1","HollowMod:LifebloodCocoon","HollowMod:SlysStrikes+1","CurseOfTheBell","HollowMod:BlackTendrils+1","HollowMod:SlysStrikes+1","HollowMod:WraithStrike","HollowMod:SiblingsShadow","HollowMod:MidwifesHunger","HollowMod:ShadowDash+1","HollowMod:AbyssShriek+1","HollowMod:SiblingsSouls+1","HollowMod:VengefulVoid"],"relics":["HollowMod:VesselMask","NeowsBlessing","Iron Hammer","construct:RocketBooster","Pear","infinitespire:Beetle Shell","Calling Bell","Replay:Baseball","infinitespire:FocusingShard","StoneCalendar","Juzu Bracelet","Membership Card","Bronze Scales","Omamori","hubris:SphereOfDissonance","Pen Nib","Replay:Ancient Bell","Strawberry","Shuriken","CatCart","BranchBurnRelic","Nunchaku","infinitespire:Golems Mask"],"potions_floor_usage":[12,28,33,39,50],"damage_taken":[{"damage":0,"enemies":"Small Slimes","floor":1,"turns":1},{"damage":0,"enemies":"Jaw Worm","floor":2,"turns":1},{"damage":0,"enemies":"Cultist","floor":3,"turns":1},{"damage":8,"enemies":"Large Slime","floor":7,"turns":4},{"damage":6,"enemies":"Lagavulin","floor":8,"turns":5},{"damage":0,"enemies":"3 Sentries","floor":12,"turns":1},{"damage":0,"enemies":"Exordium Wildlife","floor":13,"turns":1},{"damage":7,"enemies":"Lagavulin Event","floor":14,"turns":3},{"damage":15,"enemies":"HollowMod:FalseKnight","floor":16,"turns":7},{"damage":2,"enemies":"Chosen","floor":18,"turns":3},{"damage":5,"enemies":"3 Byrds","floor":21,"turns":2},{"damage":37,"enemies":"Gremlin Leader","floor":24,"turns":7},{"damage":10,"enemies":"3 Cultists","floor":28,"turns":3},{"damage":0,"enemies":"Snecko","floor":30,"turns":1},{"damage":12,"enemies":"Snake Plant","floor":31,"turns":3},{"damage":13,"enemies":"Collector","floor":33,"turns":4},{"damage":0,"enemies":"Orb Walker","floor":35,"turns":1},{"damage":0,"enemies":"3 Shapes","floor":37,"turns":1},{"damage":2,"enemies":"3 Darklings","floor":38,"turns":2},{"damage":59,"enemies":"Orin","floor":39,"turns":6},{"damage":0,"enemies":"Nightmare","floor":44,"turns":1},{"damage":37,"enemies":"Mind Bloom Boss Battle","floor":45,"turns":6},{"damage":0,"enemies":"Transient","floor":48,"turns":2},{"damage":78,"enemies":"HollowMod:Radiance","floor":50,"turns":5}],"seed_played":"7248143955290291526","potions_obtained":[{"floor":3,"key":"SneckoOil"},{"floor":7,"key":"Venom Potion"},{"floor":8,"key":"Strength Potion"},{"floor":13,"key":"EssenceOfSteel"},{"floor":18,"key":"Fire Potion"},{"floor":33,"key":"hexamod:EctoCoolerPotion"},{"floor":39,"key":"Milkshake"},{"floor":44,"key":"SpeedPotion"}],"is_trial":false,"path_per_floor":["M","M","M","?","?","R","M","E","T","R","?","E","M","?","R","B",null,"M","?","?","M","$","R","E","R","T","?","M","$","M","M","R","B",null,"M","?","M","M","?","$","?","R","T","NM","?","R","?","M","R","B",null],"character_chosen":"THE_BUGKNIGHT","items_purchased":["Membership Card","hubris:SphereOfDissonance","Pen Nib"],"campfire_rested":6,"item_purchase_floors":[22,29,29],"current_hp_per_floor":[75,75,75,64,46,68,60,54,54,54,54,64,64,57,82,67,85,83,83,83,78,68,68,43,68,68,68,61,61,61,49,74,61,92,92,92,92,90,38,38,41,68,68,68,69,92,92,92,92,19],"gold":639,"neow_bonus":"THREE_ENEMY_KILL","is_prod":false,"is_daily":false,"chose_seed":false,"campfire_upgraded":3,"win_rate":0.0,"timestamp":1607542923,"path_taken":["M","M","M","?","?","R","M","E","T","R","?","E","?","?","R","BOSS","M","?","?","M","?","R","E","R","T","?","M","?","M","M","R","BOSS","M","?","M","M","?","$","?","R","T","NM","?","R","?","M","R","BOSS"],"build_version":"2020-11-30","purchased_purges":2,"victory":true,"max_hp_per_floor":[75,75,75,75,75,75,75,75,75,75,75,85,85,85,85,85,85,85,85,85,85,85,85,85,85,85,85,85,85,85,85,85,85,92,92,92,92,92,92,92,92,92,92,92,92,92,92,92,92,92],"card_choices":[{"not_picked":["HollowMod:GreatSlash","HollowMod:HeavyBlow"],"picked":"HollowMod:DescendingDark","floor":1},{"not_picked":["HollowMod:CornifersMapStart","HollowMod:TaintedHusks"],"picked":"HollowMod:ShadowDash","floor":2},{"not_picked":["HollowMod:FallenFury","HollowMod:DashSlash"],"picked":"HollowMod:HuntersJournal","floor":3},{"not_picked":["infinitespire:TheBestDefense","ReplayTheSpireMod:Echoes of Time"],"picked":"hubris:Fate","floor":5},{"not_picked":["HollowMod:VengefulVoid","HollowMod:InfectionAssault"],"picked":"HollowMod:SiblingsShadow","floor":7},{"not_picked":["HollowMod:InfectedCysts","HollowMod:AwokenDreamNail","HollowMod:GreatSlash"],"picked":"SKIP","floor":8},{"not_picked":["HollowMod:GrimmsGift","HollowMod:DescendingDark"],"picked":"HollowMod:WraithStrike","floor":12},{"not_picked":["HollowMod:HeavyBlow","HollowMod:PerfectDash"],"picked":"HollowMod:LifebloodCocoon","floor":13},{"not_picked":["HollowMod:theNailsmith","HollowMod:MidwifesHunger"],"picked":"HollowMod:SlysStrikes","floor":16},{"not_picked":["HollowMod:WraithStrike","HollowMod:PerfectDash+1"],"picked":"HollowMod:BlackTendrils","floor":18},{"not_picked":["HollowMod:FastStrike+1","HollowMod:SoulSplash","HollowMod:DoubleDash"],"picked":"SKIP","floor":21},{"not_picked":["HollowMod:theNailsmith","HollowMod:DungDefenderAura"],"picked":"HollowMod:SlysStrikes","floor":24},{"not_picked":["HollowMod:HeavyBlow","HollowMod:SoulEater+1","HollowMod:NewJinnsSoul"],"picked":"SKIP","floor":28},{"not_picked":["HollowMod:InfectedAttack","HollowMod:DoubleDash"],"picked":"HollowMod:WraithStrike","floor":30},{"not_picked":["HollowMod:DungDefenderAura+1","HollowMod:BaldurShell"],"picked":"HollowMod:SiblingsShadow","floor":31},{"not_picked":["HollowMod:NewInfectedGuardian","HollowMod:SlysStrikes"],"picked":"HollowMod:MidwifesHunger","floor":33},{"not_picked":["ReplayTheSpireMod:Restless Dread","SwitchThreat"],"picked":"Regret","floor":34},{"not_picked":["hexamod:Haunted","hubris:Gluttony"],"picked":"Decay","floor":34},{"not_picked":["hubris:Lust","hubris:Greed"],"picked":"Injury","floor":34},{"not_picked":["HollowMod:Grubsong+1","HollowMod:GreatSlash","HollowMod:LifebloodCocoon+1"],"picked":"SKIP","floor":35},{"not_picked":["HollowMod:GreatSlash","HollowMod:SharpenedNail"],"picked":"HollowMod:ShadowDash+1","floor":37},{"not_picked":["HollowMod:SlysStrikes","HollowMod:Grubsong+1","HollowMod:GoodIntentions"],"picked":"SKIP","floor":38},{"not_picked":["HollowMod:TaintedHusks+1","HollowMod:ShapeofUnn+1"],"picked":"HollowMod:AbyssShriek+1","floor":39},{"not_picked":["HollowMod:SoulSplash","HollowMod:InfectedAttack"],"picked":"HollowMod:SiblingsSouls+1","floor":44},{"not_picked":["HollowMod:PerfectDash+1","HollowMod:Grubsong"],"picked":"HollowMod:VengefulVoid","floor":48}],"player_experience":359682,"relics_obtained":[{"floor":8,"key":"Iron Hammer"},{"floor":9,"key":"construct:RocketBooster"},{"floor":12,"key":"Pear"},{"floor":14,"key":"infinitespire:Beetle Shell"},{"floor":17,"key":"Replay:Baseball"},{"floor":17,"key":"infinitespire:FocusingShard"},{"floor":17,"key":"StoneCalendar"},{"floor":24,"key":"Bronze Scales"},{"floor":26,"key":"Omamori"},{"floor":39,"key":"CatCart"},{"floor":43,"key":"Nunchaku"},{"floor":45,"key":"infinitespire:Golems Mask"}],"event_choices":[{"damage_healed":0,"gold_gain":75,"player_choice":"Gather Gold","damage_taken":11,"max_hp_gain":0,"max_hp_loss":0,"event_name":"World of Goop","floor":4,"gold_loss":0},{"damage_healed":0,"gold_gain":100,"player_choice":"Pray","damage_taken":0,"max_hp_gain":0,"max_hp_loss":0,"event_name":"Golden Shrine","floor":11,"gold_loss":0},{"damage_healed":0,"gold_gain":0,"player_choice":"Searched \u00271\u0027 times","damage_taken":0,"max_hp_gain":0,"max_hp_loss":0,"event_name":"Dead Adventurer","floor":14,"gold_loss":0},{"damage_healed":0,"gold_gain":0,"player_choice":"Obtained Relic","damage_taken":0,"relics_obtained":["Juzu Bracelet"],"max_hp_gain":0,"max_hp_loss":0,"event_name":"Addict","floor":20,"gold_loss":85},{"damage_healed":0,"gold_gain":0,"player_choice":"Bought 0 Potions","damage_taken":0,"max_hp_gain":0,"max_hp_loss":0,"event_name":"The Woman in Blue","floor":27,"gold_loss":0},{"damage_healed":0,"gold_gain":0,"player_choice":"Ignored","damage_taken":0,"max_hp_gain":0,"max_hp_loss":0,"event_name":"Tomb of Lord Red Mask","floor":36,"gold_loss":0},{"damage_healed":0,"gold_gain":0,"player_choice":"Fight","damage_taken":0,"max_hp_gain":0,"max_hp_loss":0,"event_name":"OrinTheCat","floor":39,"gold_loss":0},{"damage_healed":0,"gold_gain":0,"player_choice":"Fight","damage_taken":0,"max_hp_gain":0,"max_hp_loss":0,"event_name":"MindBloom","floor":45,"gold_loss":0}],"is_beta":false,"boss_relics":[{"not_picked":["Philosopher\u0027s Stone","Replay:Drink Me"],"picked":"Calling Bell"},{"not_picked":["Runesmith:UraniumAnvil","Astrolabe"],"picked":"Replay:Ancient Bell"},{"not_picked":["Blue Doll","Toy Ornithopter"],"picked":"Strawberry"},{"not_picked":["Toxic Egg 2","Replay:WaspNest"],"picked":"Shuriken"},{"not_picked":["hubris:Spice","hubris:MedicalManual"],"picked":"Dead Branch"}],"items_purged_floors":[29,40],"is_endless":false,"potions_floor_spawned":[3,7,8,13,18,33,39,44],"ascension_level":0}}