{"host":"zk71suw73lg2r165","time":1607543420,"event":{"gold_per_floor":[110,125,125,140,163,163,163,163],"floor_reached":7,"playtime":289,"items_purged":[],"score":86,"play_id":"e88dbf68-5b59-4830-92f6-d0221349e3c9","local_time":"20201209145020","is_ascension_mode":true,"campfire_choices":[{"data":"Blade Dance","floor":6,"key":"SMITH"}],"neow_cost":"NONE","seed_source_timestamp":27549744896034,"circlet_count":0,"master_deck":["AscendersBane","Strike_G","Strike_G","Strike_G","Strike_G","Strike_G","Defend_G","Defend_G","Defend_G","Defend_G","Defend_G","Survivor","Neutralize","Tools of the Trade","Blade Dance+1","Dagger Throw","Dagger Spray","Dodge and Roll"],"special_seed":0,"relics":["Ring of the Snake","Golden Idol"],"potions_floor_usage":[7],"damage_taken":[{"damage":0.0,"enemies":"Small Slimes","floor":1.0,"turns":6.0},{"damage":3.0,"enemies":"2 Louse","floor":2.0,"turns":3.0},{"damage":1,"enemies":"Cultist","floor":4,"turns":4},{"damage":11,"enemies":"2 Fungi Beasts","floor":5,"turns":4},{"damage":52,"enemies":"Gremlin Nob","floor":7,"turns":4}],"seed_played":"-7801020869728761158","potions_obtained":[{"floor":4,"key":"Energy Potion"}],"is_trial":false,"path_per_floor":["M","M","?","M","M","R","E"],"character_chosen":"THE_SILENT","items_purchased":[],"campfire_rested":0,"item_purchase_floors":[],"current_hp_per_floor":[59,56,56,55,44,44,0,0],"gold":163,"neow_bonus":"ONE_RANDOM_RARE_CARD","is_prod":false,"is_daily":false,"chose_seed":false,"campfire_upgraded":1,"win_rate":0,"timestamp":1607543420,"path_taken":["M","M","?","M","M","R","E"],"build_version":"2020-11-30","purchased_purges":0,"victory":false,"max_hp_per_floor":[66,66,60,60,60,60,60,60],"relic_stats":{"counters":[5,21],"Golden Idol":8,"obtain_stats":[{"Golden Idol":3,"Ring of the Snake":0},{"Golden Idol":2,"Ring of the Snake":0},{"Golden Idol":9,"Ring of the Snake":0}],"Ring of the Snake":[10]},"card_choices":[{"not_picked":["Setup","Riddle With Holes"],"picked":"Blade Dance","floor":1.0},{"not_picked":["Well Laid Plans","Slice"],"picked":"Dagger Throw","floor":2},{"not_picked":["Sucker Punch","PiercingWail"],"picked":"Dagger Spray","floor":4},{"not_picked":["Outmaneuver","Masterful Stab"],"picked":"Dodge and Roll","floor":5}],"player_experience":1303345,"relics_obtained":[],"event_choices":[{"damage_healed":0,"gold_gain":0,"player_choice":"Lose Max HP","damage_taken":0,"relics_obtained":["Golden Idol"],"max_hp_gain":0,"max_hp_loss":6,"event_name":"Golden Idol","floor":3,"gold_loss":0}],"is_beta":false,"boss_relics":[],"items_purged_floors":[],"is_endless":false,"potions_floor_spawned":[4],"killed_by":"Gremlin Nob","ascension_level":20}}