{"host":"d7qmn60fs48wu5y6","time":1607542445,"event":{"gold_per_floor":[113,188,206,225,236,261,261,288,312,312,331,356,368,381,381,480,480,492,492,93,111,111,111,33,48,97,132,132,159,174,193,193,193,193],"floor_reached":33,"playtime":1592,"items_purged":[],"score":324,"play_id":"725b8ae6-1d48-4cbb-908f-f324f93aca95","local_time":"20201209113405","is_ascension_mode":true,"campfire_choices":[{"data":"Uppercut","floor":7,"key":"SMITH"},{"data":"True Grit","floor":10,"key":"SMITH"},{"floor":15,"key":"REST"},{"floor":23,"key":"RECALL"},{"data":"Metallicize","floor":32,"key":"SMITH"}],"neow_cost":"NONE","seed_source_timestamp":442175054347800,"circlet_count":0,"master_deck":["Strike_R+1","Strike_R+1","Defend_R+1","Defend_R+1","Defend_R+1","Defend_R+1","Bash","expansioncontent:GuardianWhirl","Metallicize+1","Uppercut+1","Metallicize","True Grit+1","Bloodletting","Shockwave","Evolve","Pommel Strike","Reaper","Body Slam+1","Pommel Strike+1","Entrench+1","Twin Strike","Metallicize","Good Instincts","Shrug It Off","Immolate","Limit Break","Shrug It Off"],"relics":["Burning Blood","Bronze Scales","Happy Flower","Akabeko","Astrolabe","StrikeDummy","Bag of Marbles","White Beast Statue","Sundial"],"potions_floor_usage":[6,8,12,27,33],"damage_taken":[{"damage":0,"enemies":"2 Louse","floor":1,"turns":1},{"damage":0,"enemies":"Cultist","floor":3,"turns":4},{"damage":0,"enemies":"Small Slimes","floor":4,"turns":4},{"damage":4,"enemies":"Looter","floor":5,"turns":4},{"damage":14,"enemies":"Lagavulin","floor":6,"turns":6},{"damage":11,"enemies":"3 Sentries","floor":8,"turns":5},{"damage":13,"enemies":"Gremlin Gang","floor":11,"turns":3},{"damage":26,"enemies":"Lagavulin","floor":12,"turns":6},{"damage":2,"enemies":"Blue Slaver","floor":13,"turns":3},{"damage":10,"enemies":"Red Slaver","floor":14,"turns":2},{"damage":39,"enemies":"Hexaghost","floor":16,"turns":11},{"damage":7,"enemies":"Shell Parasite","floor":18,"turns":6},{"damage":9,"enemies":"2 Thieves","floor":21,"turns":4},{"damage":12,"enemies":"Shelled Parasite and Fungi","floor":25,"turns":5},{"damage":9,"enemies":"Book of Stabbing","floor":27,"turns":6},{"damage":21,"enemies":"Gremlin Leader","floor":29,"turns":8},{"damage":13,"enemies":"Centurion and Healer","floor":30,"turns":8},{"damage":7,"enemies":"Snecko","floor":31,"turns":5},{"damage":97,"enemies":"Automaton","floor":33,"turns":12}],"seed_played":"2353582689842512702","potions_obtained":[{"floor":3,"key":"ColorlessPotion"},{"floor":4,"key":"PowerPotion"},{"floor":11,"key":"sneckomod:MuddlingPotion"},{"floor":14,"key":"FearPotion"},{"floor":21,"key":"LiquidBronze"},{"floor":29,"key":"ElixirPotion"},{"floor":30,"key":"Block Potion"}],"is_trial":false,"path_per_floor":["M","?","M","M","M","E","R","E","T","R","M","E","M","M","R","B",null,"M","?","$","M","?","R","$","M","T","E","?","E","M","M","R","B"],"character_chosen":"IRONCLAD","items_purchased":["Metallicize","Good Instincts","StrikeDummy","Immolate"],"campfire_rested":1,"item_purchase_floors":[20,20,20,24],"current_hp_per_floor":[80,72,78,80,80,72,72,67,67,67,60,40,44,40,64,31,80,80,80,80,77,77,77,77,71,71,74,74,73,74,73,73,0,0],"gold":193,"neow_bonus":"RANDOM_COLORLESS","is_prod":false,"is_daily":false,"chose_seed":false,"campfire_upgraded":3,"win_rate":0,"timestamp":1607542445,"path_taken":["M","?","M","M","M","E","R","E","T","R","M","E","?","M","R","BOSS","M","?","$","M","?","R","$","M","T","E","?","E","?","M","R","BOSS"],"build_version":"2020-11-30","purchased_purges":0,"victory":false,"max_hp_per_floor":[80,80,80,80,80,80,80,80,80,80,80,80,80,80,80,80,80,80,80,80,80,80,80,80,80,80,80,80,80,80,80,80,80,80],"card_choices":[{"not_picked":["expansioncontent:HyperBeam","expansioncontent:TimeRipple"],"picked":"expansioncontent:GuardianWhirl","floor":0},{"not_picked":["Infernal Blade","Dual Wield"],"picked":"Metallicize","floor":1},{"not_picked":["Body Slam","Cleave"],"picked":"Uppercut","floor":3},{"not_picked":["Rampage","Armaments"],"picked":"Metallicize","floor":4},{"not_picked":["Offering","Cleave"],"picked":"True Grit","floor":5},{"not_picked":["Infernal Blade","Whirlwind","Warcry"],"picked":"SKIP","floor":6},{"not_picked":["Thunderclap","Clash"],"picked":"Bloodletting","floor":8},{"not_picked":["Headbutt","True Grit"],"picked":"Shockwave","floor":11},{"not_picked":["Anger","Flex"],"picked":"Evolve","floor":12},{"not_picked":["Clash","Headbutt"],"picked":"Pommel Strike","floor":13},{"not_picked":["Cleave","Thunderclap","Clash"],"picked":"SKIP","floor":14},{"not_picked":["Offering","Feed"],"picked":"Reaper","floor":16},{"not_picked":["Heavy Blade+1","Anger"],"picked":"Twin Strike","floor":18},{"not_picked":["Perfected Strike","Armaments"],"picked":"Shrug It Off","floor":21},{"not_picked":["Bloodletting","Searing Blow"],"picked":"Limit Break","floor":25},{"not_picked":["Sword Boomerang+1","Intimidate"],"picked":"Shrug It Off","floor":27},{"not_picked":["Warcry","Clothesline+1","Havoc"],"picked":"SKIP","floor":29},{"not_picked":["Intimidate","Seeing Red","Anger"],"picked":"SKIP","floor":30},{"not_picked":["Armaments","Havoc","Headbutt+1"],"picked":"SKIP","floor":31}],"player_experience":810907,"relics_obtained":[{"floor":6,"key":"Bronze Scales"},{"floor":8,"key":"Happy Flower"},{"floor":12,"key":"Akabeko"},{"floor":26,"key":"Bag of Marbles"},{"floor":27,"key":"White Beast Statue"},{"floor":29,"key":"Sundial"}],"event_choices":[{"damage_healed":0,"gold_gain":75,"player_choice":"Touch","damage_taken":8,"max_hp_gain":0,"max_hp_loss":0,"event_name":"FaceTrader","floor":2,"gold_loss":0},{"damage_healed":0,"gold_gain":0,"player_choice":"Simplicity","damage_taken":0,"max_hp_gain":0,"max_hp_loss":0,"event_name":"Back to Basics","floor":19,"gold_loss":0,"cards_upgraded":["Strike_R","Strike_R","Defend_R","Defend_R","Defend_R","Defend_R"]},{"damage_healed":0,"gold_gain":0,"player_choice":"Ignored","damage_taken":0,"max_hp_gain":0,"max_hp_loss":0,"event_name":"Beggar","floor":22,"gold_loss":0},{"damage_healed":0,"gold_gain":0,"player_choice":"Ignored","damage_taken":0,"max_hp_gain":0,"max_hp_loss":0,"event_name":"N\u0027loth","floor":28,"gold_loss":0}],"is_beta":false,"boss_relics":[{"not_picked":["Runic Dome","Velvet Choker"],"picked":"Astrolabe"}],"items_purged_floors":[],"is_endless":false,"potions_floor_spawned":[3,4,11,14,21,29,30,31],"killed_by":"Automaton","ascension_level":1}}