{"host":"ixi9s7btvirxogme","time":1607538728,"event":{"gold_per_floor":[119,138,63,82,102,102,135,135,135,152,152,179,179,192,192,287,287,307,320,339,355,373,398,398,398,424,440,453,468,468,483,483,584,584,600,35,53,103,114,146,146,180,205,227,290,302,324,350,362,374],"floor_reached":51,"playtime":4643,"items_purged":["Strike_R","Strike_R"],"score":697,"play_id":"dbe22359-1fb7-4b25-b732-c65aebaee3a2","local_time":"20201209193208","is_ascension_mode":false,"campfire_choices":[{"data":"Pommel Strike","floor":6,"key":"SMITH"},{"data":"Rage","floor":8,"key":"SMITH"},{"data":"Battle Trance","floor":11,"key":"SMITH"},{"data":"Flex","floor":15,"key":"SMITH"},{"data":"Rage","floor":24,"key":"SMITH"},{"data":"Seeing Red","floor":30,"key":"SMITH"},{"data":"Metallicize","floor":32,"key":"SMITH"},{"data":"Inflame","floor":41,"key":"SMITH"},{"data":"Anger","floor":46,"key":"SMITH"},{"data":"Flame Barrier","floor":49,"key":"SMITH"}],"neow_cost":"NONE","seed_source_timestamp":329780165453700,"circlet_count":0,"master_deck":["Strike_R","Strike_R","Strike_R","Defend_R","Defend_R","Defend_R","Defend_R","Bash","Flex+1","Intimidate","Pommel Strike+1","Thunderclap","Rage+1","Battle Trance+1","Heavy Blade","Inflame+1","Heavy Blade+1","Clash+1","Rage+1","Anger+1","Iron Wave","Twin Strike+1","Seeing Red+1","Cleave","Metallicize+1","Feed","Rampage+1","Battle Trance+1","Iron Wave+1","Clothesline+1","Sword Boomerang+1","Anger+1","Iron Wave+1","Flame Barrier+1"],"relics":["Burning Blood","Eternal Feather","Kunai","Shuriken","Pantograph","Runic Cube","Torii","Vajra","Philosopher\u0027s Stone","Pen Nib","Boot","DollysMirror","Unceasing Top","Ancient Tea Set","PreservedInsect","MawBank","Calipers"],"potions_floor_usage":[5,12,12,21,23,28,33,38,38,45,45,50],"damage_taken":[{"damage":0,"enemies":"Small Slimes","floor":1,"turns":4},{"damage":6,"enemies":"Jaw Worm","floor":2,"turns":3},{"damage":0,"enemies":"2 Louse","floor":4,"turns":3},{"damage":9,"enemies":"Exordium Thugs","floor":5,"turns":6},{"damage":41,"enemies":"Lagavulin","floor":7,"turns":9},{"damage":4,"enemies":"Large Slime","floor":10,"turns":5},{"damage":8,"enemies":"Gremlin Nob","floor":12,"turns":4},{"damage":6,"enemies":"Exordium Wildlife","floor":14,"turns":4},{"damage":60,"enemies":"The Guardian","floor":16,"turns":11},{"damage":20,"enemies":"Spheric Guardian","floor":18,"turns":4},{"damage":0,"enemies":"Chosen","floor":19,"turns":3},{"damage":12,"enemies":"Snecko","floor":20,"turns":4},{"damage":2,"enemies":"Centurion and Healer","floor":21,"turns":5},{"damage":21,"enemies":"Cultist and Chosen","floor":22,"turns":6},{"damage":32,"enemies":"Slavers","floor":23,"turns":5},{"damage":10,"enemies":"Sentry and Sphere","floor":27,"turns":5},{"damage":20,"enemies":"Snecko","floor":28,"turns":4},{"damage":1,"enemies":"Shelled Parasite and Fungi","floor":29,"turns":3},{"damage":9,"enemies":"3 Cultists","floor":31,"turns":5},{"damage":40,"enemies":"Automaton","floor":33,"turns":9},{"damage":0,"enemies":"Orb Walker","floor":35,"turns":2},{"damage":25,"enemies":"3 Darklings","floor":37,"turns":3},{"damage":8,"enemies":"Mind Bloom Boss Battle","floor":38,"turns":5},{"damage":0,"enemies":"Maw","floor":39,"turns":5},{"damage":8,"enemies":"Giant Head","floor":40,"turns":7},{"damage":15,"enemies":"Nemesis","floor":42,"turns":3},{"damage":7,"enemies":"Spire Growth","floor":44,"turns":3},{"damage":25,"enemies":"2 Orb Walkers","floor":45,"turns":3},{"damage":7,"enemies":"Writhing Mass","floor":47,"turns":4},{"damage":7,"enemies":"Jaw Worm Horde","floor":48,"turns":2},{"damage":42,"enemies":"Time Eater","floor":50,"turns":8}],"seed_played":"-4487873084270192238","potions_obtained":[{"floor":4,"key":"SpeedPotion"},{"floor":7,"key":"Strength Potion"},{"floor":10,"key":"Swift Potion"},{"floor":14,"key":"SneckoOil"},{"floor":20,"key":"DistilledChaos"},{"floor":22,"key":"Energy Potion"},{"floor":27,"key":"LiquidBronze"},{"floor":28,"key":"SkillPotion"},{"floor":31,"key":"Swift Potion"},{"floor":33,"key":"PowerPotion"},{"floor":37,"key":"Energy Potion"},{"floor":42,"key":"Ancient Potion"},{"floor":44,"key":"SkillPotion"},{"floor":45,"key":"PowerPotion"}],"is_trial":false,"path_per_floor":["M","M","$","M","M","R","E","R","T","M","R","E","?","M","R","B",null,"M","M","M","M","M","E","R","?","T","M","M","M","R","M","R","B",null,"M","$","M","?","M","E","R","E","T","M","?","R","M","M","R","B",null],"character_chosen":"IRONCLAD","items_purchased":["Pen Nib","Boot","DollysMirror"],"campfire_rested":0,"item_purchase_floors":[36,36,36],"current_hp_per_floor":[88,88,88,88,85,85,50,56,56,58,67,65,58,58,67,34,88,74,80,74,78,63,37,49,49,49,45,31,36,51,48,63,54,88,88,88,69,86,88,86,88,79,79,78,59,77,76,78,91,55],"gold":386,"neow_bonus":"TEN_PERCENT_HP_BONUS","is_prod":false,"is_daily":false,"chose_seed":false,"campfire_upgraded":10,"win_rate":0.0,"timestamp":1607538728,"path_taken":["M","M","$","M","M","R","E","R","T","M","R","E","?","M","R","BOSS","M","M","M","M","M","E","R","?","T","M","M","M","R","M","R","BOSS","M","$","M","?","M","E","R","E","T","M","?","R","M","M","R","BOSS"],"build_version":"2020-11-30","purchased_purges":2,"victory":true,"max_hp_per_floor":[88,88,88,88,88,88,88,88,88,88,88,88,88,88,88,88,88,88,88,88,88,88,88,88,88,88,88,88,88,88,88,88,88,88,88,88,88,88,88,88,88,88,88,88,88,88,88,91,91,91],"card_choices":[{"not_picked":["True Grit","Infernal Blade"],"picked":"Flex","floor":1},{"not_picked":["Clash","Burning Pact"],"picked":"Intimidate","floor":2},{"not_picked":["Headbutt","Anger"],"picked":"Pommel Strike","floor":4},{"not_picked":["Clash","Perfected Strike"],"picked":"Thunderclap","floor":5},{"not_picked":["Double Tap","Intimidate"],"picked":"Rage","floor":7},{"not_picked":["Flex","Whirlwind"],"picked":"Battle Trance","floor":10},{"not_picked":["Carnage","Reckless Charge"],"picked":"Heavy Blade","floor":12},{"not_picked":["Perfected Strike","Sever Soul"],"picked":"Inflame","floor":14},{"not_picked":["Perfected Strike","True Grit"],"picked":"Heavy Blade+1","floor":18},{"not_picked":["Warcry","Armaments"],"picked":"Clash+1","floor":19},{"not_picked":["Armaments","Burning Pact","Carnage"],"picked":"SKIP","floor":20},{"not_picked":["Blood for Blood","Flex"],"picked":"Rage","floor":21},{"not_picked":["Twin Strike","Body Slam"],"picked":"Anger","floor":22},{"not_picked":["Berserk","Clothesline"],"picked":"Iron Wave","floor":23},{"not_picked":["Second Wind","Warcry"],"picked":"Twin Strike+1","floor":27},{"not_picked":["Thunderclap+1","Body Slam+1"],"picked":"Seeing Red","floor":28},{"not_picked":["Sever Soul","Flex"],"picked":"Cleave","floor":29},{"not_picked":["Inflame","Clash"],"picked":"Metallicize","floor":31},{"not_picked":["Barricade","Double Tap"],"picked":"Feed","floor":33},{"not_picked":["Pommel Strike","Twin Strike"],"picked":"Rampage+1","floor":35},{"not_picked":["True Grit","Thunderclap"],"picked":"Iron Wave+1","floor":37},{"not_picked":["Heavy Blade","Cleave"],"picked":"Clothesline+1","floor":38},{"not_picked":["True Grit","Battle Trance+1"],"picked":"Sword Boomerang+1","floor":39},{"not_picked":["Blood for Blood","Barricade","Body Slam"],"picked":"SKIP","floor":40},{"not_picked":["Inflame","Sword Boomerang","Brutality"],"picked":"SKIP","floor":42},{"not_picked":["Clash","Twin Strike+1"],"picked":"Anger+1","floor":44},{"not_picked":["Blood for Blood+1","Carnage"],"picked":"Iron Wave+1","floor":47},{"not_picked":["Intimidate+1","Rampage"],"picked":"Flame Barrier","floor":48}],"player_experience":41894,"relics_obtained":[{"floor":7,"key":"Eternal Feather"},{"floor":9,"key":"Kunai"},{"floor":12,"key":"Shuriken"},{"floor":23,"key":"Torii"},{"floor":26,"key":"Vajra"},{"floor":38,"key":"Unceasing Top"},{"floor":40,"key":"Ancient Tea Set"},{"floor":42,"key":"PreservedInsect"},{"floor":43,"key":"MawBank"},{"floor":45,"key":"Calipers"}],"event_choices":[{"damage_healed":0,"gold_gain":0,"player_choice":"Success","damage_taken":7,"relics_obtained":["Pantograph"],"max_hp_gain":0,"max_hp_loss":0,"event_name":"Scrap Ooze","floor":13,"gold_loss":0},{"damage_healed":0,"gold_gain":0,"player_choice":"Ignored","damage_taken":0,"max_hp_gain":0,"max_hp_loss":0,"event_name":"Ghosts","floor":25,"gold_loss":0},{"damage_healed":0,"gold_gain":0,"player_choice":"Fight","damage_taken":0,"max_hp_gain":0,"max_hp_loss":0,"event_name":"MindBloom","floor":38,"gold_loss":0},{"damage_healed":0,"gold_gain":0,"player_choice":"Fight","damage_taken":0,"max_hp_gain":0,"max_hp_loss":0,"event_name":"Mysterious Sphere","floor":45,"gold_loss":0}],"is_beta":false,"boss_relics":[{"not_picked":["SacredBark","Busted Crown"],"picked":"Runic Cube"},{"not_picked":["Runic Dome","Black Star"],"picked":"Philosopher\u0027s Stone"}],"items_purged_floors":[3,36],"is_endless":false,"potions_floor_spawned":[4,7,10,14,20,22,27,28,31,33,37,42,44,45],"ascension_level":0}}