{"host":"u0m9wcerzdqt9t83","time":1607473096,"event":{"gold_per_floor":[114,114,189,206,285,314,314,345,345,25,44,44,59,73,73,173,173,192,192,192,208,208,243,263,296,296,328,345,345,365,384,384,485,485,501,501,519,94,107,134,146,176,188,200,241,279,311,323,335,347,347],"floor_reached":50,"playtime":4697,"items_purged":[],"score":785,"play_id":"d81935c7-785a-4f9e-8d18-3afa9dac795a","local_time":"20201208191816","is_ascension_mode":true,"campfire_choices":[{"floor":7,"key":"REST"},{"floor":15,"key":"REST"},{"floor":29,"key":"REST"},{"floor":32,"key":"REST"},{"floor":41,"key":"RECALL"},{"floor":49,"key":"REST"}],"neow_cost":"","seed_source_timestamp":32267102874200,"circlet_count":0,"master_deck":["Defend_G","Defend_G","Defend_G","Survivor","Neutralize","Caltrops","Underhanded Strike","Dagger Spray","Blade Dance","Deadly Poison","Dash","Malaise","Panache","Blade Dance","Noxious Fumes","Deflect","Blade Dance","Outmaneuver","Well Laid Plans","A Thousand Cuts","Masterful Stab","After Image","Finisher","Slice","Choke","Predator","Deflect","Flying Knee","Bite","Bite","Bite","Bite","Bite","Masterful Stab+1","Flying Knee+1","Caltrops+1","Cloak And Dagger+1","Blade Dance","Terror+1","Poisoned Stab","Blade Dance","Caltrops","Deadly Poison","Accuracy","Envenom","Quick Slash+1","Blade Dance+1","Dodge and Roll+1","Phantasmal Killer","Mind Blast","Noxious Fumes","Noxious Fumes","Outmaneuver","Slice","Bullet Time","Backstab","Cloak And Dagger+1","All Out Attack+1","Sucker Punch+1","A Thousand Cuts"],"relics":["Ring of the Serpent","Prayer Wheel","TwistedFunnel","Unceasing Top","Turnip","Pear","MealTicket","WingedGreaves","HornCleat","Bottled Tornado","Thread and Needle","SlaversCollar","Paper Crane","MawBank","Vajra","Juzu Bracelet","Gambling Chip"],"potions_floor_usage":[13,14,16,25,40,40,47,50],"damage_taken":[{"damage":0,"enemies":"Jaw Worm","floor":1,"turns":3},{"damage":0,"enemies":"2 Louse","floor":4,"turns":1},{"damage":22,"enemies":"Gremlin Nob","floor":6,"turns":4},{"damage":24,"enemies":"3 Sentries","floor":8,"turns":7},{"damage":0,"enemies":"Small Slimes","floor":11,"turns":3},{"damage":0,"enemies":"Blue Slaver","floor":13,"turns":2},{"damage":0,"enemies":"3 Louse","floor":14,"turns":2},{"damage":14,"enemies":"Hexaghost","floor":16,"turns":7},{"damage":4,"enemies":"3 Byrds","floor":18,"turns":3},{"damage":10,"enemies":"Chosen","floor":21,"turns":3},{"damage":0,"enemies":"Gremlin Leader","floor":23,"turns":6},{"damage":18,"enemies":"Centurion and Healer","floor":24,"turns":6},{"damage":31,"enemies":"Slavers","floor":25,"turns":4},{"damage":26,"enemies":"Book of Stabbing","floor":27,"turns":6},{"damage":0,"enemies":"Snake Plant","floor":28,"turns":4},{"damage":4,"enemies":"Cultist and Chosen","floor":30,"turns":4},{"damage":0,"enemies":"Snecko","floor":31,"turns":3},{"damage":32,"enemies":"Automaton","floor":33,"turns":8},{"damage":0,"enemies":"3 Shapes","floor":35,"turns":2},{"damage":1,"enemies":"3 Darklings","floor":37,"turns":4},{"damage":25,"enemies":"Sphere and 2 Shapes","floor":39,"turns":6},{"damage":0,"enemies":"Nemesis","floor":40,"turns":5},{"damage":4,"enemies":"Transient","floor":42,"turns":5},{"damage":31,"enemies":"Giant Head","floor":45,"turns":7},{"damage":32,"enemies":"Nemesis","floor":46,"turns":5},{"damage":0,"enemies":"Maw","floor":47,"turns":6},{"damage":42,"enemies":"Time Eater","floor":50,"turns":3}],"seed_played":"7138159381486668039","potions_obtained":[{"floor":4,"key":"Weak Potion"},{"floor":8,"key":"DistilledChaos"},{"floor":11,"key":"PowerPotion"},{"floor":18,"key":"LiquidMemories"},{"floor":24,"key":"FairyPotion"},{"floor":28,"key":"Swift Potion"},{"floor":30,"key":"GamblersBrew"},{"floor":31,"key":"Dexterity Potion"},{"floor":39,"key":"Energy Potion"},{"floor":40,"key":"Fruit Juice"},{"floor":46,"key":"LiquidMemories"},{"floor":47,"key":"CunningPotion"}],"is_trial":false,"path_per_floor":["M","?","?","M","?","E","R","E","T","$","M","?","M","M","R","B",null,"M","?","?","M","?","E","M","E","T","E","M","R","M","M","R","B",null,"M","?","M","$","M","E","R","M","T","?","E","E","M","?","R","B"],"character_chosen":"THE_SILENT","items_purchased":["Prayer Wheel","TwistedFunnel","Caltrops","Panache","Blade Dance","Noxious Fumes","Mind Blast","Noxious Fumes","Paper Crane"],"campfire_rested":5,"item_purchase_floors":[0,0,0,10,10,10,38,38,38],"current_hp_per_floor":[49,54,43,43,43,21,43,29,29,29,29,17,17,17,42,28,85,81,65,65,55,55,62,50,25,25,5,11,29,29,31,49,25,62,62,62,61,62,37,48,48,46,46,46,23,13,19,19,38,0,0],"gold":347,"neow_bonus":"","is_prod":false,"is_daily":false,"chose_seed":false,"campfire_upgraded":0,"win_rate":0,"timestamp":1607473096,"path_taken":["M","?","?","M","?","E","R","E","T","$","?","?","M","M","R","BOSS","M","?","?","M","?","E","M","E","T","E","M","R","?","M","R","BOSS","M","?","M","$","?","E","R","M","T","?","E","E","M","?","R","BOSS"],"build_version":"2020-11-30","purchased_purges":0,"victory":false,"max_hp_per_floor":[70,75,75,75,75,75,75,85,85,85,85,85,85,85,85,85,85,85,90,90,90,62,62,62,62,62,62,62,62,62,62,62,62,62,62,62,62,62,62,67,67,67,67,64,64,64,64,64,64,64,64],"card_choices":[{"not_picked":["Eviscerate","Deflect"],"picked":"Underhanded Strike","floor":1},{"not_picked":["Dodge and Roll","Predator"],"picked":"Dagger Spray","floor":1},{"not_picked":["Deadly Poison","Outmaneuver"],"picked":"Blade Dance","floor":4},{"not_picked":["Outmaneuver","Acrobatics"],"picked":"Deadly Poison","floor":4},{"not_picked":["Underhanded Strike","Deadly Poison"],"picked":"Dash","floor":6},{"not_picked":["Dagger Spray","Acrobatics"],"picked":"Malaise","floor":8},{"not_picked":["Quick Slash","Prepared"],"picked":"Deflect","floor":11},{"not_picked":["Dodge and Roll","Backflip"],"picked":"Blade Dance","floor":11},{"not_picked":["PiercingWail","Prepared"],"picked":"Outmaneuver","floor":13},{"not_picked":["Heel Hook","Outmaneuver"],"picked":"Well Laid Plans","floor":13},{"not_picked":["Blur","Backstab"],"picked":"A Thousand Cuts","floor":14},{"not_picked":["Dagger Spray","PiercingWail"],"picked":"Masterful Stab","floor":14},{"not_picked":["Burst","Wraith Form v2"],"picked":"After Image","floor":16},{"not_picked":["Prepared","Choke"],"picked":"Finisher","floor":18},{"not_picked":["Cloak And Dagger","Sucker Punch+1"],"picked":"Slice","floor":18},{"not_picked":["Underhanded Strike","Tools of the Trade"],"picked":"Deflect","floor":21},{"not_picked":["PiercingWail","Acrobatics+1"],"picked":"Flying Knee","floor":21},{"not_picked":["Flying Knee+1","Flechettes"],"picked":"Masterful Stab+1","floor":23},{"not_picked":["Backflip","PiercingWail"],"picked":"Flying Knee+1","floor":24},{"not_picked":["All Out Attack+1","Expertise"],"picked":"Caltrops+1","floor":24},{"not_picked":["Grand Finale","Escape Plan"],"picked":"Cloak And Dagger+1","floor":25},{"not_picked":["Quick Slash","Deadly Poison+1"],"picked":"Blade Dance","floor":27},{"not_picked":["Deadly Poison+1","Underhanded Strike"],"picked":"Terror+1","floor":28},{"not_picked":["Prepared","Cloak And Dagger"],"picked":"Poisoned Stab","floor":28},{"not_picked":["Quick Slash","Slice+1"],"picked":"Blade Dance","floor":30},{"not_picked":["Underhanded Strike","Unload"],"picked":"Caltrops","floor":30},{"not_picked":["Reflex+1","Deflect"],"picked":"Deadly Poison","floor":31},{"not_picked":["Caltrops","Catalyst"],"picked":"Accuracy","floor":31},{"not_picked":["Unload","Storm of Steel"],"picked":"Envenom","floor":33},{"not_picked":["Leg Sweep+1","PiercingWail"],"picked":"Quick Slash+1","floor":35},{"not_picked":["Acrobatics","Bane"],"picked":"Blade Dance+1","floor":35},{"not_picked":["Heel Hook+1","Poisoned Stab"],"picked":"Dodge and Roll+1","floor":37},{"not_picked":["Endless Agony+1","Blade Dance"],"picked":"Phantasmal Killer","floor":37},{"not_picked":["Dash+1","PiercingWail"],"picked":"Noxious Fumes","floor":39},{"not_picked":["Flying Knee","Flechettes"],"picked":"Outmaneuver","floor":39},{"not_picked":["Concentrate","Poisoned Stab"],"picked":"Slice","floor":40},{"not_picked":["Backflip+1","Finisher"],"picked":"Bullet Time","floor":42},{"not_picked":["Setup","Endless Agony"],"picked":"Backstab","floor":42},{"not_picked":["Caltrops+1","Poisoned Stab"],"picked":"Cloak And Dagger+1","floor":45},{"not_picked":["Prepared","Quick Slash"],"picked":"All Out Attack+1","floor":46},{"not_picked":["Eviscerate+1","Acrobatics"],"picked":"Sucker Punch+1","floor":47},{"not_picked":["Dagger Throw+1","Underhanded Strike+1"],"picked":"A Thousand Cuts","floor":47}],"player_experience":321784,"relics_obtained":[{"floor":6,"key":"Turnip"},{"floor":8,"key":"Pear"},{"floor":23,"key":"WingedGreaves"},{"floor":25,"key":"HornCleat"},{"floor":26,"key":"Bottled Tornado"},{"floor":27,"key":"Thread and Needle"},{"floor":40,"key":"MawBank"},{"floor":43,"key":"Vajra"},{"floor":45,"key":"Juzu Bracelet"},{"floor":46,"key":"Gambling Chip"}],"event_choices":[{"damage_healed":0,"gold_gain":0,"player_choice":"Donut","damage_taken":0,"max_hp_gain":5,"max_hp_loss":0,"event_name":"Big Fish","floor":2,"gold_loss":0},{"damage_healed":0,"gold_gain":75,"player_choice":"Gather Gold","damage_taken":11,"max_hp_gain":0,"max_hp_loss":0,"event_name":"World of Goop","floor":3,"gold_loss":0},{"damage_healed":0,"gold_gain":79,"player_choice":"Gained Gold","damage_taken":0,"max_hp_gain":0,"max_hp_loss":0,"event_name":"Golden Wing","floor":5,"gold_loss":0},{"damage_healed":0,"gold_gain":0,"player_choice":"Success","damage_taken":12,"relics_obtained":["MealTicket"],"max_hp_gain":0,"max_hp_loss":0,"event_name":"Scrap Ooze","floor":12,"gold_loss":0},{"damage_healed":0,"gold_gain":0,"player_choice":"Shed Blood","damage_taken":21,"max_hp_gain":5,"max_hp_loss":0,"event_name":"Forgotten Altar","floor":19,"gold_loss":0},{"damage_healed":0,"gold_gain":0,"cards_transformed":["Defend_G","Defend_G"],"player_choice":"Became Test Subject","damage_taken":0,"max_hp_gain":0,"max_hp_loss":0,"event_name":"Drug Dealer","floor":20,"gold_loss":0,"cards_obtained":["Choke","Predator"]},{"damage_healed":0,"gold_gain":0,"player_choice":"Became a vampire","damage_taken":0,"max_hp_gain":0,"max_hp_loss":28,"event_name":"Vampires","floor":22,"gold_loss":0,"cards_obtained":["Bite","Bite","Bite","Bite","Bite"]},{"damage_healed":0,"gold_gain":0,"player_choice":"Bought 0 Potions","damage_taken":0,"max_hp_gain":0,"max_hp_loss":0,"event_name":"The Woman in Blue","floor":36,"gold_loss":0},{"damage_healed":0,"gold_gain":0,"player_choice":"Max HP","damage_taken":0,"max_hp_gain":0,"max_hp_loss":3,"event_name":"Winding Halls","floor":44,"gold_loss":0},{"damage_healed":0,"gold_gain":0,"player_choice":"Ignored","damage_taken":0,"max_hp_gain":0,"max_hp_loss":0,"event_name":"The Moai Head","floor":48,"gold_loss":0}],"is_beta":false,"boss_relics":[{"not_picked":["Ectoplasm","Fusion Hammer"],"picked":"Ring of the Serpent"},{"not_picked":["Coffee Dripper","Snecko Eye"],"picked":"SlaversCollar"}],"items_purged_floors":[],"is_endless":false,"potions_floor_spawned":[4,8,11,18,24,28,30,31,39,40,46,47],"killed_by":"Time Eater","ascension_level":1}}