{"host":"j49z5jz0n7e8vjox","time":1607530183,"event":{"gold_per_floor":[109,121,139,152,152,152,186,34,60,60,79,79,90,15,15,110,110,123,123,47,62,62,62,93,93,143,170,270,345,356,391,391,496,496,512,528,528,578,590,616,464,464,464,481,481,500,530,530,530,530,530,530,240,266,266,266],"floor_reached":55,"playtime":7203,"items_purged":["Regret"],"score":1320,"play_id":"a0917a3a-5161-40f8-8746-fb906ff37c7c","local_time":"20201209100943","is_ascension_mode":true,"campfire_choices":[{"data":"Fire Breathing","floor":6.0,"key":"SMITH"},{"data":"Demon Form","floor":10.0,"key":"SMITH"},{"data":"Bash","floor":12.0,"key":"SMITH"},{"data":"Cleave","floor":15.0,"key":"SMITH"},{"data":"Ghostly","floor":23.0,"key":"SMITH"},{"data":"Ghostly","floor":25.0,"key":"SMITH"},{"data":"Dark Embrace","floor":32.0,"key":"SMITH"},{"floor":42,"key":"RECALL"},{"floor":45,"key":"REST"},{"floor":49,"key":"REST"},{"floor":52,"key":"REST"}],"neow_cost":"NONE","seed_source_timestamp":0,"circlet_count":0,"master_deck":["Defend_R","Defend_R","Defend_R","Bash+1","Cleave+1","Seeing Red+1","Fire Breathing+1","Pommel Strike","Demon Form+1","Spot Weakness","Hemokinesis","Limit Break","Anger+1","Bite","Bite","Bite","Bite","Bite","Power Through","Wild Strike","Ghostly+1","Ghostly+1","Ghostly+1","Ghostly","Ghostly","Heavy Blade+1","Dark Embrace+1","Heavy Blade","Dark Embrace+1","Corruption","Metallicize+1","Intimidate+1","Disarm","Disarm+1","Heavy Blade+1"],"special_seed":0,"relics":["Burning Blood","Orichalcum","Vajra","Bronze Scales","Nunchaku","Sozu","InkBottle","War Paint","PreservedInsect","Calipers","Eternal Feather","Singing Bowl","Fusion Hammer","Pocketwatch","Lantern","Frozen Eye","Red Skull","Anchor","Bag of Preparation","Ornamental Fan"],"potions_floor_usage":[55],"damage_taken":[{"damage":5.0,"enemies":"2 Louse","floor":1.0,"turns":4.0},{"damage":10.0,"enemies":"Small Slimes","floor":2.0,"turns":3.0},{"damage":0.0,"enemies":"Cultist","floor":3.0,"turns":3.0},{"damage":14.0,"enemies":"Blue Slaver","floor":4.0,"turns":5.0},{"damage":23.0,"enemies":"Gremlin Nob","floor":7.0,"turns":4.0},{"damage":8.0,"enemies":"Looter","floor":11.0,"turns":2.0},{"damage":5.0,"enemies":"2 Fungi Beasts","floor":13.0,"turns":3.0},{"damage":0.0,"enemies":"Slime Boss","floor":16.0,"turns":6.0},{"damage":19.0,"enemies":"Spheric Guardian","floor":18.0,"turns":4.0},{"damage":15.0,"enemies":"2 Thieves","floor":21.0,"turns":3.0},{"damage":16.0,"enemies":"Slavers","floor":24.0,"turns":6.0},{"damage":0.0,"enemies":"Gremlin Leader","floor":27.0,"turns":7.0},{"damage":8.0,"enemies":"Colosseum Slavers","floor":28.0,"turns":4.0},{"damage":0.0,"enemies":"Colosseum Nobs","floor":28.0,"turns":3.0},{"damage":15.0,"enemies":"Cultist and Chosen","floor":30.0,"turns":6.0},{"damage":16.0,"enemies":"Book of Stabbing","floor":31.0,"turns":4.0},{"damage":0.0,"enemies":"Collector","floor":33.0,"turns":6.0},{"damage":18,"enemies":"3 Darklings","floor":35,"turns":6},{"damage":1,"enemies":"3 Shapes","floor":36,"turns":3},{"damage":15,"enemies":"Mind Bloom Boss Battle","floor":38,"turns":6},{"damage":0,"enemies":"Transient","floor":39,"turns":5},{"damage":1,"enemies":"Reptomancer","floor":40,"turns":5},{"damage":0,"enemies":"Spire Growth","floor":44,"turns":3},{"damage":1,"enemies":"Maw","floor":46,"turns":5},{"damage":0,"enemies":"Nemesis","floor":47,"turns":5},{"damage":15,"enemies":"Time Eater","floor":50,"turns":7},{"damage":0,"enemies":"Shield and Spear","floor":54,"turns":4},{"damage":64,"enemies":"The Heart","floor":55,"turns":8}],"seed_played":"-8621256962199442292","potions_obtained":[{"floor":3.0,"key":"Ancient Potion"},{"floor":7.0,"key":"FearPotion"},{"floor":11.0,"key":"BloodPotion"},{"floor":13.0,"key":"Energy Potion"}],"is_trial":false,"path_per_floor":["M","M","M","M","?","R","E","$","T","R","M","R","M","$","R","B",null,"M","?","$","M","?","R","E","R","T","E","?","?","M","E","R","B",null,"M","M","?","?","M","E","$","R","T","M","R","M","E","?","R","B",null,"R","$","E","B"],"character_chosen":"IRONCLAD","items_purchased":["Bronze Scales","Power Through","Frozen Eye","Anchor","Bag of Preparation"],"campfire_rested":3,"item_purchase_floors":[8,20,41,53,53],"current_hp_per_floor":[81,77,83,75,75,75,58,58,58,58,56,56,57,57,57,63,82,69,61,61,58,30,30,22,22,22,30,30,27,25,26,32,32,32,28,34,32,33,34,34,34,34,34,36,36,38,38,38,38,33,37,38,38,38,0,0],"gold":266,"neow_bonus":"TEN_PERCENT_HP_BONUS","is_prod":false,"is_daily":false,"chose_seed":false,"campfire_upgraded":7,"win_rate":0,"timestamp":1607530183,"path_taken":["M","M","M","M","?","R","E","$","T","R","M","R","M","$","R","BOSS","M","?","$","M","?","R","E","R","T","E","?","?","M","E","R","BOSS","M","?","?","?","M","E","$","R","T","M","R","M","E","?","R","BOSS","R","$","E","BOSS"],"build_version":"2020-11-30","purchased_purges":1,"victory":false,"max_hp_per_floor":[88,88,88,88,88,88,88,88,88,88,88,88,88,88,88,88,88,88,61,61,61,30,30,30,30,30,30,30,30,30,32,32,32,32,34,34,32,34,34,34,34,34,34,36,36,38,38,38,38,38,38,38,38,38,38,38],"card_choices":[{"not_picked":["Clash","Flex"],"picked":"Cleave","floor":1.0},{"not_picked":["Anger","Twin Strike"],"picked":"Seeing Red","floor":2.0},{"not_picked":["Searing Blow","Thunderclap"],"picked":"Fire Breathing","floor":3.0},{"not_picked":["Anger","Perfected Strike"],"picked":"Pommel Strike","floor":4.0},{"not_picked":["True Grit","Flex"],"picked":"Demon Form","floor":7.0},{"not_picked":["Power Through","Perfected Strike"],"picked":"Spot Weakness","floor":11.0},{"not_picked":["Inflame","Thunderclap"],"picked":"Hemokinesis","floor":13.0},{"not_picked":["Juggernaut","Berserk"],"picked":"Limit Break","floor":16.0},{"not_picked":["Flex+1","Warcry"],"picked":"Anger+1","floor":18.0},{"not_picked":["Clash","Thunderclap"],"picked":"Wild Strike","floor":21.0},{"not_picked":["Bludgeon","Whirlwind"],"picked":"Heavy Blade+1","floor":24.0},{"not_picked":["Warcry+1","Sword Boomerang"],"picked":"Dark Embrace+1","floor":27.0},{"not_picked":["Anger+1","Uppercut"],"picked":"Heavy Blade","floor":28.0},{"not_picked":["Warcry","Twin Strike"],"picked":"Dark Embrace","floor":30.0},{"not_picked":["Wild Strike","Clothesline","Armaments"],"picked":"Singing Bowl","floor":31.0},{"not_picked":["Fiend Fire","Limit Break"],"picked":"Corruption","floor":33.0},{"not_picked":["Perfected Strike","Pommel Strike","Thunderclap"],"picked":"Singing Bowl","floor":35},{"not_picked":["Armaments","Wild Strike"],"picked":"Metallicize+1","floor":36},{"not_picked":["Flex","Pommel Strike","Carnage+1"],"picked":"Singing Bowl","floor":38},{"not_picked":["Clothesline","Shrug It Off+1"],"picked":"Intimidate+1","floor":39},{"not_picked":["Sword Boomerang","Power Through"],"picked":"Disarm","floor":40},{"not_picked":["Burning Pact+1","Iron Wave","Wild Strike+1"],"picked":"Singing Bowl","floor":44},{"not_picked":["Wild Strike+1","Anger+1","Sword Boomerang"],"picked":"Singing Bowl","floor":46},{"not_picked":["Cleave+1","Perfected Strike"],"picked":"Disarm+1","floor":47},{"not_picked":["Entrench+1","Inflame"],"picked":"Heavy Blade+1","floor":54}],"player_experience":653527,"relics_obtained":[{"floor":7.0,"key":"Vajra"},{"floor":9.0,"key":"Nunchaku"},{"floor":24.0,"key":"InkBottle"},{"floor":26.0,"key":"War Paint"},{"floor":27.0,"key":"PreservedInsect"},{"floor":28.0,"key":"Calipers"},{"floor":28.0,"key":"Eternal Feather"},{"floor":31.0,"key":"Singing Bowl"},{"floor":38,"key":"Pocketwatch"},{"floor":40,"key":"Lantern"},{"floor":47,"key":"Red Skull"},{"floor":54,"key":"Ornamental Fan"}],"event_choices":[{"damage_healed":0.0,"max_hp_gain":0.0,"max_hp_loss":0.0,"gold_gain":0.0,"event_name":"Big Fish","player_choice":"Box","floor":5.0,"gold_loss":0.0,"damage_taken":0.0,"relics_obtained":["Orichalcum"],"cards_obtained":["Regret"]},{"damage_healed":0.0,"max_hp_gain":0.0,"max_hp_loss":27.0,"gold_gain":0.0,"event_name":"Vampires","player_choice":"Became a vampire","floor":19.0,"gold_loss":0.0,"damage_taken":0.0,"cards_obtained":["Bite","Bite","Bite","Bite","Bite"]},{"damage_healed":0.0,"max_hp_gain":0.0,"max_hp_loss":31.0,"gold_gain":0.0,"event_name":"Ghosts","player_choice":"Became a Ghost","floor":22.0,"gold_loss":0.0,"damage_taken":0.0,"cards_obtained":["Ghostly","Ghostly","Ghostly","Ghostly","Ghostly"]},{"damage_healed":0.0,"max_hp_gain":0.0,"max_hp_loss":0.0,"gold_gain":0.0,"event_name":"Colosseum","player_choice":"Fight","floor":28.0,"gold_loss":0.0,"damage_taken":0.0},{"damage_healed":0.0,"max_hp_gain":0.0,"max_hp_loss":0.0,"gold_gain":0.0,"event_name":"Colosseum","player_choice":"Fought Nobs","floor":28.0,"gold_loss":0.0,"damage_taken":0.0},{"damage_healed":0.0,"max_hp_gain":0.0,"max_hp_loss":0.0,"gold_gain":75.0,"event_name":"FaceTrader","player_choice":"Touch","floor":29.0,"gold_loss":0.0,"damage_taken":3.0},{"damage_healed":0,"gold_gain":0,"player_choice":"Max HP","damage_taken":0,"max_hp_gain":0,"max_hp_loss":2,"event_name":"Winding Halls","floor":37,"gold_loss":0},{"damage_healed":0,"gold_gain":0,"player_choice":"Fight","damage_taken":0,"max_hp_gain":0,"max_hp_loss":0,"event_name":"MindBloom","floor":38,"gold_loss":0},{"cards_removed":["Defend_R"],"damage_healed":0,"gold_gain":0,"player_choice":"Removed Skill","damage_taken":0,"max_hp_gain":0,"max_hp_loss":0,"event_name":"Falling","floor":48,"gold_loss":0}],"is_beta":false,"boss_relics":[{"not_picked":["Runic Dome","Empty Cage"],"picked":"Sozu"},{"not_picked":["SacredBark","Pandora\u0027s Box"],"picked":"Fusion Hammer"}],"items_purged_floors":[14],"is_endless":false,"potions_floor_spawned":[3,7,11,13,18,21,28,31,33,35,38,44,46],"killed_by":"The Heart","ascension_level":6}}