{"host":"fubbnuvd95wtwenx","time":1607508719,"event":{"gold_per_floor":[87,262,90,103,122,147,147,472,472,453,453,453,443,459,459,558,558,518,192,192,117,117,117,117,91,91,122,122,122,127,127,127,255,255,247,247,547,216,279,279,316,363,437,437,528,528,532,628,628,691,691,691,24,79,145],"floor_reached":56,"playtime":3021,"items_purged":[],"score":1927,"play_id":"140b32d5-9c04-4317-a363-1bed7944abfb","local_time":"20201209211159","is_ascension_mode":false,"campfire_choices":[{"floor":7.0,"key":"REST"},{"floor":11.0,"key":"REST"},{"floor":15.0,"key":"REST"},{"floor":23.0,"key":"RECALL"},{"data":"alterego_mod:InsideBaseball","floor":29.0,"key":"SMITH"},{"data":"alterego_mod:AlterEgo","floor":32.0,"key":"SMITH"},{"data":"Madness","floor":40.0,"key":"SMITH"},{"data":"alterego_mod:STier","floor":44.0,"key":"SMITH"},{"data":"alterego_mod:Impale","floor":52,"key":"SMITH"}],"neow_cost":"NONE","seed_source_timestamp":0,"circlet_count":0,"master_deck":["alterego_mod:Strike","alterego_mod:Strike","alterego_mod:Strike","alterego_mod:Strike","alterego_mod:Defend","alterego_mod:Defend","alterego_mod:Defend","alterego_mod:Impale+1","alterego_mod:BigMeatyClaws","alterego_mod:BrynhildrsRune","alterego_mod:InsideBaseball+1","alterego_mod:Birthday","alterego_mod:Bounce+1","alterego_mod:Lift","alterego_mod:Mirror","alterego_mod:Tantrum","alterego_mod:AlterEgo+1","alterego_mod:ClassAdvantage","alterego_mod:Bounce","alterego_mod:Nekomimi","alterego_mod:Birthday","alterego_mod:BrynhildrRomantia","alterego_mod:Punishment+1","alterego_mod:Undulate","alterego_mod:Punishment","alterego_mod:Venus","alterego_mod:Support+1","alterego_mod:Rake","alterego_mod:InsideBaseball","Madness+1","Madness","alterego_mod:Birthday+1","alterego_mod:STier+1","alterego_mod:SakuraLabyrinth+1","alterego_mod:IndependentAction+1","alterego_mod:MagicResistance","alterego_mod:Rake","alterego_mod:Birthday","REME_AllRoundStrike","alterego_mod:GIGAMILK"],"special_seed":0,"relics":["alterego_mod:MasochisticConstitution","testmod-TestBox","DaveBox","REME_ComplimentaryCards","testmod-BatchProcessingSystem","Nloth\u0027s Gift","NeowsBlessing","Question Card","Bottled Flame","testmod-Maize","ImportantClient","testmod-DeterminationOfClimber","Dodecahedron","Orichalcum","alterego_mod:SomeoneToFightFor","Replay:Rubber Ducky","StoneCalendar","ReplayTheSpireMod:Shallot","testmod-Fanaticism","Old Coin","testmod-Acrobat","Bottled Tornado","testmod-EqualTreatment","TungstenRod","HornCleat","REME_HandOfSuture","LastBattle","Replay:Bottled Steam","TimeFreeze","REME_HourglassOfDeath"],"potions_floor_usage":[50],"damage_taken":[{"damage":5.0,"enemies":"2 Louse","floor":1.0,"turns":2.0},{"damage":0.0,"enemies":"Jaw Worm","floor":4.0,"turns":1.0},{"damage":0.0,"enemies":"Small Slimes","floor":5.0,"turns":1.0},{"damage":42.0,"enemies":"Gremlin Nob","floor":6.0,"turns":6.0},{"damage":23.0,"enemies":"Lagavulin","floor":8.0,"turns":8.0},{"damage":24.0,"enemies":"Exordium Thugs","floor":10.0,"turns":3.0},{"damage":24.0,"enemies":"Lots of Slimes","floor":13.0,"turns":5.0},{"damage":10.0,"enemies":"Large Slime","floor":14.0,"turns":7.0},{"damage":0.0,"enemies":"Slime Boss","floor":16.0,"turns":5.0},{"damage":2.0,"enemies":"2 Thieves","floor":18.0,"turns":2.0},{"damage":4.0,"enemies":"Shell Parasite","floor":25.0,"turns":1.0},{"damage":1.0,"enemies":"Cultist and Chosen","floor":27.0,"turns":3.0},{"damage":0.0,"enemies":"Book of Stabbing","floor":30.0,"turns":1.0},{"damage":0.0,"enemies":"Pondfish","floor":33.0,"turns":5.0},{"damage":0.0,"enemies":"3 Shapes","floor":35.0,"turns":1.0},{"damage":3.0,"enemies":"3 Darklings","floor":39.0,"turns":3.0},{"damage":0.0,"enemies":"Reptomancer","floor":41.0,"turns":2.0},{"damage":1.0,"enemies":"2 Orb Walkers","floor":42.0,"turns":1.0},{"damage":0,"enemies":"Giant Head","floor":45,"turns":2},{"damage":0,"enemies":"Writhing Mass","floor":47,"turns":1},{"damage":0,"enemies":"Transient","floor":48,"turns":1},{"damage":0,"enemies":"Awakened One","floor":50,"turns":2},{"damage":0,"enemies":"Shield and Spear","floor":54,"turns":1},{"damage":0,"enemies":"The Heart","floor":55,"turns":3}],"seed_played":"-6357177785954947098","potions_obtained":[{"floor":6.0,"key":"FearPotion"},{"floor":13.0,"key":"AttackPotion"},{"floor":14.0,"key":"ColorlessPotion"},{"floor":27.0,"key":"PowerPotion"},{"floor":30.0,"key":"Energy Potion"},{"floor":35.0,"key":"testmod-TimePotion"},{"floor":41.0,"key":"Dexterity Potion"},{"floor":48,"key":"Swift Potion"}],"is_trial":false,"path_per_floor":["M","?","$","M","M","E","R","E","T","M","R","?","M","M","R","B",null,"M","$","$","?","$","R","?","M","T","M","$","R","E","T","R","B",null,"M","?","?","$","M","R","E","?","T","R","E","?","M","M","R_BF","B",null,"R","$","E","B",null],"character_chosen":"The_Alterego","items_purchased":["alterego_mod:Bounce+1","alterego_mod:Lift","alterego_mod:Undulate","alterego_mod:Punishment","Dodecahedron","Orichalcum","testmod-Acrobat","Bottled Tornado","LastBattle","Replay:Bottled Steam","TimeFreeze","REME_AllRoundStrike"],"campfire_rested":3,"item_purchase_floors":[3,3,19,19,19,19,38,38,53,53,53,53],"current_hp_per_floor":[66,66,66,66,66,34,55,42,42,21,43,31,17,24,46,50,76,74,74,74,74,74,74,74,73,73,78,78,78,78,78,78,78,78,77,67,67,67,78,78,81,85,85,85,86,96,96,96,96,98,98,98,98,97,97],"gold":145,"neow_bonus":"THREE_ENEMY_KILL","is_prod":false,"is_daily":false,"chose_seed":false,"campfire_upgraded":5,"win_rate":0.0,"timestamp":1607508719,"path_taken":["M","?","?","M","M","E","R","E","T","M","R","?","M","?","R","BOSS","M","?","$","?","$","R","?","M","T","M","$","R","E","?","R","BOSS","M","?","?","$","M","R","E","?","T","R","E","?","?","M","R_BF","BOSS","R","$","E","BOSS"],"build_version":"2020-11-30","purchased_purges":0,"victory":true,"max_hp_per_floor":[71,71,71,71,71,72,72,73,73,74,74,74,75,76,76,76,76,76,76,76,76,76,76,76,77,77,78,78,78,78,78,78,78,78,77,77,77,77,78,78,81,86,86,86,86,96,96,96,96,98,98,98,98,97,97],"card_choices":[{"not_picked":["alterego_mod:BiFurious","alterego_mod:Clap"],"picked":"alterego_mod:Birthday","floor":1.0},{"not_picked":["alterego_mod:BreastValley","alterego_mod:RocketPunch","alterego_mod:Skirt"],"picked":"alterego_mod:Mirror","floor":4.0},{"not_picked":["alterego_mod:Bounce","alterego_mod:MagicResistance","alterego_mod:Crossover"],"picked":"alterego_mod:Tantrum","floor":5.0},{"not_picked":["alterego_mod:Jiggle","alterego_mod:Lift","alterego_mod:Vow"],"picked":"alterego_mod:AlterEgo","floor":6.0},{"not_picked":["alterego_mod:Punishment","alterego_mod:Palingenesis","alterego_mod:PainIsPleasure"],"picked":"alterego_mod:ClassAdvantage","floor":8.0},{"not_picked":["alterego_mod:BustOut","alterego_mod:BreastValley","alterego_mod:SuperDuperMasochism"],"picked":"alterego_mod:Bounce","floor":10.0},{"not_picked":["alterego_mod:Cycle","alterego_mod:SakuraLabyrinth","alterego_mod:Mirror"],"picked":"alterego_mod:Nekomimi","floor":13.0},{"not_picked":["alterego_mod:Rip","alterego_mod:1TonWallop","alterego_mod:Schoolgirl"],"picked":"alterego_mod:Birthday","floor":14.0},{"not_picked":["alterego_mod:Antipathy","alterego_mod:Vow","alterego_mod:Valkyrie"],"picked":"alterego_mod:BrynhildrRomantia","floor":16.0},{"not_picked":["alterego_mod:Skirt+1","alterego_mod:Smother","alterego_mod:TrashNCrash+1"],"picked":"alterego_mod:Punishment+1","floor":18.0},{"not_picked":["alterego_mod:Schoolgirl+1","alterego_mod:Undulate","alterego_mod:1TonWallop+1"],"picked":"alterego_mod:Venus","floor":25.0},{"not_picked":["alterego_mod:SuperDuperMasochism","alterego_mod:Birthday","alterego_mod:Undulate"],"picked":"alterego_mod:Support+1","floor":27.0},{"not_picked":["alterego_mod:TrashNCrash","alterego_mod:SakuraPetals","alterego_mod:MagicResistance"],"picked":"alterego_mod:Rake","floor":30.0},{"not_picked":["alterego_mod:Rake","alterego_mod:InsideBaseball","alterego_mod:Tantrum"],"picked":"alterego_mod:TrickOrTreatment","floor":33.0},{"not_picked":["alterego_mod:Bounce","alterego_mod:Pet+1","alterego_mod:Skirt+1"],"picked":"alterego_mod:InsideBaseball","floor":35.0},{"not_picked":["alterego_mod:BiFurious","alterego_mod:DiscoLights+1","alterego_mod:ChallengeComplete+1"],"picked":"alterego_mod:Birthday+1","floor":39.0},{"not_picked":["alterego_mod:Belle","alterego_mod:Lingerie","alterego_mod:AlterEgo"],"picked":"alterego_mod:STier","floor":41.0},{"not_picked":["alterego_mod:Pet","alterego_mod:Skirt+1","alterego_mod:BeGentle"],"picked":"alterego_mod:SakuraLabyrinth+1","floor":42.0},{"not_picked":["alterego_mod:Support","alterego_mod:PerceptionDisorder","alterego_mod:GoddessCore"],"picked":"alterego_mod:IndependentAction+1","floor":45},{"not_picked":["alterego_mod:RocketPunch","alterego_mod:Jiggle+1","alterego_mod:SakuraPetals+1"],"picked":"alterego_mod:MagicResistance","floor":47},{"not_picked":["alterego_mod:DiscoLights","alterego_mod:Bounce+1","alterego_mod:Pet+1"],"picked":"alterego_mod:Rake","floor":48},{"not_picked":["alterego_mod:Maid+1","alterego_mod:PresenceConcealment","alterego_mod:Undulate"],"picked":"alterego_mod:GIGAMILK","floor":54}],"player_experience":268912,"relics_obtained":[{"floor":1.0,"key":"Question Card"},{"floor":6.0,"key":"Bottled Flame"},{"floor":8.0,"key":"Old Coin"},{"floor":16.0,"key":"ImportantClient"},{"floor":26.0,"key":"Replay:Rubber Ducky"},{"floor":30.0,"key":"StoneCalendar"},{"floor":31.0,"key":"ReplayTheSpireMod:Shallot"},{"floor":41.0,"key":"testmod-EqualTreatment"},{"floor":42.0,"key":"TungstenRod"},{"floor":43.0,"key":"HornCleat"},{"floor":45,"key":"REME_HandOfSuture"},{"floor":54,"key":"REME_HourglassOfDeath"}],"event_choices":[{"damage_healed":0.0,"max_hp_gain":0.0,"max_hp_loss":0.0,"gold_gain":175.0,"event_name":"Liars Game","player_choice":"AGREE","floor":2.0,"gold_loss":0.0,"damage_taken":0.0,"cards_obtained":["Doubt"]},{"damage_healed":0.0,"max_hp_gain":0.0,"max_hp_loss":0.0,"gold_gain":0.0,"event_name":"Scrap Ooze","player_choice":"Success","floor":12.0,"gold_loss":0.0,"damage_taken":12.0,"relics_obtained":["testmod-Maize"]},{"cards_removed":["Doubt"],"damage_healed":0.0,"max_hp_gain":0.0,"max_hp_loss":0.0,"gold_gain":0.0,"event_name":"Beggar","player_choice":"Gave Gold","floor":21.0,"gold_loss":75.0,"damage_taken":0.0},{"damage_healed":0.0,"max_hp_gain":0.0,"max_hp_loss":0.0,"gold_gain":0.0,"event_name":"爱的神圣花园","player_choice":"Choice 2","floor":24.0,"gold_loss":0.0,"damage_taken":0.0,"relics_obtained":["alterego_mod:SomeoneToFightFor"]},{"damage_healed":0.0,"max_hp_gain":0.0,"max_hp_loss":0.0,"gold_gain":0.0,"event_name":"Winding Halls","player_choice":"Embrace Madness","floor":36.0,"gold_loss":0.0,"damage_taken":10.0,"cards_obtained":["Madness","Madness"]},{"damage_healed":0.0,"max_hp_gain":0.0,"max_hp_loss":0.0,"gold_gain":0.0,"event_name":"给自己的盒子","player_choice":"Swap Relic","floor":37.0,"relics_lost":["Old Coin"],"gold_loss":0.0,"damage_taken":0.0,"relics_obtained":["Old Coin"]},{"damage_healed":0.0,"max_hp_gain":0.0,"max_hp_loss":0.0,"gold_gain":0.0,"event_name":"Mysterious Sphere","player_choice":"Fight","floor":42.0,"gold_loss":0.0,"damage_taken":0.0},{"cards_removed":["alterego_mod:TrickOrTreatment"],"damage_healed":0,"gold_gain":0,"player_choice":"Offered Rare","damage_taken":0,"max_hp_gain":10,"max_hp_loss":0,"event_name":"Bonfire Elementals","floor":46,"gold_loss":0}],"is_beta":false,"boss_relics":[{"not_picked":["PatriotShield","REME_DemonsWealth"],"picked":"testmod-DeterminationOfClimber"},{"not_picked":["Velvet Choker","Hololive_Finger"],"picked":"testmod-Fanaticism"}],"items_purged_floors":[],"is_endless":false,"potions_floor_spawned":[6,13,14,27,30,35,41,48],"ascension_level":0}}