{"host":"xr9kfrtt7uxz0mdc","time":1607542703,"event":{"gold_per_floor":[114,189,159,174,192,192,221,221,221,221,240,274,113,133,133,228,228,239,256,270,283,296,296,329,329,329,10,10,21,40,40,40,137,137,149,166,166,177,77,77,77,77],"floor_reached":41,"playtime":2300,"items_purged":["Decay","Decay"],"score":425,"play_id":"bc8edf38-d973-4d29-ae16-1fa1e47bcd24","local_time":"20201209203823","is_ascension_mode":false,"campfire_choices":[{"floor":6,"key":"REST"},{"floor":8,"key":"REST"},{"floor":10,"key":"REST"},{"data":"Bandage Up","floor":15,"key":"SMITH"},{"floor":23,"key":"REST"},{"floor":25,"key":"REST"},{"floor":32,"key":"REST"},{"floor":40,"key":"REST"}],"neow_cost":"CURSE","seed_source_timestamp":438019738536600,"circlet_count":0,"master_deck":["Strike_G","Defend_G","Defend_G","Defend_G","Defend_G","Defend_G","Survivor","Neutralize","Deadly Poison","Deadly Poison","Poisoned Stab+1","Dodge and Roll","Bandage Up+1","Venomology","Quick Slash+1","Bullet Time+1","Choke+1","Bouncing Flask","Bane","Poisoned Stab","Footwork","Mayhem","CurseOfTheBell","Blur+1","Noxious Fumes+1"],"relics":["Ring of the Snake","Unceasing Top","Mercury Hourglass","Whetstone","Strawberry","Astrolabe","Potion Belt","Sundial","Bag of Preparation","Calling Bell","Anchor","Frozen Egg 2","Thread and Needle"],"potions_floor_usage":[16,19,20,21,21,22,22,24,33,33,33,33,36,38,38,38,38,38,41,41],"damage_taken":[{"damage":7,"enemies":"2 Louse","floor":1,"turns":4},{"damage":2,"enemies":"Small Slimes","floor":4,"turns":5},{"damage":6,"enemies":"Cultist","floor":5,"turns":4},{"damage":29,"enemies":"Lagavulin","floor":7,"turns":6},{"damage":4,"enemies":"3 Louse","floor":11,"turns":3},{"damage":20,"enemies":"3 Sentries","floor":12,"turns":8},{"damage":4,"enemies":"Red Slaver","floor":14,"turns":3},{"damage":52,"enemies":"Slime Boss","floor":16,"turns":12},{"damage":24,"enemies":"Spheric Guardian","floor":18,"turns":4},{"damage":3,"enemies":"Shell Parasite","floor":19,"turns":4},{"damage":23,"enemies":"Centurion and Healer","floor":20,"turns":6},{"damage":10,"enemies":"Snake Plant","floor":21,"turns":2},{"damage":26,"enemies":"Cultist and Chosen","floor":22,"turns":5},{"damage":30,"enemies":"Slavers","floor":24,"turns":6},{"damage":19,"enemies":"Centurion and Healer","floor":29,"turns":8},{"damage":28,"enemies":"Shelled Parasite and Fungi","floor":30,"turns":6},{"damage":33,"enemies":"Automaton","floor":33,"turns":8},{"damage":28,"enemies":"3 Darklings","floor":35,"turns":7},{"damage":8,"enemies":"Orb Walker","floor":36,"turns":4},{"damage":28,"enemies":"Jaw Worm Horde","floor":38,"turns":4},{"damage":79,"enemies":"Reptomancer","floor":41,"turns":6}],"seed_played":"-6515046445831250940","potions_obtained":[{"floor":3,"key":"CultistPotion"},{"floor":3,"key":"Regen Potion"},{"floor":4,"key":"Weak Potion"},{"floor":5,"key":"Block Potion"},{"floor":14,"key":"Fire Potion"},{"floor":20,"key":"Poison Potion"},{"floor":21,"key":"EssenceOfSteel"},{"floor":22,"key":"Block Potion"},{"floor":24,"key":"Fire Potion"},{"floor":36,"key":"Explosive Potion"},{"floor":37,"key":"ColorlessPotion"},{"floor":37,"key":"Strength Potion"},{"floor":37,"key":"Strength Potion"},{"floor":38,"key":"LiquidMemories"}],"is_trial":false,"path_per_floor":["M","?","?","M","M","R","E","R","T","R","M","E","$","M","R","B",null,"M","M","M","M","M","R","E","R","T","$","?","M","M","?","R","B",null,"M","M","?","M","$","R","E"],"character_chosen":"THE_SILENT","items_purchased":["Bandage Up","Bag of Preparation","Mayhem"],"campfire_rested":7,"item_purchase_floors":[13,27,27],"current_hp_per_floor":[63,52,52,50,44,65,36,57,57,70,66,53,53,53,53,22,77,59,62,45,41,21,44,20,43,43,43,43,30,8,8,31,4,77,55,53,53,45,45,68,0,0],"gold":77,"neow_bonus":"ONE_RARE_RELIC","is_prod":false,"is_daily":false,"chose_seed":false,"campfire_upgraded":1,"win_rate":0.0,"timestamp":1607542703,"path_taken":["M","?","?","M","M","R","E","R","T","R","M","E","$","M","R","BOSS","M","?","M","M","M","R","E","R","T","$","?","M","?","?","R","BOSS","M","M","?","?","$","R","E"],"build_version":"2020-11-30","purchased_purges":2,"victory":false,"max_hp_per_floor":[70,70,70,70,70,70,70,70,70,70,70,77,77,77,77,77,77,77,77,77,77,77,77,77,77,77,77,77,77,77,77,77,77,77,77,77,77,77,77,77,77,77],"card_choices":[{"not_picked":["Dagger Spray","Backflip"],"picked":"Deadly Poison","floor":1},{"not_picked":["Phantasmal Killer","Slice"],"picked":"Deadly Poison","floor":4},{"not_picked":["Quick Slash","Outmaneuver"],"picked":"Poisoned Stab","floor":5},{"not_picked":["Blade Dance","Riddle With Holes"],"picked":"Dodge and Roll","floor":7},{"not_picked":["Heel Hook","Calculated Gamble","Prepared"],"picked":"SKIP","floor":11},{"not_picked":["Terror","Dagger Spray","Escape Plan"],"picked":"SKIP","floor":12},{"not_picked":["Backflip","Flying Knee","Dagger Spray"],"picked":"SKIP","floor":14},{"not_picked":["Wraith Form v2","Bullet Time"],"picked":"Venomology","floor":16},{"not_picked":["Outmaneuver","Dagger Throw"],"picked":"Bouncing Flask","floor":18},{"not_picked":["Leg Sweep","Distraction","Dash"],"picked":"SKIP","floor":19},{"not_picked":["Cloak And Dagger","Blade Dance"],"picked":"Bane","floor":20},{"not_picked":["Dash","Backflip+1"],"picked":"Poisoned Stab","floor":21},{"not_picked":["Dagger Throw","Heel Hook"],"picked":"Footwork","floor":22},{"not_picked":["Prepared","Predator","Calculated Gamble"],"picked":"SKIP","floor":24},{"not_picked":["Dagger Spray","Poisoned Stab","Backstab+1"],"picked":"SKIP","floor":29},{"not_picked":["Deadly Poison","Slice","Blade Dance"],"picked":"SKIP","floor":30},{"not_picked":["Underhanded Strike+1","Bane","Backstab"],"picked":"SKIP","floor":35},{"not_picked":["Leg Sweep+1","Flechettes+1"],"picked":"Blur+1","floor":36},{"not_picked":["Flying Knee+1","Backflip+1"],"picked":"Noxious Fumes+1","floor":38}],"player_experience":55399,"relics_obtained":[{"floor":7,"key":"Mercury Hourglass"},{"floor":9,"key":"Whetstone"},{"floor":12,"key":"Strawberry"},{"floor":24,"key":"Potion Belt"},{"floor":26,"key":"Sundial"},{"floor":34,"key":"Anchor"},{"floor":34,"key":"Frozen Egg 2"},{"floor":34,"key":"Thread and Needle"}],"event_choices":[{"damage_healed":0,"gold_gain":75,"player_choice":"Gather Gold","damage_taken":11,"max_hp_gain":0,"max_hp_loss":0,"event_name":"World of Goop","floor":2,"gold_loss":0},{"damage_healed":0,"gold_gain":0,"player_choice":"Bought 2 Potions","damage_taken":0,"max_hp_gain":0,"max_hp_loss":0,"event_name":"The Woman in Blue","floor":3,"gold_loss":0},{"cards_removed":["Strike_G"],"damage_healed":0,"gold_gain":0,"player_choice":"Offered Basic","damage_taken":0,"max_hp_gain":0,"max_hp_loss":0,"event_name":"Bonfire Elementals","floor":28,"gold_loss":0},{"damage_healed":0,"gold_gain":0,"player_choice":"Smashed Altar","damage_taken":0,"max_hp_gain":0,"max_hp_loss":0,"event_name":"Forgotten Altar","floor":31,"gold_loss":0,"cards_obtained":["Decay"]},{"damage_healed":0,"gold_gain":0,"player_choice":"Got Potions","damage_taken":0,"max_hp_gain":0,"max_hp_loss":0,"event_name":"Lab","floor":37,"gold_loss":0}],"is_beta":false,"boss_relics":[{"not_picked":["HoveringKite","Coffee Dripper"],"picked":"Astrolabe"},{"not_picked":["Runic Dome","Tiny House"],"picked":"Calling Bell"}],"items_purged_floors":[13,39],"is_endless":false,"potions_floor_spawned":[4,5,12,14,20,21,22,24,36,38],"killed_by":"Reptomancer","ascension_level":0}}