{"host":"p4yrwepmrl4g8pul","time":1607512072,"event":{"gold_per_floor":[115,128,143,143,158,158,190,219,231,272,284,330,342,354,366,451,463,492,504,213,224,242,268,278,305,305,305,330,347,347,347,347,433,433,451,451,451,464,319,350,350,362,362,387,387,421,421,421,421,421,421,421,421,379,419,419],"floor_reached":57,"playtime":1469,"items_purged":["Strike_G","Strike_G","Defend_G","Defend_G","Defend_G","Strike_G","Strike_G","Strike_G","Defend_G","Defend_G","Neutralize","Survivor","Concentrate"],"score":4342,"play_id":"85955897-278a-4b63-abf3-a4ae437b8093","local_time":"20201209190752","is_ascension_mode":true,"campfire_choices":[{"data":"Madness","floor":6.0,"key":"SMITH"},{"floor":11.0,"key":"RECALL"},{"data":"Grand Finale","floor":15.0,"key":"SMITH"},{"data":"Adrenaline","floor":27.0,"key":"SMITH"},{"data":"Blind","floor":32.0,"key":"SMITH"},{"data":"Backflip","floor":41.0,"key":"SMITH"},{"data":"Acrobatics","floor":47.0,"key":"SMITH"},{"data":"Adrenaline","floor":49.0,"key":"SMITH"},{"floor":53.0,"key":"REST"}],"neow_cost":"","seed_source_timestamp":121851108816700,"circlet_count":0,"master_deck":["AscendersBane","Grand Finale+1","Acrobatics+1","Madness+1","Backflip+1","Blind+1","Adrenaline+1","Adrenaline+1","Footwork+1"],"special_seed":0,"relics":["Ring of the Snake","ClockworkSouvenir","Blood Vial","Membership Card","Incense Burner","Du-Vu Doll","Medical Kit","Unceasing Top","Pantograph","MerchantsRug","Bottled Lightning","Happy Flower","Thread and Needle","Lee\u0027s Waffle","Ornamental Fan","Ice Cream","Vajra","Mastiff:ReiMu","MawBank","StoneCalendar","Strawberry","Gensokyo:Justice","HoveringKite","HandDrill","Tiny Chest","Blue Candle","CeramicFish","Snake Skull","Question Card","Pocketwatch","HornCleat","InkBottle","Letter Opener","Mercury Hourglass","Sundial","Juzu Bracelet","Nunchaku"],"potions_floor_usage":[56],"damage_taken":[{"damage":0.0,"enemies":"Gensokyo:3_Fairies","floor":1.0,"turns":2.0},{"damage":0.0,"enemies":"Gensokyo:2_Kodama","floor":2.0,"turns":1.0},{"damage":0.0,"enemies":"Gensokyo:Gryphon","floor":3.0,"turns":1.0},{"damage":0.0,"enemies":"Gensokyo:3_Kodama","floor":5.0,"turns":1.0},{"damage":0.0,"enemies":"Gensokyo:Cirno","floor":7.0,"turns":4.0},{"damage":0.0,"enemies":"Gensokyo:Gryphon_and_Rabbit","floor":8.0,"turns":1.0},{"damage":0.0,"enemies":"Gensokyo:Mamizou","floor":10.0,"turns":1.0},{"damage":0.0,"enemies":"Gensokyo:Cirno","floor":12.0,"turns":4.0},{"damage":0.0,"enemies":"Gensokyo:Yukari","floor":16.0,"turns":1.0},{"damage":0.0,"enemies":"Gensokyo:Chomper","floor":18.0,"turns":2.0},{"damage":0.0,"enemies":"Gensokyo:CosmicMonolith","floor":21.0,"turns":1.0},{"damage":0.0,"enemies":"Gensokyo:Slime_Group","floor":22.0,"turns":1.0},{"damage":1.0,"enemies":"Gensokyo:Koishi","floor":23.0,"turns":2.0},{"damage":0.0,"enemies":"Gensokyo:Mirror_and_Dog","floor":24.0,"turns":1.0},{"damage":0.0,"enemies":"Gensokyo:Reisen","floor":25.0,"turns":1.0},{"damage":1.0,"enemies":"Gensokyo:Koishi","floor":28.0,"turns":1.0},{"damage":0.0,"enemies":"Gensokyo:Chomper_and_Gloop","floor":29.0,"turns":1.0},{"damage":1.0,"enemies":"Gensokyo:Eternal_Rivals","floor":33.0,"turns":2.0},{"damage":0.0,"enemies":"Orb Walker","floor":35.0,"turns":1.0},{"damage":0.0,"enemies":"3 Darklings","floor":38.0,"turns":1.0},{"damage":0.0,"enemies":"Nemesis","floor":40.0,"turns":1.0},{"damage":0.0,"enemies":"Spire Growth","floor":42.0,"turns":1.0},{"damage":0.0,"enemies":"Giant Head","floor":44.0,"turns":1.0},{"damage":0.0,"enemies":"Reptomancer","floor":46.0,"turns":1.0},{"damage":0.0,"enemies":"Donu and Deca","floor":50.0,"turns":1.0},{"damage":0.0,"enemies":"Time Eater","floor":51.0,"turns":2.0},{"damage":0.0,"enemies":"Shield and Spear","floor":55.0,"turns":1.0},{"damage":6,"enemies":"The Heart","floor":56,"turns":5}],"seed_played":"-773159364187887951","potions_obtained":[{"floor":8.0,"key":"GhostInAJar"},{"floor":21.0,"key":"ZuzhouPotion:ReiMu"}],"is_trial":false,"path_per_floor":["M","M","M","?","M","R","E","M","T","E","R","E","?","?","R","B",null,"M","?","$","M","M","E","M","E","T","R","E","M","?","?","R","B",null,"M","T","?","M","$","E","R","M","T","E","?","E","R","?","R","B","B",null,"R","$","E","B",null],"character_chosen":"THE_SILENT","items_purchased":["ClockworkSouvenir","Grand Finale","Acrobatics","Blood Vial","Concentrate","Membership Card","Incense Burner","Madness","Backflip","Medical Kit","Prepared","Pantograph","Blind","MerchantsRug","Bottled Lightning","Happy Flower","Lee\u0027s Waffle","Ornamental Fan","Vajra","HandDrill","Tiny Chest","Blue Candle","InkBottle","GamblersBrew"],"campfire_rested":1,"item_purchase_floors":[0,0,0,0,0,0,0,0,0,0,0,0,0,0,0,0,0,0,0,20,20,20,39,54],"current_hp_per_floor":[73,73,73,55,57,57,59,61,61,63,63,72,72,72,72,80,80,80,80,80,80,80,79,80,80,80,80,79,80,80,80,80,79,80,80,80,80,80,80,80,80,80,80,80,80,80,80,80,80,80,80,80,80,80,80,74],"gold":419,"neow_bonus":"","is_prod":false,"is_daily":false,"chose_seed":false,"campfire_upgraded":7,"win_rate":0,"timestamp":1607512072,"path_taken":["M","M","M","?","M","R","E","M","T","E","R","E","?","?","R","BOSS","M","?","$","?","M","E","M","E","T","R","E","M","?","?","R","BOSS","M","?","?","M","$","E","R","M","T","E","?","E","R","?","R","BOSS","BOSS","R","$","E","BOSS"],"build_version":"2020-11-30","purchased_purges":13,"victory":true,"max_hp_per_floor":[73,73,73,73,73,73,73,73,73,73,73,80,80,80,80,80,80,80,80,80,80,80,80,80,80,80,80,80,80,80,80,80,80,80,80,80,80,80,80,80,80,80,80,80,80,80,80,80,80,80,80,80,80,80,80,80],"card_choices":[{"not_picked":["Cloak And Dagger","Dodge and Roll","Dagger Throw"],"picked":"SKIP","floor":1.0},{"not_picked":["Caltrops","Calculated Gamble","Quick Slash"],"picked":"SKIP","floor":2.0},{"not_picked":["Outmaneuver","Leg Sweep","Dagger Spray"],"picked":"SKIP","floor":3.0},{"not_picked":["Eviscerate","Underhanded Strike","Bane"],"picked":"SKIP","floor":5.0},{"not_picked":["Glass Knife","Deadly Poison","Wraith Form v2"],"picked":"SKIP","floor":7.0},{"not_picked":["Dodge and Roll","Choke","Poisoned Stab"],"picked":"SKIP","floor":8.0},{"not_picked":["Flechettes","Prepared","Dagger Throw"],"picked":"SKIP","floor":10.0},{"not_picked":["Masterful Stab","Skewer","PiercingWail"],"picked":"SKIP","floor":12.0},{"not_picked":["Bullet Time","Envenom"],"picked":"Adrenaline","floor":16.0},{"not_picked":["Underhanded Strike","Infinite Blades","Deadly Poison"],"picked":"SKIP","floor":18.0},{"not_picked":["Flying Knee","Catalyst","Accuracy"],"picked":"SKIP","floor":21.0},{"not_picked":["Prepared","Deadly Poison","Deflect"],"picked":"SKIP","floor":22.0},{"not_picked":["Quick Slash","Leg Sweep","Setup"],"picked":"SKIP","floor":23.0},{"not_picked":["Flying Knee","Burst","Well Laid Plans"],"picked":"SKIP","floor":24.0},{"not_picked":["Outmaneuver","Flying Knee","PiercingWail"],"picked":"SKIP","floor":25.0},{"not_picked":["Envenom","Underhanded Strike","Sucker Punch","Bane"],"picked":"SKIP","floor":28.0},{"not_picked":["Deflect","Acrobatics","Leg Sweep","Bane"],"picked":"SKIP","floor":29.0},{"not_picked":["Envenom","A Thousand Cuts","Malaise"],"picked":"Adrenaline","floor":33.0},{"not_picked":["Skewer","Footwork+1","Blur","Concentrate"],"picked":"SKIP","floor":35.0},{"not_picked":["Underhanded Strike+1","Dagger Spray+1","Crippling Poison+1","Flechettes"],"picked":"SKIP","floor":38.0},{"not_picked":["Heel Hook+1","Bouncing Flask","Underhanded Strike","Cloak And Dagger"],"picked":"SKIP","floor":40.0},{"not_picked":["Leg Sweep","Backflip","Bullet Time","Cloak And Dagger"],"picked":"SKIP","floor":42.0},{"not_picked":["Accuracy","Tactician+1","Quick Slash","Predator"],"picked":"SKIP","floor":44.0},{"not_picked":["Flying Knee","Predator","Poisoned Stab","Calculated Gamble"],"picked":"SKIP","floor":46.0},{"not_picked":["After Image","Cloak And Dagger","Dodge and Roll","Footwork+1"],"picked":"SKIP","floor":55.0},{"not_picked":["After Image","Cloak And Dagger","Dodge and Roll"],"picked":"Footwork+1","floor":55.0}],"player_experience":703824,"relics_obtained":[{"floor":7.0,"key":"MawBank"},{"floor":10.0,"key":"StoneCalendar"},{"floor":12.0,"key":"Strawberry"},{"floor":23.0,"key":"CeramicFish"},{"floor":25.0,"key":"Snake Skull"},{"floor":26.0,"key":"Question Card"},{"floor":28.0,"key":"Pocketwatch"},{"floor":36.0,"key":"HornCleat"},{"floor":43.0,"key":"Letter Opener"},{"floor":44.0,"key":"Mercury Hourglass"},{"floor":45.0,"key":"Sundial"},{"floor":46.0,"key":"Juzu Bracelet"},{"floor":55.0,"key":"Nunchaku"}],"event_choices":[{"damage_healed":0.0,"max_hp_gain":0.0,"max_hp_loss":0.0,"gold_gain":0.0,"event_name":"SensoryStone","player_choice":"Memory 1","floor":37.0,"gold_loss":0.0,"damage_taken":0.0},{"damage_healed":0.0,"max_hp_gain":0.0,"max_hp_loss":0.0,"gold_gain":0.0,"event_name":"Wheel of Change","player_choice":"Relic","floor":45.0,"gold_loss":0.0,"damage_taken":0.0},{"damage_healed":0.0,"max_hp_gain":0.0,"max_hp_loss":0.0,"gold_gain":0.0,"event_name":"Transmorgrifier","player_choice":"Ignored","floor":48.0,"gold_loss":0.0,"damage_taken":0.0}],"is_beta":false,"boss_relics":[{"not_picked":["Snecko Eye","Coffee Dripper"],"picked":"HoveringKite"},{"not_picked":["Runic Pyramid","Calling Bell","Pandora\u0027s Box"]}],"items_purged_floors":[0,0,0,0,0,0,0,0,0,0,0,39,39],"is_endless":false,"potions_floor_spawned":[1,2,8,18,21,22,25,33,35,38],"ascension_level":20}}