{"host":"fea6kdxvty5fzy91","time":1607556385,"event":{"gold_per_floor":[16,16,29,44,62,62,82,82,105,121,131,164,89,103,103,202,202,220,252,252,181,192,218,218,228,228,228,242,275,275,275,275,275,275],"floor_reached":33,"playtime":2119,"items_purged":["Strike_P"],"score":339,"play_id":"252cef90-44de-4949-9aee-97efa2a32e91","local_time":"20201209162625","is_ascension_mode":false,"campfire_choices":[{"data":"Wallop","floor":6,"key":"SMITH"},{"data":"Establishment","floor":8,"key":"SMITH"},{"data":"WindmillStrike","floor":15,"key":"SMITH"},{"data":"Worship","floor":24,"key":"SMITH"},{"data":"ThirdEye","floor":30,"key":"SMITH"},{"data":"Bite","floor":32,"key":"SMITH"}],"neow_cost":"NO_GOLD","seed_source_timestamp":434198662764100,"circlet_count":0,"master_deck":["Defend_P","Defend_P","Defend_P","Eruption+1","Vigilance","WindmillStrike+1","FlurryOfBlows","JustLucky","Wallop+1","Establishment+1","DevaForm","ThirdEye+1","Bite+1","Bite","Bite","Bite","Bite","Worship+1","LessonLearned"],"relics":["PureWater","Centennial Puzzle","Vajra","Sozu","Red Mask","Potion Belt","Ornamental Fan","Meat on the Bone","Orichalcum"],"potions_floor_usage":[19,23,33],"damage_taken":[{"damage":0,"enemies":"2 Louse","floor":1,"turns":2},{"damage":3,"enemies":"Jaw Worm","floor":3,"turns":4},{"damage":0,"enemies":"Cultist","floor":4,"turns":3},{"damage":3,"enemies":"Red Slaver","floor":5,"turns":3},{"damage":0,"enemies":"3 Louse","floor":7,"turns":2},{"damage":0,"enemies":"Lots of Slimes","floor":10,"turns":2},{"damage":5,"enemies":"Exordium Thugs","floor":11,"turns":3},{"damage":0,"enemies":"3 Sentries","floor":12,"turns":5},{"damage":4,"enemies":"3 Louse","floor":14,"turns":3},{"damage":33,"enemies":"Slime Boss","floor":16,"turns":9},{"damage":10,"enemies":"Shell Parasite","floor":18,"turns":4},{"damage":29,"enemies":"Masked Bandits","floor":19,"turns":6},{"damage":20,"enemies":"Snake Plant","floor":22,"turns":5},{"damage":29,"enemies":"Slavers","floor":23,"turns":6},{"damage":6,"enemies":"Cultist and Chosen","floor":25,"turns":4},{"damage":7,"enemies":"3 Cultists","floor":28,"turns":5},{"damage":26,"enemies":"HollowMod:Nosk","floor":29,"turns":6},{"damage":34,"enemies":"Automaton","floor":33,"turns":2}],"seed_played":"-6531396766739617499","potions_obtained":[{"floor":1,"key":"Regen Potion"},{"floor":3,"key":"SpeedPotion"},{"floor":11,"key":"BottledMiracle"}],"is_trial":false,"path_per_floor":["M","?","M","M","M","R","M","R","T","M","M","E","$","M","R","B",null,"M","?","?","$","M","E","R","M","T","T","M","E","R","$","R","B"],"character_chosen":"WATCHER","items_purchased":["Worship"],"campfire_rested":0,"item_purchase_floors":[21],"current_hp_per_floor":[72,72,69,69,66,66,66,66,66,66,61,61,61,57,57,24,72,62,47,47,47,39,20,20,22,22,22,35,27,27,27,27,0,0],"gold":275,"neow_bonus":"REMOVE_TWO","is_prod":false,"is_daily":false,"chose_seed":false,"campfire_upgraded":6,"win_rate":0.0,"timestamp":1607556385,"path_taken":["M","?","M","M","M","R","M","R","T","M","M","E","$","M","R","BOSS","M","?","?","$","?","E","R","M","T","?","M","E","R","$","R","BOSS"],"build_version":"2020-11-30","purchased_purges":1,"victory":false,"max_hp_per_floor":[72,72,72,72,72,72,72,72,72,72,72,72,72,72,72,72,72,72,72,50,50,50,50,50,50,50,50,50,50,50,50,50,50,50],"card_choices":[{"not_picked":["BattleHymn","FlurryOfBlows"],"picked":"WindmillStrike","floor":1},{"not_picked":["Protect","SashWhip"],"picked":"FlurryOfBlows","floor":3},{"not_picked":["FlurryOfBlows","SashWhip"],"picked":"JustLucky","floor":4},{"not_picked":["PathToVictory","Consecrate"],"picked":"Wallop","floor":5},{"not_picked":["EmptyBody","ClearTheMind"],"picked":"Establishment","floor":7},{"not_picked":["SashWhip","BowlingBash","CrushJoints"],"picked":"SKIP","floor":10},{"not_picked":["TalkToTheHand","Sanctity","Evaluate"],"picked":"SKIP","floor":11},{"not_picked":["Perseverance","Meditate"],"picked":"DevaForm","floor":12},{"not_picked":["EmptyBody","SashWhip","BowlingBash"],"picked":"SKIP","floor":14},{"not_picked":["EmptyMind","Collect"],"picked":"ThirdEye","floor":18},{"not_picked":["ForeignInfluence","Alpha","Prostrate"],"picked":"SKIP","floor":22},{"not_picked":["EmptyFist+1","CutThroughFate+1","FollowUp+1"],"picked":"SKIP","floor":23},{"not_picked":["Evaluate+1","FlurryOfBlows","EmptyMind+1"],"picked":"SKIP","floor":25},{"not_picked":["Crescendo","PathToVictory","Prostrate"],"picked":"SKIP","floor":28},{"not_picked":["JustLucky+1","FlurryOfBlows"],"picked":"LessonLearned","floor":29}],"player_experience":274887,"relics_obtained":[{"floor":9,"key":"Centennial Puzzle"},{"floor":12,"key":"Vajra"},{"floor":19,"key":"Red Mask"},{"floor":23,"key":"Potion Belt"},{"floor":26,"key":"Ornamental Fan"},{"floor":27,"key":"Meat on the Bone"},{"floor":29,"key":"Orichalcum"}],"event_choices":[{"damage_healed":0,"gold_gain":0,"player_choice":"Grow","damage_taken":0,"max_hp_gain":0,"max_hp_loss":0,"event_name":"Living Wall","floor":2,"gold_loss":0,"cards_upgraded":["Eruption"]},{"damage_healed":0,"gold_gain":0,"player_choice":"Fought Bandits","damage_taken":0,"max_hp_gain":0,"max_hp_loss":0,"event_name":"Masked Bandits","floor":19,"gold_loss":0},{"damage_healed":0,"gold_gain":0,"player_choice":"Became a vampire","damage_taken":0,"max_hp_gain":0,"max_hp_loss":22,"event_name":"Vampires","floor":20,"gold_loss":0,"cards_obtained":["Bite","Bite","Bite","Bite","Bite"]}],"is_beta":false,"boss_relics":[{"not_picked":["Philosopher\u0027s Stone","Black Star"],"picked":"Sozu"}],"items_purged_floors":[13],"is_endless":false,"potions_floor_spawned":[1,3,11,14,18,19,28],"killed_by":"Automaton","ascension_level":0}}