{"host":"y76clbnovzmw9ubx","time":1607558385,"event":{"gold_per_floor":[118,43,43,43,63,89,89,89,89],"floor_reached":8,"playtime":733,"items_purged":[],"score":108,"play_id":"98067d12-934b-4740-a188-6307d578e3e3","local_time":"20201209185945","is_ascension_mode":true,"campfire_choices":[{"data":"Sweeping Beam","floor":7,"key":"SMITH"}],"neow_cost":"NONE","seed_source_timestamp":296283349453,"circlet_count":0,"master_deck":["AscendersBane","Strike_B","Strike_B","Defend_B","Defend_B","Defend_B","Defend_B","Zap","Dualcast","Forethought","Go for the Eyes","Coolheaded","Sweeping Beam+1","Multi-Cast"],"relics":["Cracked Core","Blue Candle"],"potions_floor_usage":[8,8],"damage_taken":[{"damage":3,"enemies":"2 Louse","floor":1,"turns":2},{"damage":1,"enemies":"Cultist","floor":5,"turns":4},{"damage":38,"enemies":"3 Sentries","floor":6,"turns":9},{"damage":27,"enemies":"Gremlin Nob","floor":8,"turns":3}],"seed_played":"3815655171154197447","potions_obtained":[{"floor":5,"key":"GamblersBrew"},{"floor":6,"key":"FocusPotion"}],"is_trial":false,"path_per_floor":["M","?","?","?","M","E","R","E"],"character_chosen":"DEFECT","items_purchased":[],"campfire_rested":0,"item_purchase_floors":[],"current_hp_per_floor":[61,61,61,61,60,22,22,0,0],"gold":89,"neow_bonus":"RANDOM_COLORLESS","is_prod":false,"is_daily":false,"chose_seed":false,"campfire_upgraded":1,"win_rate":0,"timestamp":1607558385,"path_taken":["M","?","?","?","M","E","R","E"],"build_version":"2020-11-30","purchased_purges":0,"victory":false,"max_hp_per_floor":[71,71,71,71,71,71,71,71,71],"relic_stats":{"counters":[4,18],"Blue Candle":[0],"obtain_stats":[{"Blue Candle":6,"Cracked Core":0},{"Blue Candle":3,"Cracked Core":0},{"Blue Candle":15,"Cracked Core":0}]},"card_choices":[{"not_picked":["Deep Breath","Blind"],"picked":"Forethought","floor":0},{"not_picked":["Coolheaded","Conserve Battery"],"picked":"Go for the Eyes","floor":1},{"not_picked":["Chill","Hologram"],"picked":"Sweeping Beam","floor":5},{"not_picked":["Hologram","Undo"],"picked":"Multi-Cast","floor":6}],"player_experience":2793499,"relics_obtained":[{"floor":6,"key":"Blue Candle"}],"event_choices":[{"cards_removed":["Strike_B"],"damage_healed":0,"gold_gain":0,"player_choice":"Card Removal","damage_taken":0,"max_hp_gain":0,"max_hp_loss":0,"event_name":"The Cleric","floor":2,"gold_loss":75},{"damage_healed":0,"gold_gain":0,"cards_transformed":["Strike_B"],"player_choice":"Change","damage_taken":0,"max_hp_gain":0,"max_hp_loss":0,"event_name":"Living Wall","floor":3,"gold_loss":0,"cards_obtained":["Coolheaded"]},{"damage_healed":0,"gold_gain":0,"player_choice":"Fled","damage_taken":0,"max_hp_gain":0,"max_hp_loss":0,"event_name":"Scrap Ooze","floor":4,"gold_loss":0}],"is_beta":false,"boss_relics":[],"items_purged_floors":[],"is_endless":false,"potions_floor_spawned":[5,6],"killed_by":"Gremlin Nob","ascension_level":20}}