{"host":"uxq2rly8rxtwffuf","time":1607515533,"event":{"gold_per_floor":[115,115,115,128,143,143,154,154,154,165,185,185,201,212,212,288,288,305,305,305],"floor_reached":19,"playtime":859,"items_purged":[],"score":285,"play_id":"b2fc54eb-492a-46f4-8d9b-09998a29e3fa","local_time":"20201209150533","is_ascension_mode":true,"campfire_choices":[{"floor":6,"key":"RECALL"},{"data":"Koishi:ReleaseOfTheId","floor":12,"key":"SMITH"},{"floor":15,"key":"REST"}],"neow_cost":"NONE","seed_source_timestamp":1117455307364621,"circlet_count":0,"master_deck":["AscendersBane","Koishi:BasicStrike","Koishi:BasicStrike","Koishi:BasicStrike","Koishi:BasicStrike","Koishi:BasicDefend","Koishi:BasicDefend","Koishi:BasicDefend","Koishi:BasicDefend","Koishi:Provoke","Koishi:HauntingSlash","Koishi:GeneticsOfTheUnconscious","Koishi:SpiritedAway","Koishi:HeartfeltFancy","Koishi:ReleaseOfTheId+1","Koishi:ReleaseOfTheId","Koishi:SpiritedAway+1","Koishi:JumpScare","Koishi:MentalBreakdown+1","Koishi:SubterraneanRose"],"relics":["Koishi:ImaginaryFriend","Tiny Chest","Orichalcum","Eternal Feather","Molten Egg 2","Black Star"],"potions_floor_usage":[11,13,16,16],"damage_taken":[{"damage":2,"enemies":"Cultist","floor":1,"turns":5},{"damage":6,"enemies":"Jaw Worm","floor":4,"turns":3},{"damage":7,"enemies":"2 Louse","floor":5,"turns":4},{"damage":0,"enemies":"Blue Slaver","floor":7,"turns":5},{"damage":5,"enemies":"Looter","floor":10,"turns":5},{"damage":10,"enemies":"Large Slime","floor":11,"turns":4},{"damage":8,"enemies":"Blue Slaver","floor":13,"turns":4},{"damage":11,"enemies":"3 Louse","floor":14,"turns":4},{"damage":45,"enemies":"The Guardian","floor":16,"turns":14},{"damage":6,"enemies":"Chosen","floor":18,"turns":4},{"damage":42,"enemies":"3 Byrds","floor":19,"turns":3}],"seed_played":"3451673620570794549","potions_obtained":[{"floor":4,"key":"GamblersBrew"},{"floor":10,"key":"DuplicationPotion"},{"floor":13,"key":"DuplicationPotion"},{"floor":14,"key":"Swift Potion"},{"floor":18,"key":"FearPotion"}],"is_trial":false,"path_per_floor":["M","?","T","M","M","R","M","T","T","M","M","R","M","M","R","B",null,"M","M"],"character_chosen":"KOISHI","items_purchased":[],"campfire_rested":1,"item_purchase_floors":[],"current_hp_per_floor":[51,51,51,47,41,41,43,43,43,40,30,39,32,25,51,10,45,42,0,0],"gold":305,"neow_bonus":"RANDOM_COMMON_RELIC","is_prod":false,"is_daily":false,"chose_seed":false,"campfire_upgraded":1,"win_rate":0,"timestamp":1607515533,"path_taken":["M","?","?","M","M","R","?","?","T","M","M","R","M","M","R","BOSS","M","M"],"build_version":"2020-11-30","purchased_purges":0,"victory":false,"max_hp_per_floor":[57,57,57,57,57,57,57,57,57,57,57,57,57,57,57,57,57,57,57,57],"card_choices":[{"not_picked":["Koishi:SubterraneanRose","Koishi:HeartfeltFancy"],"picked":"Koishi:GeneticsOfTheUnconscious","floor":1},{"not_picked":["Koishi:CatchAndRose","Koishi:FreudianInstinct"],"picked":"Koishi:SpiritedAway","floor":4},{"not_picked":["Koishi:DreadfulBlow","Koishi:UnconsciousUrges"],"picked":"Koishi:HeartfeltFancy","floor":5},{"not_picked":["Koishi:FleetingPhantom","Koishi:ReflexRadar"],"picked":"Koishi:ReleaseOfTheId","floor":7},{"not_picked":["Koishi:ReflexRadar","Koishi:UnansweredLove"],"picked":"Koishi:ReleaseOfTheId","floor":10},{"not_picked":["Koishi:FleetingPhantom","Koishi:DNAsFlaw"],"picked":"Koishi:SpiritedAway+1","floor":11},{"not_picked":["Koishi:FleetingPhantom","Koishi:DreadfulBlow+1"],"picked":"Koishi:JumpScare","floor":13},{"not_picked":["Koishi:Catatonia+1","Koishi:DreadfulBlow+1","Koishi:RacingHeart+1"],"picked":"SKIP","floor":14},{"not_picked":["Koishi:HeartStoppingHorror","Koishi:TerrifyingSpectre"],"picked":"Koishi:MentalBreakdown+1","floor":16},{"not_picked":["Koishi:StrangeCloudFist+1","Koishi:Bloodlust"],"picked":"Koishi:SubterraneanRose","floor":18}],"player_experience":1321687,"relics_obtained":[{"floor":3,"key":"Orichalcum"},{"floor":8,"key":"Eternal Feather"},{"floor":9,"key":"Molten Egg 2"}],"event_choices":[{"damage_healed":0,"gold_gain":0,"player_choice":"Ignored","damage_taken":0,"max_hp_gain":0,"max_hp_loss":0,"event_name":"Liars Game","floor":2,"gold_loss":0}],"is_beta":false,"boss_relics":[{"not_picked":["Coffee Dripper","Sozu"],"picked":"Black Star"}],"items_purged_floors":[],"is_endless":false,"potions_floor_spawned":[4,10,13,14,18],"killed_by":"3 Byrds","ascension_level":15}}