{"host":"024fuk5dykwzmato","time":1607521973,"event":{"gold_per_floor":[112,130,130,145,110,143,143,163,233,258,258,278,278,293,293,395,395,412,264,253,168,199,211,241,253,253],"floor_reached":25,"playtime":1605,"items_purged":[],"score":301,"play_id":"1e808fca-1b97-4fe2-9f40-493673edd565","local_time":"20201209145253","is_ascension_mode":true,"campfire_choices":[{"floor":7,"key":"REST"},{"data":"Hologram","floor":13,"key":"SMITH"},{"floor":15,"key":"REST"},{"floor":23,"key":"REST"}],"neow_cost":"PERCENT_DAMAGE","seed_source_timestamp":587885258147700,"circlet_count":0,"master_deck":["Strike_B","Strike_B+1","Strike_B","Defend_B+1","Defend_B","Defend_B","Defend_B","Zap","Dualcast","Coolheaded","Sweeping Beam","Go for the Eyes","Hologram+1","Ball Lightning","Compile Driver","Chill","Machine Learning","Static Discharge","Barrage","Amplify","Cold Snap+1","Self Repair","Glacier","Steam+1"],"relics":["Cracked Core","Torii","CaptainsWheel","Singing Bowl","Art of War","SlaversCollar","Orrery","MawBank"],"potions_floor_usage":[6,10,16,16,24,24],"damage_taken":[{"damage":0,"enemies":"2 Louse","floor":1,"turns":2},{"damage":0,"enemies":"Jaw Worm","floor":2,"turns":4},{"damage":1,"enemies":"Small Slimes","floor":4,"turns":5},{"damage":21,"enemies":"Lagavulin","floor":6,"turns":9},{"damage":0,"enemies":"2 Fungi Beasts","floor":8,"turns":3},{"damage":7,"enemies":"Gremlin Nob","floor":10,"turns":4},{"damage":1,"enemies":"Blue Slaver","floor":12,"turns":3},{"damage":1,"enemies":"Red Slaver","floor":14,"turns":4},{"damage":21,"enemies":"Slime Boss","floor":16,"turns":9},{"damage":2,"enemies":"Shell Parasite","floor":18,"turns":7},{"damage":2,"enemies":"2 Thieves","floor":20,"turns":4},{"damage":63,"enemies":"Centurion and Healer","floor":22,"turns":13},{"damage":16,"enemies":"Snecko","floor":24,"turns":8},{"damage":64,"enemies":"Gremlin Leader","floor":25,"turns":9}],"seed_played":"-528797969528174679","potions_obtained":[{"floor":2,"key":"Strength Potion"},{"floor":8,"key":"Weak Potion"},{"floor":12,"key":"Strength Potion"},{"floor":14,"key":"DuplicationPotion"},{"floor":20,"key":"Regen Potion"},{"floor":22,"key":"DuplicationPotion"}],"is_trial":false,"path_per_floor":["M","M","?","M","?","E","R","M","T","E","?","M","R","M","R","B",null,"M","$","M","?","M","R","M","E"],"character_chosen":"DEFECT","items_purchased":["Orrery"],"campfire_rested":3,"item_purchase_floors":[19],"current_hp_per_floor":[50,50,35,34,52,31,53,53,53,46,39,40,40,39,62,41,68,66,66,73,73,26,50,63,0,0],"gold":253,"neow_bonus":"ONE_RARE_RELIC","is_prod":false,"is_daily":false,"chose_seed":false,"campfire_upgraded":1,"win_rate":0,"timestamp":1607521973,"path_taken":["M","M","?","M","?","E","R","M","T","E","?","M","R","M","R","BOSS","M","$","M","?","M","R","M","E"],"build_version":"2020-11-30","purchased_purges":0,"victory":false,"max_hp_per_floor":[75,75,75,75,75,75,75,75,75,75,75,77,77,77,77,77,77,77,77,79,79,81,81,81,81,81],"card_choices":[{"not_picked":["Heatsinks","Stack"],"picked":"Coolheaded","floor":1},{"not_picked":["Steam","Barrage"],"picked":"Sweeping Beam","floor":2},{"not_picked":["Amplify","FTL"],"picked":"Go for the Eyes","floor":4},{"not_picked":["Ball Lightning","Beam Cell"],"picked":"Hologram","floor":6},{"not_picked":["Reprogram","Leap"],"picked":"Ball Lightning","floor":8},{"not_picked":["Doom and Gloom","Rip and Tear"],"picked":"Compile Driver","floor":10},{"not_picked":["Rip and Tear","Go for the Eyes","Compile Driver"],"picked":"Singing Bowl","floor":12},{"not_picked":["Compile Driver","FTL"],"picked":"Chill","floor":14},{"not_picked":["Biased Cognition","Hyperbeam"],"picked":"Machine Learning","floor":16},{"not_picked":["Aggregate","Streamline"],"picked":"Static Discharge","floor":18},{"not_picked":["Sweeping Beam","Turbo"],"picked":"Barrage","floor":19},{"not_picked":["Chaos","Coolheaded"],"picked":"Amplify","floor":19},{"not_picked":["Genetic Algorithm","Stack"],"picked":"Cold Snap+1","floor":19},{"not_picked":["Cold Snap+1","Beam Cell"],"picked":"Self Repair","floor":19},{"not_picked":["Turbo","Streamline+1"],"picked":"Glacier","floor":19},{"not_picked":["Compile Driver","Gash","Storm"],"picked":"Singing Bowl","floor":20},{"not_picked":["Rebound","Sweeping Beam","Compile Driver"],"picked":"Singing Bowl","floor":22},{"not_picked":["Stack","Beam Cell"],"picked":"Steam+1","floor":24}],"player_experience":244422,"relics_obtained":[{"floor":6,"key":"CaptainsWheel"},{"floor":9,"key":"Singing Bowl"},{"floor":10,"key":"Art of War"}],"event_choices":[{"damage_healed":0,"gold_gain":0,"player_choice":"Entered Light","damage_taken":15,"max_hp_gain":0,"max_hp_loss":0,"event_name":"Shining Light","floor":3,"gold_loss":0,"cards_upgraded":["Defend_B","Strike_B"]},{"damage_healed":18,"gold_gain":0,"player_choice":"Healed","damage_taken":0,"max_hp_gain":0,"max_hp_loss":0,"event_name":"The Cleric","floor":5,"gold_loss":35},{"cards_removed":["Strike_B"],"damage_healed":0,"gold_gain":0,"player_choice":"Card Removal","damage_taken":7,"max_hp_gain":0,"max_hp_loss":0,"event_name":"Golden Wing","floor":11,"gold_loss":0},{"damage_healed":0,"gold_gain":0,"player_choice":"Obtained Relic","damage_taken":0,"relics_obtained":["MawBank"],"max_hp_gain":0,"max_hp_loss":0,"event_name":"Addict","floor":21,"gold_loss":85}],"is_beta":false,"boss_relics":[{"not_picked":["SacredBark","Sozu"],"picked":"SlaversCollar"}],"items_purged_floors":[],"is_endless":false,"potions_floor_spawned":[2,8,12,14,20,22],"killed_by":"Gremlin Leader","ascension_level":8}}