{"host":"uua02xqorlefedoe","time":1607538963,"event":{"gold_per_floor":[112,122,122,197,147,180,180,196,196,230,230,271,296,320,320,320,320],"floor_reached":16,"playtime":755,"items_purged":[],"score":168,"play_id":"5e673454-7af4-41aa-bdec-3a4043807b5d","local_time":"20201209183603","is_ascension_mode":true,"campfire_choices":[{"data":"Strike_R","floor":11.0,"key":"PURGE"},{"data":"True Grit","floor":15.0,"key":"SMITH"}],"neow_cost":"NONE","seed_source_timestamp":4771502993674900,"circlet_count":0,"master_deck":["Strike_R","Strike_R","Defend_R","Defend_R","Defend_R","Defend_R","Bash","Reaper","Twin Strike","Inflame","Wild Strike","Power Through","Reaper","Thunderclap","True Grit+1","Ghostly Armor"],"special_seed":0,"relics":["Burning Blood","Golden Idol","Mango","Peace Pipe","Mercury Hourglass","Dream Catcher"],"potions_floor_usage":[16,16],"damage_taken":[{"damage":13.0,"enemies":"Jaw Worm","floor":1.0,"turns":5.0},{"damage":0.0,"enemies":"Small Slimes","floor":2.0,"turns":3.0},{"damage":30.0,"enemies":"Lagavulin","floor":6.0,"turns":7.0},{"damage":1.0,"enemies":"Cultist","floor":8.0,"turns":3.0},{"damage":28.0,"enemies":"3 Sentries","floor":10.0,"turns":11.0},{"damage":25.0,"enemies":"Lagavulin","floor":12.0,"turns":7.0},{"damage":0.0,"enemies":"Large Slime","floor":13.0,"turns":4.0},{"damage":10.0,"enemies":"2 Fungi Beasts","floor":14.0,"turns":4.0},{"damage":78,"enemies":"Hexaghost","floor":16,"turns":11}],"seed_played":"-3719841539606192983","potions_obtained":[{"floor":1.0,"key":"Block Potion"},{"floor":10.0,"key":"Swift Potion"},{"floor":12.0,"key":"LiquidMemories"},{"floor":14.0,"key":"LiquidBronze"}],"is_trial":false,"path_per_floor":["M","M","?","?","?","E","?","M","T","E","R","E","M","M","R","B"],"character_chosen":"IRONCLAD","items_purchased":[],"campfire_rested":0,"item_purchase_floors":[],"current_hp_per_floor":[65,79,59,48,48,47,47,56,56,46,46,34,52,68,68,0,0],"gold":320,"neow_bonus":"ONE_RANDOM_RARE_CARD","is_prod":false,"is_daily":false,"chose_seed":false,"campfire_upgraded":1,"win_rate":0,"timestamp":1607538963,"path_taken":["M","M","?","?","?","E","?","M","T","E","R","E","M","M","R","BOSS"],"build_version":"2020-11-30","purchased_purges":0,"victory":false,"max_hp_per_floor":[80,80,80,80,80,94,94,94,94,94,94,94,94,94,94,94,94],"card_choices":[{"not_picked":["Battle Trance","Shrug It Off"],"picked":"Twin Strike","floor":1.0},{"not_picked":["Thunderclap","Clash"],"picked":"Inflame","floor":2.0},{"not_picked":["Body Slam","Metallicize"],"picked":"Wild Strike","floor":6.0},{"not_picked":["Rage","Heavy Blade"],"picked":"Power Through","floor":8.0},{"not_picked":["Iron Wave","Body Slam"],"picked":"Reaper","floor":10.0},{"not_picked":["Warcry","Heavy Blade"],"picked":"Thunderclap","floor":12.0},{"not_picked":["Twin Strike","Pommel Strike"],"picked":"True Grit","floor":13.0},{"not_picked":["Blood for Blood","Searing Blow"],"picked":"Ghostly Armor","floor":14.0}],"player_experience":415281,"relics_obtained":[{"floor":6.0,"key":"Mango"},{"floor":9.0,"key":"Peace Pipe"},{"floor":10.0,"key":"Mercury Hourglass"},{"floor":12.0,"key":"Dream Catcher"}],"event_choices":[{"damage_healed":0.0,"max_hp_gain":0.0,"max_hp_loss":0.0,"gold_gain":0.0,"event_name":"Golden Idol","player_choice":"Take Damage","floor":3.0,"gold_loss":0.0,"damage_taken":20.0,"relics_obtained":["Golden Idol"]},{"damage_healed":0.0,"max_hp_gain":0.0,"max_hp_loss":0.0,"gold_gain":75.0,"event_name":"World of Goop","player_choice":"Gather Gold","floor":4.0,"gold_loss":0.0,"damage_taken":11.0},{"cards_removed":["Strike_R"],"damage_healed":0.0,"max_hp_gain":0.0,"max_hp_loss":0.0,"gold_gain":0.0,"event_name":"The Cleric","player_choice":"Card Removal","floor":5.0,"gold_loss":50.0,"damage_taken":0.0},{"cards_removed":["Strike_R"],"damage_healed":0.0,"max_hp_gain":0.0,"max_hp_loss":0.0,"gold_gain":0.0,"event_name":"Bonfire Elementals","player_choice":"Offered Basic","floor":7.0,"gold_loss":0.0,"damage_taken":0.0}],"is_beta":false,"boss_relics":[],"items_purged_floors":[],"is_endless":false,"potions_floor_spawned":[1,10,12,14],"killed_by":"Hexaghost","ascension_level":8}}