{"host":"m5nzk5kedbsg0fp1","time":1607528549,"event":{"gold_per_floor":[114,114,127,127,144,171,189,189,189,189,189,207,220,240,240,341,391,404,404,33,33,51,86,98,98,98,98,98,98,98,98,98,98],"floor_reached":31,"playtime":2628,"items_purged":[],"score":255,"play_id":"6248745d-4812-43ea-9740-8387ab0c1e2e","local_time":"20201209104229","is_ascension_mode":false,"campfire_choices":[{"floor":8,"key":"RECALL"},{"floor":10,"key":"REST"},{"data":"blackbeard:GoldenCannonball","floor":15,"key":"SMITH"},{"floor":25,"key":"REST"},{"data":"blackbeard:CatONineTails","floor":28,"key":"SMITH"},{"data":"blackbeard:BeatUp","floor":28,"key":"SMITH"}],"neow_cost":"NONE","seed_source_timestamp":58467265821400,"circlet_count":0,"master_deck":["blackbeard:BlackbeardStrike+1","blackbeard:BlackbeardStrike+1","blackbeard:BlackbeardStrike+1","blackbeard:BlackbeardStrike+1","blackbeard:IntimidatingStrike","blackbeard:BlackbeardDefend+1","blackbeard:BlackbeardDefend+1","blackbeard:BlackbeardDefend+1","blackbeard:BlackbeardDefend+1","blackbeard:Cutlass","blackbeard:CaptainsCabin","blackbeard:RearmingStrike","blackbeard:CannonballSupply","blackbeard:BeatUp+1","TH:DeckOfManyThings","blackbeard:CatONineTails+1","blackbeard:Revenge+1","TH:BikiniMail","TH:CursedSword","blackbeard:Sword","blackbeard:GoldenCannonball+1","blackbeard:Dagger","TH:ArmorSpikes","blackbeard:Salvager","blackbeard:WiseDefense","blackbeard:GoldenStrike","Magnetism","blackbeard:Eyepatch","blackbeard:Revenge","TH:ElvenBoots","blackbeard:Revenge+1","blackbeard:SwordDance","TH:ElvenBoots","blackbeard:CatONineTails"],"relics":["blackbeard:LoadTheCannons","Eternal Feather","Vajra","Pet Ghost","Tiny House","Replay:Mystery Machine","Unceasing Top","Replay:Arrowhead","aspiration:HummingbirdHeart","ReplayTheSpireMod:Ring of Addiction","White Beast Statue","SacredBark","ReplayTheSpireMod:Ring of Sloth","hubris:EmptyBottle"],"potions_floor_usage":[6,7,16,23,24,31,31,31,31,31],"damage_taken":[{"damage":0,"enemies":"Small Slimes","floor":1,"turns":4},{"damage":17,"enemies":"infinitespire:Voidling","floor":3,"turns":4},{"damage":6,"enemies":"Jaw Worm","floor":5,"turns":3},{"damage":30,"enemies":"3 Sentries","floor":6,"turns":7},{"damage":0,"enemies":"Blue Slaver","floor":7,"turns":2},{"damage":0,"enemies":"Gremlin Gang","floor":12,"turns":4},{"damage":21,"enemies":"Exordium Thugs","floor":13,"turns":5},{"damage":0,"enemies":"3 Louse","floor":14,"turns":1},{"damage":31,"enemies":"Hexaghost","floor":16,"turns":9},{"damage":23,"enemies":"Spheric Guardian","floor":18,"turns":4},{"damage":19,"enemies":"Shell Parasite","floor":22,"turns":4},{"damage":5,"enemies":"Replay:Snechameleon","floor":23,"turns":4},{"damage":27,"enemies":"Centurion and Healer","floor":24,"turns":3},{"damage":68,"enemies":"Nightmare","floor":31,"turns":10}],"seed_played":"1308280382526526286","potions_obtained":[{"floor":3,"key":"Explosive Potion"},{"floor":6,"key":"SkillPotion"},{"floor":13,"key":"Explosive Potion"},{"floor":17,"key":"BlessingOfTheForge"},{"floor":18,"key":"Dexterity Potion"},{"floor":23,"key":"BlessingOfTheForge"},{"floor":27,"key":"Explosive Potion"},{"floor":27,"key":"Block Potion"},{"floor":27,"key":"SteroidPotion"}],"is_trial":false,"path_per_floor":["M","?","M","?","M","E","M","R","T","R","T","M","M","M","R","B",null,"M","?","$","?","M","E","M","R","T","?","R","?","AVR","NM"],"character_chosen":"BLACKBEARD_CLASS","items_purchased":["Replay:Mystery Machine","Magnetism","blackbeard:Eyepatch"],"campfire_rested":2,"item_purchase_floors":[20,20,20],"current_hp_per_floor":[75,75,58,58,52,22,22,31,31,62,62,62,41,41,53,22,80,57,57,57,57,38,33,6,48,48,48,66,66,66,0,0,0],"gold":98,"neow_bonus":"THREE_CARDS","is_prod":false,"is_daily":false,"chose_seed":false,"campfire_upgraded":3,"win_rate":0.0,"timestamp":1607528549,"path_taken":["M","?","?","?","M","E","M","R","T","R","?","M","M","?","R","BOSS","M","?","$","?","M","E","?","R","T","?","R","?","AVR","NM"],"build_version":"2020-11-30","purchased_purges":0,"victory":false,"max_hp_per_floor":[75,75,75,75,75,75,75,75,75,75,75,75,75,75,75,75,80,80,80,80,80,80,80,80,80,80,80,80,80,80,78,78,78],"card_choices":[{"not_picked":["blackbeard:GhostInTheRum","blackbeard:FieryDefense"],"picked":"blackbeard:CaptainsCabin","floor":0},{"not_picked":["blackbeard:PiratesWill","blackbeard:BlindAttacks"],"picked":"blackbeard:RearmingStrike","floor":1},{"not_picked":["blackbeard:RearmingStrike","blackbeard:Fencing"],"picked":"blackbeard:CannonballSupply","floor":3},{"not_picked":["blackbeard:WiseDefense","blackbeard:CannonballSupply"],"picked":"blackbeard:BeatUp","floor":5},{"not_picked":["TH:ElvenBoots"],"picked":"TH:DeckOfManyThings","floor":6},{"not_picked":["blackbeard:Sword","blackbeard:TerrorOfTheSeas"],"picked":"blackbeard:CatONineTails","floor":6},{"not_picked":["blackbeard:DelayedPain","blackbeard:RearmingStrike"],"picked":"blackbeard:Revenge","floor":7},{"not_picked":["TH:Mimic"],"picked":"TH:BikiniMail","floor":9},{"not_picked":["TH:EnergyPotion"],"picked":"TH:CursedSword","floor":11},{"not_picked":["blackbeard:Recklessness","blackbeard:Fencing"],"picked":"blackbeard:Sword","floor":12},{"not_picked":["blackbeard:PowderKeg","blackbeard:TacticalRetreat"],"picked":"blackbeard:GoldenCannonball","floor":13},{"not_picked":["blackbeard:Toast","blackbeard:Fencing"],"picked":"blackbeard:Dagger","floor":14},{"not_picked":["TH:Mimic"],"picked":"TH:ArmorSpikes","floor":16},{"not_picked":["blackbeard:Intoxication","blackbeard:Halberd"],"picked":"blackbeard:Salvager","floor":16},{"not_picked":["blackbeard:BeatUp","blackbeard:PiratesWill"],"picked":"blackbeard:WiseDefense","floor":17},{"not_picked":["blackbeard:SmithingHammer","blackbeard:PiratesWill"],"picked":"blackbeard:GoldenStrike","floor":18},{"not_picked":["blackbeard:TacticalRetreat+1","blackbeard:Spear"],"picked":"blackbeard:Revenge","floor":22},{"not_picked":["TH:PixieDust"],"picked":"TH:ElvenBoots","floor":23},{"not_picked":["blackbeard:BlindAttacks","blackbeard:RearmingStrike+1"],"picked":"blackbeard:Revenge+1","floor":23},{"not_picked":["blackbeard:Shrapnel","blackbeard:HumongousCannonball"],"picked":"blackbeard:SwordDance","floor":24},{"not_picked":["TH:BikiniMail"],"picked":"TH:ElvenBoots","floor":26}],"player_experience":155892,"relics_obtained":[{"floor":4,"key":"Eternal Feather"},{"floor":6,"key":"Vajra"},{"floor":11,"key":"Pet Ghost"},{"floor":23,"key":"Replay:Arrowhead"},{"floor":26,"key":"aspiration:HummingbirdHeart"},{"floor":27,"key":"ReplayTheSpireMod:Ring of Addiction"},{"floor":27,"key":"White Beast Statue"},{"floor":27,"key":"SacredBark"},{"floor":27,"key":"ReplayTheSpireMod:Ring of Sloth"}],"event_choices":[{"damage_healed":0,"gold_gain":0,"player_choice":"Bought 0 Potions","damage_taken":0,"max_hp_gain":0,"max_hp_loss":0,"event_name":"The Woman in Blue","floor":2,"gold_loss":0},{"damage_healed":0,"gold_gain":0,"player_choice":"Simplicity","damage_taken":0,"max_hp_gain":0,"max_hp_loss":0,"event_name":"Back to Basics","floor":19,"gold_loss":0,"cards_upgraded":["blackbeard:BlackbeardStrike","blackbeard:BlackbeardStrike","blackbeard:BlackbeardStrike","blackbeard:BlackbeardStrike","blackbeard:BlackbeardDefend","blackbeard:BlackbeardDefend","blackbeard:BlackbeardDefend","blackbeard:BlackbeardDefend"]},{"damage_healed":0,"gold_gain":0,"player_choice":"Gave Potion","damage_taken":0,"relics_obtained":["Unceasing Top"],"max_hp_gain":0,"max_hp_loss":0,"event_name":"WeMeetAgain","floor":21,"gold_loss":0},{"damage_healed":0,"gold_gain":0,"player_choice":"Read","damage_taken":0,"max_hp_gain":0,"max_hp_loss":0,"event_name":"The Library","floor":29,"gold_loss":0,"cards_obtained":["blackbeard:CatONineTails"]}],"is_beta":false,"boss_relics":[{"not_picked":["Replay:Cursed D8","Replay:Drink Me"],"picked":"Tiny House"}],"items_purged_floors":[],"is_endless":false,"potions_floor_spawned":[3,6,13,18,23],"killed_by":"Nightmare","ascension_level":0}}