{"host":"y5gwkyp54bvo4ymw","time":1607478519,"event":{"gold_per_floor":[211,230,240,256,256,256,285,285,357,357,398,425,500,543,543,689,689,759,759,829,427,484,484,484,484],"floor_reached":24,"playtime":1032,"items_purged":["hubris:Greed"],"score":333,"play_id":"6642b15f-b47e-44d6-81fc-55c260697bc8","local_time":"20201208204839","is_ascension_mode":false,"campfire_choices":[{"data":"TheCursedMod:CleanUpWorkshop","floor":6,"key":"SMITH"},{"data":"TheCursedMod:CircleOfCorruption","floor":8,"key":"SMITH"},{"data":"TheCursedMod:SoulReap","floor":10,"key":"SMITH"},{"data":"TheCursedMod:HellfireBreathing","floor":15,"key":"SMITH"},{"data":"TheCursedMod:SpitefulPlan","floor":23,"key":"SMITH"}],"neow_cost":"NONE","seed_source_timestamp":301886782099000,"circlet_count":0,"master_deck":["TheCursedMod:Strike_TheCursed","TheCursedMod:Strike_TheCursed","TheCursedMod:Strike_TheCursed","TheCursedMod:Strike_TheCursed","TheCursedMod:Defend_TheCursed","TheCursedMod:Defend_TheCursed","TheCursedMod:Defend_TheCursed","TheCursedMod:Defend_TheCursed","TheCursedMod:CursedWand","TheCursedMod:CleanUpWorkshop+1","TheCursedMod:Dregs","TheCursedMod:CircleOfCorruption+1","TheCursedMod:FleshFromBone","TheCursedMod:SoulReap+1","TheCursedMod:CursedAmulet","TheCursedMod:CircleOfCorruption+1","hubris:Greed","hubris:Greed","TheCursedMod:DemonSword","TheCursedMod:HellfireBreathing+1","hubris:Greed","hubris:Greed","TheCursedMod:CursedSpellbook","hubris:Greed","hubris:Greed","hubris:Greed","hubris:Greed","TheCursedMod:VoidForm","hubris:Greed","TheCursedMod:ManaBullet","TheCursedMod:SpitefulPlan+1","TheCursedMod:SpitefulPray+1"],"relics":["TheCursedMod:BlackMagic101","aspiration:TomeofQuesting","vexMod:Dragonfruit","aspiration:Lifesprig","hubris:BottledHeart","HandDrill","Dota2Spire:UrnOfShadows"],"potions_floor_usage":[7,20],"damage_taken":[{"damage":0,"enemies":"Small Slimes","floor":1,"turns":3},{"damage":4,"enemies":"Cultist","floor":2,"turns":4},{"damage":2,"enemies":"2 Louse","floor":3,"turns":3},{"damage":4,"enemies":"2 Fungi Beasts","floor":4,"turns":4},{"damage":4,"enemies":"Gremlin Nob","floor":7,"turns":5},{"damage":12,"enemies":"Lagavulin","floor":11,"turns":6},{"damage":0,"enemies":"Red Slaver","floor":12,"turns":2},{"damage":2,"enemies":"Exordium Wildlife","floor":14,"turns":2},{"damage":33,"enemies":"Hexaghost","floor":16,"turns":7},{"damage":0,"enemies":"3 Byrds","floor":18,"turns":2},{"damage":0,"enemies":"Shell Parasite","floor":20,"turns":3},{"damage":0,"enemies":"conspire:HollyBat","floor":22,"turns":5},{"damage":2,"enemies":"Nightmare","floor":24,"turns":4}],"seed_played":"6383736522058075778","potions_obtained":[{"floor":2,"key":"blueLaboratory:FrostheartPotion"},{"floor":4,"key":"blueLaboratory:BottleOfRum"},{"floor":12,"key":"blueLaboratory:PhilterOfMotion"},{"floor":14,"key":"LiquidMemories"},{"floor":20,"key":"blueLaboratory:PhilterOfMotion"}],"is_trial":false,"path_per_floor":["M","M","M","M","?","R","E","R","T","R","E","M","?","M","R","B",null,"M","?","M","$","M","R","NM"],"character_chosen":"THE_CURSED","items_purchased":["HandDrill","Dota2Spire:UrnOfShadows","TheCursedMod:SpitefulPlan"],"campfire_rested":0,"item_purchase_floors":[21,21,21],"current_hp_per_floor":[75,71,69,70,70,70,71,71,76,76,67,74,66,71,71,45,80,80,1,1,1,1,1,0,0],"gold":484,"neow_bonus":"HUNDRED_GOLD","is_prod":false,"is_daily":false,"chose_seed":false,"campfire_upgraded":5,"win_rate":0.0,"timestamp":1607478519,"path_taken":["M","M","M","M","?","R","E","R","T","R","E","M","?","?","R","BOSS","M","?","M","$","M","R","NM"],"build_version":"2020-11-30","purchased_purges":1,"victory":false,"max_hp_per_floor":[75,75,75,75,75,75,75,75,80,80,80,80,80,80,80,80,80,80,1,1,1,1,1,1,1],"card_choices":[{"not_picked":["TheCursedMod:TacticalStrike","TheCursedMod:AshesToAshes"],"picked":"TheCursedMod:CircleOfCorruption","floor":1},{"not_picked":["TheCursedMod:FuryStrike","TheCursedMod:BlessingInDisguise"],"picked":"TheCursedMod:FleshFromBone","floor":2},{"not_picked":["TheCursedMod:CursedMace","TheCursedMod:SpitefulPlan"],"picked":"TheCursedMod:SoulReap","floor":3},{"not_picked":["TheCursedMod:CursedShiv","TheCursedMod:CursedMace"],"picked":"TheCursedMod:CursedAmulet","floor":4},{"not_picked":["TheCursedMod:DemonicPact","TheCursedMod:CursedShiv"],"picked":"TheCursedMod:CircleOfCorruption","floor":7},{"not_picked":["TheCursedMod:Obscuration","TheCursedMod:CursedStaff"],"picked":"TheCursedMod:DemonSword","floor":11},{"not_picked":["TheCursedMod:Hemoplague","TheCursedMod:SurpriseAttack"],"picked":"TheCursedMod:HellfireBreathing","floor":12},{"not_picked":["TheCursedMod:HellsGateOpen","TheCursedMod:FleshFromBone"],"picked":"TheCursedMod:CursedSpellbook","floor":14},{"not_picked":["TheCursedMod:Neurasthenia","TheCursedMod:CollectTribute"],"picked":"TheCursedMod:VoidForm","floor":16},{"not_picked":["TheCursedMod:CircleOfWindfury","TheCursedMod:RavingStaff+1","TheCursedMod:PrepareRite"],"picked":"SKIP","floor":18},{"not_picked":["TheCursedMod:CursedBoomerang","TheCursedMod:Evocation+1"],"picked":"TheCursedMod:ManaBullet","floor":20},{"not_picked":["TheCursedMod:TroublousMinions+1","TheCursedMod:BloodBarrier"],"picked":"TheCursedMod:SpitefulPray+1","floor":22}],"player_experience":565112,"relics_obtained":[{"floor":7,"key":"aspiration:TomeofQuesting"},{"floor":9,"key":"vexMod:Dragonfruit"},{"floor":11,"key":"aspiration:Lifesprig"}],"event_choices":[{"damage_healed":0,"gold_gain":0,"player_choice":"Grow","damage_taken":0,"max_hp_gain":0,"max_hp_loss":0,"event_name":"Living Wall","floor":5,"gold_loss":0,"cards_upgraded":["TheCursedMod:CircleOfCorruption"]},{"damage_healed":0,"gold_gain":75,"player_choice":"Touch","damage_taken":8,"max_hp_gain":0,"max_hp_loss":0,"event_name":"FaceTrader","floor":13,"gold_loss":0}],"is_beta":false,"boss_relics":[{"not_picked":["halation:PlatinumPhoenix","energizedSpire:OgreHead","halation:Yufonium"]}],"items_purged_floors":[21],"is_endless":false,"potions_floor_spawned":[2,4,12,14,20],"killed_by":"Nightmare","ascension_level":0}}