{"host":"2461dio7vetlq1z3","time":1607508999,"event":{"gold_per_floor":[119,119,135,135,145,156,8,41,41,61,85,102,102,136,136,161,161,263,263,280,24,39,51,62,62,97,97,145,174,99,3,3,3],"floor_reached":30,"playtime":2166,"items_purged":["Strike_P","Strike_P"],"score":402,"play_id":"9b342789-202d-4c4e-b8f7-1145ff6cbe4b","local_time":"20201209111639","is_ascension_mode":true,"campfire_choices":[{"data":"TalkToTheHand","floor":7,"key":"SMITH"},{"data":"LikeWater","floor":15,"key":"SMITH"},{"data":"ForeignInfluence","floor":23,"key":"SMITH"},{"data":"Ragnarok","floor":25,"key":"SMITH"}],"neow_cost":"","seed_source_timestamp":347704326433700,"circlet_count":0,"master_deck":["Strike_P","Defend_P","Defend_P","Defend_P","Defend_P","Eruption","Vigilance","CrumblingArmor","SignatureMove+1","Wellcheers","Adaptation","FlurryOfBlows","Prostrate","TalkToTheHand+1","Protect","WreathOfFlame","Bloodbath","ClearTheMind","Ragnarok+1","OSAHOGD","LikeWater+1","MeltingLove","DevaForm","ForeignInfluence+1","Evaluate","UniverseFragment","LikeWater","WallGazer","Sanctity+1","MHz","Sanctity"],"special_seed":0,"relics":["PureWater","CogitoBucket","LetterFromLob","Potion Belt","TreeSap","Bag of Marbles","MealTicket","Anchor","Coffee Dripper","LuminousBracelet","Centennial Puzzle","Bird Faced Urn","Damaru","Sundial"],"potions_floor_usage":[8,18,18,18,21,24,27,30],"damage_taken":[{"damage":0.0,"enemies":"Cultist","floor":1.0,"turns":2.0},{"damage":0,"enemies":"2 Louse","floor":1,"turns":1},{"damage":0,"enemies":"Jaw Worm","floor":3,"turns":1},{"damage":12,"enemies":"Small Slimes","floor":4,"turns":5},{"damage":34,"enemies":"3 Sentries","floor":6,"turns":13},{"damage":4,"enemies":"Exordium Wildlife","floor":8,"turns":4},{"damage":26,"enemies":"Looter","floor":10,"turns":5},{"damage":5,"enemies":"Lagavulin","floor":12,"turns":5},{"damage":19,"enemies":"3 Sentries","floor":14,"turns":11},{"damage":0,"enemies":"Slime Boss","floor":16,"turns":2},{"damage":51,"enemies":"Shell Parasite","floor":18,"turns":7},{"damage":2,"enemies":"3 Byrds","floor":20,"turns":2},{"damage":10,"enemies":"Centurion and Healer","floor":21,"turns":6},{"damage":18,"enemies":"Snake Plant","floor":22,"turns":8},{"damage":13,"enemies":"Book of Stabbing","floor":24,"turns":8},{"damage":11,"enemies":"Gremlin Leader","floor":27,"turns":8},{"damage":55,"enemies":"Snecko","floor":30,"turns":3}],"seed_played":"6661993392941464533","potions_obtained":[{"floor":1.0,"key":"FearPotion"},{"floor":1,"key":"Weak Potion"},{"floor":4,"key":"GamblersBrew"},{"floor":6,"key":"Weak Potion"},{"floor":10,"key":"Dexterity Potion"},{"floor":14,"key":"SneckoOil"},{"floor":18,"key":"Fire Potion"},{"floor":27,"key":"StancePotion"}],"is_trial":false,"path_per_floor":["M","?","?","M","?","M","M","$","E","R","M","T","M","?","E","M","E","R","B",null,"M","$","M","M","M","R","E","R","T","E","?","$","M"],"character_chosen":"WATCHER","items_purchased":["TalkToTheHand","Centennial Puzzle","Ambrosia"],"campfire_rested":0,"item_purchase_floors":[5,19,29],"current_hp_per_floor":[72,77,77,77,77,65,65,31,31,27,27,1,1,38,38,20,20,21,62,28,43,42,39,30,30,28,28,28,29,29,44,0,0],"gold":3,"neow_bonus":"","is_prod":false,"is_daily":false,"chose_seed":false,"campfire_upgraded":4,"win_rate":0,"timestamp":1607508999,"path_taken":["M","?","?","M","?","?","M","$","E","R","M","T","M","?","E","?","E","R","BOSS","M","$","M","M","M","R","E","R","T","E","?","$","M"],"build_version":"2020-11-30","purchased_purges":2,"victory":false,"max_hp_per_floor":[72,77,77,77,77,77,77,77,77,77,77,77,77,62,62,62,62,62,62,77,77,77,77,77,77,77,77,77,67,67,67,67,67],"relic_stats":{"Centennial Puzzle":[18],"counters":[20,94],"Sundial":[0],"Bird Faced Urn":[12],"MealTicket":30,"obtain_stats":[{"Potion Belt":6,"LuminousBracelet":18,"Damaru":26,"CogitoBucket":0,"Anchor":14,"Centennial Puzzle":19,"Sundial":27,"TreeSap":8,"Bird Faced Urn":24,"MealTicket":12,"LetterFromLob":1,"Bag of Marbles":9,"Coffee Dripper":17,"PureWater":0},{"Potion Belt":5,"LuminousBracelet":13,"Damaru":17,"CogitoBucket":0,"Anchor":10,"Centennial Puzzle":13,"Sundial":18,"TreeSap":7,"Bird Faced Urn":17,"MealTicket":9,"LetterFromLob":1,"Bag of Marbles":7,"Coffee Dripper":11,"PureWater":0},{"Potion Belt":22,"LuminousBracelet":58,"Damaru":82,"CogitoBucket":0,"Anchor":48,"Centennial Puzzle":58,"Sundial":90,"TreeSap":27,"Bird Faced Urn":82,"MealTicket":37,"LetterFromLob":2,"Bag of Marbles":27,"Coffee Dripper":50,"PureWater":0}]},"card_choices":[{"not_picked":["SingingMachine","OSAHOGD"],"picked":"CrumblingArmor","floor":1.0},{"not_picked":["EmptyMind","BowlingBash"],"picked":"SignatureMove","floor":1.0},{"not_picked":["MHz","MeatLantern"],"picked":"Wellcheers","floor":1},{"not_picked":["FlurryOfBlows","SandsOfTime"],"picked":"Adaptation","floor":1},{"not_picked":["FairyFestival","LittlePrince"],"picked":"OldLady","floor":3},{"not_picked":["SashWhip","ThirdEye"],"picked":"FlurryOfBlows","floor":3},{"not_picked":["SignatureMove","Conclude"],"picked":"Prostrate","floor":4},{"not_picked":["EmptyFist","FollowUp"],"picked":"Protect","floor":6},{"not_picked":["ThirdEye","Vengeance"],"picked":"WreathOfFlame","floor":8},{"not_picked":["FieryBird","Scorched"],"picked":"Bloodbath","floor":10},{"not_picked":["WheelKick","CutThroughFate"],"picked":"ClearTheMind","floor":10},{"not_picked":["WreathOfFlame","CrushJoints","BowlingBash"],"picked":"SKIP","floor":12},{"not_picked":["MeatLantern","FairyFestival"],"picked":"OSAHOGD","floor":14},{"not_picked":["Halt","JustLucky"],"picked":"LikeWater","floor":14},{"not_picked":["Mercenary","Yin"],"picked":"MeltingLove","floor":16},{"not_picked":["Judgement","Scrawl"],"picked":"DevaForm","floor":16},{"not_picked":["Evaluate","Consecrate"],"picked":"ForeignInfluence","floor":18},{"not_picked":["FlyingSleeves","Prostrate"],"picked":"Evaluate","floor":20},{"not_picked":["Laetitia","BlackSwan"],"picked":"UniverseFragment","floor":21},{"not_picked":["Swivel+1","Collect","EmptyMind"],"picked":"SKIP","floor":21},{"not_picked":["Swivel+1","Collect","EmptyMind"],"picked":"SKIP","floor":21},{"not_picked":["SandsOfTime","Halt+1"],"picked":"LikeWater","floor":22},{"not_picked":["DreamingCurrent","CherryBlossoms"],"picked":"WallGazer","floor":24},{"not_picked":["Conclude","FlyingSleeves"],"picked":"Sanctity+1","floor":24},{"not_picked":["HappyTeddy","BeautyBeast"],"picked":"MHz","floor":27},{"not_picked":["SignatureMove","PathToVictory"],"picked":"Sanctity","floor":27}],"player_experience":582581,"relics_obtained":[{"floor":1.0,"key":"LetterFromLob"},{"floor":1,"key":"LetterFromLob"},{"floor":6,"key":"Potion Belt"},{"floor":9,"key":"Bag of Marbles"},{"floor":12,"key":"MealTicket"},{"floor":14,"key":"Anchor"},{"floor":24,"key":"Bird Faced Urn"},{"floor":26,"key":"Damaru"},{"floor":27,"key":"Sundial"}],"event_choices":[{"damage_healed":0.0,"max_hp_gain":5.0,"max_hp_loss":0.0,"gold_gain":0.0,"event_name":"Big Fish","player_choice":"Donut","floor":2.0,"gold_loss":0.0,"damage_taken":0.0},{"damage_healed":0,"gold_gain":0,"player_choice":"Forge","damage_taken":0,"max_hp_gain":0,"max_hp_loss":0,"event_name":"Accursed Blacksmith","floor":2,"gold_loss":0,"cards_upgraded":["SignatureMove"]},{"damage_healed":0,"gold_gain":0,"player_choice":"1 cards matched","damage_taken":0,"max_hp_gain":0,"max_hp_loss":0,"event_name":"Match and Keep!","floor":11,"gold_loss":0,"cards_obtained":["Ragnarok"]},{"cards_removed":["Strike_P"],"damage_healed":0,"gold_gain":0,"player_choice":"Gave Gold","damage_taken":0,"max_hp_gain":0,"max_hp_loss":0,"event_name":"Beggar","floor":28,"gold_loss":75}],"is_beta":false,"boss_relics":[{"not_picked":["SacredBark","Cursed Key"],"picked":"Coffee Dripper"}],"items_purged_floors":[5,19],"is_endless":false,"potions_floor_spawned":[1,1,4,6,10,14,18,27],"killed_by":"Snecko","ascension_level":2}}