{"host":"ixl9a8gzl87gveif","time":1607472541,"event":{"gold_per_floor":[113,137,155,155,0,32,32,32,32,46,57,67,86,86,86],"floor_reached":14,"playtime":279,"items_purged":[],"score":184,"play_id":"f4919918-1b88-4c4f-aae9-a3227d2c6f7c","local_time":"20201209000901","is_ascension_mode":true,"campfire_choices":[{"floor":8,"key":"REST"}],"neow_cost":"NONE","seed_source_timestamp":286156844516100,"circlet_count":0,"master_deck":["AscendersBane","Strike_B","Strike_B","Strike_B","Strike_B","Defend_B","Defend_B","Defend_B","Defend_B","Zap","Dualcast","Core Surge","Undo","Biased Cognition","FTL","Rip and Tear","Creative AI","Defragment","Ball Lightning","Coolheaded"],"relics":["Cracked Core","Dream Catcher","TungstenRod","Question Card"],"potions_floor_usage":[],"damage_taken":[{"damage":1,"enemies":"Cultist","floor":1,"turns":3},{"damage":4,"enemies":"Small Slimes","floor":3,"turns":3},{"damage":44,"enemies":"Gremlin Nob","floor":6,"turns":4},{"damage":0,"enemies":"2 Louse","floor":10,"turns":2},{"damage":8,"enemies":"Exordium Wildlife","floor":11,"turns":7},{"damage":8,"enemies":"Red Slaver","floor":12,"turns":3},{"damage":12,"enemies":"Blue Slaver","floor":13,"turns":2},{"damage":8,"enemies":"Exordium Wildlife","floor":14,"turns":1}],"seed_played":"4348364763946593414","potions_obtained":[{"floor":3,"key":"BlessingOfTheForge"},{"floor":10,"key":"LiquidBronze"}],"is_trial":false,"path_per_floor":["M","T","M","?","$","E","?","R","T","M","M","M","M","M"],"character_chosen":"DEFECT","items_purchased":["Biased Cognition","FTL"],"campfire_rested":1,"item_purchase_floors":[5,5],"current_hp_per_floor":[63,63,59,59,59,15,15,36,36,36,28,20,8,0,0],"gold":86,"neow_bonus":"ONE_RANDOM_RARE_CARD","is_prod":false,"is_daily":false,"chose_seed":false,"campfire_upgraded":0,"win_rate":0,"timestamp":1607472541,"path_taken":["M","?","M","?","$","E","?","R","T","M","M","?","M","M"],"build_version":"2020-11-30","purchased_purges":0,"victory":false,"max_hp_per_floor":[71,71,71,71,71,71,71,71,71,71,71,71,71,71,71],"relic_stats":{"Dream Catcher":1,"counters":[8,25],"Question Card":4,"obtain_stats":[{"Dream Catcher":2,"Cracked Core":0,"Question Card":9,"TungstenRod":6},{"Dream Catcher":1,"Cracked Core":0,"Question Card":3,"TungstenRod":3},{"Dream Catcher":3,"Cracked Core":0,"Question Card":10,"TungstenRod":10}],"TungstenRod":8},"card_choices":[{"not_picked":["Redo","Go for the Eyes"],"picked":"Undo","floor":1},{"not_picked":["Blizzard","Redo","Stack"],"picked":"SKIP","floor":3},{"not_picked":["Sunder","Loop"],"picked":"Rip and Tear","floor":6},{"not_picked":["Leap","Sunder"],"picked":"Creative AI","floor":8},{"not_picked":["Hologram","Capacitor","Ball Lightning"],"picked":"Defragment","floor":10},{"not_picked":["Beam Cell","Fusion","FTL","Blizzard"],"picked":"SKIP","floor":11},{"not_picked":["Consume","Conserve Battery","Barrage"],"picked":"Ball Lightning","floor":12},{"not_picked":["Conserve Battery","Lockon","Stack"],"picked":"Coolheaded","floor":13}],"player_experience":336261,"relics_obtained":[{"floor":2,"key":"Dream Catcher"},{"floor":6,"key":"TungstenRod"},{"floor":9,"key":"Question Card"}],"event_choices":[{"damage_healed":0,"gold_gain":0,"player_choice":"Leave","damage_taken":0,"max_hp_gain":0,"max_hp_loss":0,"event_name":"The Cleric","floor":4,"gold_loss":0},{"damage_healed":0,"gold_gain":0,"player_choice":"Ignored","damage_taken":0,"max_hp_gain":0,"max_hp_loss":0,"event_name":"Shining Light","floor":7,"gold_loss":0}],"is_beta":false,"boss_relics":[],"items_purged_floors":[],"is_endless":false,"potions_floor_spawned":[3,10,11],"killed_by":"Exordium Wildlife","ascension_level":20}}