{"host":"0noypz73zo70wzdx","time":1607519264,"event":{"gold_per_floor":[110,110,120,137,150,178,178,178,248,264,284,300,300,300,300,401,401,419,18,18,18,18,54,89,136,136,185,185,242,242,268,268,292,292],"floor_reached":33,"playtime":1405,"items_purged":[],"score":289,"play_id":"93639422-48d5-4e9f-ba64-c92331e25c34","local_time":"20201209220744","is_ascension_mode":false,"campfire_choices":[{"data":"hierophant:ChurchCoffers","floor":7,"key":"SMITH"},{"floor":13,"key":"REST"},{"data":"hierophant:ThreeLashes","floor":15,"key":"SMITH"},{"floor":28,"key":"REST"},{"floor":32,"key":"REST"}],"neow_cost":"NONE","seed_source_timestamp":23712499180300,"circlet_count":0,"master_deck":["hierophant:Strike_Hierophant","hierophant:Strike_Hierophant","hierophant:Strike_Hierophant","hierophant:Strike_Hierophant","hierophant:Punish","hierophant:Defend_Hierophant","hierophant:Defend_Hierophant","hierophant:Defend_Hierophant","hierophant:ChurchCoffers+1","hierophant:RepressedViolence","hierophant:ThreeLashes+1","hierophant:FlamingChariot","hierophant:LocustPlague","hierophant:Encroach","hierophant:RepressedViolence"],"relics":["hierophant:PropheticMaskRelic","Ice Cream","Onion Ring","Kunai","SacredBark","Runesmith:Nanobots","Replay:Bandana","Nloth\u0027s Gift","Strawberry","Replay:Bottled Flurry","hierophant:DonationBoxRelic"],"potions_floor_usage":[16,16,18,27,33],"damage_taken":[{"damage":0,"enemies":"2 Louse","floor":1,"turns":3},{"damage":1,"enemies":"Cultist","floor":3,"turns":4},{"damage":1,"enemies":"Jaw Worm","floor":4,"turns":3},{"damage":12,"enemies":"Large Slime","floor":5,"turns":5},{"damage":29,"enemies":"3 Sentries","floor":6,"turns":7},{"damage":13,"enemies":"Exordium Thugs","floor":10,"turns":3},{"damage":1,"enemies":"Red Slaver","floor":11,"turns":2},{"damage":0,"enemies":"Gremlin Gang","floor":12,"turns":2},{"damage":13,"enemies":"Hexaghost","floor":16,"turns":9},{"damage":10,"enemies":"Chosen","floor":18,"turns":5},{"damage":13,"enemies":"3 Byrds","floor":23,"turns":3},{"damage":15,"enemies":"Snake Plant","floor":24,"turns":3},{"damage":5,"enemies":"Replay:Snechameleon","floor":25,"turns":4},{"damage":1,"enemies":"Cultist and Chosen","floor":27,"turns":3},{"damage":21,"enemies":"Gremlin Leader","floor":29,"turns":6},{"damage":7,"enemies":"Centurion and Healer","floor":31,"turns":4},{"damage":68,"enemies":"Champ","floor":33,"turns":9}],"seed_played":"-4677681049980267479","potions_obtained":[{"floor":6,"key":"Cursed Concoction"},{"floor":11,"key":"BlessingOfTheForge"},{"floor":12,"key":"EssenceOfSteel"},{"floor":23,"key":"Fire Potion"},{"floor":27,"key":"Ancient Potion"},{"floor":31,"key":"DuplicationPotion"}],"is_trial":false,"path_per_floor":["M","?","M","M","M","E","R","?","T","M","M","M","R","T","R","B",null,"M","$","?","$","$","M","M","E","T","M","R","E","?","M","R","B"],"character_chosen":"HIEROPHANT","items_purchased":["Runesmith:Nanobots","Replay:Bandana"],"campfire_rested":3,"item_purchase_floors":[19,19],"current_hp_per_floor":[75,75,74,73,61,32,32,32,32,19,18,18,40,40,40,27,75,65,65,65,65,65,52,37,39,39,38,62,41,41,34,58,0,0],"gold":292,"neow_bonus":"RANDOM_COMMON_RELIC","is_prod":false,"is_daily":false,"chose_seed":false,"campfire_upgraded":2,"win_rate":0.0,"timestamp":1607519264,"path_taken":["M","?","M","?","M","E","R","?","T","M","M","?","R","?","R","BOSS","M","$","?","?","$","?","?","E","T","?","R","E","?","M","R","BOSS"],"build_version":"2020-11-30","purchased_purges":0,"victory":false,"max_hp_per_floor":[75,75,75,75,75,75,75,75,75,75,75,75,75,75,75,75,75,75,75,75,75,75,75,75,82,82,82,82,82,82,82,82,82,82],"card_choices":[{"not_picked":["hierophant:Sermon","hierophant:Remorse"],"picked":"hierophant:RepressedViolence","floor":1},{"not_picked":["hierophant:RustyCrate","hierophant:FieryStrike"],"picked":"hierophant:ThreeLashes","floor":3},{"not_picked":["hierophant:Prophecy","hierophant:PassingBell"],"picked":"hierophant:FlamingChariot","floor":4},{"not_picked":["hierophant:FlamingChariot","hierophant:Purify","hierophant:Sermon"],"picked":"SKIP","floor":5},{"not_picked":["hierophant:Determination","hierophant:Shelter","hierophant:SecretStash"],"picked":"SKIP","floor":6},{"not_picked":["hierophant:CursedGold","hierophant:Exaltation"],"picked":"hierophant:Encroach","floor":10},{"not_picked":["hierophant:TollTheBells","hierophant:Racketeering","hierophant:Endure"],"picked":"SKIP","floor":11},{"not_picked":["hierophant:Embezzle","hierophant:FaithHealing"],"picked":"hierophant:RepressedViolence","floor":12},{"not_picked":["hierophant:DisplayOfPower","hierophant:HolyVerse+1","hierophant:RustyCrate"],"picked":"SKIP","floor":18},{"not_picked":["hierophant:RepressedViolence","hierophant:RecallFunds","hierophant:Remorse+1"],"picked":"SKIP","floor":23},{"not_picked":["hierophant:Empathy","hierophant:Encroach","hierophant:Upheaval+1"],"picked":"SKIP","floor":24},{"not_picked":["hierophant:OrnateJavelin","hierophant:Encroach","hierophant:Zeal"],"picked":"SKIP","floor":25},{"not_picked":["hierophant:Shelter","hierophant:Mercenaries+1","hierophant:AuricShield+1"],"picked":"SKIP","floor":27},{"not_picked":["hierophant:CoinFling","hierophant:SolarFlare+1","hierophant:BulkyChest"],"picked":"SKIP","floor":29},{"not_picked":["hierophant:Remorse","hierophant:Shelter","hierophant:Racketeering"],"picked":"SKIP","floor":31}],"player_experience":212727,"relics_obtained":[{"floor":6,"key":"Ice Cream"},{"floor":9,"key":"Onion Ring"},{"floor":14,"key":"Kunai"},{"floor":25,"key":"Strawberry"},{"floor":26,"key":"Replay:Bottled Flurry"},{"floor":29,"key":"hierophant:DonationBoxRelic"}],"event_choices":[{"damage_healed":0,"gold_gain":0,"player_choice":"Bought 0 Potions","damage_taken":0,"max_hp_gain":0,"max_hp_loss":0,"event_name":"The Woman in Blue","floor":2,"gold_loss":0},{"damage_healed":0,"gold_gain":0,"cards_transformed":["hierophant:Defend_Hierophant"],"player_choice":"Transformed","damage_taken":0,"max_hp_gain":0,"max_hp_loss":0,"event_name":"Transmorgrifier","floor":8,"gold_loss":0,"cards_obtained":["hierophant:LocustPlague"]},{"damage_healed":0,"gold_gain":0,"player_choice":"Traded Relic","damage_taken":0,"relics_obtained":["Nloth\u0027s Gift"],"max_hp_gain":0,"max_hp_loss":0,"event_name":"N\u0027loth","floor":20,"relics_lost":["Replay:Rubber Ducky"],"gold_loss":0},{"damage_healed":0,"gold_gain":0,"player_choice":"Ignored","damage_taken":0,"max_hp_gain":0,"max_hp_loss":0,"event_name":"Ghosts","floor":30,"gold_loss":0}],"is_beta":false,"boss_relics":[{"not_picked":["Empty Cage","Coffee Dripper"],"picked":"SacredBark"}],"items_purged_floors":[],"is_endless":false,"potions_floor_spawned":[6,11,12,23,27,31],"killed_by":"Champ","ascension_level":0}}