{"host":"0vd2boh2oi7jm085","time":1607508619,"event":{"gold_per_floor":[219,229,229,93,107,107,138,138,161,161,196,215,52,52,52,126,126,137,156,156,9,9,9,22,51,101,101,119,169,188,215,215,290,290,304,314,332,78,90,90,6,6,6,6,20,20,20,34,34,34,34],"floor_reached":50,"playtime":1852,"items_purged":["Shockwave"],"score":858,"play_id":"e7cd0c7a-9c39-4e02-8600-12c9b6af2a74","local_time":"20201209021019","is_ascension_mode":true,"campfire_choices":[{"data":"Inflame","floor":6.0,"key":"SMITH"},{"floor":8.0,"key":"REST"},{"floor":15.0,"key":"REST"},{"floor":23.0,"key":"REST"},{"floor":27.0,"key":"REST"},{"floor":32.0,"key":"REST"},{"floor":40.0,"key":"REST"},{"floor":42.0,"key":"REST"},{"data":"Seeing Red","floor":44.0,"key":"SMITH"},{"data":"Limit Break","floor":47.0,"key":"SMITH"},{"data":"Demon Form","floor":49.0,"key":"SMITH"}],"neow_cost":"NONE","seed_source_timestamp":17398529423299,"circlet_count":0,"master_deck":["AscendersBane","Strike_R+1","Strike_R+1","Strike_R+1","Strike_R+1","Strike_R+1","Defend_R+1","Defend_R+1","Defend_R+1","Defend_R+1","Bash","Reaper","Trip+1","Cleave","Inflame+1","Bludgeon","Demon Form+1","Heavy Blade","Seeing Red+1","Blind+1","Limit Break+1","Clothesline+1","Anger+1","Dropkick+1","Shrug It Off+1","Carnage+1","Carnage+1","Thunderclap+1","Heavy Blade+1","Twin Strike+1","Dramatic Entrance+1","Parasite"],"special_seed":0,"relics":["Burning Blood","Orichalcum","Blood Vial","Ancient Tea Set","Runic Pyramid","Darkstone Periapt","Strange Spoon","Molten Egg 2","War Paint","Kunai","Mark of Pain","Pen Nib","Question Card"],"potions_floor_usage":[50,50],"damage_taken":[{"damage":16.0,"enemies":"Cultist","floor":1.0,"turns":4.0},{"damage":9.0,"enemies":"Small Slimes","floor":2.0,"turns":4.0},{"damage":1.0,"enemies":"2 Louse","floor":5.0,"turns":3.0},{"damage":57.0,"enemies":"Lagavulin","floor":7.0,"turns":7.0},{"damage":20.0,"enemies":"Gremlin Nob","floor":11.0,"turns":4.0},{"damage":5.0,"enemies":"Exordium Thugs","floor":12.0,"turns":2.0},{"damage":26.0,"enemies":"Slime Boss","floor":16.0,"turns":10.0},{"damage":21.0,"enemies":"2 Thieves","floor":18.0,"turns":4.0},{"damage":34.0,"enemies":"Spheric Guardian","floor":19.0,"turns":6.0},{"damage":51.0,"enemies":"3 Cultists","floor":24.0,"turns":7.0},{"damage":69.0,"enemies":"Gremlin Leader","floor":25.0,"turns":6.0},{"damage":3.0,"enemies":"Centurion and Healer","floor":28.0,"turns":5.0},{"damage":12.0,"enemies":"Snake Plant","floor":30.0,"turns":5.0},{"damage":56.0,"enemies":"Slavers","floor":31.0,"turns":7.0},{"damage":60.0,"enemies":"Champ","floor":33.0,"turns":9.0},{"damage":35.0,"enemies":"3 Shapes","floor":35.0,"turns":4.0},{"damage":10.0,"enemies":"3 Darklings","floor":36.0,"turns":5.0},{"damage":74.0,"enemies":"Sphere and 2 Shapes","floor":37.0,"turns":5.0},{"damage":20.0,"enemies":"Transient","floor":39.0,"turns":5.0},{"damage":22.0,"enemies":"Writhing Mass","floor":45.0,"turns":5.0},{"damage":15.0,"enemies":"Maw","floor":48.0,"turns":6.0},{"damage":78,"enemies":"Donu and Deca","floor":50,"turns":5}],"seed_played":"-4615057046319224981","potions_obtained":[{"floor":1.0,"key":"Dexterity Potion"},{"floor":16.0,"key":"FairyPotion"},{"floor":19.0,"key":"Swift Potion"},{"floor":30.0,"key":"EssenceOfSteel"},{"floor":31.0,"key":"AttackPotion"},{"floor":45.0,"key":"BloodPotion"},{"floor":48.0,"key":"BlessingOfTheForge"}],"is_trial":false,"path_per_floor":["M","M","?","$","M","R","E","R","T","?","E","M","$","?","R","B",null,"M","M","T","$","?","R","M","E","T","R","M","?","M","E","R","B",null,"M","M","M","$","M","R","$","R","T","R","M","?","R","M","R","B"],"character_chosen":"IRONCLAD","items_purchased":["Trip","Cleave","Seeing Red","Blind","Strange Spoon","Pen Nib","Heavy Blade+1","Dramatic Entrance+1"],"campfire_rested":7,"item_purchase_floors":[4,4,13,13,21,38,38,41],"current_hp_per_floor":[58,55,55,55,60,60,19,41,41,41,29,32,32,28,50,48,68,60,34,34,34,34,56,52,28,28,50,75,75,75,37,59,17,61,52,75,23,23,32,54,54,75,75,75,71,71,71,68,68,7,7],"gold":34,"neow_bonus":"HUNDRED_GOLD","is_prod":false,"is_daily":false,"chose_seed":false,"campfire_upgraded":4,"win_rate":0,"timestamp":1607508619,"path_taken":["M","?","?","?","M","R","E","R","T","?","E","?","$","?","R","BOSS","M","M","?","$","?","R","M","E","T","R","M","?","M","E","R","BOSS","M","?","M","$","M","R","$","R","T","R","M","?","R","M","R","BOSS"],"build_version":"2020-11-30","purchased_purges":1,"victory":false,"max_hp_per_floor":[75,75,75,75,75,75,75,75,75,75,75,75,75,75,75,75,75,75,75,75,75,75,75,75,75,75,75,75,75,75,75,75,75,75,75,75,75,75,75,75,75,75,75,75,81,77,77,77,77,77,77],"card_choices":[{"not_picked":["Clash","Blood for Blood"],"picked":"Shockwave","floor":1.0},{"not_picked":["Havoc","Headbutt","Rupture"],"picked":"SKIP","floor":2.0},{"not_picked":["Sentinel","Twin Strike"],"picked":"Inflame","floor":5.0},{"not_picked":["Sever Soul","Clothesline"],"picked":"Bludgeon","floor":7.0},{"not_picked":["Headbutt","Battle Trance"],"picked":"Demon Form","floor":11.0},{"not_picked":["Thunderclap","True Grit"],"picked":"Heavy Blade","floor":12.0},{"not_picked":["Juggernaut","Feed"],"picked":"Limit Break","floor":16.0},{"not_picked":["Armaments","Havoc","Clothesline"],"picked":"SKIP","floor":18.0},{"not_picked":["Reckless Charge","Disarm"],"picked":"Clothesline+1","floor":19.0},{"not_picked":["Blood for Blood","Thunderclap"],"picked":"Anger+1","floor":24.0},{"not_picked":["Dual Wield","Perfected Strike+1"],"picked":"Dropkick+1","floor":25.0},{"not_picked":["Dropkick+1","Warcry"],"picked":"Shrug It Off+1","floor":28.0},{"not_picked":["Intimidate+1","Shockwave","Warcry+1"],"picked":"SKIP","floor":30.0},{"not_picked":["Combust","Flame Barrier"],"picked":"Carnage+1","floor":31.0},{"not_picked":["True Grit","Pommel Strike+1"],"picked":"Carnage+1","floor":35.0},{"not_picked":["Perfected Strike+1","Intimidate","Clash+1"],"picked":"SKIP","floor":36.0},{"not_picked":["Body Slam+1","Flex"],"picked":"Thunderclap+1","floor":37.0},{"not_picked":["Havoc+1","Impervious"],"picked":"Twin Strike+1","floor":39.0},{"not_picked":["Metallicize","Inflame","True Grit+1","Cleave+1"],"picked":"SKIP","floor":45.0},{"not_picked":["Searing Blow+1","Thunderclap+1","Warcry+1","Clash+1"],"picked":"SKIP","floor":48.0}],"player_experience":64965,"relics_obtained":[{"floor":7.0,"key":"Orichalcum"},{"floor":9.0,"key":"Blood Vial"},{"floor":11.0,"key":"Ancient Tea Set"},{"floor":20.0,"key":"Darkstone Periapt"},{"floor":25.0,"key":"Molten Egg 2"},{"floor":26.0,"key":"War Paint"},{"floor":31.0,"key":"Kunai"},{"floor":43.0,"key":"Question Card"}],"event_choices":[{"damage_healed":0.0,"max_hp_gain":0.0,"max_hp_loss":0.0,"gold_gain":0.0,"event_name":"Match and Keep!","player_choice":"1 cards matched","floor":3.0,"gold_loss":0.0,"damage_taken":0.0,"cards_obtained":["Reaper"]},{"damage_healed":0.0,"max_hp_gain":0.0,"max_hp_loss":0.0,"gold_gain":0.0,"event_name":"Shining Light","player_choice":"Ignored","floor":10.0,"gold_loss":0.0,"damage_taken":0.0},{"damage_healed":0.0,"max_hp_gain":0.0,"max_hp_loss":0.0,"gold_gain":0.0,"event_name":"The Woman in Blue","player_choice":"Bought 0 Potions","floor":14.0,"gold_loss":0.0,"damage_taken":0.0},{"damage_healed":0.0,"max_hp_gain":0.0,"max_hp_loss":0.0,"gold_gain":0.0,"event_name":"Back to Basics","player_choice":"Simplicity","floor":22.0,"gold_loss":0.0,"damage_taken":0.0,"cards_upgraded":["Strike_R","Strike_R","Strike_R","Strike_R","Strike_R","Defend_R","Defend_R","Defend_R","Defend_R"]},{"damage_healed":0.0,"max_hp_gain":0.0,"max_hp_loss":0.0,"gold_gain":100.0,"event_name":"The Joust","player_choice":"Bet on Murderer","floor":29.0,"gold_loss":50.0,"damage_taken":0.0},{"damage_healed":0.0,"max_hp_gain":0.0,"max_hp_loss":4.0,"gold_gain":0.0,"event_name":"Winding Halls","player_choice":"Max HP","floor":46.0,"gold_loss":0.0,"damage_taken":0.0}],"is_beta":false,"boss_relics":[{"not_picked":["Calling Bell","Fusion Hammer"],"picked":"Runic Pyramid"},{"not_picked":["Runic Dome","Astrolabe"],"picked":"Mark of Pain"}],"items_purged_floors":[38],"is_endless":false,"potions_floor_spawned":[1,16,19,30,31,45,48],"killed_by":"Donu and Deca","ascension_level":15}}