{"host":"k6w1k0xtzejbq5ja","time":1607557256,"event":{"gold_per_floor":[113,63,63,73,73,73,90,90,90,115,115,140,140,151,151,250,250,265,285,296,296,187,214,229,254,281,136,136,136,136,136,136,136,136],"floor_reached":33,"playtime":2626,"items_purged":[],"score":373,"play_id":"6b1c7ee8-345a-4dec-afb2-7b5524c46986","local_time":"20201209184056","is_ascension_mode":true,"campfire_choices":[{"data":"Skewer","floor":6.0,"key":"SMITH"},{"data":"All Out Attack","floor":8.0,"key":"SMITH"},{"data":"Noxious Fumes","floor":11.0,"key":"SMITH"},{"data":"Neutralize","floor":13.0,"key":"SMITH"},{"data":"Prepared","floor":15.0,"key":"SMITH"},{"data":"Deflect","floor":28,"key":"SMITH"},{"data":"Phantasmal Killer","floor":30,"key":"SMITH"},{"data":"Survivor","floor":32,"key":"SMITH"}],"neow_cost":"NONE","seed_source_timestamp":0,"circlet_count":0,"master_deck":["Survivor+1","Neutralize+1","Skewer+1","Quick Slash","Slice","Crippling Poison","Acrobatics","Die Die Die","Slice","Prepared+1","All Out Attack+1","Slice","Underhanded Strike","Noxious Fumes+1","Heel Hook","Reflex","Phantasmal Killer+1","Deflect+1","Choke+1","Bouncing Flask+1","Footwork","Bouncing Flask+1","Footwork"],"special_seed":0,"relics":["Pandora\u0027s Box","Paper Crane","Ninja Scroll","Gambling Chip","Coffee Dripper","Centennial Puzzle","Dream Catcher","Juzu Bracelet","ClockworkSouvenir","CultistMask"],"potions_floor_usage":[25,25,33],"damage_taken":[{"damage":0.0,"enemies":"Cultist","floor":1.0,"turns":2.0},{"damage":4.0,"enemies":"Jaw Worm","floor":4.0,"turns":2.0},{"damage":0.0,"enemies":"2 Louse","floor":7.0,"turns":1.0},{"damage":0.0,"enemies":"Gremlin Nob","floor":10.0,"turns":2.0},{"damage":4.0,"enemies":"Lagavulin","floor":12.0,"turns":5.0},{"damage":0.0,"enemies":"Lots of Slimes","floor":14.0,"turns":2.0},{"damage":19.0,"enemies":"Hexaghost","floor":16.0,"turns":6.0},{"damage":0.0,"enemies":"3 Byrds","floor":18.0,"turns":3.0},{"damage":0.0,"enemies":"Spheric Guardian","floor":19.0,"turns":2.0},{"damage":2.0,"enemies":"Chosen and Byrds","floor":20.0,"turns":2.0},{"damage":21.0,"enemies":"Book of Stabbing","floor":23.0,"turns":4.0},{"damage":20.0,"enemies":"Shelled Parasite and Fungi","floor":24.0,"turns":3.0},{"damage":6,"enemies":"Slavers","floor":25,"turns":2},{"damage":38,"enemies":"Champ","floor":33,"turns":6}],"seed_played":"6972528513899130847","potions_obtained":[{"floor":1.0,"key":"Fire Potion"},{"floor":14.0,"key":"Poison Potion"},{"floor":16.0,"key":"SpeedPotion"},{"floor":20.0,"key":"Block Potion"}],"is_trial":false,"path_per_floor":["M","?","?","M","?","R","M","R","T","E","R","E","R","M","R","B",null,"M","M","M","?","$","E","M","E","T","$","R","?","R","?","R","B"],"character_chosen":"THE_SILENT","items_purchased":["Choke","Footwork","ClockworkSouvenir"],"campfire_rested":0,"item_purchase_floors":[22,22,27],"current_hp_per_floor":[70,70,75,71,85,85,85,85,85,85,85,81,81,81,81,62,85,85,85,83,83,83,62,42,36,36,36,36,36,36,36,36,0,0],"gold":136,"neow_bonus":"BOSS_RELIC","is_prod":false,"is_daily":false,"chose_seed":false,"campfire_upgraded":8,"win_rate":0,"timestamp":1607557256,"path_taken":["M","?","?","M","?","R","M","R","T","E","R","E","R","M","R","BOSS","M","M","?","?","$","E","M","E","T","$","R","?","R","?","R","BOSS"],"build_version":"2020-11-30","purchased_purges":0,"victory":false,"max_hp_per_floor":[70,70,75,75,85,85,85,85,85,85,85,85,85,85,85,85,85,85,85,85,85,85,85,85,85,85,85,85,85,85,85,85,85,85],"relic_stats":{"Centennial Puzzle":[9],"Dream Catcher":0,"counters":[14,42],"Gambling Chip":[18],"Pandora\u0027s Box":["Skewer","Quick Slash","Slice","Crippling Poison","Acrobatics","Unload","Die Die Die","Slice","Masterful Stab","Prepared"],"Juzu Bracelet":1,"obtain_stats":[{"Centennial Puzzle":23,"Dream Catcher":25,"Ninja Scroll":10,"Gambling Chip":12,"Pandora\u0027s Box":0,"CultistMask":29,"Coffee Dripper":17,"Juzu Bracelet":26,"Paper Crane":9,"Ring of the Snake":0,"ClockworkSouvenir":27},{"Centennial Puzzle":11,"Dream Catcher":13,"Ninja Scroll":4,"Gambling Chip":5,"Pandora\u0027s Box":0,"CultistMask":13,"Coffee Dripper":7,"Juzu Bracelet":13,"Paper Crane":3,"Ring of the Snake":0,"ClockworkSouvenir":13},{"Centennial Puzzle":31,"Dream Catcher":36,"Ninja Scroll":7,"Gambling Chip":12,"Pandora\u0027s Box":0,"CultistMask":36,"Coffee Dripper":20,"Juzu Bracelet":36,"Paper Crane":5,"Ring of the Snake":0,"ClockworkSouvenir":36}]},"card_choices":[{"not_picked":["Bane","Prepared"],"picked":"All Out Attack","floor":1.0},{"not_picked":["Blade Dance","Endless Agony"],"picked":"Slice","floor":4.0},{"not_picked":["Deadly Poison","Outmaneuver"],"picked":"Underhanded Strike","floor":7.0},{"not_picked":["Dodge and Roll","Calculated Gamble"],"picked":"Noxious Fumes","floor":10.0},{"not_picked":["Deadly Poison","Blade Dance"],"picked":"Heel Hook","floor":12.0},{"not_picked":["Skewer","Eviscerate"],"picked":"Reflex","floor":14.0},{"not_picked":["Tools of the Trade","Unload"],"picked":"Phantasmal Killer","floor":16.0},{"not_picked":["Prepared+1","Dodge and Roll"],"picked":"Deflect","floor":18.0},{"not_picked":["Concentrate","Deflect"],"picked":"Choke+1","floor":19.0},{"not_picked":["PiercingWail+1","Leg Sweep+1"],"picked":"Bouncing Flask+1","floor":20.0},{"not_picked":["Dagger Spray","Escape Plan+1"],"picked":"Bouncing Flask+1","floor":23.0},{"not_picked":["PiercingWail+1","Burst"],"picked":"Footwork","floor":25}],"player_experience":352671,"relics_obtained":[{"floor":9.0,"key":"Paper Crane"},{"floor":10.0,"key":"Ninja Scroll"},{"floor":12.0,"key":"Gambling Chip"},{"floor":23.0,"key":"Centennial Puzzle"},{"floor":25,"key":"Dream Catcher"},{"floor":26,"key":"Juzu Bracelet"}],"event_choices":[{"cards_removed":["Masterful Stab"],"damage_healed":0.0,"max_hp_gain":0.0,"max_hp_loss":0.0,"gold_gain":0.0,"event_name":"The Cleric","player_choice":"Card Removal","floor":2.0,"gold_loss":50.0,"damage_taken":0.0},{"damage_healed":0.0,"max_hp_gain":5.0,"max_hp_loss":0.0,"gold_gain":0.0,"event_name":"Big Fish","player_choice":"Donut","floor":3.0,"gold_loss":0.0,"damage_taken":0.0},{"cards_removed":["Unload"],"damage_healed":4.0,"max_hp_gain":10.0,"max_hp_loss":0.0,"gold_gain":0.0,"event_name":"Bonfire Elementals","player_choice":"Offered Rare","floor":5.0,"gold_loss":0.0,"damage_taken":0.0},{"damage_healed":0.0,"max_hp_gain":0.0,"max_hp_loss":0.0,"gold_gain":0.0,"event_name":"Vampires","player_choice":"Ignored","floor":21.0,"gold_loss":0.0,"damage_taken":0.0},{"damage_healed":0,"gold_gain":0,"player_choice":"Trade","damage_taken":0,"relics_obtained":["CultistMask"],"max_hp_gain":0,"max_hp_loss":0,"event_name":"FaceTrader","floor":29,"gold_loss":0},{"cards_removed":["Choke"],"damage_healed":0,"gold_gain":0,"player_choice":"Elegance","damage_taken":0,"max_hp_gain":0,"max_hp_loss":0,"event_name":"Back to Basics","floor":31,"gold_loss":0}],"is_beta":false,"boss_relics":[{"not_picked":["Snecko Eye","Runic Pyramid"],"picked":"Coffee Dripper"}],"items_purged_floors":[],"is_endless":false,"potions_floor_spawned":[1,14,16,20,24],"killed_by":"Champ","ascension_level":2}}