{"host":"wwo1kwxjf4eyz37q","time":1607519244,"event":{"gold_per_floor":[119,1,1,21,37,37,69,94,132,159,48,73,85,115,115,219,219,236,92,106,121,36,36,36,36],"floor_reached":24,"playtime":1186,"items_purged":["Strike_R"],"score":327,"play_id":"cb498155-99c5-4513-85ab-b7c7ff586565","local_time":"20201209220724","is_ascension_mode":true,"campfire_choices":[{"data":"Armaments","floor":6.0,"key":"SMITH"},{"floor":15.0,"key":"REST"},{"data":"Searing Blow+1","floor":23,"key":"SMITH"}],"neow_cost":"NONE","seed_source_timestamp":341086095918800,"circlet_count":0,"master_deck":["AscendersBane","Strike_R","Strike_R","Defend_R","Defend_R","Defend_R","Bash","Headbutt","Evolve","Twin Strike+1","Armaments+1","Pommel Strike","Cleave","Shrug It Off","Perfected Strike","Battle Trance","Cleave","Limit Break","Searing Blow+2","Second Wind+1","Disarm+1","Shrug It Off"],"special_seed":0,"relics":["Burning Blood","NeowsBlessing","MawBank","MealTicket","Bronze Scales","Letter Opener","Astrolabe","Happy Flower","The Courier"],"potions_floor_usage":[],"damage_taken":[{"damage":0.0,"enemies":"Cultist","floor":1.0,"turns":1.0},{"damage":0.0,"enemies":"2 Louse","floor":4.0,"turns":1.0},{"damage":0.0,"enemies":"Jaw Worm","floor":5.0,"turns":1.0},{"damage":28.0,"enemies":"Gremlin Nob","floor":7.0,"turns":4.0},{"damage":30.0,"enemies":"Exordium Thugs","floor":8.0,"turns":4.0},{"damage":9.0,"enemies":"Red Slaver","floor":10.0,"turns":4.0},{"damage":22.0,"enemies":"Lagavulin","floor":12.0,"turns":5.0},{"damage":11.0,"enemies":"Large Slime","floor":13.0,"turns":5.0},{"damage":23.0,"enemies":"3 Sentries","floor":14.0,"turns":6.0},{"damage":31.0,"enemies":"Slime Boss","floor":16.0,"turns":11.0},{"damage":8.0,"enemies":"Chosen","floor":18.0,"turns":5.0},{"damage":22,"enemies":"Spheric Guardian","floor":20,"turns":4},{"damage":35,"enemies":"Shelled Parasite and Fungi","floor":21,"turns":7},{"damage":32,"enemies":"Book of Stabbing","floor":24,"turns":4}],"seed_played":"-8845087103730927630","potions_obtained":[{"floor":7.0,"key":"ColorlessPotion"},{"floor":10.0,"key":"ElixirPotion"},{"floor":13.0,"key":"Dexterity Potion"}],"is_trial":false,"path_per_floor":["M","$","?","M","M","R","E","M","T","M","$","E","M","E","R","B",null,"M","$","M","M","?","R","E"],"character_chosen":"IRONCLAD","items_purchased":["Evolve","Twin Strike","Shrug It Off","Happy Flower"],"campfire_rested":1,"item_purchase_floors":[2,2,11,19],"current_hp_per_floor":[78,78,78,80,80,80,58,34,34,31,46,30,25,8,32,7,62,60,75,59,30,30,30,0,0],"gold":36,"neow_bonus":"THREE_ENEMY_KILL","is_prod":false,"is_daily":false,"chose_seed":false,"campfire_upgraded":2,"win_rate":0,"timestamp":1607519244,"path_taken":["M","$","?","?","M","R","E","M","T","M","?","E","M","E","R","BOSS","M","$","M","M","?","R","E"],"build_version":"2020-11-30","purchased_purges":1,"victory":false,"max_hp_per_floor":[80,80,80,80,80,80,80,80,80,80,80,80,80,80,80,80,80,80,80,80,80,80,80,80,80],"card_choices":[{"not_picked":["Clothesline","Iron Wave"],"picked":"Headbutt","floor":1.0},{"not_picked":["Headbutt","Infernal Blade"],"picked":"Armaments","floor":4.0},{"not_picked":["True Grit","Dropkick"],"picked":"Pommel Strike","floor":5.0},{"not_picked":["Clash","Body Slam"],"picked":"Cleave","floor":7.0},{"not_picked":["Sentinel","Pummel","Heavy Blade"],"picked":"SKIP","floor":8.0},{"not_picked":["Feel No Pain","Berserk","Infernal Blade"],"picked":"SKIP","floor":10.0},{"not_picked":["Iron Wave","Pommel Strike"],"picked":"Perfected Strike","floor":12.0},{"not_picked":["Iron Wave","Pummel"],"picked":"Battle Trance","floor":13.0},{"not_picked":["Uppercut","Entrench"],"picked":"Cleave","floor":14.0},{"not_picked":["Barricade","Feed"],"picked":"Limit Break","floor":16.0},{"not_picked":["Warcry","Iron Wave","Perfected Strike"],"picked":"SKIP","floor":18.0},{"not_picked":["Wild Strike","Dropkick","Anger"],"picked":"SKIP","floor":20},{"not_picked":["Wild Strike","Body Slam"],"picked":"Shrug It Off","floor":21}],"player_experience":125812,"relics_obtained":[{"floor":7.0,"key":"MawBank"},{"floor":9.0,"key":"MealTicket"},{"floor":12.0,"key":"Bronze Scales"},{"floor":14.0,"key":"Letter Opener"}],"event_choices":[{"damage_healed":0.0,"max_hp_gain":0.0,"max_hp_loss":0.0,"gold_gain":0.0,"event_name":"Accursed Blacksmith","player_choice":"Forge","floor":3.0,"gold_loss":0.0,"damage_taken":0.0,"cards_upgraded":["Twin Strike"]},{"damage_healed":0,"gold_gain":0,"player_choice":"Obtained Relic","damage_taken":0,"relics_obtained":["The Courier"],"max_hp_gain":0,"max_hp_loss":0,"event_name":"Addict","floor":22,"gold_loss":85}],"is_beta":false,"boss_relics":[{"not_picked":["Runic Pyramid","Empty Cage"],"picked":"Astrolabe"}],"items_purged_floors":[11],"is_endless":false,"potions_floor_spawned":[7,10,13],"killed_by":"Book of Stabbing","ascension_level":10}}