{"host":"foq4mrde4mssg7vt","time":1607530712,"event":{"gold_per_floor":[113,131,206,221,221,221,257,257,257,257,66,84,36,79,79,207,207,220,74,93,93,109,142,142,162,162,48,64,98,0,24,24,150,150,171,229,229,229,129,129,169,169,219,262,262,285,303,321,321,321,321,321,52,93,93],"floor_reached":56,"playtime":5129,"items_purged":["Strike_G","Strike_G","Strike_G"],"score":1444,"play_id":"c29dbf8c-00b2-4ea3-89d9-3ca3d681358f","local_time":"20201210001832","is_ascension_mode":true,"campfire_choices":[{"data":"Neutralize","floor":6.0,"key":"SMITH"},{"data":"Acrobatics","floor":8.0,"key":"SMITH"},{"floor":10.0,"key":"REST"},{"data":"Footwork","floor":15.0,"key":"SMITH"},{"data":"After Image","floor":24.0,"key":"SMITH"},{"data":"Noxious Fumes","floor":32,"key":"SMITH"},{"data":"Bouncing Flask","floor":40,"key":"SMITH"},{"data":"Well Laid Plans","floor":42,"key":"SMITH"},{"data":"Ghostly","floor":45,"key":"SMITH"},{"floor":49,"key":"RECALL"},{"data":"Wraith Form v2","floor":52,"key":"SMITH"}],"neow_cost":"NONE","seed_source_timestamp":93924257159400,"circlet_count":0,"master_deck":["Strike_G","Defend_G","Defend_G","Defend_G","Defend_G","Defend_G","Survivor","Neutralize+1","Bane","Riddle With Holes","Blade Dance","Acrobatics+1","Prepared","Glass Knife","Bouncing Flask+1","Footwork+1","After Image+1","PiercingWail+1","Predator","Dodge and Roll+1","Ghostly+1","Ghostly","Ghostly","Ghostly","Ghostly","Well Laid Plans+1","Noxious Fumes+1","Dagger Spray","Backflip+1","Prepared+1","Backflip+1","Malaise+1","Dagger Throw+1","Backflip+1","Crippling Poison+1","Wraith Form v2+1","PiercingWail+1"],"special_seed":0,"relics":["HoveringKite","Golden Idol","Bottled Lightning","Letter Opener","The Specimen","Sozu","Akabeko","Toxic Egg 2","Happy Flower","Anchor","Black Star","Ginger","Prayer Wheel","Regal Pillow","Bronze Scales","Centennial Puzzle","OrangePellets","Mango","Vajra"],"potions_floor_usage":[25,47,55],"damage_taken":[{"damage":0.0,"enemies":"Cultist","floor":1.0,"turns":4.0},{"damage":4.0,"enemies":"Jaw Worm","floor":2.0,"turns":5.0},{"damage":1.0,"enemies":"2 Louse","floor":4.0,"turns":2.0},{"damage":29.0,"enemies":"Lagavulin","floor":7.0,"turns":7.0},{"damage":5.0,"enemies":"Exordium Thugs","floor":12.0,"turns":4.0},{"damage":15.0,"enemies":"3 Sentries","floor":14.0,"turns":7.0},{"damage":4.0,"enemies":"The Guardian","floor":16.0,"turns":11.0},{"damage":0.0,"enemies":"Shell Parasite","floor":18.0,"turns":7.0},{"damage":8.0,"enemies":"Spheric Guardian","floor":20.0,"turns":4.0},{"damage":4.0,"enemies":"Snake Plant","floor":22.0,"turns":5.0},{"damage":1.0,"enemies":"Book of Stabbing","floor":23.0,"turns":7.0},{"damage":0,"enemies":"Cultist and Chosen","floor":25,"turns":6},{"damage":0,"enemies":"Snecko","floor":28,"turns":5},{"damage":5,"enemies":"Gremlin Leader","floor":29,"turns":8},{"damage":0,"enemies":"Snake Plant","floor":31,"turns":4},{"damage":3,"enemies":"Collector","floor":33,"turns":8},{"damage":0,"enemies":"Orb Walker","floor":35,"turns":4},{"damage":0,"enemies":"2 Orb Walkers","floor":36,"turns":7},{"damage":8,"enemies":"Nemesis","floor":41,"turns":9},{"damage":0,"enemies":"Giant Head","floor":44,"turns":9},{"damage":0,"enemies":"3 Darklings","floor":46,"turns":4},{"damage":0,"enemies":"Writhing Mass","floor":47,"turns":7},{"damage":0,"enemies":"Sphere and 2 Shapes","floor":48,"turns":4},{"damage":15,"enemies":"Time Eater","floor":50,"turns":16},{"damage":7,"enemies":"Shield and Spear","floor":54,"turns":8},{"damage":5,"enemies":"The Heart","floor":55,"turns":12}],"seed_played":"8074707621012496353","potions_obtained":[{"floor":4.0,"key":"DistilledChaos"},{"floor":7.0,"key":"Fire Potion"},{"floor":14.0,"key":"Swift Potion"}],"is_trial":false,"path_per_floor":["M","M","?","M","?","R","E","R","T","R","$","M","$","E","R","B",null,"M","$","M","?","M","E","R","M","T","?","M","E","$","M","R","B",null,"M","?","?","?","$","R","E","R","T","E","R","M","M","M","R","B",null,"R","$","E","B",null],"character_chosen":"THE_SILENT","items_purchased":["Prepared","Glass Knife","Strength Potion","Predator","Backflip+1","Prepared+1","OrangePellets"],"campfire_rested":1,"item_purchase_floors":[11,11,13,19,30,30,53],"current_hp_per_floor":[70,66,55,54,54,54,25,25,25,44,44,39,39,24,24,20,65,65,65,57,32,28,27,27,27,27,27,27,22,22,22,22,19,32,32,32,32,32,32,32,24,24,24,24,24,24,24,24,24,9,32,32,32,39,34],"gold":93,"neow_bonus":"BOSS_RELIC","is_prod":false,"is_daily":false,"chose_seed":false,"campfire_upgraded":9,"win_rate":0,"timestamp":1607530712,"path_taken":["M","M","?","M","?","R","E","R","T","R","?","M","$","E","R","BOSS","M","$","M","?","M","E","R","M","T","?","?","E","$","M","R","BOSS","M","?","?","?","$","R","E","R","T","E","R","M","?","M","R","BOSS","R","$","E","BOSS"],"build_version":"2020-11-30","purchased_purges":3,"victory":true,"max_hp_per_floor":[70,70,70,70,65,65,65,65,65,65,65,65,65,65,65,65,65,65,65,65,32,32,32,32,32,32,32,32,32,32,32,32,32,32,32,32,32,32,32,32,32,32,32,32,32,32,32,32,32,32,32,32,32,46,46],"relic_stats":{"Regal Pillow":0,"Happy Flower":[35],"counters":[26,174],"Golden Idol":211,"HoveringKite":[95],"Letter Opener":[361],"Ginger":[12],"Sozu":6,"OrangePellets":[1],"Centennial Puzzle":[9],"Bronze Scales":[355],"Prayer Wheel":3,"Black Star":3,"obtain_stats":[{"Regal Pillow":41,"The Specimen":14,"Happy Flower":27,"Golden Idol":5,"HoveringKite":0,"Vajra":54,"Mango":54,"Letter Opener":9,"Ginger":36,"Akabeko":23,"Sozu":17,"OrangePellets":53,"Anchor":29,"Centennial Puzzle":44,"Bronze Scales":44,"Prayer Wheel":41,"Black Star":34,"Bottled Lightning":7,"Toxic Egg 2":26,"Ring of the Snake":0},{"Regal Pillow":19,"The Specimen":6,"Happy Flower":12,"Golden Idol":3,"HoveringKite":0,"Vajra":25,"Mango":25,"Letter Opener":4,"Ginger":18,"Akabeko":11,"Sozu":7,"OrangePellets":24,"Anchor":14,"Centennial Puzzle":20,"Bronze Scales":20,"Prayer Wheel":19,"Black Star":16,"Bottled Lightning":4,"Toxic Egg 2":12,"Ring of the Snake":0},{"Regal Pillow":114,"The Specimen":29,"Happy Flower":69,"Golden Idol":11,"HoveringKite":0,"Vajra":162,"Mango":162,"Letter Opener":18,"Ginger":105,"Akabeko":63,"Sozu":40,"OrangePellets":154,"Anchor":82,"Centennial Puzzle":123,"Bronze Scales":123,"Prayer Wheel":114,"Black Star":94,"Bottled Lightning":18,"Toxic Egg 2":69,"Ring of the Snake":0}]},"card_choices":[{"not_picked":["PiercingWail","Dodge and Roll"],"picked":"Bane","floor":1.0},{"not_picked":["Concentrate","Accuracy"],"picked":"Riddle With Holes","floor":2.0},{"not_picked":["Underhanded Strike","Flying Knee"],"picked":"Blade Dance","floor":4.0},{"not_picked":["Escape Plan","Endless Agony"],"picked":"Acrobatics","floor":7.0},{"not_picked":["Catalyst","Bane"],"picked":"Bouncing Flask","floor":12.0},{"not_picked":["Outmaneuver","Deadly Poison"],"picked":"Footwork","floor":14.0},{"not_picked":["A Thousand Cuts","Phantasmal Killer"],"picked":"After Image","floor":16.0},{"not_picked":["Outmaneuver","Distraction"],"picked":"PiercingWail+1","floor":18.0},{"not_picked":["Underhanded Strike+1","Dagger Spray"],"picked":"Dodge and Roll+1","floor":20.0},{"not_picked":["Bane","Quick Slash"],"picked":"Well Laid Plans","floor":22.0},{"not_picked":["Malaise","Concentrate"],"picked":"Noxious Fumes","floor":23.0},{"not_picked":["Quick Slash","Prepared"],"picked":"Dagger Spray","floor":25},{"not_picked":["Outmaneuver+1","Slice+1","Dagger Spray+1"],"picked":"SKIP","floor":28},{"not_picked":["Heel Hook","Bouncing Flask+1","Slice"],"picked":"SKIP","floor":29},{"not_picked":["Eviscerate+1","Slice"],"picked":"Backflip+1","floor":31},{"not_picked":["Tools of the Trade","Doppelganger+1"],"picked":"Malaise+1","floor":33},{"not_picked":["Riddle With Holes+1","Sucker Punch"],"picked":"Dagger Throw+1","floor":35},{"not_picked":["Quick Slash+1","Flying Knee"],"picked":"Backflip+1","floor":36},{"not_picked":["Distraction+1","Quick Slash+1","Sucker Punch+1"],"picked":"SKIP","floor":41},{"not_picked":["Doppelganger+1","Dagger Spray","Distraction+1"],"picked":"SKIP","floor":44},{"not_picked":["Deflect+1","Outmaneuver+1","Sucker Punch"],"picked":"SKIP","floor":46},{"not_picked":["Caltrops","All Out Attack+1","Cloak And Dagger+1"],"picked":"SKIP","floor":46},{"not_picked":["Flechettes+1","Acrobatics+1"],"picked":"Crippling Poison+1","floor":47},{"not_picked":["Flying Knee+1","Acrobatics+1","Dagger Spray+1"],"picked":"SKIP","floor":47},{"not_picked":["Cloak And Dagger+1","Deadly Poison+1"],"picked":"Wraith Form v2","floor":48},{"not_picked":["Bouncing Flask+1","Flying Knee","Finisher+1"],"picked":"SKIP","floor":48},{"not_picked":["Eviscerate+1","Infinite Blades+1"],"picked":"PiercingWail+1","floor":54}],"player_experience":135122,"relics_obtained":[{"floor":7.0,"key":"Bottled Lightning"},{"floor":9.0,"key":"Letter Opener"},{"floor":14.0,"key":"The Specimen"},{"floor":23.0,"key":"Akabeko"},{"floor":26,"key":"Toxic Egg 2"},{"floor":29,"key":"Anchor"},{"floor":36,"key":"Ginger"},{"floor":41,"key":"Prayer Wheel"},{"floor":41,"key":"Regal Pillow"},{"floor":44,"key":"Bronze Scales"},{"floor":44,"key":"Centennial Puzzle"},{"floor":54,"key":"Mango"},{"floor":54,"key":"Vajra"}],"event_choices":[{"damage_healed":0.0,"max_hp_gain":0.0,"max_hp_loss":0.0,"gold_gain":75.0,"event_name":"World of Goop","player_choice":"Gather Gold","floor":3.0,"gold_loss":0.0,"damage_taken":11.0},{"damage_healed":0.0,"max_hp_gain":0.0,"max_hp_loss":5.0,"gold_gain":0.0,"event_name":"Golden Idol","player_choice":"Lose Max HP","floor":5.0,"gold_loss":0.0,"damage_taken":0.0,"relics_obtained":["Golden Idol"]},{"damage_healed":0.0,"max_hp_gain":0.0,"max_hp_loss":33.0,"gold_gain":0.0,"event_name":"Ghosts","player_choice":"Became a Ghost","floor":21.0,"gold_loss":0.0,"damage_taken":0.0,"cards_obtained":["Ghostly","Ghostly","Ghostly","Ghostly","Ghostly"]},{"damage_healed":0,"gold_gain":0,"player_choice":"Paid Gold","damage_taken":0,"relics_obtained":["Happy Flower"],"max_hp_gain":0,"max_hp_loss":0,"event_name":"WeMeetAgain","floor":27,"gold_loss":114},{"damage_healed":0,"gold_gain":0,"player_choice":"Fight","damage_taken":0,"max_hp_gain":0,"max_hp_loss":0,"event_name":"Mysterious Sphere","floor":36,"gold_loss":0},{"damage_healed":0,"gold_gain":0,"player_choice":"Memory 1","damage_taken":0,"max_hp_gain":0,"max_hp_loss":0,"event_name":"SensoryStone","floor":37,"gold_loss":0},{"cards_removed":["Strike_G"],"damage_healed":0,"gold_gain":0,"player_choice":"Purged","damage_taken":0,"max_hp_gain":0,"max_hp_loss":0,"event_name":"Purifier","floor":38,"gold_loss":0}],"is_beta":false,"boss_relics":[{"not_picked":["Philosopher\u0027s Stone","Tiny House"],"picked":"Sozu"},{"not_picked":["SlaversCollar","Calling Bell"],"picked":"Black Star"}],"items_purged_floors":[19,39,53],"is_endless":false,"potions_floor_spawned":[4,7,14,18,20,23,29,31,35,44,46,54],"ascension_level":4}}