{"host":"quagnxip3u93mzqy","time":1607539640,"event":{"gold_per_floor":[114,124,124,142,16,43,43,55,108,108,140,140,160,176,176,281,281,293,293,151,171,191,191,191],"floor_reached":23,"playtime":1394,"items_purged":["Strike_G"],"score":233,"play_id":"6803a739-fc26-4571-8830-900a67abafe4","local_time":"20201209184720","is_ascension_mode":true,"campfire_choices":[{"floor":7,"key":"REST"},{"floor":10,"key":"REST"},{"data":"Noxious Fumes","floor":12,"key":"SMITH"},{"floor":15,"key":"REST"}],"neow_cost":"NONE","seed_source_timestamp":0,"circlet_count":0,"master_deck":["Strike_G","Strike_G","Strike_G","Strike_G","Defend_G","Defend_G","Defend_G","Defend_G","Defend_G","Survivor","Neutralize","Poisoned Stab","Noxious Fumes+1","Footwork","Caltrops","Catalyst","Cloak And Dagger","Poisoned Stab","Cloak And Dagger","Escape Plan","Bane","Adrenaline","PiercingWail","Crippling Poison","Quick Slash+1","Acrobatics+1"],"special_seed":0,"relics":["Ring of the Snake","Question Card","Orichalcum","Snake Skull","Philosopher\u0027s Stone"],"potions_floor_usage":[11,18,22],"damage_taken":[{"damage":4.0,"enemies":"Small Slimes","floor":1.0,"turns":4.0},{"damage":1.0,"enemies":"2 Louse","floor":2.0,"turns":4.0},{"damage":11.0,"enemies":"Jaw Worm","floor":4.0,"turns":5.0},{"damage":28.0,"enemies":"3 Sentries","floor":6.0,"turns":9.0},{"damage":9,"enemies":"3 Louse","floor":8,"turns":4},{"damage":5,"enemies":"Lagavulin","floor":11,"turns":7},{"damage":18,"enemies":"Lots of Slimes","floor":13,"turns":4},{"damage":8,"enemies":"Blue Slaver","floor":14,"turns":4},{"damage":11,"enemies":"Hexaghost","floor":16,"turns":7},{"damage":8,"enemies":"3 Byrds","floor":18,"turns":2},{"damage":4,"enemies":"Shell Parasite","floor":21,"turns":4},{"damage":18,"enemies":"Cultist and Chosen","floor":22,"turns":5},{"damage":40,"enemies":"Gremlin Leader","floor":23,"turns":4}],"seed_played":"-1412719304724311463","potions_obtained":[{"floor":1.0,"key":"Strength Potion"},{"floor":4.0,"key":"Block Potion"},{"floor":13,"key":"LiquidMemories"},{"floor":16,"key":"CunningPotion"},{"floor":18,"key":"LiquidBronze"}],"is_trial":false,"path_per_floor":["M","M","?","M","$","E","R","M","T","R","E","R","M","M","R","B",null,"M","?","$","M","M","E"],"character_chosen":"THE_SILENT","items_purchased":["Catalyst","Cloak And Dagger","Crippling Poison"],"campfire_rested":3,"item_purchase_floors":[5,5,20],"current_hp_per_floor":[66,65,65,54,54,26,47,38,38,59,54,54,36,28,49,38,70,62,62,62,58,40,0,0],"gold":191,"neow_bonus":"THREE_CARDS","is_prod":false,"is_daily":false,"chose_seed":false,"campfire_upgraded":1,"win_rate":0,"timestamp":1607539640,"path_taken":["M","M","?","M","$","E","R","M","T","R","E","R","M","M","R","BOSS","M","?","$","M","M","E"],"build_version":"2020-11-30","purchased_purges":1,"victory":false,"max_hp_per_floor":[70,70,70,70,70,70,70,70,70,70,70,70,70,70,70,70,70,70,70,70,70,70,70,70],"card_choices":[{"not_picked":["Bane","Prepared"],"picked":"Poisoned Stab","floor":0.0},{"not_picked":["Dagger Spray","All Out Attack"],"picked":"Noxious Fumes","floor":1.0},{"not_picked":["Distraction","Poisoned Stab"],"picked":"Footwork","floor":2.0},{"not_picked":["Outmaneuver","Poisoned Stab"],"picked":"Caltrops","floor":4.0},{"not_picked":["Dagger Throw","Deflect"],"picked":"Poisoned Stab","floor":6.0},{"not_picked":["Slice","Deadly Poison","Sucker Punch","Poisoned Stab"],"picked":"SKIP","floor":8},{"not_picked":["Slice","Tactician","Prepared"],"picked":"Cloak And Dagger","floor":11},{"not_picked":["Acrobatics","Outmaneuver","After Image"],"picked":"Escape Plan","floor":13},{"not_picked":["Flechettes","Deadly Poison","Endless Agony"],"picked":"Bane","floor":14},{"not_picked":["Glass Knife","Unload","A Thousand Cuts"],"picked":"Adrenaline","floor":16},{"not_picked":["Outmaneuver","Blade Dance","Heel Hook"],"picked":"PiercingWail","floor":18},{"not_picked":["Endless Agony","Finisher+1","Cloak And Dagger"],"picked":"Quick Slash+1","floor":21},{"not_picked":["Underhanded Strike","Quick Slash","Dagger Throw"],"picked":"Acrobatics+1","floor":22}],"player_experience":385991,"relics_obtained":[{"floor":6.0,"key":"Question Card"},{"floor":9,"key":"Orichalcum"},{"floor":11,"key":"Snake Skull"}],"event_choices":[{"damage_healed":0.0,"max_hp_gain":0.0,"max_hp_loss":0.0,"gold_gain":0.0,"event_name":"Liars Game","player_choice":"Ignored","floor":3.0,"gold_loss":0.0,"damage_taken":0.0},{"damage_healed":0,"gold_gain":0,"player_choice":"Ignored","damage_taken":0,"max_hp_gain":0,"max_hp_loss":0,"event_name":"Vampires","floor":19,"gold_loss":0}],"is_beta":false,"boss_relics":[{"not_picked":["Black Star","Coffee Dripper"],"picked":"Philosopher\u0027s Stone"}],"items_purged_floors":[20],"is_endless":false,"potions_floor_spawned":[1,4,13,16,18],"killed_by":"Gremlin Leader","ascension_level":3}}