{"host":"6yklbc9za0aylqsj","time":1607543511,"event":{"gold_per_floor":[118,136,286,67,32,32,59,78,105,133,133,15,33,33,33,110,110,123,32,42,58,58,58,84,84,84,116,216,229,14,28,28,106,106,123,123,123,123,123,123],"floor_reached":39,"playtime":1000,"items_purged":["Doubt","Strike_G","Strike_G"],"score":910,"play_id":"c2a65de9-4e9a-4377-89cb-948084628b99","local_time":"20201209205151","is_ascension_mode":true,"campfire_choices":[{"data":"Glass Knife","floor":6.0,"key":"SMITH"},{"data":"Footwork","floor":15.0,"key":"SMITH"},{"data":"Envenom","floor":23.0,"key":"SMITH"},{"data":"Infinite Blades","floor":25.0,"key":"SMITH"},{"data":"Accuracy","floor":32,"key":"SMITH"}],"neow_cost":"NONE","seed_source_timestamp":1309504319100,"circlet_count":0,"master_deck":["AscendersBane","Strike_G","Defend_G","Defend_G+1","Defend_G","Defend_G","Survivor","Neutralize","Glass Knife+1","Cloak And Dagger","Finisher","Adrenaline+1","Terror","Footwork+1","Dramatic Entrance","Envenom+1","Dash","Blade Dance","Infinite Blades+1","Cloak And Dagger","Blade Dance","Accuracy+1"],"special_seed":0,"relics":["Ring of the Snake","Membership Card","Lantern","Anchor","War Paint","Mercury Hourglass","WristBlade","MutagenicStrength","Bird Faced Urn","Sundial","Red Mask","Torii","Shuriken","Bottled Tornado","Empty Cage","CeramicFish"],"potions_floor_usage":[28,33,33],"damage_taken":[{"damage":1.0,"enemies":"Cultist","floor":1.0,"turns":4.0},{"damage":7.0,"enemies":"Small Slimes","floor":2.0,"turns":3.0},{"damage":30.0,"enemies":"Lagavulin","floor":7.0,"turns":6.0},{"damage":0.0,"enemies":"2 Louse","floor":8.0,"turns":1.0},{"damage":0.0,"enemies":"Gremlin Nob","floor":10.0,"turns":2.0},{"damage":0.0,"enemies":"Looter","floor":13.0,"turns":1.0},{"damage":4.0,"enemies":"Hexaghost","floor":16.0,"turns":9.0},{"damage":0.0,"enemies":"Chosen","floor":18.0,"turns":3.0},{"damage":0.0,"enemies":"Spheric Guardian","floor":20.0,"turns":3.0},{"damage":0.0,"enemies":"Chosen and Byrds","floor":21.0,"turns":3.0},{"damage":0.0,"enemies":"Gremlin Leader","floor":24.0,"turns":3.0},{"damage":0,"enemies":"Masked Bandits","floor":27,"turns":2},{"damage":0,"enemies":"Colosseum Slavers","floor":28,"turns":1},{"damage":0,"enemies":"Colosseum Nobs","floor":28,"turns":2},{"damage":0,"enemies":"Cultist and Chosen","floor":29,"turns":3},{"damage":0,"enemies":"3 Cultists","floor":31,"turns":3},{"damage":1,"enemies":"Collector","floor":33,"turns":5},{"damage":0,"enemies":"3 Darklings","floor":35,"turns":3},{"damage":71,"enemies":"Time Eater","floor":39,"turns":4}],"seed_played":"-692740129333913509","potions_obtained":[{"floor":7.0,"key":"Fire Potion"},{"floor":8.0,"key":"Ancient Potion"},{"floor":11.0,"key":"PowerPotion"},{"floor":11.0,"key":"BlessingOfTheForge"},{"floor":21.0,"key":"PowerPotion"},{"floor":28,"key":"SteroidPotion"},{"floor":31,"key":"Ancient Potion"}],"is_trial":false,"path_per_floor":["M","M","?","$","?","R","E","M","T","E","?","$","M","?","R","B",null,"M","$","M","M","?","R","E","R","T","?","?","M","$","M","R","B",null,"M","T","?","?","B"],"character_chosen":"THE_SILENT","items_purchased":["Membership Card","Finisher","Footwork","Dramatic Entrance","Blade Dance","Infinite Blades","PowerPotion","Accuracy","Bottled Tornado"],"campfire_rested":0,"item_purchase_floors":[4,4,12,12,19,19,19,30,30],"current_hp_per_floor":[58,51,51,51,66,66,36,36,36,36,36,36,36,31,31,27,56,56,56,56,56,56,56,56,56,56,58,62,64,64,66,66,65,66,66,66,66,66,0,0],"gold":123,"neow_bonus":"ONE_RANDOM_RARE_CARD","is_prod":false,"is_daily":false,"chose_seed":false,"campfire_upgraded":5,"win_rate":0,"timestamp":1607543511,"path_taken":["M","M","?","$","?","R","E","M","T","E","?","$","?","?","R","BOSS","M","$","M","M","?","R","E","R","T","?","?","M","?","M","R","BOSS","M","?","?","?","BOSS"],"build_version":"2020-11-30","purchased_purges":3,"victory":false,"max_hp_per_floor":[66,66,66,66,66,66,66,66,66,66,66,66,66,66,66,66,66,66,66,66,66,66,66,66,66,66,66,66,66,66,66,66,66,66,66,66,66,66,66,66],"relic_stats":{"Torii":0,"counters":[19,61],"Sundial":[0],"Shuriken":[13],"Bird Faced Urn":[14],"CeramicFish":0,"War Paint":["Defend_G","Adrenaline"],"obtain_stats":[{"Lantern":7,"Torii":28,"CeramicFish":36,"War Paint":10,"Bottled Tornado":30,"Empty Cage":34,"Mercury Hourglass":14,"Anchor":9,"WristBlade":17,"Sundial":26,"Shuriken":28,"MutagenicStrength":22,"Bird Faced Urn":24,"Red Mask":27,"Membership Card":4,"Ring of the Snake":0},{"Lantern":3,"Torii":14,"CeramicFish":18,"War Paint":5,"Bottled Tornado":15,"Empty Cage":17,"Mercury Hourglass":6,"Anchor":4,"WristBlade":7,"Sundial":11,"Shuriken":14,"MutagenicStrength":10,"Bird Faced Urn":11,"Red Mask":12,"Membership Card":2,"Ring of the Snake":0},{"Lantern":13,"Torii":43,"CeramicFish":57,"War Paint":16,"Bottled Tornado":46,"Empty Cage":54,"Mercury Hourglass":17,"Anchor":14,"WristBlade":26,"Sundial":38,"Shuriken":43,"MutagenicStrength":35,"Bird Faced Urn":38,"Red Mask":40,"Membership Card":7,"Ring of the Snake":0}],"Ring of the Snake":[38],"Mercury Hourglass":[177]},"card_choices":[{"not_picked":["Quick Slash","Deadly Poison"],"picked":"Cloak And Dagger","floor":1.0},{"not_picked":["Dagger Spray","Calculated Gamble","Blur"],"picked":"SKIP","floor":2.0},{"not_picked":["Backflip","Sucker Punch"],"picked":"Adrenaline","floor":7.0},{"not_picked":["Underhanded Strike","Deflect","Flechettes"],"picked":"SKIP","floor":8.0},{"not_picked":["Finisher","Dagger Spray"],"picked":"Terror","floor":10.0},{"not_picked":["Underhanded Strike","Dodge and Roll","Bane"],"picked":"SKIP","floor":13.0},{"not_picked":["A Thousand Cuts","Wraith Form v2"],"picked":"Envenom","floor":16.0},{"not_picked":["Poisoned Stab","Bane"],"picked":"Dash","floor":18.0},{"not_picked":["Backflip","Eviscerate","Concentrate"],"picked":"SKIP","floor":20.0},{"not_picked":["Deflect","Dodge and Roll"],"picked":"Cloak And Dagger","floor":21.0},{"not_picked":["Expertise","A Thousand Cuts","Prepared"],"picked":"SKIP","floor":24.0},{"not_picked":["Backflip","Well Laid Plans"],"picked":"Blade Dance","floor":28},{"not_picked":["Acrobatics","Deflect","Flying Knee"],"picked":"SKIP","floor":29},{"not_picked":["Dodge and Roll","Slice","Choke"],"picked":"SKIP","floor":31},{"not_picked":["Dagger Throw","Escape Plan","Backflip"],"picked":"SKIP","floor":35}],"player_experience":665312,"relics_obtained":[{"floor":7.0,"key":"Lantern"},{"floor":9.0,"key":"Anchor"},{"floor":10.0,"key":"War Paint"},{"floor":24.0,"key":"Bird Faced Urn"},{"floor":26.0,"key":"Sundial"},{"floor":27,"key":"Red Mask"},{"floor":28,"key":"Torii"},{"floor":28,"key":"Shuriken"},{"floor":36,"key":"CeramicFish"}],"event_choices":[{"damage_healed":0.0,"max_hp_gain":0.0,"max_hp_loss":0.0,"gold_gain":150.0,"event_name":"Liars Game","player_choice":"AGREE","floor":3.0,"gold_loss":0.0,"damage_taken":0.0,"cards_obtained":["Doubt"]},{"damage_healed":16.0,"max_hp_gain":0.0,"max_hp_loss":0.0,"gold_gain":0.0,"event_name":"The Cleric","player_choice":"Healed","floor":5.0,"gold_loss":35.0,"damage_taken":0.0},{"damage_healed":0.0,"max_hp_gain":0.0,"max_hp_loss":0.0,"gold_gain":0.0,"event_name":"Lab","player_choice":"Got Potions","floor":11.0,"gold_loss":0.0,"damage_taken":0.0},{"damage_healed":0.0,"max_hp_gain":0.0,"max_hp_loss":0.0,"gold_gain":0.0,"event_name":"Scrap Ooze","player_choice":"Success","floor":14.0,"gold_loss":0.0,"damage_taken":5.0,"relics_obtained":["Mercury Hourglass"]},{"damage_healed":0.0,"max_hp_gain":0.0,"max_hp_loss":0.0,"gold_gain":0.0,"event_name":"Drug Dealer","player_choice":"Inject Mutagens","floor":22.0,"gold_loss":0.0,"damage_taken":0.0,"relics_obtained":["MutagenicStrength"]},{"damage_healed":0,"gold_gain":0,"player_choice":"Fought Bandits","damage_taken":0,"max_hp_gain":0,"max_hp_loss":0,"event_name":"Masked Bandits","floor":27,"gold_loss":0},{"damage_healed":0,"gold_gain":0,"player_choice":"Fight","damage_taken":0,"max_hp_gain":0,"max_hp_loss":0,"event_name":"Colosseum","floor":28,"gold_loss":0},{"damage_healed":0,"gold_gain":0,"player_choice":"Fought Nobs","damage_taken":0,"max_hp_gain":0,"max_hp_loss":0,"event_name":"Colosseum","floor":28,"gold_loss":0},{"cards_removed":["Defend_G"],"damage_healed":0,"gold_gain":0,"player_choice":"Removed Skill","damage_taken":0,"max_hp_gain":0,"max_hp_loss":0,"event_name":"Falling","floor":37,"gold_loss":0},{"damage_healed":0,"gold_gain":0,"player_choice":"Took Portal","damage_taken":0,"max_hp_gain":0,"max_hp_loss":0,"event_name":"SecretPortal","floor":38,"gold_loss":0}],"is_beta":false,"boss_relics":[{"not_picked":["SlaversCollar","Cursed Key"],"picked":"WristBlade"},{"not_picked":["Pandora\u0027s Box","Sozu"],"picked":"Empty Cage"}],"items_purged_floors":[4,12,30],"is_endless":false,"potions_floor_spawned":[7,8,21,28,28,31],"killed_by":"Time Eater","ascension_level":20}}