{"host":"c2uqqd95064gpl63","time":1607476796,"event":{"gold_per_floor":[119,135,135,135,159,175,218,218,241,241,0,0,0,34,34,163,163,184,202,202,218,237,237,257,288,334,384,427,447,460,484,484,604,604,618,633,633,633,174,205,205,59,131,171,191,204,222,237,237,237,237,237],"floor_reached":50,"playtime":4587,"items_purged":[],"score":681,"play_id":"39d3fd5b-1a9c-4e34-a1d6-245d6f565dd3","local_time":"20201208171956","is_ascension_mode":false,"metric_token":1107,"campfire_choices":[{"data":"DTMod:Observe","floor":8.0,"key":"SMITH"},{"data":"DTMod:CrossStep","floor":12.0,"key":"SMITH"},{"data":"DTMod:HeatWave","floor":15.0,"key":"SMITH"},{"data":"DTMod:SwitchingTactic","floor":23.0,"key":"SMITH"},{"data":"DTMod:MagiciansMark","floor":32,"key":"SMITH"},{"data":"DTMod:HeadStart","floor":41,"key":"SMITH"},{"floor":49,"key":"REST"}],"neow_cost":"NONE","dtmod_dragon_data":[0,58,1,0,8,0],"seed_source_timestamp":769970354507200,"circlet_count":0,"master_deck":["DTMod:Strike","DTMod:Strike","DTMod:Strike","DTMod:Strike","DTMod:DoubleHit","DTMod:TargetDefense","DTMod:TargetDefense","DTMod:TargetDefense","DTMod:SwitchingTactic+1","DTMod:DarkBreath","DTMod:Punisher","DTMod:Observe+1","DTMod:HeatWave+1","DTMod:CrossStep+1","DTMod:ComboAttack","DTMod:OpeningTactic","DTMod:SneakAttack","DTMod:DeepFocus+1","DTMod:Training+1","DTMod:BreakAttack+1","DTMod:MagiciansMark+1","DTMod:BuildUp+1","DTMod:HeatWave+1","DTMod:CleansingStrike+1","DTMod:ExcessFootwork","DTMod:HeadStart+1","DTMod:Training+1","Madness","Madness","DTMod:CalculatedDefense","DTMod:LastStand","DTMod:StarRain+1","DTMod:BizarreTactic","DTMod:LastStand+1","DTMod:QuickFly+1"],"special_seed":0,"relics":["DTMod:PactStone","Golden Idol","Toy Ornithopter","Blood Vial","DTMod:AncientBone","PreservedInsect","Strawberry","Philosopher\u0027s Stone","HornCleat","DTMod:BasicTextbook","Omamori","Sozu","Lee\u0027s Waffle","Oddly Smooth Stone","Bromod:ArcaneGuardian","Bromod:ArcaneConsequence","Mummified Hand","Bromod:ArcaneDeflection"],"potions_floor_usage":[40,50],"damage_taken":[{"damage":0.0,"enemies":"Jaw Worm","floor":1.0,"turns":3.0},{"damage":0.0,"enemies":"2 Louse","floor":2.0,"turns":3.0},{"damage":0.0,"enemies":"Cultist","floor":5.0,"turns":3.0},{"damage":0.0,"enemies":"Large Slime","floor":6.0,"turns":6.0},{"damage":0.0,"enemies":"Gremlin Nob","floor":7.0,"turns":4.0},{"damage":4.0,"enemies":"3 Sentries","floor":14.0,"turns":7.0},{"damage":55.0,"enemies":"Slime Boss","floor":16.0,"turns":17.0},{"damage":0.0,"enemies":"Chosen","floor":18.0,"turns":5.0},{"damage":10.0,"enemies":"Spheric Guardian","floor":19.0,"turns":6.0},{"damage":9.0,"enemies":"Centurion and Healer","floor":21.0,"turns":6.0},{"damage":6.0,"enemies":"3 Cultists","floor":22.0,"turns":5.0},{"damage":0.0,"enemies":"Snake Plant","floor":24.0,"turns":4.0},{"damage":1.0,"enemies":"Slavers","floor":25.0,"turns":4.0},{"damage":0.0,"enemies":"Gremlin Leader","floor":28.0,"turns":7.0},{"damage":4.0,"enemies":"Snecko","floor":29.0,"turns":5.0},{"damage":0,"enemies":"Centurion and Healer","floor":30,"turns":5},{"damage":18,"enemies":"3 Cultists","floor":31,"turns":5},{"damage":30,"enemies":"Collector","floor":33,"turns":11},{"damage":0,"enemies":"Orb Walker","floor":35,"turns":3},{"damage":28,"enemies":"3 Darklings","floor":36,"turns":9},{"damage":19,"enemies":"Giant Head","floor":40,"turns":6},{"damage":46,"enemies":"Nemesis","floor":44,"turns":5},{"damage":0,"enemies":"Spire Growth","floor":45,"turns":3},{"damage":0,"enemies":"Jaw Worm Horde","floor":46,"turns":5},{"damage":5,"enemies":"Maw","floor":47,"turns":5},{"damage":0,"enemies":"3 Darklings","floor":48,"turns":5},{"damage":37,"enemies":"Awakened One","floor":50,"turns":13}],"seed_played":"2464942056877124669","potions_obtained":[{"floor":1.0,"key":"Regen Potion"},{"floor":5.0,"key":"Dexterity Potion"},{"floor":18.0,"key":"SkillPotion"},{"floor":19.0,"key":"DistilledChaos"},{"floor":25.0,"key":"DuplicationPotion"},{"floor":33,"key":"SteroidPotion"}],"is_trial":false,"path_per_floor":["M","M","?","?","M","M","E","R","T","?","$","R","T","E","R","B",null,"M","M","?","M","M","R","M","E","T","?","E","M","M","M","R","B",null,"M","M","?","?","$","E","R","$","T","E","M","M","M","M","R","B"],"character_chosen":"THE_DT","items_purchased":["DTMod:AncientBone","Lee\u0027s Waffle","Oddly Smooth Stone","DTMod:CalculatedDefense","DTMod:LastStand","Bromod:ArcaneConsequence"],"campfire_rested":1,"item_purchase_floors":[11,39,39,39,39,42],"current_hp_per_floor":[49,49,37,49,49,49,49,49,49,49,49,49,49,52,52,19,56,56,51,51,44,40,40,47,53,53,53,55,52,54,38,38,10,56,56,28,21,21,63,49,49,49,49,5,7,9,6,8,26,0,0,0],"gold":237,"neow_bonus":"TEN_PERCENT_HP_BONUS","is_prod":false,"is_daily":false,"chose_seed":false,"campfire_upgraded":6,"win_rate":0.0,"timestamp":1607476796,"path_taken":["M","M","?","?","?","M","E","R","T","?","$","R","?","E","R","BOSS","M","M","?","M","M","R","M","E","T","?","E","M","M","M","R","BOSS","M","?","?","?","$","E","R","?","T","E","?","M","M","M","R","BOSS"],"build_version":"2020-11-30","purchased_purges":0,"victory":false,"max_hp_per_floor":[49,49,49,49,49,49,49,49,49,49,49,49,49,56,56,56,56,56,56,56,56,56,56,56,56,56,56,56,56,56,56,56,56,56,56,56,56,56,63,63,63,63,63,63,63,63,63,63,63,63,63,63],"card_choices":[{"not_picked":["DTMod:MagicField","DTMod:Hide"],"picked":"DTMod:DarkBreath","floor":1.0},{"not_picked":["DTMod:Feint","DTMod:BreakAttack"],"picked":"DTMod:Punisher","floor":2.0},{"not_picked":["DTMod:RunningTactic","DTMod:MagicField"],"picked":"DTMod:Observe","floor":5.0},{"not_picked":["DTMod:QuickFly","DTMod:Feint"],"picked":"DTMod:HeatWave","floor":6.0},{"not_picked":["DTMod:Dissolve","DTMod:DragonDance"],"picked":"DTMod:CrossStep","floor":7.0},{"not_picked":["DTMod:Shift","DTMod:MasterPlan"],"picked":"DTMod:ComboAttack","floor":14.0},{"not_picked":["DTMod:ResonanceForm","DTMod:Prediction"],"picked":"DTMod:OpeningTactic","floor":16.0},{"not_picked":["DTMod:Threaten","DTMod:BreakAttack"],"picked":"DTMod:SneakAttack","floor":18.0},{"not_picked":["DTMod:Feint","DTMod:QuickFly"],"picked":"DTMod:DeepFocus+1","floor":19.0},{"not_picked":["DTMod:Cover","DTMod:HeatWave","DTMod:Threaten"],"picked":"SKIP","floor":21.0},{"not_picked":["DTMod:BlazingStrike","DTMod:BurningEnergy"],"picked":"DTMod:Training+1","floor":22.0},{"not_picked":["DTMod:MagicField","DTMod:Hide"],"picked":"DTMod:BreakAttack+1","floor":24.0},{"not_picked":["DTMod:Threaten+1","DTMod:BlazingStrike+1"],"picked":"DTMod:MagiciansMark","floor":25.0},{"not_picked":["DTMod:Cover","DTMod:HeatWave"],"picked":"DTMod:BuildUp+1","floor":28.0},{"not_picked":["DTMod:Weaken","DTMod:BlazingStrike+1"],"picked":"DTMod:HeatWave+1","floor":29.0},{"not_picked":["DTMod:Hide","DTMod:Shift"],"picked":"DTMod:CleansingStrike+1","floor":30},{"not_picked":["DTMod:Hide","DTMod:BreakAttack"],"picked":"DTMod:ExcessFootwork","floor":31},{"not_picked":["DTMod:LightShield","DTMod:GearUp"],"picked":"DTMod:HeadStart","floor":33},{"not_picked":["DTMod:BlazingStrike","DTMod:GhostSkin+1"],"picked":"DTMod:Training+1","floor":35},{"not_picked":["DTMod:Coolant+1","DTMod:BuildUp+1","DTMod:SneakAttack"],"picked":"SKIP","floor":36},{"not_picked":["DTMod:Cover","DTMod:HeatWave+1","DTMod:MasterPlan+1"],"picked":"SKIP","floor":40},{"not_picked":["DTMod:FlameSlash","DTMod:Outburst"],"picked":"DTMod:StarRain+1","floor":44},{"not_picked":["DTMod:Weaken","DTMod:BalancedStrike+1","DTMod:BlazingStrike"],"picked":"SKIP","floor":45},{"not_picked":["DTMod:MasterPlan+1","DTMod:BalancedStrike"],"picked":"DTMod:BizarreTactic","floor":46},{"not_picked":["DTMod:BizarreTactic","DTMod:BurningEnergy+1"],"picked":"DTMod:LastStand+1","floor":47},{"not_picked":["DTMod:HeatWave+1","DTMod:BlazingStrike+1"],"picked":"DTMod:QuickFly+1","floor":48}],"player_experience":678866,"relics_obtained":[{"floor":7.0,"key":"Toy Ornithopter"},{"floor":9.0,"key":"Blood Vial"},{"floor":13.0,"key":"PreservedInsect"},{"floor":14.0,"key":"Strawberry"},{"floor":25.0,"key":"HornCleat"},{"floor":26.0,"key":"DTMod:BasicTextbook"},{"floor":28.0,"key":"Omamori"},{"floor":40,"key":"Bromod:ArcaneGuardian"},{"floor":43,"key":"Mummified Hand"},{"floor":44,"key":"Bromod:ArcaneDeflection"}],"event_choices":[{"damage_healed":0.0,"max_hp_gain":0.0,"max_hp_loss":0.0,"gold_gain":0.0,"event_name":"Golden Idol","player_choice":"Take Damage","floor":3.0,"gold_loss":0.0,"damage_taken":12.0,"relics_obtained":["Golden Idol"]},{"damage_healed":12.0,"max_hp_gain":0.0,"max_hp_loss":0.0,"gold_gain":0.0,"event_name":"Wheel of Change","player_choice":"Full Heal","floor":4.0,"gold_loss":0.0,"damage_taken":0.0},{"damage_healed":0.0,"max_hp_gain":0.0,"max_hp_loss":0.0,"gold_gain":0.0,"event_name":"Dead Adventurer","player_choice":"Searched \u00270\u0027 times","floor":10.0,"gold_loss":0.0,"damage_taken":0.0},{"damage_healed":0.0,"max_hp_gain":0.0,"max_hp_loss":0.0,"gold_gain":100.0,"event_name":"The Joust","player_choice":"Bet on Murderer","floor":27.0,"gold_loss":50.0,"damage_taken":0.0},{"damage_healed":0,"gold_gain":0,"player_choice":"Embrace Madness","damage_taken":7,"max_hp_gain":0,"max_hp_loss":0,"event_name":"Winding Halls","floor":37,"gold_loss":0,"cards_obtained":["Madness","Madness"]},{"cards_removed":["DTMod:TargetDefense"],"damage_healed":0,"gold_gain":0,"player_choice":"Removed Skill","damage_taken":0,"max_hp_gain":0,"max_hp_loss":0,"event_name":"Falling","floor":38,"gold_loss":0}],"is_beta":false,"boss_relics":[{"not_picked":["Bromod:ArcaneBarrier","Ectoplasm"],"picked":"Philosopher\u0027s Stone"},{"not_picked":["Empty Cage","Busted Crown"],"picked":"Sozu"}],"items_purged_floors":[],"is_endless":false,"potions_floor_spawned":[1,5,18,19,25,33,44,45,47],"killed_by":"Awakened One","ascension_level":0}}