{"host":"vfg9szunmpjwj08o","time":1607533135,"event":{"gold_per_floor":[113,132,148,163,180,180,213,213,213,213,213,213,213],"floor_reached":12,"playtime":470,"items_purged":[],"score":104,"play_id":"efead418-c9df-4d3e-8639-38995a82953b","local_time":"20201209175855","is_ascension_mode":true,"campfire_choices":[{"data":"Eruption","floor":6,"key":"SMITH"},{"data":"Prostrate","floor":8,"key":"SMITH"},{"data":"MentalFortress","floor":11,"key":"SMITH"}],"neow_cost":"NONE","seed_source_timestamp":22442242540400,"circlet_count":0,"master_deck":["Strike_P","Strike_P","Strike_P","Defend_P","Defend_P","Defend_P","Defend_P","Eruption+1","Vigilance","MasterReality","Prostrate+1","FlurryOfBlows","Halt","EmptyBody","JustLucky","MentalFortress+1"],"relics":["PureWater","Kunai","Molten Egg 2"],"potions_floor_usage":[7],"damage_taken":[{"damage":2,"enemies":"Jaw Worm","floor":1,"turns":3},{"damage":4,"enemies":"Cultist","floor":2,"turns":5},{"damage":1,"enemies":"Small Slimes","floor":3,"turns":4},{"damage":2,"enemies":"3 Louse","floor":4,"turns":4},{"damage":2,"enemies":"Looter","floor":5,"turns":4},{"damage":20,"enemies":"Lagavulin","floor":7,"turns":7},{"damage":31,"enemies":"3 Sentries","floor":12,"turns":9}],"seed_played":"-3136864466077591778","potions_obtained":[{"floor":4,"key":"Explosive Potion"},{"floor":5,"key":"SpeedPotion"},{"floor":7,"key":"SpeedPotion"}],"is_trial":false,"path_per_floor":["M","M","M","M","M","R","E","R","T","?","R","E"],"character_chosen":"WATCHER","items_purchased":[],"campfire_rested":0,"item_purchase_floors":[],"current_hp_per_floor":[63,59,58,56,54,54,34,34,34,34,34,3,3],"gold":213,"neow_bonus":"TRANSFORM_CARD","is_prod":false,"is_daily":false,"chose_seed":false,"campfire_upgraded":3,"win_rate":0,"timestamp":1607533135,"path_taken":["M","M","M","M","M","R","E","R","T","?","R","E"],"build_version":"2020-11-30","purchased_purges":0,"victory":false,"max_hp_per_floor":[72,72,72,72,72,72,72,72,72,72,72,72,72],"card_choices":[{"not_picked":["ThirdEye","Crescendo"],"picked":"Prostrate","floor":1},{"not_picked":["Protect","Collect"],"picked":"FlurryOfBlows","floor":2},{"not_picked":["SpiritShield","BowlingBash"],"picked":"Halt","floor":3},{"not_picked":["FlyingSleeves","ForeignInfluence"],"picked":"EmptyBody","floor":4},{"not_picked":["CarveReality","BowlingBash"],"picked":"JustLucky","floor":5},{"not_picked":["Scrawl","Prostrate"],"picked":"MentalFortress","floor":7}],"player_experience":964706,"relics_obtained":[{"floor":7,"key":"Kunai"},{"floor":9,"key":"Molten Egg 2"}],"event_choices":[{"damage_healed":0,"gold_gain":0,"player_choice":"Ignored","damage_taken":0,"max_hp_gain":0,"max_hp_loss":0,"event_name":"Liars Game","floor":10,"gold_loss":0}],"is_beta":false,"boss_relics":[],"items_purged_floors":[],"is_endless":false,"potions_floor_spawned":[4,5,7],"killed_by":"3 Sentries","ascension_level":6}}