{"host":"6bsan6hkua32tfq7","time":1607507003,"event":{"gold_per_floor":[112,37,37,53,53,53,83,83,110,121,137,72,37,64,64,135,135,155,80,80,93,93,93,93],"floor_reached":23,"playtime":457,"items_purged":["Defend_P"],"score":544,"play_id":"d79c005d-3df8-4e92-bcb1-3dc77af3259e","local_time":"20201209104323","is_ascension_mode":true,"campfire_choices":[{"data":"Eruption","floor":6,"key":"SMITH"},{"data":"Eruption","floor":8,"key":"SMITH"},{"floor":15,"key":"REST"}],"neow_cost":"NONE","seed_source_timestamp":153304564989800,"circlet_count":0,"master_deck":["AscendersBane","Strike_P","Strike_P","Strike_P","Defend_P","Defend_P","Eruption+1","Vigilance","ReachHeaven","FlurryOfBlows","Eruption+1","ReachHeaven","PathToVictory","Adaptation"],"relics":["HolyWater","NeowsBlessing","White Beast Statue","Orichalcum","betterThird:SlimedRelic","Singing Bowl"],"potions_floor_usage":[14,14,16,23],"damage_taken":[{"damage":0,"enemies":"Cultist","floor":1,"turns":1},{"damage":0,"enemies":"2 Louse","floor":4,"turns":1},{"damage":0,"enemies":"Gremlin Nob","floor":7,"turns":1},{"damage":6,"enemies":"Jaw Worm","floor":10,"turns":3},{"damage":11,"enemies":"3 Louse","floor":11,"turns":3},{"damage":36,"enemies":"3 Sentries","floor":14,"turns":5},{"damage":0,"enemies":"Slime Boss","floor":16,"turns":3},{"damage":25,"enemies":"Chosen","floor":18,"turns":4},{"damage":16,"enemies":"2 Thieves","floor":21,"turns":2},{"damage":60,"enemies":"Book of Stabbing","floor":23,"turns":2}],"seed_played":"255017308334536135","potions_obtained":[{"floor":10,"key":"LiquidMemories"},{"floor":11,"key":"FearPotion"},{"floor":14,"key":"PowerPotion"},{"floor":16,"key":"SpeedPotion"},{"floor":18,"key":"AttackPotion"},{"floor":21,"key":"BottledMiracle"}],"is_trial":false,"path_per_floor":["M","$","?","M","?","R","E","R","T","M","M","?","?","E","R","B",null,"M","?","?","M","$","E"],"character_chosen":"WATCHER","items_purchased":[],"campfire_rested":1,"item_purchase_floors":[],"current_hp_per_floor":[61,61,54,54,54,54,54,54,54,48,37,26,43,9,30,32,62,39,39,74,60,60,0,0],"gold":93,"neow_bonus":"THREE_ENEMY_KILL","is_prod":false,"is_daily":false,"chose_seed":false,"campfire_upgraded":2,"win_rate":0,"timestamp":1607507003,"path_taken":["M","$","?","M","?","R","E","R","T","?","M","?","?","E","R","BOSS","M","?","?","?","$","E"],"build_version":"2020-11-30","purchased_purges":1,"victory":false,"max_hp_per_floor":[68,68,68,68,68,68,68,68,68,68,68,68,68,70,70,72,72,74,74,74,76,76,76,76],"card_choices":[{"not_picked":["JustLucky","Pray"],"picked":"ReachHeaven","floor":1},{"not_picked":["WindmillStrike","Evaluate"],"picked":"FlurryOfBlows","floor":4},{"not_picked":["Crescendo","Nirvana"],"picked":"ReachHeaven","floor":7},{"not_picked":["Halt","Crescendo"],"picked":"PathToVictory","floor":10},{"not_picked":["Alpha","FollowUp"],"picked":"Adaptation","floor":11},{"not_picked":["ClearTheMind","MasterReality","Worship"],"picked":"Singing Bowl","floor":14},{"not_picked":["Wish","Omniscience","Judgement"],"picked":"Singing Bowl","floor":16},{"not_picked":["BowlingBash","EmptyFist","CrushJoints"],"picked":"Singing Bowl","floor":18},{"not_picked":["Halt+1","SashWhip","SignatureMove"],"picked":"Singing Bowl","floor":21}],"player_experience":5131362,"relics_obtained":[{"floor":7,"key":"White Beast Statue"},{"floor":9,"key":"Orichalcum"},{"floor":14,"key":"Singing Bowl"}],"event_choices":[{"cards_removed":["Strike_P"],"damage_healed":0,"gold_gain":0,"player_choice":"Card Removal","damage_taken":7,"max_hp_gain":0,"max_hp_loss":0,"event_name":"Golden Wing","floor":3,"gold_loss":0},{"damage_healed":0,"gold_gain":0,"player_choice":"2 cards matched","damage_taken":0,"max_hp_gain":0,"max_hp_loss":0,"event_name":"Match and Keep!","floor":5,"gold_loss":0,"cards_obtained":["Eruption","Sanctity"]},{"damage_healed":0,"gold_gain":0,"player_choice":"Slimed","damage_taken":11,"max_hp_gain":0,"max_hp_loss":0,"event_name":"betterThird:BetterGoop","floor":12,"gold_loss":65},{"damage_healed":17,"gold_gain":0,"player_choice":"Healed","damage_taken":0,"max_hp_gain":0,"max_hp_loss":0,"event_name":"The Cleric","floor":13,"gold_loss":35},{"cards_removed":["Defend_P"],"damage_healed":0,"gold_gain":0,"player_choice":"Gave Gold","damage_taken":0,"max_hp_gain":0,"max_hp_loss":0,"event_name":"Beggar","floor":19,"gold_loss":75},{"cards_removed":["Sanctity"],"damage_healed":35,"gold_gain":0,"player_choice":"Offered Uncommon","damage_taken":0,"max_hp_gain":0,"max_hp_loss":0,"event_name":"Bonfire Elementals","floor":20,"gold_loss":0}],"is_beta":false,"boss_relics":[{"not_picked":["Calling Bell","Ectoplasm"],"picked":"HolyWater"}],"items_purged_floors":[2],"is_endless":false,"potions_floor_spawned":[10,11,14,16,18,21],"killed_by":"Book of Stabbing","ascension_level":20}}