{"host":"3j2m8n0ywf988fwb","time":1607540941,"event":{"gold_per_floor":[113,38,53,3,3,48,48,99,126,145,178,232,232,288,288,455,455,531,531,531,558,558,583,7,32,64,75,75,75,87,29,29,128,128,141,141,191,203,222,222,260,260,260,0,30,73,85,105,105,105,105],"floor_reached":50,"playtime":3008,"items_purged":["Strike_B","Strike_B"],"score":856,"play_id":"13a1b339-6c11-48ad-9739-b8819b3a5f35","local_time":"20201209130901","is_ascension_mode":true,"campfire_choices":[{"floor":15.0,"key":"REST"},{"data":"Static Discharge","floor":29.0,"key":"SMITH"},{"data":"jedi:locknload","floor":40.0,"key":"SMITH"},{"data":"Dualcast","floor":42.0,"key":"SMITH"},{"floor":49,"key":"RECALL"}],"neow_cost":"NONE","seed_source_timestamp":0,"circlet_count":0,"master_deck":["Defend_B","Defend_B","Defend_B","Defend_B","Zap+1","Dualcast+1","Storm","Lockon+1","conspire:SpireCoStock","Ball Lightning","Coolheaded","Echo Form","jedi:locknload+1","Cold Snap","All For One","Go for the Eyes","Ball Lightning","Static Discharge+1","StuffTheSpire:SnapShoot","jedi:spotbugs+1","Storm+1","StuffTheSpire:Synthwave+1","Thunder Strike","Coolheaded","White Noise","Auto Shields","ReplayTheSpireMod:Dual Polarity+1","StuffTheSpire:Coldhearted+1"],"special_seed":0,"relics":["Cracked Core","hubris:MysteriousPyramids","Orichalcum","Gremlin Food","ReplayTheSpireMod:Ring of Challenge","Ring of Shattering","energizedSpire:RedRose","Meat on the Bone","conspire:BottledYoYo","Cables","Lee\u0027s Waffle","halation:Gekota","HornCleat","Quantum Egg","The Courier","energizedSpire:UnstableMolecules","StuffTheSpire:Rhapsscallions","CCEMRelics:WrappedPresent","Unceasing Top","Ancient Tea Set"],"potions_floor_usage":[],"damage_taken":[{"damage":2.0,"enemies":"Small Slimes","floor":1.0,"turns":3.0},{"damage":2.0,"enemies":"Jaw Worm","floor":3.0,"turns":3.0},{"damage":20.0,"enemies":"Lagavulin","floor":6.0,"turns":6.0},{"damage":0.0,"enemies":"2 Louse","floor":10.0,"turns":1.0},{"damage":8.0,"enemies":"Large Slime","floor":11.0,"turns":3.0},{"damage":22.0,"enemies":"3 Sentries","floor":12.0,"turns":8.0},{"damage":8.0,"enemies":"Looter","floor":14.0,"turns":2.0},{"damage":25.0,"enemies":"The Guardian","floor":16.0,"turns":5.0},{"damage":12.0,"enemies":"Chosen","floor":18.0,"turns":5.0},{"damage":18.0,"enemies":"Shell Parasite","floor":21.0,"turns":4.0},{"damage":42.0,"enemies":"Gremlin Leader","floor":23.0,"turns":6.0},{"damage":33.0,"enemies":"Slavers","floor":25.0,"turns":4.0},{"damage":0.0,"enemies":"Cultist and Chosen","floor":26.0,"turns":3.0},{"damage":7.0,"enemies":"Cultist and Chosen","floor":27.0,"turns":3.0},{"damage":2.0,"enemies":"Snecko","floor":30.0,"turns":3.0},{"damage":23.0,"enemies":"Pondfish","floor":33.0,"turns":7.0},{"damage":3.0,"enemies":"Orb Walker","floor":35.0,"turns":3.0},{"damage":3.0,"enemies":"Mind Bloom Boss Battle","floor":37.0,"turns":4.0},{"damage":6.0,"enemies":"3 Shapes","floor":38.0,"turns":2.0},{"damage":7.0,"enemies":"Sphere and 2 Shapes","floor":39.0,"turns":3.0},{"damage":30.0,"enemies":"3 Darklings","floor":41.0,"turns":4.0},{"damage":18.0,"enemies":"Spire Growth","floor":45.0,"turns":4.0},{"damage":31.0,"enemies":"Nemesis","floor":46.0,"turns":5.0},{"damage":24.0,"enemies":"Writhing Mass","floor":47.0,"turns":3.0},{"damage":17,"enemies":"3 Darklings","floor":48,"turns":3},{"damage":20,"enemies":"hubris:GrandSnecko","floor":50,"turns":1}],"seed_played":"-3977805149327015824","potions_obtained":[{"floor":3.0,"key":"Explosive Potion"},{"floor":6.0,"key":"Regen Potion"},{"floor":14.0,"key":"Regen Potion"},{"floor":23.0,"key":"Energy Potion"},{"floor":27.0,"key":"Swift Potion"},{"floor":30.0,"key":"ColorlessPotion"},{"floor":35.0,"key":"jedi:coolantleak"}],"is_trial":false,"path_per_floor":["M","$","M","?","?","E","?","T","T","M","M","E","?","M","R","B",null,"M","?","?","M","?","E","$","E","MIM","M","T","R","M","$","R_BF","B",null,"M","?","?","M","M","R","M","R","T","?","M","E","M","M","R","B"],"character_chosen":"DEFECT","items_purchased":["Lee\u0027s Waffle","Static Discharge","halation:Gekota","StuffTheSpire:Synthwave"],"campfire_rested":1,"item_purchase_floors":[24,24,24,31],"current_hp_per_floor":[73,73,71,71,64,44,44,44,44,44,36,26,26,18,40,20,75,63,63,63,45,45,15,82,49,49,42,42,42,52,52,60,49,82,79,79,76,70,63,63,45,45,47,57,51,32,20,15,15,0,0],"gold":105,"neow_bonus":"UPGRADE_CARD","is_prod":false,"is_daily":false,"chose_seed":false,"campfire_upgraded":3,"win_rate":0,"timestamp":1607540941,"path_taken":["M","$","M","?","?","E","?","?","T","M","?","E","?","?","R","BOSS","M","?","?","?","?","E","$","E","MIM","M","?","R","M","?","R_BF","BOSS","M","?","?","?","M","R","M","R","T","?","M","E","?","M","R","BOSS"],"build_version":"2020-11-30","purchased_purges":2,"victory":false,"max_hp_per_floor":[75,75,75,75,75,75,75,75,75,75,75,75,75,75,75,75,75,75,75,75,75,75,75,82,82,82,82,82,82,82,82,82,82,82,82,82,82,82,82,82,82,82,84,89,89,89,89,89,89,89,89],"relic_stats":{"Lee\u0027s Waffle":67,"counters":[26,98],"Orichalcum":[150],"obtain_stats":[{"Gremlin Food":12,"energizedSpire:RedRose":17,"Lee\u0027s Waffle":24,"energizedSpire:UnstableMolecules":34,"halation:Gekota":24,"StuffTheSpire:Rhapsscallions":43,"CCEMRelics:WrappedPresent":44,"Quantum Egg":26,"The Courier":28,"hubris:MysteriousPyramids":6,"Orichalcum":9,"Ancient Tea Set":46,"Cables":23,"HornCleat":25,"Ring of Shattering":13,"conspire:BottledYoYo":21,"ReplayTheSpireMod:Ring of Challenge":13,"jedi:command_shop":44,"Cracked Core":0,"Unceasing Top":44,"Meat on the Bone":19},{"Gremlin Food":6,"energizedSpire:RedRose":8,"Lee\u0027s Waffle":11,"energizedSpire:UnstableMolecules":16,"halation:Gekota":11,"StuffTheSpire:Rhapsscallions":21,"CCEMRelics:WrappedPresent":21,"Quantum Egg":13,"The Courier":14,"hubris:MysteriousPyramids":3,"Orichalcum":3,"Ancient Tea Set":23,"Cables":11,"HornCleat":12,"Ring of Shattering":6,"conspire:BottledYoYo":10,"ReplayTheSpireMod:Ring of Challenge":6,"jedi:command_shop":21,"Cracked Core":0,"Unceasing Top":21,"Meat on the Bone":9},{"Gremlin Food":24,"energizedSpire:RedRose":31,"Lee\u0027s Waffle":46,"energizedSpire:UnstableMolecules":66,"halation:Gekota":46,"StuffTheSpire:Rhapsscallions":82,"CCEMRelics:WrappedPresent":82,"Quantum Egg":53,"The Courier":56,"hubris:MysteriousPyramids":12,"Orichalcum":12,"Ancient Tea Set":91,"Cables":46,"HornCleat":50,"Ring of Shattering":24,"conspire:BottledYoYo":40,"ReplayTheSpireMod:Ring of Challenge":24,"jedi:command_shop":82,"Cracked Core":0,"Unceasing Top":82,"Meat on the Bone":36}],"Unceasing Top":[3],"Meat on the Bone":96,"Cables":[38,32,5,0,1]},"card_choices":[{"not_picked":["Compile Driver","ReplayTheSpireMod:System Scan"],"picked":"Storm","floor":1.0},{"not_picked":["Barrage","Rip and Tear"],"picked":"Lockon","floor":3.0},{"not_picked":["StuffTheSpire:Rend","StuffTheSpire:Plugnplay"],"picked":"Ball Lightning","floor":6.0},{"not_picked":["Hologram","Sweeping Beam"],"picked":"Coolheaded","floor":10.0},{"not_picked":["Streamline","jedi:BurstLightning"],"picked":"Echo Form","floor":11.0},{"not_picked":["jedi:hex","StuffTheSpire:Plugnplay"],"picked":"jedi:locknload","floor":12.0},{"not_picked":["ReplayTheSpireMod:GoodbyeWorld","ReplayTheSpireMod:Repulse"],"picked":"Cold Snap","floor":14.0},{"not_picked":["hubris:Prefetch","StuffTheSpire:LaunchingStrike"],"picked":"All For One","floor":16.0},{"not_picked":["Redo","Sunder+1"],"picked":"Go for the Eyes","floor":18.0},{"not_picked":["Panic Button","Consume","Turbo+1"],"picked":"SKIP","floor":21.0},{"not_picked":["Echo Form","Compile Driver"],"picked":"Ball Lightning","floor":23.0},{"not_picked":["jedi:BurstLightning","ReplayTheSpireMod:Dual Polarity"],"picked":"StuffTheSpire:SnapShoot","floor":25.0},{"not_picked":["Coolheaded","Rebound+1"],"picked":"jedi:spotbugs+1","floor":27.0},{"not_picked":["Force Field","jedi:BurstFrost"],"picked":"Storm+1","floor":30.0},{"not_picked":["StuffTheSpire:Purify","ReplayTheSpireMod:Omega Cannon"],"picked":"Thunder Strike","floor":33.0},{"not_picked":["Go for the Eyes","BasicCrystalCard+1","Reprogram"],"picked":"SKIP","floor":35.0},{"not_picked":["Melter+1","Barrage+1","Hologram+1"],"picked":"SKIP","floor":38.0},{"not_picked":["Hologram+1","Rebound","Coolheaded"],"picked":"SKIP","floor":39.0},{"not_picked":["Hologram+1","Rebound"],"picked":"Coolheaded","floor":39.0},{"not_picked":["hubris:Ukulele+1","Heatsinks"],"picked":"White Noise","floor":41.0},{"not_picked":["Double Energy+1","Hello World"],"picked":"Auto Shields","floor":45.0},{"not_picked":["StuffTheSpire:Rend+1","Steam","Gash+1"],"picked":"SKIP","floor":46.0},{"not_picked":["Turbo","Aggregate"],"picked":"ReplayTheSpireMod:Dual Polarity+1","floor":47},{"not_picked":["jedi:blockon+1","Reboot"],"picked":"StuffTheSpire:Coldhearted+1","floor":48}],"player_experience":951788,"relics_obtained":[{"floor":6.0,"key":"hubris:MysteriousPyramids"},{"floor":9.0,"key":"Orichalcum"},{"floor":12.0,"key":"Gremlin Food"},{"floor":13.0,"key":"ReplayTheSpireMod:Ring of Challenge"},{"floor":13.0,"key":"Ring of Shattering"},{"floor":19.0,"key":"Meat on the Bone"},{"floor":21.0,"key":"conspire:BottledYoYo"},{"floor":23.0,"key":"Cables"},{"floor":25.0,"key":"HornCleat"},{"floor":26.0,"key":"Quantum Egg"},{"floor":28.0,"key":"The Courier"},{"floor":43.0,"key":"StuffTheSpire:Rhapsscallions"},{"floor":44.0,"key":"Unceasing Top"},{"floor":46.0,"key":"Ancient Tea Set"}],"event_choices":[{"damage_healed":0.0,"max_hp_gain":0.0,"max_hp_loss":0.0,"gold_gain":0.0,"event_name":"conspire:Investor","player_choice":"Invest 1","floor":4.0,"gold_loss":0.0,"damage_taken":0.0},{"cards_removed":["Strike_B"],"damage_healed":0.0,"max_hp_gain":0.0,"max_hp_loss":0.0,"gold_gain":0.0,"event_name":"Golden Wing","player_choice":"Card Removal","floor":5.0,"gold_loss":0.0,"damage_taken":7.0},{"cards_removed":["Strike_B"],"damage_healed":0.0,"max_hp_gain":0.0,"max_hp_loss":0.0,"gold_gain":0.0,"event_name":"Living Wall","player_choice":"Forget","floor":7.0,"gold_loss":0.0,"damage_taken":0.0},{"damage_healed":0.0,"max_hp_gain":0.0,"max_hp_loss":0.0,"gold_gain":0.0,"event_name":"Wheel of Change","player_choice":"Relic","floor":19.0,"gold_loss":0.0,"damage_taken":0.0},{"damage_healed":0.0,"max_hp_gain":0.0,"max_hp_loss":0.0,"gold_gain":0.0,"event_name":"The Woman in Blue","player_choice":"Bought 0 Potions","floor":20.0,"gold_loss":0.0,"damage_taken":0.0},{"damage_healed":0.0,"max_hp_gain":0.0,"max_hp_loss":0.0,"gold_gain":0.0,"event_name":"betterNote:BetterNote","player_choice":"Ignored","floor":22.0,"gold_loss":0.0,"damage_taken":0.0,"cards_obtained":["Dash"]},{"damage_healed":0.0,"max_hp_gain":0.0,"max_hp_loss":0.0,"gold_gain":0.0,"event_name":"MindBloom","player_choice":"Fight","floor":37.0,"gold_loss":0.0,"damage_taken":0.0}],"is_beta":false,"boss_relics":[{"not_picked":["aspiration:RunicSpoon","conspire:SlowCooker"],"picked":"energizedSpire:RedRose"},{"not_picked":["StuffTheSpire:RunicConfusion","halation:ForbiddenBikini"],"picked":"energizedSpire:UnstableMolecules"}],"items_purged_floors":[2,24],"is_endless":false,"potions_floor_spawned":[3,6,14,23,27,30,33,35,38,39,46],"killed_by":"hubris:GrandSnecko","ascension_level":4}}