{"host":"igj4vwc42ivwqexo","time":1607507232,"event":{"gold_per_floor":[114,114,289,308,46,46,73,88,88,88,88,98,98,111,111,111,111],"floor_reached":16,"playtime":1611,"items_purged":["Doubt"],"score":115,"play_id":"aa9153f6-0ab0-4439-a801-f6088ab84943","local_time":"20201209104712","is_ascension_mode":true,"campfire_choices":[{"data":"Dodge and Roll","floor":6,"key":"SMITH"},{"data":"Neutralize","floor":11,"key":"SMITH"},{"floor":15,"key":"REST"}],"neow_cost":"NONE","seed_source_timestamp":645185259432000,"circlet_count":0,"master_deck":["Strike_G","Strike_G","Strike_G","Strike_G","Strike_G","Defend_G","Defend_G","Defend_G","Defend_G","Defend_G","Survivor","Neutralize+1","Dodge and Roll+1","Deflect","Well Laid Plans","Dagger Throw","Deflect","After Image+1","Terror","Well Laid Plans+1"],"relics":["Ring of the Snake","PreservedInsect","Mummified Hand","Snake Skull","Dream Catcher","HornCleat","Frozen Egg 2"],"potions_floor_usage":[16,16],"damage_taken":[{"damage":2,"enemies":"Small Slimes","floor":1,"turns":4},{"damage":3,"enemies":"Jaw Worm","floor":4,"turns":8},{"damage":41,"enemies":"Gremlin Nob","floor":7,"turns":6},{"damage":0,"enemies":"Cultist","floor":8,"turns":4},{"damage":1,"enemies":"3 Louse","floor":12,"turns":5},{"damage":0,"enemies":"Looter","floor":14,"turns":4},{"damage":35,"enemies":"Slime Boss","floor":16,"turns":8}],"seed_played":"4567319796276436227","potions_obtained":[{"floor":8,"key":"Swift Potion"},{"floor":14,"key":"Energy Potion"}],"is_trial":false,"path_per_floor":["M","?","?","M","$","R","E","M","T","?","R","M","?","M","R","B"],"character_chosen":"THE_SILENT","items_purchased":["Snake Skull","Well Laid Plans"],"campfire_rested":1,"item_purchase_floors":[5,5],"current_hp_per_floor":[68,61,61,58,58,58,17,17,17,17,17,16,9,9,30,0,0],"gold":111,"neow_bonus":"RANDOM_COMMON_RELIC","is_prod":false,"is_daily":false,"chose_seed":false,"campfire_upgraded":2,"win_rate":0,"timestamp":1607507232,"path_taken":["M","?","?","M","?","R","E","?","T","?","R","M","?","M","R","BOSS"],"build_version":"2020-11-30","purchased_purges":1,"victory":false,"max_hp_per_floor":[70,70,70,70,70,70,70,70,70,70,70,70,70,70,70,70,70],"card_choices":[{"not_picked":["Infinite Blades","Cloak And Dagger"],"picked":"Dodge and Roll","floor":1},{"not_picked":["Outmaneuver","Dagger Spray"],"picked":"Deflect","floor":4},{"not_picked":["Outmaneuver","All Out Attack"],"picked":"Dagger Throw","floor":7},{"not_picked":["Bane","Cloak And Dagger"],"picked":"Deflect","floor":8},{"not_picked":["Reflex","Catalyst"],"picked":"After Image+1","floor":12},{"not_picked":["Sucker Punch","Flying Knee"],"picked":"Terror","floor":14},{"not_picked":["Outmaneuver","Deflect"],"picked":"Well Laid Plans+1","floor":15}],"player_experience":160858,"relics_obtained":[{"floor":7,"key":"Dream Catcher"},{"floor":9,"key":"HornCleat"}],"event_choices":[{"damage_healed":0,"gold_gain":0,"player_choice":"Success","damage_taken":7,"relics_obtained":["Mummified Hand"],"max_hp_gain":0,"max_hp_loss":0,"event_name":"Scrap Ooze","floor":2,"gold_loss":0},{"damage_healed":0,"gold_gain":175,"player_choice":"AGREE","damage_taken":0,"max_hp_gain":0,"max_hp_loss":0,"event_name":"Liars Game","floor":3,"gold_loss":0,"cards_obtained":["Doubt"]},{"damage_healed":0,"gold_gain":0,"player_choice":"Box","damage_taken":0,"relics_obtained":["Frozen Egg 2"],"max_hp_gain":0,"max_hp_loss":0,"event_name":"Big Fish","floor":10,"gold_loss":0,"cards_obtained":["Regret"]},{"cards_removed":["Regret"],"damage_healed":0,"gold_gain":0,"player_choice":"Card Removal","damage_taken":7,"max_hp_gain":0,"max_hp_loss":0,"event_name":"Golden Wing","floor":13,"gold_loss":0}],"is_beta":false,"boss_relics":[],"items_purged_floors":[5],"is_endless":false,"potions_floor_spawned":[8,14],"killed_by":"Slime Boss","ascension_level":3}}