{"host":"htpechobqgpaugnv","time":1607493656,"event":{"gold_per_floor":[112,37,87,99,117,117,148,148,148,166,166,201,214,239,239,310,310,329,360,54,54,54,89,89,115,193,220,220,246,274,68,68,68,68],"floor_reached":33,"playtime":1037,"items_purged":["Doubt","Strike_P","Writhe"],"score":756,"play_id":"41b755d9-4f31-4ba3-b941-9411429de558","local_time":"20201209000056","is_ascension_mode":true,"campfire_choices":[{"data":"Eruption","floor":6.0,"key":"SMITH"},{"data":"Judgement","floor":8.0,"key":"SMITH"},{"data":"Meditate","floor":15.0,"key":"SMITH"},{"data":"WaveOfTheHand","floor":24.0,"key":"SMITH"},{"data":"Vault","floor":28.0,"key":"SMITH"},{"data":"SandsOfTime","floor":32,"key":"SMITH"}],"neow_cost":"CURSE","seed_source_timestamp":72716630082200,"circlet_count":0,"master_deck":["AscendersBane","Strike_P","Strike_P","Strike_P","Defend_P","Defend_P","Defend_P+1","Defend_P+1","Eruption+1","Vigilance","Judgement+1","Meditate+1","ReachHeaven","SandsOfTime+1","TalkToTheHand","Brilliance","LessonLearned+1","Wallop+1","WaveOfTheHand+1","Vault+1","ReachHeaven+1","TalkToTheHand+1","MasterReality+1"],"special_seed":0,"relics":["PureWater","TeardropLocket","Pear","Akabeko","Sundial","Runic Pyramid","Red Mask","Nunchaku","MutagenicStrength","Orichalcum","Frozen Egg 2","CeramicFish","Pantograph"],"potions_floor_usage":[33,33],"damage_taken":[{"damage":2.0,"enemies":"Jaw Worm","floor":1.0,"turns":3.0},{"damage":0.0,"enemies":"Cultist","floor":4.0,"turns":3.0},{"damage":0.0,"enemies":"Small Slimes","floor":5.0,"turns":2.0},{"damage":0.0,"enemies":"Lagavulin","floor":7.0,"turns":3.0},{"damage":0.0,"enemies":"3 Louse","floor":10.0,"turns":2.0},{"damage":15.0,"enemies":"3 Sentries","floor":12.0,"turns":4.0},{"damage":0.0,"enemies":"Large Slime","floor":13.0,"turns":2.0},{"damage":13.0,"enemies":"Lagavulin","floor":14.0,"turns":5.0},{"damage":0.0,"enemies":"Slime Boss","floor":16.0,"turns":5.0},{"damage":2.0,"enemies":"Chosen","floor":18.0,"turns":3.0},{"damage":30.0,"enemies":"Masked Bandits","floor":19.0,"turns":4.0},{"damage":14.0,"enemies":"Gremlin Leader","floor":23.0,"turns":5.0},{"damage":10.0,"enemies":"Slavers","floor":25.0,"turns":6.0},{"damage":0.0,"enemies":"Spheric Guardian","floor":27.0,"turns":1.0},{"damage":7,"enemies":"Cultist and Chosen","floor":29,"turns":4},{"damage":0,"enemies":"Sentry and Sphere","floor":30,"turns":3},{"damage":29,"enemies":"Automaton","floor":33,"turns":7}],"seed_played":"-4146634710460611179","potions_obtained":[{"floor":1.0,"key":"SpeedPotion"},{"floor":5.0,"key":"Ambrosia"},{"floor":10.0,"key":"DuplicationPotion"},{"floor":13.0,"key":"Block Potion"},{"floor":23.0,"key":"Dexterity Potion"},{"floor":30,"key":"SpeedPotion"}],"is_trial":false,"path_per_floor":["M","$","?","M","M","R","E","R","T","M","?","E","M","E","R","B",null,"M","?","$","?","?","E","R","E","T","M","R","M","M","$","R","B"],"character_chosen":"WATCHER","items_purchased":["Nunchaku","WaveOfTheHand","DuplicationPotion"],"campfire_rested":0,"item_purchase_floors":[20,20,31],"current_hp_per_floor":[59,59,53,53,53,53,53,53,53,53,58,43,43,30,30,30,66,64,34,34,34,34,20,20,10,10,10,10,3,3,3,3,0,0],"gold":68,"neow_bonus":"THREE_RARE_CARDS","is_prod":false,"is_daily":false,"chose_seed":false,"campfire_upgraded":6,"win_rate":0,"timestamp":1607493656,"path_taken":["M","$","?","M","?","R","E","R","T","M","?","E","M","E","R","BOSS","M","?","$","?","?","E","R","E","T","M","R","?","M","$","R","BOSS"],"build_version":"2020-11-30","purchased_purges":3,"victory":false,"max_hp_per_floor":[68,68,68,68,68,68,68,68,68,68,78,78,78,78,78,78,78,78,78,78,78,78,78,78,78,78,78,78,78,78,78,78,78,78],"relic_stats":{"Nunchaku":[4],"counters":[17,62],"Sundial":[2],"CeramicFish":27,"Pantograph":25,"Orichalcum":[24],"obtain_stats":[{"Pear":11,"CeramicFish":25,"TeardropLocket":7,"Orichalcum":22,"Frozen Egg 2":23,"Akabeko":12,"Nunchaku":20,"Sundial":14,"MutagenicStrength":21,"Pantograph":26,"Red Mask":19,"PureWater":0,"Runic Pyramid":17},{"Pear":5,"CeramicFish":13,"TeardropLocket":4,"Orichalcum":11,"Frozen Egg 2":12,"Akabeko":6,"Nunchaku":11,"Sundial":8,"MutagenicStrength":11,"Pantograph":13,"Red Mask":11,"PureWater":0,"Runic Pyramid":9},{"Pear":13,"CeramicFish":47,"TeardropLocket":11,"Orichalcum":36,"Frozen Egg 2":41,"Akabeko":17,"Nunchaku":36,"Sundial":24,"MutagenicStrength":36,"Pantograph":47,"Red Mask":36,"PureWater":0,"Runic Pyramid":29}]},"card_choices":[{"not_picked":["Blasphemy","DeusExMachina"],"picked":"Judgement","floor":0.0},{"not_picked":["SandsOfTime","BowlingBash","JustLucky"],"picked":"SKIP","floor":1.0},{"not_picked":["FollowUp","ConjureBlade"],"picked":"Meditate","floor":4.0},{"not_picked":["JustLucky","DeceiveReality"],"picked":"ReachHeaven","floor":5.0},{"not_picked":["FlurryOfBlows","CrushJoints","MentalFortress"],"picked":"SKIP","floor":7.0},{"not_picked":["ClearTheMind","FearNoEvil"],"picked":"SandsOfTime","floor":10.0},{"not_picked":["CutThroughFate","Worship"],"picked":"TalkToTheHand","floor":12.0},{"not_picked":["ForeignInfluence","Collect","Consecrate"],"picked":"SKIP","floor":13.0},{"not_picked":["BattleHymn","JustLucky"],"picked":"Brilliance","floor":14.0},{"not_picked":["Ragnarok","Scrawl"],"picked":"LessonLearned","floor":16.0},{"not_picked":["ThirdEye","Crescendo","FlurryOfBlows"],"picked":"SKIP","floor":18.0},{"not_picked":["Consecrate","JustLucky"],"picked":"Wallop","floor":19.0},{"not_picked":["Prostrate","JustLucky"],"picked":"Vault","floor":23.0},{"not_picked":["Meditate","Protect","JustLucky"],"picked":"SKIP","floor":25.0},{"not_picked":["Evaluate","Indignation"],"picked":"ReachHeaven+1","floor":27.0},{"not_picked":["Protect","Swivel+1"],"picked":"TalkToTheHand+1","floor":29},{"not_picked":["JustLucky","CrushJoints"],"picked":"MasterReality+1","floor":30}],"player_experience":1253857,"relics_obtained":[{"floor":7.0,"key":"TeardropLocket"},{"floor":12.0,"key":"Akabeko"},{"floor":14.0,"key":"Sundial"},{"floor":19.0,"key":"Red Mask"},{"floor":23.0,"key":"Frozen Egg 2"},{"floor":25.0,"key":"CeramicFish"},{"floor":26.0,"key":"Pantograph"}],"event_choices":[{"damage_healed":0.0,"max_hp_gain":0.0,"max_hp_loss":0.0,"gold_gain":50.0,"event_name":"FaceTrader","player_choice":"Touch","floor":3.0,"gold_loss":0.0,"damage_taken":6.0},{"damage_healed":0.0,"max_hp_gain":0.0,"max_hp_loss":0.0,"gold_gain":0.0,"event_name":"Scrap Ooze","player_choice":"Success","floor":11.0,"gold_loss":0.0,"damage_taken":5.0,"relics_obtained":["Pear"]},{"damage_healed":0.0,"max_hp_gain":0.0,"max_hp_loss":0.0,"gold_gain":0.0,"event_name":"Masked Bandits","player_choice":"Fought Bandits","floor":19.0,"gold_loss":0.0,"damage_taken":0.0},{"damage_healed":0.0,"max_hp_gain":0.0,"max_hp_loss":0.0,"gold_gain":0.0,"event_name":"Drug Dealer","player_choice":"Inject Mutagens","floor":21.0,"gold_loss":0.0,"damage_taken":0.0,"relics_obtained":["MutagenicStrength"]},{"damage_healed":0.0,"max_hp_gain":0.0,"max_hp_loss":0.0,"gold_gain":0.0,"event_name":"The Mausoleum","player_choice":"Opened","floor":22.0,"gold_loss":0.0,"damage_taken":0.0,"relics_obtained":["Orichalcum"],"cards_obtained":["Writhe"]}],"is_beta":false,"boss_relics":[{"not_picked":["Runic Dome","Pandora\u0027s Box"],"picked":"Runic Pyramid"}],"items_purged_floors":[2,20,31],"is_endless":false,"potions_floor_spawned":[1,5,10,13,23,30],"killed_by":"Automaton","ascension_level":20}}