{"host":"cm50tejdnd7ps8b8","time":1607508171,"event":{"gold_per_floor":[110,132,144,144,263,263,287,322,322,287,410,410,442,54,54,182,182,201,224,246,246],"floor_reached":20,"playtime":1502,"items_purged":[],"score":196,"play_id":"83225296-af78-4bde-9d1e-8e983d407a90","local_time":"20201209110251","is_ascension_mode":true,"campfire_choices":[{"data":"animator:Aqua","floor":6,"key":"SMITH"},{"data":"animator:Pride","floor":12,"key":"SMITH"},{"data":"animator:Lelouch","floor":15,"key":"SMITH"}],"neow_cost":"NONE","seed_source_timestamp":103851760635300,"circlet_count":0,"master_deck":["animator:Strike_Konosuba","animator:Defend_Konosuba","animator:Strike","animator:Strike","animator:Strike","animator:Defend","animator:Defend","animator:Defend","animator:Kazuma","animator:Aqua+1","animator:MetalKnight","animator:YunYun","animator:Pride+1","animator:Chris","animator:Rider","animator:IzunaHatsuse","animator:Rena","animator:Megumin+4","animator:GuildGirl","animator:Kazuma","animator:LimeBell","animator:Lelouch+1","animator:Eve","animator:LeleiLaLalena","animator:Darkness"],"relics":["animator:LivingPicture","animator:TheMissingPiece","animator:PurgingStone","NeowsBlessing","hubris:Icosahedron","hubris:ToyBattleship","DemoMod:Bottle","hubris:HollowSoul"],"potions_floor_usage":[16,16,20],"damage_taken":[{"damage":0,"enemies":"Cultist","floor":1,"turns":1},{"damage":0,"enemies":"2 Louse","floor":2,"turns":1},{"damage":0,"enemies":"Small Slimes","floor":3,"turns":2},{"damage":22,"enemies":"Exordium Wildlife","floor":5,"turns":4},{"damage":7,"enemies":"Red Slaver","floor":7,"turns":3},{"damage":18,"enemies":"Gremlin Nob","floor":8,"turns":5},{"damage":3,"enemies":"2 Fungi Beasts","floor":11,"turns":4},{"damage":5,"enemies":"Exordium Thugs","floor":13,"turns":5},{"damage":25,"enemies":"The Guardian","floor":16,"turns":13},{"damage":39,"enemies":"3 Byrds","floor":18,"turns":4},{"damage":6,"enemies":"Chosen","floor":19,"turns":7},{"damage":18,"enemies":"Centurion and Healer","floor":20,"turns":4}],"seed_played":"1909956243607650886","potions_obtained":[{"floor":1,"key":"SpeedPotion"},{"floor":2,"key":"DeathKnight:RimePotion"},{"floor":5,"key":"DeathKnight:RimePotion"},{"floor":19,"key":"Explosive Potion"}],"is_trial":false,"path_per_floor":["M","M","M","?","M","R","M","E","T","?","M","R","M","$","R","B",null,"M","M","M"],"character_chosen":"THE_ANIMATOR","items_purchased":["animator:GuildGirl","animator:Kazuma","animator:LimeBell","animator:Lelouch"],"campfire_rested":0,"item_purchase_floors":[14,14,14,14],"current_hp_per_floor":[66,66,66,66,47,47,43,28,28,44,44,44,42,42,42,20,67,31,29,0,0],"gold":246,"neow_bonus":"THREE_ENEMY_KILL","is_prod":false,"is_daily":false,"chose_seed":false,"campfire_upgraded":3,"win_rate":0,"timestamp":1607508171,"path_taken":["M","M","?","?","M","R","M","E","T","?","M","R","?","?","R","BOSS","M","M","M"],"build_version":"2020-11-30","purchased_purges":0,"victory":false,"max_hp_per_floor":[66,66,66,66,67,67,67,67,67,67,67,67,67,67,67,67,67,67,68,68,68],"card_choices":[{"not_picked":["animator:SilverFang","animator:Add"],"picked":"animator:MetalKnight","floor":1},{"not_picked":["animator:MamiTomoe","animator:Shinoa"],"picked":"animator:YunYun","floor":2},{"not_picked":["animator:LizardPriest","animator:Sloth"],"picked":"animator:Pride","floor":3},{"not_picked":["animator:Verdia","animator:Kazuma"],"picked":"animator:Chris","floor":5},{"not_picked":["animator:HiiragiShinya","animator:Mikaela"],"picked":"animator:Rider","floor":7},{"not_picked":["animator:YaoHaDucy","animator:Gluttony"],"picked":"animator:IzunaHatsuse","floor":8},{"not_picked":["animator:Geryuganshoop","animator:Togame"],"picked":"animator:Rena","floor":11},{"not_picked":["animator:Aqua","animator:Verdia"],"picked":"animator:Megumin","floor":13},{"not_picked":["animator:Elesis","animator:Rimuru"],"picked":"animator:Eve","floor":16},{"not_picked":["animator:UneriGinkaku","animator:Azekura"],"picked":"animator:LeleiLaLalena","floor":18},{"not_picked":["animator:Bozes","animator:Priestess"],"picked":"animator:Darkness","floor":19}],"player_experience":213313,"relics_obtained":[{"floor":8,"key":"hubris:ToyBattleship"},{"floor":9,"key":"DemoMod:Bottle"}],"event_choices":[{"damage_healed":16,"gold_gain":0,"player_choice":"Healed","damage_taken":0,"max_hp_gain":0,"max_hp_loss":0,"event_name":"The Cleric","floor":10,"gold_loss":35}],"is_beta":false,"boss_relics":[{"not_picked":["hubris:VirtuousBlindfold","Bromod:ArcaneBarrier"],"picked":"hubris:HollowSoul"}],"items_purged_floors":[],"is_endless":false,"potions_floor_spawned":[1,2,5,7,19],"killed_by":"Centurion and Healer","ascension_level":2}}