{"host":"l22ofasgncnscvnv","time":1607510622,"event":{"gold_per_floor":[116,291,291,311,335,335,376,376,376,376,397,472,487,507,507,507,507],"floor_reached":16,"playtime":448,"items_purged":[],"score":112,"play_id":"45dd5f1e-1ea3-4c51-bc05-c01f1381bdec","local_time":"20201209184342","is_ascension_mode":true,"campfire_choices":[{"data":"ReplayGash","floor":6.0,"key":"SMITH"},{"data":"Buffer","floor":10.0,"key":"SMITH"},{"floor":15,"key":"REST"}],"neow_cost":"NONE","seed_source_timestamp":10883739218600,"circlet_count":0,"master_deck":["Strike_B","Strike_B","Strike_B","Defend_B+1","Defend_B+1","Defend_B+1","Defend_B+1","Zap","Dualcast","Doubt","ReplayGash+1","Buffer+1","Gash"],"special_seed":0,"relics":["Cracked Core","Golden Idol","Centennial Puzzle","Replay:Bottled Eggs"],"potions_floor_usage":[13,13],"damage_taken":[{"damage":0.0,"enemies":"Small Slimes","floor":1.0,"turns":2.0},{"damage":7.0,"enemies":"Jaw Worm","floor":4.0,"turns":4.0},{"damage":1.0,"enemies":"2 Louse","floor":5.0,"turns":3.0},{"damage":23.0,"enemies":"Replay:BlueRogue","floor":7.0,"turns":6.0},{"damage":0.0,"enemies":"2 Fungi Beasts","floor":11.0,"turns":3.0},{"damage":5,"enemies":"Gremlin Gang","floor":13,"turns":4},{"damage":0,"enemies":"Red Slaver","floor":14,"turns":4},{"damage":42,"enemies":"Slime Boss","floor":16,"turns":12}],"seed_played":"-6948683331520962541","potions_obtained":[{"floor":1.0,"key":"PotionOfCapacity"},{"floor":4.0,"key":"Languid Potion"},{"floor":5.0,"key":"Reflective Coating"},{"floor":11.0,"key":"Fire Potion"}],"is_trial":false,"path_per_floor":["M","?","?","M","M","R","E","?","T","R","M","?","M","M","R","B"],"character_chosen":"DEFECT","items_purchased":[],"campfire_rested":1,"item_purchase_floors":[],"current_hp_per_floor":[82,82,62,55,54,54,31,31,31,31,31,23,18,18,42,0,0],"gold":507,"neow_bonus":"TEN_PERCENT_HP_BONUS","is_prod":false,"is_daily":false,"chose_seed":false,"campfire_upgraded":2,"win_rate":0,"timestamp":1607510622,"path_taken":["M","?","?","M","M","R","E","?","T","R","M","?","?","?","R","BOSS"],"build_version":"2020-11-30","purchased_purges":0,"victory":false,"max_hp_per_floor":[82,82,82,82,82,82,82,82,82,82,82,82,82,82,82,82,82],"relic_stats":{"Centennial Puzzle":[6],"counters":[8,38],"Golden Idol":28,"obtain_stats":[{"Centennial Puzzle":7,"Golden Idol":3,"Replay:Bottled Eggs":9,"Cracked Core":0},{"Centennial Puzzle":4,"Golden Idol":1,"Replay:Bottled Eggs":4,"Cracked Core":0},{"Centennial Puzzle":15,"Golden Idol":2,"Replay:Bottled Eggs":15,"Cracked Core":0}]},"card_choices":[{"not_picked":["Skim","Beam Cell","Streamline"],"picked":"SKIP","floor":1.0},{"not_picked":["Conserve Battery","Time Bomb"],"picked":"ReplayGash","floor":4.0},{"not_picked":["Compile Driver","Redo","Beam Cell"],"picked":"SKIP","floor":5.0},{"not_picked":["Skim","Turbo"],"picked":"Buffer","floor":7.0},{"not_picked":["Barrage","Rebound","Panic Button"],"picked":"SKIP","floor":11.0},{"not_picked":["Melter","Panic Button","ReplaySolidLightProjector"],"picked":"SKIP","floor":13},{"not_picked":["Cold Snap","Steam Power"],"picked":"Gash","floor":14}],"player_experience":222413,"relics_obtained":[{"floor":7.0,"key":"Centennial Puzzle"},{"floor":9.0,"key":"Replay:Bottled Eggs"}],"event_choices":[{"damage_healed":0.0,"max_hp_gain":0.0,"max_hp_loss":0.0,"gold_gain":175.0,"event_name":"Liars Game","player_choice":"AGREE","floor":2.0,"gold_loss":0.0,"damage_taken":0.0,"cards_obtained":["Doubt"]},{"damage_healed":0.0,"max_hp_gain":0.0,"max_hp_loss":0.0,"gold_gain":0.0,"event_name":"Golden Idol","player_choice":"Take Damage","floor":3.0,"gold_loss":0.0,"damage_taken":20.0,"relics_obtained":["Golden Idol"]},{"damage_healed":0,"gold_gain":75,"player_choice":"Touch","damage_taken":8,"max_hp_gain":0,"max_hp_loss":0,"event_name":"FaceTrader","floor":12,"gold_loss":0}],"is_beta":false,"boss_relics":[],"items_purged_floors":[],"is_endless":false,"potions_floor_spawned":[1,4,5,11],"killed_by":"Slime Boss","ascension_level":2}}