{"host":"046f94hp0svsg0ce","time":1607546757,"event":{"gold_per_floor":[110,285,11,30,52,52,92,92,92,62,102,102,111,136,136,136,136],"floor_reached":16,"playtime":2841,"items_purged":["Doubt"],"score":108,"play_id":"0d15064b-2800-43a2-9a86-87e9fd7f5b53","local_time":"20201209214557","is_ascension_mode":false,"campfire_choices":[{"floor":6,"key":"REST"},{"floor":12,"key":"REST"},{"floor":15,"key":"REST"}],"neow_cost":"NONE","seed_source_timestamp":2200717734624799,"circlet_count":0,"master_deck":["MadScienceMod:Strike_MadScience","MadScienceMod:Strike_MadScience","MadScienceMod:Strike_MadScience","MadScienceMod:Strike_MadScience","MadScienceMod:Defend_MadScience","MadScienceMod:Defend_MadScience","MadScienceMod:Defend_MadScience","MadScienceMod:Defend_MadScience","MadScienceMod:PoweredStrike","MadScienceMod:HideBehindJunk","MadScienceMod:FlameCannon","MadScienceMod:Refuel","MadScienceMod:MinatureWeapons","MadScienceMod:RadioactiveSword","MadScienceMod:FlameThrower","MadScienceMod:FragmentationGrenade","Injury","MadScienceMod:ShrinkRay"],"special_seed":0,"relics":["MadScienceMod:FuelTank","CeramicFish","The Courier","halation:EternalFortune","Ornamental Fan","theForsaken:Gavel","Golden Idol"],"potions_floor_usage":[11,14],"damage_taken":[{"damage":0,"enemies":"Small Slimes","floor":1,"turns":3},{"damage":6,"enemies":"2 Louse","floor":4,"turns":3},{"damage":13,"enemies":"Jaw Worm","floor":5,"turns":6},{"damage":45,"enemies":"3 Sentries","floor":7,"turns":9},{"damage":31,"enemies":"Lagavulin","floor":11,"turns":7},{"damage":13,"enemies":"Large Slime","floor":14,"turns":5},{"damage":47,"enemies":"Hexaghost","floor":16,"turns":12}],"seed_played":"-4429577564024533262","potions_obtained":[{"floor":7,"key":"ColorlessPotion"},{"floor":11,"key":"MadScienceMod:TrinketPotion"}],"is_trial":false,"path_per_floor":["M","?","$","M","M","R","E","?","T","?","E","R","?","M","R","B"],"character_chosen":"MAD_SCIENTIST","items_purchased":["CeramicFish","MadScienceMod:Refuel"],"campfire_rested":3,"item_purchase_floors":[3,3],"current_hp_per_floor":[82,82,82,76,63,82,37,40,40,40,9,34,34,21,46,0,0],"gold":136,"neow_bonus":"TEN_PERCENT_HP_BONUS","is_prod":false,"is_daily":false,"chose_seed":false,"campfire_upgraded":0,"win_rate":0.0,"timestamp":1607546757,"path_taken":["M","?","$","M","M","R","E","?","T","?","E","R","?","M","R","BOSS"],"build_version":"2020-11-30","purchased_purges":1,"victory":false,"max_hp_per_floor":[82,82,82,82,82,82,82,85,85,85,85,85,85,85,85,85,85],"card_choices":[{"not_picked":["MadScienceMod:PowerArmor","MadScienceMod:CaptureMomentum"],"picked":"MadScienceMod:FlameCannon","floor":1},{"not_picked":["MadScienceMod:FumeBlast","MadScienceMod:LightOnFire"],"picked":"MadScienceMod:MinatureWeapons","floor":4},{"not_picked":["MadScienceMod:Browse","MadScienceMod:JunkLaser"],"picked":"MadScienceMod:RadioactiveSword","floor":5},{"not_picked":["MadScienceMod:BoxOfScraps","MadScienceMod:NowOrNever"],"picked":"MadScienceMod:FlameThrower","floor":7},{"not_picked":["MadScienceMod:Refuel","MadScienceMod:Bombardment"],"picked":"MadScienceMod:FragmentationGrenade","floor":11},{"not_picked":["MadScienceMod:LightOnFire","MadScienceMod:Virus"],"picked":"MadScienceMod:ShrinkRay","floor":14}],"player_experience":1478010,"relics_obtained":[{"floor":7,"key":"The Courier"},{"floor":9,"key":"Ornamental Fan"},{"floor":11,"key":"theForsaken:Gavel"}],"event_choices":[{"damage_healed":0,"gold_gain":175,"player_choice":"AGREE","damage_taken":0,"max_hp_gain":0,"max_hp_loss":0,"event_name":"Liars Game","floor":2,"gold_loss":0,"cards_obtained":["Doubt"]},{"damage_healed":0,"gold_gain":0,"player_choice":"Left Gold","damage_taken":0,"max_hp_gain":0,"max_hp_loss":0,"event_name":"World of Goop","floor":10,"gold_loss":30},{"damage_healed":0,"gold_gain":0,"player_choice":"Take Wound","damage_taken":0,"relics_obtained":["Golden Idol"],"max_hp_gain":0,"max_hp_loss":0,"event_name":"Golden Idol","floor":13,"gold_loss":0,"cards_obtained":["Injury"]}],"is_beta":false,"boss_relics":[],"items_purged_floors":[3],"is_endless":false,"potions_floor_spawned":[7,11],"killed_by":"Hexaghost","ascension_level":0}}