{"host":"9vk21r6l9dtkpvh9","time":1607531325,"event":{"gold_per_floor":[111,123,123,123,93,128,148,159,205,224,224,253,265,290,290,385,385,400,400,400,413,425,425,459,559,585,605,622,622,634,653,653,749,749,761,775,775,786,143,169,169,180,180,180,191,221,233,243,243,243,243,243,45,76,76],"floor_reached":56,"playtime":3771,"items_purged":["Strike_R","Strike_R"],"score":1402,"play_id":"ee62ccfe-b10a-4c2e-a481-5c69aab9289d","local_time":"20201209112845","is_ascension_mode":true,"campfire_choices":[{"data":"Life Link","floor":11,"key":"SMITH"},{"floor":15,"key":"REST"},{"data":"RitualDagger","floor":23,"key":"SMITH"},{"floor":29,"key":"RECALL"},{"data":"infinitespire:Collect","floor":41,"key":"SMITH"},{"data":"hubris:Fate","floor":44,"key":"SMITH"},{"data":"Strike_R","floor":49,"key":"PURGE"},{"data":"Barricade","floor":52,"key":"SMITH"}],"neow_cost":"NONE","seed_source_timestamp":140763581275000,"circlet_count":0,"master_deck":["Strike_R","Strike_R","Defend_R","Defend_R","Defend_R","Defend_R","Bash","Cleave","hubris:ReadiedAction","Twin Strike","Carnage","Metallicize+1","Life Link+1","Pot Of Greed","Pot Of Greed","Immolate","Clothesline","Offering","Shockwave+1","RitualDagger+1","hubris:Fate+1","Shrug It Off","Spot Weakness","Pot Of Greed","Barricade+1","Pommel Strike+1","infinitespire:Collect+1","Heavy Blade","Feel No Pain","hubris:StunningStrike","Shrug It Off"],"relics":["Burning Blood","Pear","Orichalcum","Grinning Jar","infinitespire:BottledMercury","ChewingGum","hubris:GlazedTorus","potionbrewer:RamsHorn","conspire:SpecialSausage","Torii","potionbrewer:Keyblade","Eternal Feather","Oddly Smooth Stone","Art of War","King of Hearts","TheAbacus","Strawberry"],"potions_floor_usage":[6,6,6,16,35,45,50,55,55,55],"damage_taken":[{"damage":7,"enemies":"Small Slimes","floor":1,"turns":4},{"damage":5,"enemies":"2 Louse","floor":2,"turns":2},{"damage":30,"enemies":"Gremlin Nob","floor":6,"turns":4},{"damage":1,"enemies":"Cultist","floor":7,"turns":3},{"damage":15,"enemies":"Lots of Slimes","floor":8,"turns":3},{"damage":4,"enemies":"Looter","floor":10,"turns":4},{"damage":29,"enemies":"Lagavulin","floor":12,"turns":6},{"damage":9,"enemies":"conspire:2 RoseBushes","floor":13,"turns":3},{"damage":19,"enemies":"Replay:BlueRogue","floor":14,"turns":5},{"damage":29,"enemies":"Fading Forest","floor":16,"turns":11},{"damage":8,"enemies":"Chosen","floor":18,"turns":3},{"damage":3,"enemies":"Shell Parasite","floor":21,"turns":3},{"damage":13,"enemies":"Snecko","floor":22,"turns":5},{"damage":22,"enemies":"conspire:Head Lice","floor":24,"turns":6},{"damage":6,"enemies":"Chosen and Byrds","floor":27,"turns":4},{"damage":3,"enemies":"Snake Plant","floor":28,"turns":3},{"damage":6,"enemies":"Shelled Parasite and Fungi","floor":30,"turns":7},{"damage":13,"enemies":"conspire:HollyBat","floor":31,"turns":5},{"damage":55,"enemies":"Champ","floor":33,"turns":11},{"damage":13,"enemies":"3 Shapes","floor":35,"turns":3},{"damage":6,"enemies":"Orb Walker","floor":36,"turns":3},{"damage":7,"enemies":"3 Darklings","floor":38,"turns":5},{"damage":16,"enemies":"Nemesis","floor":40,"turns":7},{"damage":22,"enemies":"Maw","floor":42,"turns":6},{"damage":1,"enemies":"Sphere and 2 Shapes","floor":45,"turns":4},{"damage":6,"enemies":"Giant Head","floor":46,"turns":7},{"damage":15,"enemies":"Jaw Worm Horde","floor":47,"turns":2},{"damage":0,"enemies":"Maw","floor":48,"turns":7},{"damage":26,"enemies":"hubris:GrandSnecko","floor":50,"turns":18},{"damage":47,"enemies":"Shield and Spear","floor":54,"turns":7},{"damage":43,"enemies":"The Heart","floor":55,"turns":15}],"seed_played":"3608563347748995869","potions_obtained":[{"floor":1,"key":"Explosive Potion"},{"floor":5,"key":"AttackPotion"},{"floor":5,"key":"Adrenaline Potion"},{"floor":8,"key":"Strength Potion"},{"floor":12,"key":"potionbrewer:ToxicPotion"},{"floor":18,"key":"potionbrewer:DiscountPotion"},{"floor":24,"key":"Energy Potion"},{"floor":33,"key":"potionbrewer:DiscountPotion"},{"floor":35,"key":"SteroidPotion"},{"floor":38,"key":"LifebloodPotion"},{"floor":46,"key":"potionbrewer:InfectionPotion"},{"floor":47,"key":"EssenceOfSteel"},{"floor":54,"key":"LifebloodPotion"}],"is_trial":false,"path_per_floor":["M","M","?","?","?","E","M","M","T","M","R","E","M","E","R","B",null,"M","?","AVR","M","M","R","E","?","T","M","M","R","M","M","R_BF","B",null,"M","M","AVR","M","$","E","R","M","T","R","M","E","M","M","R_BF","B",null,"R","$","E","B",null],"character_chosen":"IRONCLAD","items_purchased":["potionbrewer:Keyblade","Eternal Feather","Feel No Pain","TheAbacus","Shrug It Off"],"campfire_rested":1,"item_purchase_floors":[39,39,39,53,53],"current_hp_per_floor":[87,88,88,88,88,74,79,70,70,72,72,49,46,33,62,43,98,96,90,90,93,98,98,82,82,82,82,85,85,85,78,98,49,98,91,91,91,98,98,88,98,82,82,98,98,98,89,95,98,78,98,98,98,64,27],"gold":76,"neow_bonus":"TEN_PERCENT_HP_BONUS","is_prod":false,"is_daily":false,"chose_seed":false,"campfire_upgraded":5,"win_rate":0,"timestamp":1607531325,"path_taken":["M","M","?","?","?","E","M","?","T","M","R","E","?","E","R","BOSS","M","?","AVR","M","M","R","E","?","T","M","M","R","?","?","R_BF","BOSS","M","M","AVR","M","$","E","R","M","T","R","M","E","?","M","R_BF","BOSS","R","$","E","BOSS"],"build_version":"2020-11-30","purchased_purges":2,"victory":true,"max_hp_per_floor":[88,88,88,88,88,98,98,98,98,98,98,98,98,98,98,98,98,98,98,98,98,98,98,98,98,98,98,98,98,98,98,98,98,98,98,98,98,98,98,98,98,98,98,98,98,98,98,98,98,98,98,98,98,105,105],"relic_stats":{"TheAbacus":[30],"Torii":25,"counters":[31,176],"Eternal Feather":29,"Art of War":[5],"Orichalcum":[342],"obtain_stats":[{"infinitespire:BottledMercury":14,"Pear":6,"Torii":37,"Oddly Smooth Stone":40,"conspire:SpecialSausage":34,"Eternal Feather":39,"King of Hearts":46,"Orichalcum":9,"Burning Blood":0,"potionbrewer:RamsHorn":24,"TheAbacus":53,"Strawberry":54,"ChewingGum":17,"Art of War":43,"Grinning Jar":12,"potionbrewer:Keyblade":39,"hubris:GlazedTorus":20},{"infinitespire:BottledMercury":9,"Pear":3,"Torii":21,"Oddly Smooth Stone":23,"conspire:SpecialSausage":19,"Eternal Feather":22,"King of Hearts":26,"Orichalcum":5,"Burning Blood":0,"potionbrewer:RamsHorn":14,"TheAbacus":29,"Strawberry":30,"ChewingGum":10,"Art of War":24,"Grinning Jar":7,"potionbrewer:Keyblade":22,"hubris:GlazedTorus":11},{"infinitespire:BottledMercury":34,"Pear":10,"Torii":98,"Oddly Smooth Stone":110,"conspire:SpecialSausage":92,"Eternal Feather":103,"King of Hearts":127,"Orichalcum":16,"Burning Blood":0,"potionbrewer:RamsHorn":62,"TheAbacus":154,"Strawberry":161,"ChewingGum":45,"Art of War":116,"Grinning Jar":26,"potionbrewer:Keyblade":103,"hubris:GlazedTorus":48}],"Burning Blood":172},"card_choices":[{"not_picked":["Warcry","Headbutt"],"picked":"Cleave","floor":1},{"not_picked":["Second Wind","Warcry"],"picked":"hubris:ReadiedAction","floor":2},{"not_picked":["Eclipse","Havoc"],"picked":"Twin Strike","floor":6},{"not_picked":["Heavy Blade","Replay:Undeath\u0027s Touch"],"picked":"Carnage","floor":7},{"not_picked":["Cleave","Clothesline"],"picked":"Metallicize","floor":8},{"not_picked":["Iron Wave","Replay:Undeath\u0027s Touch"],"picked":"Life Link","floor":10},{"not_picked":["Heavy Blade","infinitespire:OneForAll"],"picked":"Immolate","floor":12},{"not_picked":["Defy Death","Armaments"],"picked":"Clothesline","floor":13},{"not_picked":["Thunderclap","Warcry","Replay:Undeath\u0027s Touch"],"picked":"SKIP","floor":14},{"not_picked":["Hemogenesis","Exhume"],"picked":"Offering","floor":16},{"not_picked":["Cleave","hubris:ReadiedAction+1"],"picked":"Shockwave+1","floor":18},{"not_picked":["Seeing Red","Wild Strike"],"picked":"Shrug It Off","floor":21},{"not_picked":["Rampage","Blood for Blood","hubris:CleavingFinish"],"picked":"SKIP","floor":22},{"not_picked":["Life Link","Exhume","Blood for Blood"],"picked":"SKIP","floor":24},{"not_picked":["Defy Death","Evolve","Cleave+1"],"picked":"SKIP","floor":27},{"not_picked":["Uppercut","Perfected Strike"],"picked":"Spot Weakness","floor":28},{"not_picked":["hubris:ReadiedAction+1","Replay:Undeath\u0027s Touch","Entrench"],"picked":"SKIP","floor":30},{"not_picked":["Headbutt","Armaments","Wild Strike"],"picked":"SKIP","floor":31},{"not_picked":["Berserk","hubris:StunningStrike"],"picked":"Barricade","floor":33},{"not_picked":["Iron Wave","Twin Strike+1"],"picked":"Pommel Strike+1","floor":35},{"not_picked":["Flex+1","Second Wind+1","Searing Blow+1"],"picked":"SKIP","floor":36},{"not_picked":["Anger","Reckless Charge"],"picked":"Heavy Blade","floor":38},{"not_picked":["ReplayTheSpireMod:Strike From Hell+1","Perfected Strike+1","Defy Death"],"picked":"SKIP","floor":40},{"not_picked":["Body Slam+1","Pommel Strike","Sword Boomerang"],"picked":"SKIP","floor":42},{"not_picked":["Havoc+1","Sword Boomerang+1","Anger"],"picked":"SKIP","floor":45},{"not_picked":["Uppercut+1","Replay:Undeath\u0027s Touch+1","Clothesline"],"picked":"SKIP","floor":46},{"not_picked":["Abandon+1","Second Wind"],"picked":"hubris:StunningStrike","floor":47},{"not_picked":["Clash+1","Warcry","hubris:ReadiedAction+1"],"picked":"SKIP","floor":48},{"not_picked":["Clash+1","Perfected Strike+1","Anger"],"picked":"SKIP","floor":54}],"player_experience":541213,"relics_obtained":[{"floor":6,"key":"Pear"},{"floor":9,"key":"Orichalcum"},{"floor":12,"key":"Grinning Jar"},{"floor":14,"key":"infinitespire:BottledMercury"},{"floor":24,"key":"potionbrewer:RamsHorn"},{"floor":40,"key":"Oddly Smooth Stone"},{"floor":43,"key":"Art of War"},{"floor":46,"key":"King of Hearts"},{"floor":54,"key":"Strawberry"}],"event_choices":[{"damage_healed":0,"gold_gain":0,"player_choice":"Ignored","damage_taken":123,"max_hp_gain":0,"max_hp_loss":0,"event_name":"betterThird:BetterSerpent","floor":4,"gold_loss":0},{"damage_healed":0,"gold_gain":0,"player_choice":"Bought 2 Potions","damage_taken":0,"max_hp_gain":0,"max_hp_loss":0,"event_name":"The Woman in Blue","floor":5,"gold_loss":0},{"damage_healed":0,"gold_gain":0,"player_choice":"Dagger","damage_taken":6,"max_hp_gain":0,"max_hp_loss":0,"event_name":"betterThird:BetterNest","floor":19,"gold_loss":0,"cards_obtained":["RitualDagger"]},{"damage_healed":0,"gold_gain":100,"player_choice":"Pray","damage_taken":0,"max_hp_gain":0,"max_hp_loss":0,"event_name":"Golden Shrine","floor":25,"gold_loss":0}],"is_beta":false,"boss_relics":[{"not_picked":["Fiend:Scarf","Pandora\u0027s Box"],"picked":"ChewingGum"},{"not_picked":["vexMod:TanglingVine","Runic Cube"],"picked":"conspire:SpecialSausage"}],"items_purged_floors":[39,39],"is_endless":false,"potions_floor_spawned":[1,8,12,18,24,28,33,35,38,40,46,47,54],"ascension_level":3}}