{"host":"kjehzzhcyp0nyrrl","time":1607517244,"event":{"gold_per_floor":[115,134,134,147,161,161,176,176,228,244,261,290,41,61,61,158,158,169,72,92,105,105,105,132,32,79,90,90,106,131,131,131,231,231,251,251,251,201,251,251,287,287,287,287,306,323,323,362,362,362,362,362,119,159,159,159],"floor_reached":55,"playtime":2002,"items_purged":["Strike_G","Strike_G","Strike_G"],"score":1313,"play_id":"4ee61179-19cb-4801-ae5b-b58ffede739d","local_time":"20201209213404","is_ascension_mode":true,"campfire_choices":[{"data":"Blade Dance","floor":6.0,"key":"SMITH"},{"data":"Escape Plan","floor":8.0,"key":"SMITH"},{"data":"Phantasmal Killer","floor":15.0,"key":"SMITH"},{"data":"Impatience","floor":23.0,"key":"SMITH"},{"floor":28.0,"key":"REST"},{"floor":32.0,"key":"REST"},{"data":"Cloak And Dagger","floor":40.0,"key":"SMITH"},{"floor":44.0,"key":"RECALL"},{"data":"Tactician","floor":49.0,"key":"SMITH"},{"data":"Acrobatics","floor":52.0,"key":"SMITH"}],"neow_cost":"NONE","seed_source_timestamp":1089649682717100,"circlet_count":0,"master_deck":["AscendersBane","Strike_G","Defend_G","Defend_G","Defend_G","Defend_G","Defend_G","Survivor","Neutralize","Blade Dance+1","Escape Plan+1","Prepared","Acrobatics","Blade Dance","Phantasmal Killer+1","Dodge and Roll","Acrobatics+1","Impatience+1","Tactician+1","Cloak And Dagger+1","Backflip","Deflect","Venomology","Cloak And Dagger+1","Prepared+1","Tactician+1","Deflect","PiercingWail","Slice"],"special_seed":0,"relics":["Ring of the Snake","Strawberry","PreservedInsect","Kunai","Sundial","Philosopher\u0027s Stone","Smiling Mask","Oddly Smooth Stone","Nunchaku","WristBlade","Pocketwatch","CeramicFish","Mercury Hourglass","Happy Flower","Vajra","HandDrill","HornCleat"],"potions_floor_usage":[55],"damage_taken":[{"damage":2.0,"enemies":"2 Louse","floor":1.0,"turns":4.0},{"damage":2.0,"enemies":"Cultist","floor":2.0,"turns":4.0},{"damage":1.0,"enemies":"Jaw Worm","floor":4.0,"turns":4.0},{"damage":12.0,"enemies":"Exordium Thugs","floor":5.0,"turns":6.0},{"damage":0.0,"enemies":"Large Slime","floor":7.0,"turns":5.0},{"damage":1.0,"enemies":"Looter","floor":10.0,"turns":4.0},{"damage":0.0,"enemies":"Lots of Slimes","floor":11.0,"turns":4.0},{"damage":2.0,"enemies":"3 Sentries","floor":12.0,"turns":6.0},{"damage":3.0,"enemies":"Blue Slaver","floor":14.0,"turns":4.0},{"damage":21.0,"enemies":"Hexaghost","floor":16.0,"turns":13.0},{"damage":5.0,"enemies":"2 Thieves","floor":18.0,"turns":5.0},{"damage":0.0,"enemies":"3 Byrds","floor":20.0,"turns":4.0},{"damage":19.0,"enemies":"Snake Plant","floor":21.0,"turns":7.0},{"damage":33.0,"enemies":"Slavers","floor":24.0,"turns":3.0},{"damage":0.0,"enemies":"3 Cultists","floor":27.0,"turns":5.0},{"damage":18.0,"enemies":"Cultist and Chosen","floor":29.0,"turns":9.0},{"damage":0.0,"enemies":"Champ","floor":33.0,"turns":11.0},{"damage":2.0,"enemies":"Orb Walker","floor":35.0,"turns":3.0},{"damage":0.0,"enemies":"Mind Bloom Boss Battle","floor":39.0,"turns":6.0},{"damage":0.0,"enemies":"Giant Head","floor":41.0,"turns":3.0},{"damage":0.0,"enemies":"3 Darklings","floor":45.0,"turns":5.0},{"damage":0.0,"enemies":"Maw","floor":46.0,"turns":6.0},{"damage":0.0,"enemies":"Nemesis","floor":48.0,"turns":3.0},{"damage":2.0,"enemies":"Donu and Deca","floor":50.0,"turns":8.0},{"damage":0.0,"enemies":"Shield and Spear","floor":54.0,"turns":6.0},{"damage":105,"enemies":"The Heart","floor":55,"turns":3}],"seed_played":"-1667912583498790846","potions_obtained":[{"floor":1.0,"key":"DistilledChaos"},{"floor":2.0,"key":"Swift Potion"},{"floor":21.0,"key":"Explosive Potion"},{"floor":24.0,"key":"DuplicationPotion"},{"floor":29.0,"key":"Dexterity Potion"},{"floor":31.0,"key":"AttackPotion"},{"floor":48.0,"key":"Ancient Potion"}],"is_trial":false,"path_per_floor":["M","M","?","M","M","R","M","R","T","M","M","E","$","M","R","B",null,"M","$","M","M","?","R","E","$","T","M","R","M","T","?","R","B",null,"M","?","?","$","?","R","E","T","T","R","M","M","?","E","R","B",null,"R","$","E","B"],"character_chosen":"THE_SILENT","items_purchased":["Sundial","Impatience","Backflip","HandDrill","PiercingWail"],"campfire_rested":2,"item_purchase_floors":[13,19,25,53,53],"current_hp_per_floor":[68,66,66,65,53,53,53,53,53,52,52,50,50,47,47,26,64,59,59,59,40,40,40,7,7,7,7,30,12,12,12,35,35,67,65,65,65,65,65,65,65,65,65,65,65,65,65,65,65,63,71,71,71,71,0,0],"gold":159,"neow_bonus":"RANDOM_COMMON_RELIC","is_prod":false,"is_daily":false,"chose_seed":false,"campfire_upgraded":7,"win_rate":0,"timestamp":1607517244,"path_taken":["M","M","?","M","M","R","?","R","T","M","M","E","$","M","R","BOSS","M","$","M","M","?","R","E","$","T","M","R","M","?","?","R","BOSS","M","?","?","$","?","R","E","?","T","R","M","M","?","E","R","BOSS","R","$","E","BOSS"],"build_version":"2020-11-30","purchased_purges":3,"victory":false,"max_hp_per_floor":[77,77,77,77,77,77,77,77,77,77,77,77,77,77,77,77,77,77,77,77,77,77,77,77,77,77,77,77,77,77,77,77,77,77,77,77,73,73,73,73,73,73,73,73,73,73,73,73,73,73,73,73,73,73,73,73],"card_choices":[{"not_picked":["Backstab","Slice"],"picked":"Blade Dance","floor":1.0},{"not_picked":["Skewer","Bane"],"picked":"Escape Plan","floor":2.0},{"not_picked":["Bane","Distraction"],"picked":"Prepared","floor":4.0},{"not_picked":["Outmaneuver","Prepared"],"picked":"Acrobatics","floor":5.0},{"not_picked":["Deadly Poison","Quick Slash"],"picked":"Blade Dance","floor":7.0},{"not_picked":["Riddle With Holes","Backflip"],"picked":"Infinite Blades","floor":10.0},{"not_picked":["Dagger Spray","Deflect"],"picked":"Phantasmal Killer","floor":11.0},{"not_picked":["Skewer","Predator"],"picked":"Dodge and Roll","floor":12.0},{"not_picked":["Outmaneuver","All Out Attack","Blade Dance"],"picked":"SKIP","floor":14.0},{"not_picked":["All Out Attack+1","Blade Dance+1"],"picked":"Acrobatics","floor":18.0},{"not_picked":["Outmaneuver","Poisoned Stab+1"],"picked":"Tactician+1","floor":20.0},{"not_picked":["Distraction","Riddle With Holes","Blade Dance"],"picked":"SKIP","floor":21.0},{"not_picked":["Flying Knee","Poisoned Stab"],"picked":"Cloak And Dagger","floor":24.0},{"not_picked":["Endless Agony","Sucker Punch","Acrobatics"],"picked":"SKIP","floor":27.0},{"not_picked":["Backflip","Slice"],"picked":"Deflect","floor":29.0},{"not_picked":["Tools of the Trade","Die Die Die"],"picked":"Venomology","floor":33.0},{"not_picked":["Underhanded Strike+1","Terror+1"],"picked":"Cloak And Dagger+1","floor":35.0},{"not_picked":["Acrobatics","Deadly Poison"],"picked":"Prepared+1","floor":39.0},{"not_picked":["Slice+1","Bane"],"picked":"Tactician","floor":41.0},{"not_picked":["All Out Attack+1","Terror+1","Infinite Blades"],"picked":"SKIP","floor":45.0},{"not_picked":["All Out Attack+1","Terror+1","Infinite Blades"],"picked":"SKIP","floor":45.0},{"not_picked":["PiercingWail","Cloak And Dagger+1","Riddle With Holes"],"picked":"SKIP","floor":46.0},{"not_picked":["Noxious Fumes+1","Crippling Poison+1"],"picked":"Deflect","floor":48.0},{"not_picked":["Flying Knee+1","Infinite Blades+1"],"picked":"Slice","floor":54.0}],"player_experience":352060,"relics_obtained":[{"floor":9.0,"key":"PreservedInsect"},{"floor":12.0,"key":"Kunai"},{"floor":24.0,"key":"Smiling Mask"},{"floor":26.0,"key":"Oddly Smooth Stone"},{"floor":30.0,"key":"Nunchaku"},{"floor":39.0,"key":"Pocketwatch"},{"floor":41.0,"key":"CeramicFish"},{"floor":43.0,"key":"Mercury Hourglass"},{"floor":48.0,"key":"Vajra"},{"floor":54.0,"key":"HornCleat"}],"event_choices":[{"cards_removed":["Strike_G"],"damage_healed":0.0,"max_hp_gain":0.0,"max_hp_loss":0.0,"gold_gain":0.0,"event_name":"Bonfire Elementals","player_choice":"Offered Basic","floor":3.0,"gold_loss":0.0,"damage_taken":0.0},{"damage_healed":0.0,"max_hp_gain":0.0,"max_hp_loss":0.0,"gold_gain":0.0,"event_name":"Ghosts","player_choice":"Ignored","floor":22.0,"gold_loss":0.0,"damage_taken":0.0},{"damage_healed":0.0,"max_hp_gain":0.0,"max_hp_loss":0.0,"gold_gain":0.0,"event_name":"Lab","player_choice":"Got Potions","floor":31.0,"gold_loss":0.0,"damage_taken":0.0},{"cards_removed":["Infinite Blades"],"damage_healed":0.0,"max_hp_gain":0.0,"max_hp_loss":0.0,"gold_gain":0.0,"event_name":"Falling","player_choice":"Removed Power","floor":36.0,"gold_loss":0.0,"damage_taken":0.0},{"damage_healed":0.0,"max_hp_gain":0.0,"max_hp_loss":4.0,"gold_gain":0.0,"event_name":"Winding Halls","player_choice":"Max HP","floor":37.0,"gold_loss":0.0,"damage_taken":0.0},{"damage_healed":0.0,"max_hp_gain":0.0,"max_hp_loss":0.0,"gold_gain":0.0,"event_name":"MindBloom","player_choice":"Fight","floor":39.0,"gold_loss":0.0,"damage_taken":0.0},{"damage_healed":0.0,"max_hp_gain":0.0,"max_hp_loss":0.0,"gold_gain":0.0,"event_name":"WeMeetAgain","player_choice":"Gave Potion","floor":47.0,"gold_loss":0.0,"damage_taken":0.0,"relics_obtained":["Happy Flower"]}],"is_beta":false,"boss_relics":[{"not_picked":["Empty Cage","Astrolabe"],"picked":"Philosopher\u0027s Stone"},{"not_picked":["Black Star","Runic Dome"],"picked":"WristBlade"}],"items_purged_floors":[25,38,53],"is_endless":false,"potions_floor_spawned":[1,2,4,7,21,24,29,35,41,48],"killed_by":"The Heart","ascension_level":11}}