{"host":"xodzlm10r37577ou","time":1607507604,"event":{"gold_per_floor":[111,111,36,56,56,56,56,68,68,87,116,116,146,156,156,228,228,247,162,162,175,0,0,0,18,18,44,44,69,10,45,45,122,122,140,140,0,11,11,27,27,352,352,352,371,371,385,400,400,400,400],"floor_reached":52,"playtime":3804,"items_purged":["Defend_G","Strike_G"],"score":2361,"play_id":"445c59a8-c426-43c7-8662-6e522c2fb48f","local_time":"20201209175324","is_ascension_mode":true,"campfire_choices":[{"data":"Dash","floor":6.0,"key":"SMITH"},{"data":"Blade Dance","floor":12.0,"key":"SMITH"},{"data":"ReplayTheSpireMod:Speed Training","floor":28.0,"key":"SMITH"},{"data":"Blade Dance","floor":32.0,"key":"SMITH"},{"data":"Caltrops","floor":41.0,"key":"SMITH"},{"data":"Finisher","floor":44.0,"key":"SMITH"},{"data":"Acrobatics","floor":46.0,"key":"SMITH"},{"data":"Slice","floor":49.0,"key":"SMITH"}],"neow_cost":"NONE","seed_source_timestamp":349659482729600,"circlet_count":0,"master_deck":["AscendersBane","Defend_G","Defend_G","Defend_G","Survivor","Neutralize+1","Dash+1","Unload","Blade Dance+1","Acrobatics+1","Finisher+1","After Image","After Image","Slice+1","After Image+1","Looming Evil","Dodge and Roll","ReplayTheSpireMod:Speed Training+1","Blur","Caltrops+1","Blade Dance+1","After Image","Slice+1","Poisoned Stab+1"],"special_seed":0,"relics":["Ring of the Serpent","NeowsBlessing","The Courier","StrikeDummy","Paper Crane","Replay:Drink Me","Pantograph","Ring of Misfortune","ReplayTheSpireMod:Ring of Addiction","SacredBark","White Beast Statue","Gremlin Horn","Question Card","Ninja Scroll","Lizard Tail","Red Mask","Old Coin","Molten Egg 2"],"potions_floor_usage":[],"damage_taken":[{"damage":0.0,"enemies":"Small Slimes","floor":1.0,"turns":1.0},{"damage":0.0,"enemies":"Cultist","floor":4.0,"turns":1.0},{"damage":0.0,"enemies":"Jaw Worm","floor":8.0,"turns":1.0},{"damage":1.0,"enemies":"Red Slaver","floor":10.0,"turns":3.0},{"damage":21.0,"enemies":"Gremlin Nob","floor":11.0,"turns":4.0},{"damage":12.0,"enemies":"3 Sentries","floor":13.0,"turns":7.0},{"damage":0.0,"enemies":"Looter","floor":14.0,"turns":2.0},{"damage":23.0,"enemies":"Hexaghost","floor":16.0,"turns":10.0},{"damage":16.0,"enemies":"2 Thieves","floor":18.0,"turns":4.0},{"damage":3.0,"enemies":"Spheric Guardian","floor":21.0,"turns":4.0},{"damage":0.0,"enemies":"Snake Plant","floor":25.0,"turns":3.0},{"damage":13.0,"enemies":"Slavers","floor":27.0,"turns":18.0},{"damage":0.0,"enemies":"Gremlin Leader","floor":29.0,"turns":3.0},{"damage":0.0,"enemies":"Slavers","floor":31.0,"turns":7.0},{"damage":1.0,"enemies":"Pondfish","floor":33.0,"turns":14.0},{"damage":0.0,"enemies":"Orb Walker","floor":35.0,"turns":4.0},{"damage":0.0,"enemies":"3 Shapes","floor":38.0,"turns":3.0},{"damage":0.0,"enemies":"Transient","floor":40.0,"turns":6.0},{"damage":0.0,"enemies":"Mind Bloom Boss Battle","floor":42.0,"turns":9.0},{"damage":0.0,"enemies":"3 Darklings","floor":45.0,"turns":4.0},{"damage":0.0,"enemies":"Maw","floor":47.0,"turns":10.0},{"damage":0.0,"enemies":"Spire Growth","floor":48.0,"turns":5.0},{"damage":6.0,"enemies":"Awakened One","floor":50.0,"turns":15.0},{"damage":22,"enemies":"Time Eater","floor":51,"turns":17}],"seed_played":"8921366242696707231","potions_obtained":[{"floor":10.0,"key":"Explosive Potion"},{"floor":13.0,"key":"CunningPotion"},{"floor":14.0,"key":"Ancient Potion"},{"floor":18.0,"key":"SteroidPotion"},{"floor":21.0,"key":"Toxic Potion"},{"floor":25.0,"key":"FearPotion"},{"floor":27.0,"key":"FearPotion"},{"floor":29.0,"key":"Weak Potion"},{"floor":31.0,"key":"Swift Potion"},{"floor":33.0,"key":"Fire Potion"},{"floor":35.0,"key":"Fire Potion"},{"floor":38.0,"key":"Energy Potion"},{"floor":40.0,"key":"Milkshake"},{"floor":42.0,"key":"FairyPotion"}],"is_trial":false,"path_per_floor":["M","?","$","M","?","R","$","M","T","M","E","R","E","M","R","B",null,"M","?","?","M","$","$","?","M","T","E","R","E","$","E","R","B",null,"M","?","?","M","$","M","R","?","T","R","M","R","M","M","R","B","B",null],"character_chosen":"THE_SILENT","items_purchased":["After Image+1","Caltrops"],"campfire_rested":0,"item_purchase_floors":[22,30],"current_hp_per_floor":[59,59,59,59,59,59,59,59,59,58,37,37,25,25,25,2,38,22,22,22,19,19,19,19,19,19,6,6,6,6,6,6,30,45,45,45,45,45,45,45,45,45,45,43,43,43,41,41,41,33,17],"gold":400,"neow_bonus":"THREE_ENEMY_KILL","is_prod":false,"is_daily":false,"chose_seed":false,"campfire_upgraded":8,"win_rate":0,"timestamp":1607507604,"path_taken":["M","?","$","?","?","R","?","?","T","M","E","R","E","M","R","BOSS","M","?","?","M","?","$","?","M","T","E","R","E","$","E","R","BOSS","M","?","?","M","$","M","R","?","T","R","M","R","M","M","R","BOSS","BOSS"],"build_version":"2020-11-30","purchased_purges":2,"victory":true,"max_hp_per_floor":[66,66,66,66,66,66,66,66,66,66,66,66,66,66,66,66,50,50,50,50,50,50,50,50,50,50,50,50,50,50,50,50,50,50,50,47,45,45,45,45,45,45,45,43,43,43,41,41,41,39,39],"card_choices":[{"not_picked":["Deflect","Bane","Dodge and Roll"],"picked":"SKIP","floor":1.0},{"not_picked":["Dodge and Roll","All Out Attack"],"picked":"Dash","floor":4.0},{"not_picked":["Dagger Throw","Caltrops"],"picked":"Unload","floor":8.0},{"not_picked":["Acrobatics","Heel Hook"],"picked":"Blade Dance","floor":10.0},{"not_picked":["Flying Knee","Noxious Fumes","Prepared"],"picked":"SKIP","floor":11.0},{"not_picked":["ReplayTheSpireMod:Exploit Weakness","Tactician"],"picked":"Acrobatics","floor":13.0},{"not_picked":["Dagger Throw","ReplayTheSpireMod:Tripwire"],"picked":"Finisher","floor":14.0},{"not_picked":["Atom Bomb","Die Die Die"],"picked":"After Image","floor":16.0},{"not_picked":["Backflip","Acrobatics"],"picked":"Slice","floor":18.0},{"not_picked":["All Out Attack","Outmaneuver","Underhanded Strike"],"picked":"SKIP","floor":21.0},{"not_picked":["Toxin Wave+1","Deadly Poison"],"picked":"Dodge and Roll","floor":25.0},{"not_picked":["Draining Mist","Grand Finale"],"picked":"ReplayTheSpireMod:Speed Training","floor":27.0},{"not_picked":["Flying Knee","Choke","Outmaneuver"],"picked":"Blur","floor":29.0},{"not_picked":["Unload","Finisher","Deflect+1"],"picked":"Blade Dance","floor":31.0},{"not_picked":["Atom Bomb","Malaise","Tools of the Trade"],"picked":"After Image","floor":33.0},{"not_picked":["Dagger Spray","Eviscerate","Dodge and Roll+1"],"picked":"Slice+1","floor":35.0},{"not_picked":["Setup","Outmaneuver","Well Laid Plans","Underhanded Strike+1"],"picked":"SKIP","floor":38.0},{"not_picked":["Poisoned Stab","Underhanded Strike","Reflex","Dodge and Roll"],"picked":"SKIP","floor":40.0},{"not_picked":["Corpse Explosion","Slice+1","Dagger Spray+1","Prepared"],"picked":"SKIP","floor":45.0},{"not_picked":["Dagger Spray+1","Outmaneuver","Slice+1"],"picked":"Poisoned Stab+1","floor":47.0},{"not_picked":["Dagger Throw+1","Quick Slash+1","Flying Knee+1","Tools of the Trade"],"picked":"SKIP","floor":48.0}],"player_experience":398462,"relics_obtained":[{"floor":9.0,"key":"The Courier"},{"floor":11.0,"key":"StrikeDummy"},{"floor":13.0,"key":"Paper Crane"},{"floor":24.0,"key":"Ring of Misfortune"},{"floor":24.0,"key":"ReplayTheSpireMod:Ring of Addiction"},{"floor":24.0,"key":"SacredBark"},{"floor":24.0,"key":"White Beast Statue"},{"floor":26.0,"key":"Gremlin Horn"},{"floor":27.0,"key":"Question Card"},{"floor":29.0,"key":"Ninja Scroll"},{"floor":31.0,"key":"Lizard Tail"},{"floor":42.0,"key":"Old Coin"},{"floor":43.0,"key":"Molten Egg 2"}],"event_choices":[{"damage_healed":0.0,"max_hp_gain":0.0,"max_hp_loss":0.0,"gold_gain":0.0,"event_name":"Upgrade Shrine","player_choice":"Upgraded","floor":2.0,"gold_loss":0.0,"damage_taken":0.0,"cards_upgraded":["Neutralize"]},{"damage_healed":0.0,"max_hp_gain":0.0,"max_hp_loss":0.0,"gold_gain":0.0,"event_name":"Addict","player_choice":"Obtained Relic","floor":19.0,"gold_loss":85.0,"damage_taken":0.0,"relics_obtained":["Pantograph"]},{"damage_healed":0.0,"max_hp_gain":0.0,"max_hp_loss":0.0,"gold_gain":0.0,"event_name":"Vampires","player_choice":"Ignored","floor":20.0,"gold_loss":0.0,"damage_taken":0.0},{"damage_healed":0.0,"max_hp_gain":0.0,"max_hp_loss":3.0,"gold_gain":0.0,"event_name":"Winding Halls","player_choice":"Max HP","floor":36.0,"gold_loss":0.0,"damage_taken":0.0},{"damage_healed":0.0,"max_hp_gain":0.0,"max_hp_loss":0.0,"gold_gain":0.0,"event_name":"Tomb of Lord Red Mask","player_choice":"Paid","floor":37.0,"gold_loss":140.0,"damage_taken":0.0,"relics_obtained":["Red Mask"]},{"damage_healed":0.0,"max_hp_gain":0.0,"max_hp_loss":0.0,"gold_gain":0.0,"event_name":"MindBloom","player_choice":"Fight","floor":42.0,"gold_loss":0.0,"damage_taken":0.0}],"is_beta":false,"boss_relics":[{"not_picked":["Runic Pyramid","Black Star"],"picked":"Replay:Drink Me"},{"not_picked":["Calling Bell","Astrolabe"],"picked":"Ring of the Serpent"}],"items_purged_floors":[3,22],"is_endless":false,"potions_floor_spawned":[10,13,14,18,21,25,27,29,31,33,35,38,40,42,45,47,48],"ascension_level":20}}