{"host":"4be9rrw6luv8jrir","time":1607528065,"event":{"gold_per_floor":[118,161,233,233,67,67,97,97,142,142,176,176,176,205,268,268,268],"floor_reached":16,"playtime":779,"items_purged":["animator:Tatsumaki+1"],"score":133,"play_id":"62541b32-6a95-419f-b64f-2e3e15e38015","local_time":"20201209233425","is_ascension_mode":true,"campfire_choices":[{"data":"MostiFishMod:SparklingWater","floor":6.0,"key":"SMITH"},{"data":"MostiFishMod:NightSea","floor":10.0,"key":"SMITH"}],"neow_cost":"NONE","seed_source_timestamp":165979377229900,"circlet_count":0,"master_deck":["animator:Strike","animator:Strike","animator:Defend","animator:Defend","animator:Benimaru","animator:Shuna","MostiFishMod:Neptune","MostiFishMod:TheEndOfMoonlight","MostiFishMod:SparklingWater+1","MostiFishMod:FantasySummer","MostiFishMod:NightSea+1","animator:Mitsurugi+1","animator:MisaKurobane+1","Buffer","Chaos","Pot Of Greed","Pot Of Greed","animator:Canti","animator:Ainz","Regret","animator:Caster","Pain","MostiFishMod:PerfectParry"],"special_seed":0,"relics":["animator:TheMissingPiece","DaveBox","MoonlightInvasionPlan","Astrolabe","Question Card","PrismaticShard","Grinning Jar","Juzu Bracelet","hubris:DeckOfHolding","Tiny Chest","hubris:ToyBattleship","WarpedTongs","HornCleat","Replay:Wax Seal"],"potions_floor_usage":[],"damage_taken":[{"damage":0.0,"enemies":"2 Louse","floor":1.0,"turns":2.0},{"damage":0.0,"enemies":"Gremlin Nob","floor":7.0,"turns":1.0},{"damage":4.0,"enemies":"conspire:MimicChest","floor":11.0,"turns":3.0},{"damage":14.0,"enemies":"3 Sentries","floor":14.0,"turns":5.0},{"damage":2,"enemies":"Fading Forest","floor":16,"turns":2}],"seed_played":"4994791199424071737","potions_obtained":[{"floor":1.0,"key":"DuplicationPotion"},{"floor":3.0,"key":"DuplicationPotion"},{"floor":4.0,"key":"Adrenaline Potion"}],"is_trial":false,"path_per_floor":["M","?","?","?","$","R","E","?","T","R","?","?","?","E","R","B"],"character_chosen":"THE_ANIMATOR","items_purchased":["animator:Canti"],"campfire_rested":0,"item_purchase_floors":[5],"current_hp_per_floor":[66,66,50,50,50,50,50,50,50,50,46,46,21,7,7,5,5],"gold":268,"neow_bonus":"BOSS_RELIC","is_prod":false,"is_daily":false,"chose_seed":false,"campfire_upgraded":2,"win_rate":0,"timestamp":1607528065,"path_taken":["M","?","?","?","$","R","E","?","T","R","?","?","?","E","R","BOSS"],"build_version":"2020-11-30","purchased_purges":1,"victory":false,"max_hp_per_floor":[66,66,66,66,66,66,66,66,66,66,66,66,66,66,66,66,66],"card_choices":[{"not_picked":["animator:YunYun","animator:ChaikaBohdan","animator:Layla"],"picked":"SKIP","floor":1.0},{"not_picked":["animator:SilverFang","Iron Wave","Shrug It Off"],"picked":"Buffer","floor":3.0},{"not_picked":["animator:Togame","Cold Snap","CarveReality"],"picked":"Chaos","floor":3.0},{"not_picked":["animator:Alexander","animator:Illya","Replay:AtTheReady"],"picked":"animator:Ainz","floor":7.0},{"not_picked":["Replay:Bootleg Shield Generator","FlyingSleeves","FlurryOfBlows"],"picked":"animator:Caster","floor":11.0},{"not_picked":["Evolve","animator:Mitsurugi","animator:Gluttony"],"picked":"MostiFishMod:PerfectParry","floor":14.0}],"player_experience":465172,"relics_obtained":[{"floor":1.0,"key":"Question Card"},{"floor":1.0,"key":"PrismaticShard"},{"floor":3.0,"key":"Grinning Jar"},{"floor":7.0,"key":"Juzu Bracelet"},{"floor":9.0,"key":"Tiny Chest"},{"floor":11.0,"key":"hubris:ToyBattleship"},{"floor":14.0,"key":"Replay:Wax Seal"}],"event_choices":[{"damage_healed":0.0,"max_hp_gain":0.0,"max_hp_loss":0.0,"gold_gain":0.0,"event_name":"Lab","player_choice":"Got Potions","floor":4.0,"gold_loss":0.0,"damage_taken":0.0},{"damage_healed":0.0,"max_hp_gain":0.0,"max_hp_loss":0.0,"gold_gain":0.0,"event_name":"Big Fish","player_choice":"Box","floor":8.0,"gold_loss":0.0,"damage_taken":0.0,"relics_obtained":["hubris:DeckOfHolding"],"cards_obtained":["Regret"]},{"damage_healed":0.0,"max_hp_gain":0.0,"max_hp_loss":0.0,"gold_gain":0.0,"event_name":"Accursed Blacksmith","player_choice":"Rummage","floor":12.0,"gold_loss":0.0,"damage_taken":0.0,"relics_obtained":["WarpedTongs"],"cards_obtained":["Pain"]},{"damage_healed":0.0,"max_hp_gain":0.0,"max_hp_loss":0.0,"gold_gain":0.0,"event_name":"Scrap Ooze","player_choice":"Success","floor":13.0,"gold_loss":0.0,"damage_taken":25.0,"relics_obtained":["HornCleat"]}],"is_beta":false,"boss_relics":[],"items_purged_floors":[5],"is_endless":false,"potions_floor_spawned":[1],"killed_by":"Fading Forest","ascension_level":1}}