{"host":"99ad87xtd5ypi7ii","time":1607547153,"event":{"gold_per_floor":[118,193,45,61,61,61,90,90,90,90,123,136,136,190,190,290,290,304,304,15,15,34,34,54,79,103,28,28,28,28,62,62,159,159,177,177,196,127,127,127,160,160,207,236,236,236,256,288,288,288,288],"floor_reached":50,"playtime":2679,"items_purged":[],"score":707,"play_id":"805a078e-54ed-4c5f-a54a-3dd8c0f16a61","local_time":"20201209215233","is_ascension_mode":true,"campfire_choices":[{"data":"Desolation","floor":6,"key":"SMITH"},{"floor":10,"key":"REST"},{"data":"FanOfKnives","floor":13,"key":"SMITH"},{"floor":15,"key":"REST"},{"data":"GearUp","floor":23,"key":"SMITH"},{"floor":29,"key":"REST"},{"floor":32,"key":"REST"},{"data":"MurderousAura","floor":40,"key":"SMITH"},{"data":"Blind","floor":42,"key":"SMITH"},{"data":"Secret Technique","floor":45,"key":"SMITH"},{"floor":49,"key":"REST"}],"neow_cost":"NONE","seed_source_timestamp":318790720856600,"circlet_count":0,"master_deck":["Strike_S+1","Strike_S+1","Strike_S+1","Strike_S+1","Defend_S+1","Defend_S+1","Defend_S+1","KidneyShot+1","Exchange+1","Madness+1","ShatteredReality","Desolation+1","FanOfKnives+1","Dilation+1","Dilation","SilverBlades+1","GearUp+1","Misdirection","Desolation+1","MurderousAura+1","Ricochet+1","Collapse+1","InstantArmor","Secret Technique+1","Trip+1","Blind+1","Desolation+1","BottledTime+1","DancingSilver+1","BottledTime+1"],"relics":["Uniform","Pan","StrikeDummy","Darkstone Periapt","War Paint","SlaversCollar","Chemical X","PreservedInsect","Bag of Marbles","Smiling Mask","Orichalcum","Anchor","Black Star","InkBottle","Bottled Tornado","Nunchaku","Vajra","Blue Candle","Whetstone"],"potions_floor_usage":[7,11,16,18,22,22,24,24,31,50,50],"damage_taken":[{"damage":4,"enemies":"Jaw Worm","floor":1,"turns":5},{"damage":7,"enemies":"Small Slimes","floor":4,"turns":3},{"damage":21,"enemies":"Lagavulin","floor":7,"turns":4},{"damage":10,"enemies":"Gremlin Nob","floor":11,"turns":3},{"damage":0,"enemies":"2 Louse","floor":12,"turns":1},{"damage":0,"enemies":"Slime Boss","floor":16,"turns":7},{"damage":20,"enemies":"3 Byrds","floor":18,"turns":7},{"damage":6,"enemies":"Shell Parasite","floor":22,"turns":2},{"damage":21,"enemies":"Snecko","floor":24,"turns":5},{"damage":17,"enemies":"Gremlin Leader","floor":25,"turns":4},{"damage":0,"enemies":"Book of Stabbing","floor":31,"turns":1},{"damage":18,"enemies":"Automaton","floor":33,"turns":9},{"damage":4,"enemies":"3 Shapes","floor":35,"turns":6},{"damage":0,"enemies":"Orb Walker","floor":37,"turns":2},{"damage":9,"enemies":"Reptomancer","floor":41,"turns":4},{"damage":14,"enemies":"Nemesis","floor":44,"turns":3},{"damage":9,"enemies":"Writhing Mass","floor":47,"turns":3},{"damage":13,"enemies":"Reptomancer","floor":48,"turns":3},{"damage":37,"enemies":"Awakened One","floor":50,"turns":7}],"seed_played":"-2355381504334484271","potions_obtained":[{"floor":1,"key":"ColorlessPotion"},{"floor":4,"key":"AttackPotion"},{"floor":11,"key":"DistilledChaos"},{"floor":16,"key":"LiquidMemories"},{"floor":22,"key":"EntropicBrew"},{"floor":25,"key":"BlessingOfTheForge"},{"floor":33,"key":"LiquidBronze"},{"floor":35,"key":"CultistPotion"},{"floor":44,"key":"DuplicationPotion"}],"is_trial":false,"path_per_floor":["M","?","$","M","?","R","E","$","T","R","E","M","R","?","R","B",null,"M","?","$","?","M","R","M","E","T","?","T","R","?","E","R","B",null,"M","$","M","$","?","R","E","R","T","E","R","?","M","E","R","B"],"character_chosen":"THE_SERVANT","items_purchased":["Pan","Chemical X","PreservedInsect","InstantArmor"],"campfire_rested":5,"item_purchase_floors":[3,20,20,38],"current_hp_per_floor":[61,50,50,43,43,43,22,22,22,41,31,31,31,31,50,50,65,45,45,45,45,44,44,23,6,6,6,6,27,27,27,48,30,70,66,66,66,66,56,56,47,47,47,33,33,33,24,11,32,0,0],"gold":288,"neow_bonus":"RANDOM_COLORLESS","is_prod":false,"is_daily":false,"chose_seed":false,"campfire_upgraded":6,"win_rate":0,"timestamp":1607547153,"path_taken":["M","?","$","M","?","R","E","$","T","R","E","M","R","?","R","BOSS","M","?","$","?","M","R","M","E","T","?","?","R","?","E","R","BOSS","M","?","M","$","?","R","E","R","T","E","R","?","M","E","R","BOSS"],"build_version":"2020-11-30","purchased_purges":0,"victory":false,"max_hp_per_floor":[65,65,65,65,65,65,65,65,65,65,65,65,65,65,65,65,65,65,65,65,65,70,70,70,70,70,70,70,70,70,70,70,70,70,70,70,70,70,70,70,70,70,70,70,70,70,70,70,70,70,70],"card_choices":[{"not_picked":["Forethought","Dark Shackles"],"picked":"Madness","floor":0},{"not_picked":["Defy","Moondial"],"picked":"ShatteredReality","floor":1},{"not_picked":["Shuttle","FastForward"],"picked":"Desolation","floor":4},{"not_picked":["Spin","Alleviate"],"picked":"FanOfKnives","floor":7},{"not_picked":["FastForward","Alleviate","WasteNot"],"picked":"SKIP","floor":11},{"not_picked":["Ricochet","Rewind"],"picked":"Dilation","floor":12},{"not_picked":["Deny","FlawlessForm"],"picked":"Dilation","floor":16},{"not_picked":["BottledTime","Revamp"],"picked":"SilverBlades+1","floor":18},{"not_picked":["Rewind","Shuttle+1","Alleviate"],"picked":"SKIP","floor":22},{"not_picked":["Revamp","TimeWarp+1","ShatteredReality+1"],"picked":"SKIP","floor":24},{"not_picked":["Unruled","DoubleEdge"],"picked":"Misdirection","floor":25},{"not_picked":["Starlight","Defy"],"picked":"Desolation","floor":31},{"not_picked":["ForgedInTime","Deny"],"picked":"MurderousAura","floor":33},{"not_picked":["Spin+1","Desolation+1"],"picked":"Ricochet+1","floor":35},{"not_picked":["FastForward","Rewind+1"],"picked":"Collapse+1","floor":37},{"not_picked":["Forethought","Thinking Ahead"],"picked":"Secret Technique","floor":39},{"not_picked":["Good Instincts","Panache"],"picked":"Trip","floor":39},{"not_picked":["PanicButton","The Bomb"],"picked":"Blind","floor":39},{"not_picked":["Defy","ShiftingGears+1"],"picked":"Desolation+1","floor":41},{"not_picked":["DoubleEdge+1","Ricochet"],"picked":"BottledTime+1","floor":44},{"not_picked":["Rearm+1","Desolation+1"],"picked":"DancingSilver+1","floor":47},{"not_picked":["MoonPhase","DancingSilver"],"picked":"BottledTime+1","floor":48}],"player_experience":693109,"relics_obtained":[{"floor":7,"key":"StrikeDummy"},{"floor":9,"key":"Darkstone Periapt"},{"floor":11,"key":"War Paint"},{"floor":25,"key":"Bag of Marbles"},{"floor":26,"key":"Smiling Mask"},{"floor":28,"key":"Orichalcum"},{"floor":31,"key":"Anchor"},{"floor":41,"key":"InkBottle"},{"floor":41,"key":"Bottled Tornado"},{"floor":44,"key":"Nunchaku"},{"floor":44,"key":"Vajra"},{"floor":48,"key":"Blue Candle"},{"floor":48,"key":"Whetstone"}],"event_choices":[{"damage_healed":0,"gold_gain":75,"player_choice":"Gather Gold","damage_taken":11,"max_hp_gain":0,"max_hp_loss":0,"event_name":"World of Goop","floor":2,"gold_loss":0},{"damage_healed":0,"gold_gain":0,"player_choice":"Grow","damage_taken":0,"max_hp_gain":0,"max_hp_loss":0,"event_name":"Living Wall","floor":5,"gold_loss":0,"cards_upgraded":["Madness"]},{"damage_healed":0,"gold_gain":54,"player_choice":"Gained Gold","damage_taken":0,"max_hp_gain":0,"max_hp_loss":0,"event_name":"Golden Wing","floor":14,"gold_loss":0},{"damage_healed":0,"gold_gain":0,"player_choice":"Read","damage_taken":0,"max_hp_gain":0,"max_hp_loss":0,"event_name":"The Library","floor":19,"gold_loss":0,"cards_obtained":["GearUp"]},{"damage_healed":0,"gold_gain":0,"player_choice":"Simplicity","damage_taken":0,"max_hp_gain":0,"max_hp_loss":0,"event_name":"Back to Basics","floor":21,"gold_loss":0,"cards_upgraded":["Strike_S","Strike_S","Strike_S","Strike_S","Defend_S","Defend_S","Defend_S"]},{"cards_removed":["Defend_S"],"damage_healed":0,"gold_gain":0,"player_choice":"Gave Gold","damage_taken":0,"max_hp_gain":0,"max_hp_loss":0,"event_name":"Beggar","floor":27,"gold_loss":75},{"damage_healed":0,"gold_gain":0,"player_choice":"Upgraded","damage_taken":0,"max_hp_gain":0,"max_hp_loss":0,"event_name":"Upgrade Shrine","floor":30,"gold_loss":0,"cards_upgraded":["Dilation"]},{"damage_healed":0,"gold_gain":0,"player_choice":"Memory 3","damage_taken":10,"max_hp_gain":0,"max_hp_loss":0,"event_name":"SensoryStone","floor":39,"gold_loss":0},{"damage_healed":0,"gold_gain":0,"player_choice":"Upgraded","damage_taken":0,"max_hp_gain":0,"max_hp_loss":0,"event_name":"Upgrade Shrine","floor":46,"gold_loss":0,"cards_upgraded":["Trip"]}],"is_beta":false,"boss_relics":[{"not_picked":["Pandora\u0027s Box","Busted Crown"],"picked":"SlaversCollar"},{"not_picked":["Empty Cage","Runic Dome"],"picked":"Black Star"}],"items_purged_floors":[],"is_endless":false,"potions_floor_spawned":[1,4,11,16,22,25,33,35,37,44],"killed_by":"Awakened One","ascension_level":2}}