{"host":"tcvjg4nl29rk5wfq","time":1607496121,"event":{"gold_per_floor":[109,122,132,132,148,148,148,148,148,148,168,168,193,208,208,208,208],"floor_reached":16,"playtime":603,"items_purged":[],"score":94,"play_id":"33a1c712-2ebc-4628-a12b-78cc9bb09e51","local_time":"20201208224201","is_ascension_mode":false,"campfire_choices":[{"data":"Sword Boomerang","floor":6,"key":"SMITH"},{"floor":10,"key":"REST"},{"floor":12,"key":"REST"},{"data":"infinitespire:Starlight","floor":15,"key":"SMITH"}],"neow_cost":"NONE","seed_source_timestamp":825064668840618,"circlet_count":0,"master_deck":["Strike_R","Strike_R","Strike_R","Strike_R","Strike_R","Defend_R","Defend_R","Defend_R","Defend_R","Bash+1","Dual Wield","Inflame+1","Sword Boomerang+1","infinitespire:Starlight+1","Sword Boomerang","True Grit","Rampage"],"relics":["Burning Blood","Golden Idol","Bag of Marbles"],"potions_floor_usage":[],"damage_taken":[{"damage":6,"enemies":"Cultist","floor":1,"turns":3},{"damage":11,"enemies":"Jaw Worm","floor":2,"turns":4},{"damage":7,"enemies":"2 Louse","floor":3,"turns":4},{"damage":18,"enemies":"Large Slime","floor":5,"turns":7},{"damage":5,"enemies":"2 Fungi Beasts","floor":11,"turns":4},{"damage":16,"enemies":"Lots of Slimes","floor":13,"turns":4},{"damage":19,"enemies":"Exordium Wildlife","floor":14,"turns":3},{"damage":82,"enemies":"The Guardian","floor":16,"turns":8}],"seed_played":"-5484345043523802627","potions_obtained":[{"floor":1,"key":"Slimebound:ThreeZeroPotion"},{"floor":5,"key":"hexamod:EctoCoolerPotion"},{"floor":11,"key":"AttackPotion"}],"is_trial":false,"path_per_floor":["M","M","M","?","M","R","?","?","T","R","M","R","M","M","R","B"],"character_chosen":"IRONCLAD","items_purchased":[],"campfire_rested":2,"item_purchase_floors":[],"current_hp_per_floor":[80,75,74,74,62,62,42,22,22,46,57,80,70,67,67,0,0],"gold":208,"neow_bonus":"UPGRADE_CARD","is_prod":false,"is_daily":false,"chose_seed":false,"campfire_upgraded":2,"win_rate":0,"timestamp":1607496121,"path_taken":["M","M","?","?","?","R","?","?","T","R","M","R","M","M","R","BOSS"],"build_version":"2020-11-30","purchased_purges":0,"victory":false,"max_hp_per_floor":[80,80,80,80,80,80,80,80,80,80,80,80,80,80,80,80,80],"card_choices":[{"not_picked":["Cleave","Blood for Blood"],"picked":"Dual Wield","floor":1},{"not_picked":["Feel No Pain","Entrench","Sentinel"],"picked":"SKIP","floor":2},{"not_picked":["Thunderclap","Perfected Strike"],"picked":"Inflame","floor":3},{"not_picked":["Disarm","Clash"],"picked":"Sword Boomerang","floor":5},{"not_picked":["infinitespire:NeuralNetwork","infinitespire:SealOfDarkness+"],"picked":"infinitespire:Starlight","floor":8},{"not_picked":["Reckless Charge","Iron Wave"],"picked":"Sword Boomerang","floor":11},{"not_picked":["Thunderclap","Feel No Pain"],"picked":"True Grit","floor":13},{"not_picked":["Twin Strike","Clash"],"picked":"Rampage","floor":14}],"player_experience":238691,"relics_obtained":[{"floor":9,"key":"Bag of Marbles"}],"event_choices":[{"damage_healed":0,"gold_gain":0,"player_choice":"Upgraded","damage_taken":0,"max_hp_gain":0,"max_hp_loss":0,"event_name":"Upgrade Shrine","floor":4,"gold_loss":0,"cards_upgraded":["Inflame"]},{"damage_healed":0,"gold_gain":0,"player_choice":"Take Damage","damage_taken":20,"relics_obtained":["Golden Idol"],"max_hp_gain":0,"max_hp_loss":0,"event_name":"Golden Idol","floor":7,"gold_loss":0}],"is_beta":false,"boss_relics":[],"items_purged_floors":[],"is_endless":false,"potions_floor_spawned":[1,5,11,13],"killed_by":"The Guardian","ascension_level":0}}