{"host":"std4gn17fijhzeq4","time":1607511130,"event":{"gold_per_floor":[114,114,129,129,144,174,100,130,130,460,460,490,490,520,520,620,620,635,635,575,15,15,45,45,75,75,90,120,219,258,291,291,400,500,524,524,71,127,194,267,310,359,359,359,388,338,370,415,415,442],"floor_reached":51,"playtime":2924,"items_purged":[],"score":1249,"play_id":"1f58fb88-9aee-418a-8996-27eac4259978","local_time":"20201209055210","daily_mods":["SealedDeck","Purple Cards","Elite Swarm"],"is_ascension_mode":false,"campfire_choices":[{"data":"Mirror Shield","floor":13,"key":"SMITH"},{"floor":24,"key":"REST"},{"data":"Chaos","floor":32,"key":"SMITH"}],"neow_cost":"","seed_source_timestamp":525483520775000,"circlet_count":0,"master_deck":["FlyingSleeves","BowlingBash+1","CutThroughFate","TalkToTheHand","Protect","Chill","Ball Lightning","Defragment+1","SandsOfTime","Evaluate","Crescendo","Bandage Up","InnerPeace","Biased Cognition","Chaos+1","Biased Cognition+1","Mirror Shield+1","Electrodynamics","ReplayRNGCard+1","CurseOfTheBell","CurseOfTheBell","CurseOfTheBell","White Noise","Go for the Eyes+1","Necronomicurse","Biased Cognition","Replay:AllIn+1","Swivel+1","Halt+1","ReplayRNGCard+1","Mirror Shield+1","Fusion+1","Protect+1","Wish+1","Prostrate+1","Pot Of Greed+1","Pot Of Greed+1","Pot Of Greed+1","Swivel+1","Pot Of Greed+1","Replay:DivineShield+1","CarveReality","Time Bomb+1","Vault+1","SandsOfTime","Wireheading+1","Meteor Strike","Electrodynamics","Meteor Strike"],"special_seed":18605,"relics":["Cracked Core","Mirror","Ancient Tea Set","DataDisk","Geode","Prayer Wheel","Old Coin","Onion Ring","Ice Cream","Replay:Ancient Bell","Replay:Rubber Ducky","The Courier","FossilizedHelix","Necronomicon","Guide Book","Replay:Bottled Flurry","Replay:Baseball","Omamori","Iron Hammer","Toxic Egg 2","Shuriken","Boot","CeramicFish","Replay:Wanted Poster","OrangePellets","Replay:Bandana","Lantern","Grinning Jar","Singing Bowl","PreservedInsect","Replay:Towering Pillar of Hats","Ring of Chaos","Ring of Panic","ReplayTheSpireMod:CursedCoin","HornCleat","Symbiotic Virus","Prayer Wheel"],"potions_floor_usage":[10,23,28,39,39,50,50],"damage_taken":[{"damage":4,"enemies":"2 Louse","floor":1,"turns":2},{"damage":2,"enemies":"Cultist","floor":3,"turns":3},{"damage":9,"enemies":"Jaw Worm","floor":5,"turns":3},{"damage":5,"enemies":"Lagavulin","floor":6,"turns":5},{"damage":24,"enemies":"Gremlin Nob","floor":8,"turns":4},{"damage":0,"enemies":"Lagavulin","floor":10,"turns":4},{"damage":9,"enemies":"Gremlin Nob","floor":12,"turns":4},{"damage":10,"enemies":"Lagavulin","floor":14,"turns":4},{"damage":0,"enemies":"Fading Forest","floor":16,"turns":11},{"damage":2,"enemies":"3 Byrds","floor":18,"turns":4},{"damage":22,"enemies":"Gremlin Leader","floor":23,"turns":7},{"damage":6,"enemies":"Slavers","floor":25,"turns":6},{"damage":0,"enemies":"Spheric Guardian","floor":27,"turns":3},{"damage":16,"enemies":"Gremlin Leader","floor":28,"turns":7},{"damage":0,"enemies":"Book of Stabbing","floor":30,"turns":5},{"damage":14,"enemies":"Snake Plant","floor":31,"turns":3},{"damage":0,"enemies":"Collector","floor":33,"turns":7},{"damage":20,"enemies":"3 Darklings","floor":35,"turns":4},{"damage":0,"enemies":"3 Shapes","floor":38,"turns":3},{"damage":0,"enemies":"Transient","floor":39,"turns":5},{"damage":34,"enemies":"Nemesis","floor":40,"turns":5},{"damage":0,"enemies":"3 Darklings","floor":41,"turns":4},{"damage":0,"enemies":"R_Hoarder","floor":42,"turns":7},{"damage":11,"enemies":"Jaw Worm Horde","floor":45,"turns":3},{"damage":0,"enemies":"4 Shapes","floor":47,"turns":2},{"damage":25,"enemies":"Reptomancer","floor":48,"turns":4},{"damage":0,"enemies":"Donu and Deca","floor":50,"turns":10}],"seed_played":"4494449258677458329","potions_obtained":[{"floor":1,"key":"Adrenaline Potion"},{"floor":3,"key":"Swift Potion"},{"floor":10,"key":"Weak Potion"},{"floor":14,"key":"Milkshake"},{"floor":27,"key":"FearPotion"},{"floor":28,"key":"EssenceOfSteel"},{"floor":31,"key":"Dexterity Potion"},{"floor":35,"key":"Regen Potion"},{"floor":39,"key":"BlessingOfTheForge"},{"floor":40,"key":"Fire Potion"},{"floor":45,"key":"Fire Potion"}],"is_trial":false,"path_per_floor":["M","?","M","?","M","E","$","E","T","E","?","E","R","E","R","B",null,"M","?","?","$","?","E","R","E","T","M","E","?","E","M","R","B",null,"M","?","$","M","M","E","M","E","T","?","M","$","M","E","R","B",null],"character_chosen":"DEFECT","items_purchased":["Chaos","Guide Book","Replay:Bottled Flurry","Replay:Baseball","Omamori","OrangePellets","Replay:Bandana","Lantern","Grinning Jar","ReplayTheSpireMod:CursedCoin","HornCleat"],"campfire_rested":1,"item_purchase_floors":[7,21,21,21,21,37,37,37,37,46,46],"current_hp_per_floor":[71,71,73,73,68,67,67,47,47,51,51,46,46,36,58,75,75,73,57,57,57,43,25,49,47,47,53,43,43,47,37,37,43,80,64,64,64,64,80,46,46,46,46,46,39,39,41,16,41,45],"gold":442,"neow_bonus":"","is_prod":false,"is_daily":true,"chose_seed":false,"campfire_upgraded":2,"win_rate":0,"timestamp":1607511130,"path_taken":["M","?","?","?","?","E","?","E","T","E","?","E","R","E","R","BOSS","M","?","?","?","?","E","R","E","T","?","E","?","E","M","R","BOSS","M","?","$","M","M","E","M","E","T","?","?","?","?","E","R","BOSS"],"build_version":"2020-11-30","purchased_purges":0,"victory":true,"max_hp_per_floor":[75,75,75,75,75,75,75,75,75,75,75,75,75,75,75,75,75,75,75,75,75,80,80,80,80,80,80,80,80,80,80,80,80,80,80,80,80,80,80,80,80,80,80,80,84,84,86,86,86,86],"card_choices":[{"not_picked":["Rebound","Consecrate"],"picked":"Crescendo","floor":1},{"not_picked":["ReplayTheSpireMod:System Scan","Tempest"],"picked":"InnerPeace","floor":3},{"not_picked":["Crescendo","Replay:Hum","Skim"],"picked":"SKIP","floor":5},{"not_picked":["MasterReality","Machine Learning"],"picked":"Biased Cognition","floor":6},{"not_picked":["SpiritShield","Blasphemy"],"picked":"ReplayTheSpireMod:Fabricate Wheel","floor":8},{"not_picked":["Judgement","Machine Learning"],"picked":"Biased Cognition","floor":10},{"not_picked":["Hyperbeam","Reboot"],"picked":"Mirror Shield","floor":12},{"not_picked":["SpiritShield","ConjureBlade"],"picked":"Electrodynamics","floor":14},{"not_picked":["Establishment","Electrodynamics"],"picked":"ReplayRNGCard","floor":16},{"not_picked":["Looming Evil","ReplayTheSpireMod:Doomed"],"picked":"CurseOfTheBell","floor":17},{"not_picked":["Pain","Amnesia"],"picked":"CurseOfTheBell","floor":17},{"not_picked":["Amnesia","Doubt"],"picked":"CurseOfTheBell","floor":17},{"not_picked":["Scrawl","Conserve Battery"],"picked":"White Noise","floor":18},{"not_picked":["Prostrate","Panic Button"],"picked":"Go for the Eyes+1","floor":18},{"not_picked":["SpiritShield","All For One"],"picked":"Biased Cognition","floor":23},{"not_picked":["Machine Learning","Blasphemy+1"],"picked":"Replay:AllIn+1","floor":25},{"not_picked":["CutThroughFate","Streamline+1"],"picked":"Swivel+1","floor":27},{"not_picked":["Replay:ManipulateFuture+1","Crescendo+1"],"picked":"Halt+1","floor":27},{"not_picked":["Brilliance","Echo Form"],"picked":"ReplayRNGCard+1","floor":28},{"not_picked":["Core Surge","Reboot+1"],"picked":"Mirror Shield+1","floor":30},{"not_picked":["BasicCrystalCard+1","ReplaySolidLightProjector+1"],"picked":"Fusion+1","floor":31},{"not_picked":["Gash","EmptyMind+1"],"picked":"Protect+1","floor":31},{"not_picked":["Alpha+1","ReplayRNGCard+1"],"picked":"Wish+1","floor":33},{"not_picked":["Rebound+1","Halt+1"],"picked":"Prostrate+1","floor":35},{"not_picked":["Replay:ManipulateFuture+1","WindmillStrike","Scrape+1"],"picked":"SKIP","floor":35},{"not_picked":["Rebound","Gash+1"],"picked":"Swivel+1","floor":38},{"not_picked":["CrushJoints","ThirdEye+1"],"picked":"Replay:DivineShield+1","floor":38},{"not_picked":["BasicCrystalCard+1","SashWhip"],"picked":"CarveReality","floor":39},{"not_picked":["FlyingSleeves+1","Crescendo+1"],"picked":"Time Bomb+1","floor":39},{"not_picked":["Omniscience+1","Thunder Strike"],"picked":"Vault+1","floor":40},{"not_picked":["Replay:Battleflow+1","BasicCrystalCard+1"],"picked":"SandsOfTime","floor":41},{"not_picked":["Gash+1","Evaluate+1"],"picked":"Wireheading+1","floor":41},{"not_picked":["Brilliance","Fission+1"],"picked":"Meteor Strike","floor":42},{"not_picked":["Pray+1","SashWhip","Indignation+1"],"picked":"Singing Bowl","floor":45},{"not_picked":["Compile Driver","PathToVictory+1","Replay:AtTheReady+1"],"picked":"Singing Bowl","floor":45},{"not_picked":["Heatsinks+1","Tempest+1","InnerPeace+1"],"picked":"Singing Bowl","floor":47},{"not_picked":["Recycle+1","CrushJoints"],"picked":"Electrodynamics","floor":47},{"not_picked":["DevaForm","Seek+1"],"picked":"ReplayTheSpireMod:Fabricate Wheel+1","floor":48}],"player_experience":332650,"relics_obtained":[{"floor":4,"key":"Mirror"},{"floor":6,"key":"Ancient Tea Set"},{"floor":8,"key":"DataDisk"},{"floor":9,"key":"Geode"},{"floor":10,"key":"Old Coin"},{"floor":12,"key":"Onion Ring"},{"floor":14,"key":"Ice Cream"},{"floor":19,"key":"Necronomicon"},{"floor":23,"key":"Iron Hammer"},{"floor":25,"key":"Toxic Egg 2"},{"floor":26,"key":"Shuriken"},{"floor":28,"key":"Boot"},{"floor":30,"key":"CeramicFish"},{"floor":40,"key":"Singing Bowl"},{"floor":42,"key":"PreservedInsect"},{"floor":43,"key":"Replay:Towering Pillar of Hats"},{"floor":44,"key":"Ring of Chaos"},{"floor":44,"key":"Ring of Panic"},{"floor":48,"key":"Symbiotic Virus"}],"event_choices":[{"damage_healed":0,"gold_gain":0,"player_choice":"1 cards matched","damage_taken":0,"max_hp_gain":0,"max_hp_loss":0,"event_name":"Match and Keep!","floor":2,"gold_loss":0,"cards_obtained":["Bandage Up"]},{"damage_healed":0,"gold_gain":0,"player_choice":"Relic","damage_taken":0,"max_hp_gain":0,"max_hp_loss":0,"event_name":"Wheel of Change","floor":4,"gold_loss":0},{"damage_healed":0,"gold_gain":0,"player_choice":"Ignored","damage_taken":0,"max_hp_gain":0,"max_hp_loss":0,"event_name":"Liars Game","floor":11,"gold_loss":0},{"damage_healed":0,"gold_gain":0,"player_choice":"Obtained Book","damage_taken":16,"max_hp_gain":0,"max_hp_loss":0,"event_name":"Cursed Tome","floor":19,"gold_loss":0},{"damage_healed":0,"gold_gain":0,"player_choice":"Shed Blood","damage_taken":19,"max_hp_gain":5,"max_hp_loss":0,"event_name":"Forgotten Altar","floor":22,"gold_loss":0},{"damage_healed":0,"gold_gain":99,"player_choice":"Stole From Cult","damage_taken":0,"max_hp_gain":0,"max_hp_loss":0,"event_name":"Nest","floor":29,"gold_loss":0},{"damage_healed":0,"gold_gain":0,"player_choice":"Ignored","damage_taken":0,"max_hp_gain":0,"max_hp_loss":0,"event_name":"Tomb of Lord Red Mask","floor":36,"gold_loss":0}],"is_beta":false,"boss_relics":[{"not_picked":["Black Star","Snecko Eye"],"picked":"Replay:Ancient Bell"},{"not_picked":["ReplayTheSpireMod:TigerMarble","Blue Doll"],"picked":"Replay:Rubber Ducky"},{"not_picked":["Meat on the Bone","Solar Panel"],"picked":"The Courier"},{"not_picked":["Replay:PocketPolymizer","Durian"],"picked":"FossilizedHelix"},{"not_picked":["Snecko Heart","Honey Jar"],"picked":"Replay:Wanted Poster"}],"items_purged_floors":[],"is_endless":false,"potions_floor_spawned":[1,3,10,14,27,28,30,31,35,38,39,40,45],"ascension_level":0}}