{"host":"8g24zuco0epbjwbo","time":1607524107,"event":{"gold_per_floor":[112,112,112,131,150,150,150],"floor_reached":6,"playtime":136,"items_purged":[],"score":38,"play_id":"6bfa94f8-fdd8-4d0e-888e-36e78867a7a5","local_time":"20201209092827","is_ascension_mode":true,"campfire_choices":[],"neow_cost":"NONE","seed_source_timestamp":2179180189450400,"circlet_count":0,"master_deck":["Strike_G","Strike_G","Strike_G","Strike_G","Strike_G","Defend_G","Defend_G","Defend_G","Defend_G","Defend_G","Survivor","Neutralize","Distraction","Regret","Blur"],"relics":["Ring of the Snake","NeowsBlessing","Dream Catcher","aspiration:BabyByrd"],"potions_floor_usage":[],"damage_taken":[{"damage":0,"enemies":"Cultist","floor":1,"turns":1},{"damage":0,"enemies":"Jaw Worm","floor":4,"turns":1},{"damage":0,"enemies":"infinitespire:Voidling","floor":5,"turns":1},{"damage":27,"enemies":"Lagavulin","floor":6,"turns":8}],"seed_played":"-7782753090498694892","potions_obtained":[{"floor":4,"key":"blueLaboratory:AbyssPotion"}],"is_trial":false,"path_per_floor":["M","?","?","M","M","E"],"character_chosen":"THE_SILENT","items_purchased":[],"campfire_rested":0,"item_purchase_floors":[],"current_hp_per_floor":[70,70,70,70,70,43,43],"gold":150,"neow_bonus":"THREE_ENEMY_KILL","is_prod":false,"is_daily":false,"chose_seed":false,"campfire_upgraded":0,"win_rate":0,"timestamp":1607524107,"path_taken":["M","?","?","?","M","E"],"build_version":"2020-11-30","purchased_purges":0,"victory":false,"max_hp_per_floor":[70,70,70,70,70,70,70],"relic_stats":{"Dream Catcher":0,"counters":[4,11],"obtain_stats":[{"Dream Catcher":2,"NeowsBlessing":0,"aspiration:BabyByrd":3,"Ring of the Snake":0},{"Dream Catcher":1,"NeowsBlessing":0,"aspiration:BabyByrd":1,"Ring of the Snake":0},{"Dream Catcher":1,"NeowsBlessing":0,"aspiration:BabyByrd":1,"Ring of the Snake":0}],"Ring of the Snake":[8]},"card_choices":[{"not_picked":["Dagger Throw","Deadly Poison"],"picked":"Distraction","floor":1},{"not_picked":["Hidden Blade","Outmaneuver","Deflect"],"picked":"SKIP","floor":4},{"not_picked":["Outmaneuver","Acrobatics"],"picked":"Blur","floor":5}],"player_experience":325348,"relics_obtained":[],"event_choices":[{"damage_healed":0,"gold_gain":0,"player_choice":"Box","damage_taken":0,"relics_obtained":["Dream Catcher"],"max_hp_gain":0,"max_hp_loss":0,"event_name":"Big Fish","floor":2,"gold_loss":0,"cards_obtained":["Regret"]}],"is_beta":false,"boss_relics":[],"items_purged_floors":[],"is_endless":false,"potions_floor_spawned":[4],"killed_by":"Lagavulin","ascension_level":1}}