{"host":"pvrgpaf3ayyxxis3","time":1607533609,"event":{"gold_per_floor":[110,110,12,0,0,0,18,30,30,40,40,40,50,50,50,50,50],"floor_reached":16,"playtime":1341,"items_purged":[],"score":115,"play_id":"38d2f74e-6ae0-455a-838d-acb69d44e843","local_time":"20201209170649","daily_mods":["Hoarder"],"is_ascension_mode":false,"campfire_choices":[{"data":"RobotSpaceExplorer:Blaster","floor":6,"key":"SMITH"}],"neow_cost":"NONE","seed_source_timestamp":25084220180300,"circlet_count":0,"master_deck":["RobotSpaceExplorer:Strike","RobotSpaceExplorer:Strike","RobotSpaceExplorer:Strike","RobotSpaceExplorer:Strike","RobotSpaceExplorer:Defend","RobotSpaceExplorer:Defend","RobotSpaceExplorer:Defend","RobotSpaceExplorer:Defend","RobotSpaceExplorer:Scan","RobotSpaceExplorer:MiniLasers","RobotSpaceExplorer:MiniBoosters","RobotSpaceExplorer:MiniBoosters","RobotSpaceExplorer:MiniBoosters","RobotSpaceExplorer:ExhaustFan","RobotSpaceExplorer:ExhaustFan","RobotSpaceExplorer:ExhaustFan","RobotSpaceExplorer:FranticSearch","RobotSpaceExplorer:FranticSearch","RobotSpaceExplorer:FranticSearch","RobotSpaceExplorer:Blaster+1","RobotSpaceExplorer:Blaster","RobotSpaceExplorer:Blaster","RobotSpaceExplorer:FrostMissile","RobotSpaceExplorer:FrostMissile","RobotSpaceExplorer:FrostMissile","RobotSpaceExplorer:MetalStrike","RobotSpaceExplorer:MetalStrike","RobotSpaceExplorer:MetalStrike","RobotSpaceExplorer:SwiftStep","RobotSpaceExplorer:SwiftStep","RobotSpaceExplorer:SwiftStep","RobotSpaceExplorer:Discharger+1","RobotSpaceExplorer:Discharger+1","RobotSpaceExplorer:Discharger+1","RobotSpaceExplorer:StarLightning","RobotSpaceExplorer:StarLightning","RobotSpaceExplorer:StarLightning"],"relics":["replay:Trail_Library","Hallownest:DreamNailRelic","aspiration:Nostalgia","HollowMod:VesselMask","Frozen Egg 2","ReplayTheSpireMod:DimensionalGlitch"],"potions_floor_usage":[],"damage_taken":[{"damage":5,"enemies":"2_ Uuma","floor":1,"turns":4},{"damage":3,"enemies":"Hallownest:2_MossCreeps","floor":7,"turns":7},{"damage":12,"enemies":"Hallownest:2_Baldur","floor":8,"turns":5},{"damage":31,"enemies":"Hallownest:1_Baldur_1_Crawlid_1_Warrior","floor":10,"turns":7},{"damage":12,"enemies":"Hallownest:2_Tiktiks_1_Baldur_1_Crawlid","floor":13,"turns":7},{"damage":25,"enemies":"Hallownest:eliteMossKnight","floor":16,"turns":4}],"seed_played":"1763613880268792090","potions_obtained":[{"floor":1,"key":"SkillPotion"},{"floor":8,"key":"SteroidPotion"},{"floor":13,"key":"Guardian:BlockOnCardUsePotion"}],"is_trial":true,"path_per_floor":["M","?","$","WH","WH","R","M","M","T","M","WH","?","M","PTL","PTL","E"],"character_chosen":"RobotSpaceExplorer","items_purchased":["RobotSpaceExplorer:ExhaustFan","RobotSpaceExplorer:FranticSearch"],"campfire_rested":0,"item_purchase_floors":[3,3],"current_hp_per_floor":[70,70,70,70,70,70,67,55,55,24,24,32,20,20,20,0,0],"gold":50,"neow_bonus":"BOSS_RELIC","is_prod":false,"is_daily":false,"chose_seed":false,"campfire_upgraded":1,"win_rate":0,"timestamp":1607533609,"path_taken":["M","?","?","WH","WH","R","M","M","T","M","WH","?","?","PTL","PTL","E"],"build_version":"2020-11-30","purchased_purges":0,"victory":false,"max_hp_per_floor":[75,75,75,75,75,75,75,75,75,75,75,75,75,75,75,75,75],"card_choices":[{"not_picked":["RobotSpaceExplorer:ShockKick","RobotSpaceExplorer:FrostMissile"],"picked":"RobotSpaceExplorer:MiniBoosters","floor":1},{"not_picked":["RobotSpaceExplorer:BlastShield","RobotSpaceExplorer:Explosion"],"picked":"RobotSpaceExplorer:Blaster","floor":4},{"not_picked":["RobotSpaceExplorer:FranticSearch","RobotSpaceExplorer:Ammunition"],"picked":"RobotSpaceExplorer:FrostMissile","floor":7},{"not_picked":["RobotSpaceExplorer:StarDust","RobotSpaceExplorer:BlastShield"],"picked":"RobotSpaceExplorer:MetalStrike","floor":8},{"not_picked":["RobotSpaceExplorer:FrostMissile","RobotSpaceExplorer:FranticSearch"],"picked":"RobotSpaceExplorer:SwiftStep","floor":10},{"not_picked":["RobotSpaceExplorer:Probe","RobotSpaceExplorer:GlueSpray"],"picked":"RobotSpaceExplorer:StarLightning","floor":13}],"player_experience":6550,"relics_obtained":[{"floor":9,"key":"Frozen Egg 2"}],"event_choices":[],"is_beta":false,"boss_relics":[],"items_purged_floors":[],"is_endless":false,"potions_floor_spawned":[1,8,13],"killed_by":"Hallownest:eliteMossKnight","ascension_level":0}}