{"host":"nptej036rrbiurf5","time":1607480991,"event":{"gold_per_floor":[116,191,191,205,205,239,239,257,257,257,271,251,72,92,92,163,163,175,175,25,36,36,66,66,77,101,119,119,137,154,166,166,243,243,263,281,181,194,18,18,49,49,98,115,115,115,115],"floor_reached":46,"playtime":2373,"items_purged":["Strike_G","Strike_G+1","Defend_G"],"score":1069,"play_id":"bb293690-befd-4685-8ef3-183efcd034a3","local_time":"20201209112951","is_ascension_mode":true,"campfire_choices":[{"floor":7.0,"key":"REST"},{"data":"Apotheosis","floor":15.0,"key":"SMITH"},{"floor":24.0,"key":"REST"},{"floor":32.0,"key":"REST"},{"floor":40.0,"key":"REST"}],"neow_cost":"NONE","seed_source_timestamp":1200820779843600,"circlet_count":0,"master_deck":["AscendersBane","Defend_G","Defend_G","Defend_G","Defend_G","Survivor","Neutralize","Acrobatics+1","All Out Attack","Underhanded Strike","Dash","Footwork+1","Apotheosis+1","Calculated Gamble","Grand Finale","Footwork+1","Well Laid Plans+1","Footwork+1","Dagger Throw","Prepared","Prepared","Footwork+1"],"special_seed":0,"relics":["Ring of the Snake","NeowsBlessing","Bronze Scales","Art of War","Frozen Egg 2","FaceOfCleric","Sozu","Singing Bowl","Empty Cage","Toxic Egg 2","Snake Skull"],"potions_floor_usage":[],"damage_taken":[{"damage":0.0,"enemies":"2 Louse","floor":1.0,"turns":1.0},{"damage":0.0,"enemies":"Jaw Worm","floor":4.0,"turns":1.0},{"damage":0.0,"enemies":"3 Sentries","floor":6.0,"turns":1.0},{"damage":0.0,"enemies":"Small Slimes","floor":8.0,"turns":2.0},{"damage":7.0,"enemies":"Gremlin Gang","floor":11.0,"turns":2.0},{"damage":0.0,"enemies":"Looter","floor":14.0,"turns":3.0},{"damage":27.0,"enemies":"The Guardian","floor":16.0,"turns":14.0},{"damage":10.0,"enemies":"Spheric Guardian","floor":18.0,"turns":4.0},{"damage":10.0,"enemies":"2 Thieves","floor":21.0,"turns":4.0},{"damage":22.0,"enemies":"Book of Stabbing","floor":23.0,"turns":8.0},{"damage":14.0,"enemies":"Sentry and Sphere","floor":25.0,"turns":8.0},{"damage":15.0,"enemies":"Centurion and Healer","floor":27.0,"turns":8.0},{"damage":1.0,"enemies":"Snecko","floor":29.0,"turns":7.0},{"damage":4.0,"enemies":"Chosen and Byrds","floor":30.0,"turns":7.0},{"damage":12.0,"enemies":"Shelled Parasite and Fungi","floor":31.0,"turns":4.0},{"damage":21.0,"enemies":"Automaton","floor":33.0,"turns":11.0},{"damage":0.0,"enemies":"Orb Walker","floor":35.0,"turns":6.0},{"damage":24.0,"enemies":"3 Darklings","floor":36.0,"turns":3.0},{"damage":5.0,"enemies":"Maw","floor":38.0,"turns":7.0},{"damage":17.0,"enemies":"Giant Head","floor":41.0,"turns":10.0},{"damage":19.0,"enemies":"Spire Growth","floor":44.0,"turns":5.0},{"damage":46,"enemies":"Transient","floor":46,"turns":5}],"seed_played":"-1023520082703821407","potions_obtained":[{"floor":4.0,"key":"Weak Potion"},{"floor":8.0,"key":"EssenceOfSteel"},{"floor":11.0,"key":"PowerPotion"},{"floor":12.0,"key":"FairyPotion"},{"floor":16.0,"key":"SkillPotion"}],"is_trial":false,"path_per_floor":["M","?","?","M","?","E","R","M","T","?","M","?","$","M","R","B",null,"M","?","$","M","?","E","R","M","T","M","?","M","M","M","R","B",null,"M","M","$","M","$","R","E","?","T","M","$","M"],"character_chosen":"THE_SILENT","items_purchased":["Apotheosis","Well Laid Plans+1","Prepared"],"campfire_rested":4,"item_purchase_floors":[13,20,39],"current_hp_per_floor":[59,48,30,30,10,10,29,29,29,29,23,23,23,24,24,21,57,48,48,48,39,53,34,56,45,45,31,31,31,30,21,46,28,73,76,55,55,53,53,82,68,64,64,46,46,0,0],"gold":115,"neow_bonus":"THREE_ENEMY_KILL","is_prod":false,"is_daily":false,"chose_seed":false,"campfire_upgraded":1,"win_rate":0,"timestamp":1607480991,"path_taken":["M","?","?","M","?","E","R","M","T","?","?","?","$","?","R","BOSS","M","?","$","M","?","E","R","M","T","M","?","M","M","M","R","BOSS","M","M","$","M","$","R","E","?","T","M","$","M"],"build_version":"2020-11-30","purchased_purges":3,"victory":false,"max_hp_per_floor":[66,66,66,66,66,66,66,66,66,66,67,67,67,68,68,69,69,70,70,70,71,71,74,74,77,77,78,78,79,82,85,85,88,88,91,94,94,97,97,97,100,106,106,107,107,107,107],"card_choices":[{"not_picked":["Flying Knee","Bane"],"picked":"Acrobatics","floor":1.0},{"not_picked":["Acrobatics","Prepared"],"picked":"All Out Attack","floor":4.0},{"not_picked":["Prepared","Heel Hook"],"picked":"Underhanded Strike","floor":6.0},{"not_picked":["Blade Dance","Outmaneuver"],"picked":"Dash","floor":8.0},{"not_picked":["Bane","Masterful Stab"],"picked":"Footwork+1","floor":11.0},{"not_picked":["Catalyst","Acrobatics"],"picked":"Calculated Gamble","floor":14.0},{"not_picked":["Malaise","Burst"],"picked":"Grand Finale","floor":16.0},{"not_picked":["Dagger Throw","Flying Knee+1"],"picked":"Footwork+1","floor":18.0},{"not_picked":["Bane+1","Flying Knee"],"picked":"Footwork+1","floor":21.0},{"not_picked":["Underhanded Strike","Flying Knee","Cloak And Dagger"],"picked":"Singing Bowl","floor":23.0},{"not_picked":["Outmaneuver+1","Calculated Gamble","Heel Hook"],"picked":"Singing Bowl","floor":25.0},{"not_picked":["Concentrate","Deadly Poison"],"picked":"Dagger Throw","floor":27.0},{"not_picked":["Slice","Flying Knee"],"picked":"Prepared","floor":29.0},{"not_picked":["Masterful Stab","Poisoned Stab","Grand Finale"],"picked":"Singing Bowl","floor":30.0},{"not_picked":["Poisoned Stab","Predator","Riddle With Holes"],"picked":"Singing Bowl","floor":31.0},{"not_picked":["A Thousand Cuts+1","After Image+1","Envenom+1"],"picked":"Singing Bowl","floor":33.0},{"not_picked":["Terror","Dagger Throw","Dagger Spray+1"],"picked":"Singing Bowl","floor":35.0},{"not_picked":["Dagger Throw","Sucker Punch","Bane"],"picked":"Singing Bowl","floor":36.0},{"not_picked":["Envenom+1","Riddle With Holes","Endless Agony"],"picked":"Singing Bowl","floor":38.0},{"not_picked":["Dagger Throw+1","Sucker Punch+1","PiercingWail+1"],"picked":"Singing Bowl","floor":41.0},{"not_picked":["Enlightenment+1","Mayhem+1","Deep Breath+1"],"picked":"Singing Bowl","floor":42.0},{"not_picked":["Good Instincts+1","Bandage Up+1","Trip+1"],"picked":"Singing Bowl","floor":42.0},{"not_picked":["Chrysalis+1","Magnetism+1","Bandage Up+1"],"picked":"Singing Bowl","floor":42.0},{"not_picked":["Slice","Deflect+1"],"picked":"Footwork+1","floor":44.0}],"player_experience":802574,"relics_obtained":[{"floor":6.0,"key":"Art of War"},{"floor":9.0,"key":"Frozen Egg 2"},{"floor":23.0,"key":"Singing Bowl"},{"floor":41.0,"key":"Toxic Egg 2"},{"floor":43.0,"key":"Snake Skull"}],"event_choices":[{"damage_healed":0.0,"max_hp_gain":0.0,"max_hp_loss":0.0,"gold_gain":75.0,"event_name":"World of Goop","player_choice":"Gather Gold","floor":2.0,"gold_loss":0.0,"damage_taken":11.0},{"damage_healed":0.0,"max_hp_gain":0.0,"max_hp_loss":0.0,"gold_gain":0.0,"event_name":"Scrap Ooze","player_choice":"Success","floor":3.0,"gold_loss":0.0,"damage_taken":18.0,"relics_obtained":["Bronze Scales"]},{"damage_healed":0.0,"max_hp_gain":0.0,"max_hp_loss":0.0,"gold_gain":0.0,"event_name":"Shining Light","player_choice":"Entered Light","floor":5.0,"gold_loss":0.0,"damage_taken":20.0,"cards_upgraded":["Acrobatics","Strike_G"]},{"damage_healed":0.0,"max_hp_gain":0.0,"max_hp_loss":0.0,"gold_gain":0.0,"event_name":"FaceTrader","player_choice":"Trade","floor":10.0,"gold_loss":0.0,"damage_taken":0.0,"relics_obtained":["FaceOfCleric"]},{"damage_healed":0.0,"max_hp_gain":0.0,"max_hp_loss":0.0,"gold_gain":0.0,"event_name":"The Woman in Blue","player_choice":"Bought 1 Potion","floor":12.0,"gold_loss":0.0,"damage_taken":0.0},{"damage_healed":0.0,"max_hp_gain":0.0,"max_hp_loss":0.0,"gold_gain":0.0,"event_name":"Vampires","player_choice":"Ignored","floor":19.0,"gold_loss":0.0,"damage_taken":0.0},{"damage_healed":14.0,"max_hp_gain":0.0,"max_hp_loss":0.0,"gold_gain":0.0,"event_name":"The Library","player_choice":"Heal","floor":22.0,"gold_loss":0.0,"damage_taken":0.0},{"cards_removed":["Strike_G"],"damage_healed":0.0,"max_hp_gain":0.0,"max_hp_loss":0.0,"gold_gain":0.0,"event_name":"Back to Basics","player_choice":"Elegance","floor":28.0,"gold_loss":0.0,"damage_taken":0.0},{"damage_healed":0.0,"max_hp_gain":0.0,"max_hp_loss":0.0,"gold_gain":0.0,"event_name":"SensoryStone","player_choice":"Memory 3","floor":42.0,"gold_loss":0.0,"damage_taken":10.0}],"is_beta":false,"boss_relics":[{"not_picked":["Pandora\u0027s Box","Busted Crown"],"picked":"Sozu"},{"not_picked":["SacredBark","Tiny House"],"picked":"Empty Cage"}],"items_purged_floors":[20,37,39],"is_endless":false,"potions_floor_spawned":[4,8,11,16,21,23,29,33,35,36],"killed_by":"Transient","ascension_level":20}}