{"host":"iy58fyt9wsbv4cf1","time":1607534827,"event":{"gold_per_floor":[114,114,126,126,140,171,189,203,285,300,300,316,316,333,333,433,433,445,45,45,45,58,58,88,88,88,88,105,124,149,162,162,261,261,281,300,225,243,243,276,286,286,286,300,300,300,300,317,317,317,317,317,217,249,249,249],"floor_reached":55,"playtime":1643,"items_purged":["Strike_B","Strike_B"],"score":743,"play_id":"c7ebac2b-5cb5-4b73-abeb-3cc75f8ed819","local_time":"20201209122707","is_ascension_mode":false,"campfire_choices":[{"floor":11,"key":"REST"},{"data":"Zap","floor":13,"key":"SMITH"},{"floor":15,"key":"REST"},{"data":"White Noise","floor":23,"key":"SMITH"},{"floor":25,"key":"RECALL"},{"data":"Multi-Cast","floor":27,"key":"SMITH"},{"floor":32,"key":"REST"},{"data":"Reboot","floor":42,"key":"SMITH"},{"data":"Ball Lightning","floor":47,"key":"SMITH"},{"floor":49,"key":"REST"},{"data":"Conserve Battery","floor":52,"key":"SMITH"}],"neow_cost":"","seed_source_timestamp":499045727839100,"circlet_count":0,"master_deck":["Strike_B","Defend_B","Defend_B","Defend_B","Defend_B","Static Discharge+1","Defragment+1","Ball Lightning+1","Capacitor+1","Conserve Battery+1","Defragment+1","White Noise+1","Multi-Cast+1","Electrodynamics+1","Leap+1","hubris:DuctTapeCard","Static Discharge+1","Glacier+1","Reboot+1"],"special_seed":0,"relics":["Cracked Core","Frozen Egg 2","Bag of Preparation","Sundial","Gremlin Horn","Busted Crown","hubris:DuctTape","DollysMirror","Mummified Hand","conspire:Flyswatter","conspire:DeflatedDodgeball","Vajra","Nuclear Battery","Strawberry","hubris:Towel","Bird Faced Urn"],"potions_floor_usage":[16,16,40,54,54],"damage_taken":[{"damage":1,"enemies":"Small Slimes","floor":1,"turns":2},{"damage":1,"enemies":"Cultist","floor":3,"turns":2},{"damage":1,"enemies":"Jaw Worm","floor":5,"turns":2},{"damage":16,"enemies":"Lagavulin","floor":6,"turns":6},{"damage":6,"enemies":"Exordium Thugs","floor":7,"turns":2},{"damage":6,"enemies":"Red Slaver","floor":8,"turns":2},{"damage":0,"enemies":"2 Fungi Beasts","floor":10,"turns":3},{"damage":5,"enemies":"Exordium Thugs","floor":12,"turns":2},{"damage":2,"enemies":"Blue Slaver","floor":14,"turns":2},{"damage":31,"enemies":"The Guardian","floor":16,"turns":5},{"damage":0,"enemies":"Spheric Guardian","floor":18,"turns":2},{"damage":3,"enemies":"2 Thieves","floor":22,"turns":2},{"damage":5,"enemies":"Gremlin Leader","floor":24,"turns":3},{"damage":3,"enemies":"Centurion and Healer","floor":28,"turns":3},{"damage":0,"enemies":"Cultist and Chosen","floor":29,"turns":2},{"damage":17,"enemies":"Book of Stabbing","floor":30,"turns":3},{"damage":0,"enemies":"Snake Plant","floor":31,"turns":2},{"damage":0,"enemies":"conspire:MysteriousRune","floor":33,"turns":8},{"damage":0,"enemies":"3 Darklings","floor":35,"turns":2},{"damage":7,"enemies":"3 Shapes","floor":36,"turns":2},{"damage":0,"enemies":"Spire Growth","floor":38,"turns":5},{"damage":7,"enemies":"Nemesis","floor":40,"turns":7},{"damage":0,"enemies":"Transient","floor":41,"turns":5},{"damage":16,"enemies":"3 Darklings","floor":44,"turns":3},{"damage":4,"enemies":"Spire Growth","floor":48,"turns":4},{"damage":71,"enemies":"conspire:OrnateMirror","floor":50,"turns":6},{"damage":38,"enemies":"Shield and Spear","floor":54,"turns":3},{"damage":56,"enemies":"The Heart","floor":55,"turns":3}],"seed_played":"-7756379397954331270","potions_obtained":[{"floor":5,"key":"Dexterity Potion"},{"floor":7,"key":"FearPotion"},{"floor":10,"key":"BlessingOfTheForge"},{"floor":16,"key":"ColorlessPotion"},{"floor":18,"key":"Regen Potion"},{"floor":46,"key":"SkillPotion"}],"is_trial":false,"path_per_floor":["M","$","M","?","M","E","M","M","T","M","R","M","R","M","R","B",null,"M","$","?","T","M","R","E","R","T","R","M","M","E","M","R","B",null,"M","M","$","M","?","E","M","R","T","M","?","?","R","M","R","B",null,"R","$","E","B"],"character_chosen":"DEFECT","items_purchased":["Frozen Egg 2","Static Discharge+1","Defragment+1","Bag of Preparation","Ball Lightning","hubris:DuctTape","DollysMirror"],"campfire_rested":4,"item_purchase_floors":[0,0,0,0,0,19,19],"current_hp_per_floor":[39,39,38,38,37,21,15,9,9,9,31,26,26,24,46,15,75,75,75,75,75,72,72,67,67,67,67,64,64,47,47,69,69,75,75,68,68,68,68,82,82,82,82,66,66,66,66,62,82,11,82,82,82,44,0,0],"gold":249,"neow_bonus":"","is_prod":false,"is_daily":false,"chose_seed":false,"campfire_upgraded":6,"win_rate":0,"timestamp":1607534827,"path_taken":["M","$","M","?","M","E","M","M","T","M","R","M","R","M","R","BOSS","M","?","?","?","M","R","E","R","T","R","M","M","E","?","R","BOSS","M","M","$","M","?","E","M","R","T","M","?","?","R","M","R","BOSS","R","$","E","BOSS"],"build_version":"2020-11-30","purchased_purges":2,"victory":false,"max_hp_per_floor":[75,75,75,75,75,75,75,75,75,75,75,75,75,75,75,75,75,75,75,75,75,75,75,75,75,75,75,75,75,75,75,75,75,75,75,75,75,75,75,82,82,82,82,82,82,82,82,82,82,82,82,82,82,82,82,82],"card_choices":[{"not_picked":["Redo","Barrage","Hologram"],"picked":"SKIP","floor":1},{"not_picked":["Self Repair+1","Barrage"],"picked":"Capacitor+1","floor":3},{"not_picked":["Gash","Redo","Sweeping Beam"],"picked":"SKIP","floor":5},{"not_picked":["Reinforced Body","Heatsinks+1","Leap"],"picked":"SKIP","floor":6},{"not_picked":["Streamline","Compile Driver"],"picked":"Conserve Battery","floor":7},{"not_picked":["Conserve Battery","Compile Driver"],"picked":"Defragment+1","floor":8},{"not_picked":["Hologram","Blizzard","Coolheaded"],"picked":"SKIP","floor":10},{"not_picked":["Leap","Turbo"],"picked":"White Noise","floor":12},{"not_picked":["Go for the Eyes","Multi-Cast","Cold Snap"],"picked":"SKIP","floor":14},{"not_picked":["Go for the Eyes","Cold Snap"],"picked":"Multi-Cast","floor":14},{"not_picked":["Multi-Cast","Meteor Strike"],"picked":"Electrodynamics+1","floor":16},{"not_picked":[],"picked":"Leap+1","floor":18},{"not_picked":["Aggregate"],"picked":"SKIP","floor":22},{"not_picked":["Redo"],"picked":"SKIP","floor":24},{"not_picked":["Cold Snap"],"picked":"SKIP","floor":28},{"not_picked":["Steam"],"picked":"SKIP","floor":29},{"not_picked":[],"picked":"Glacier+1","floor":30},{"not_picked":["FTL+1"],"picked":"SKIP","floor":31},{"not_picked":[],"picked":"Reboot","floor":33},{"not_picked":["Reprogram+1"],"picked":"SKIP","floor":35},{"not_picked":["Beam Cell"],"picked":"SKIP","floor":36},{"not_picked":["Sunder+1"],"picked":"SKIP","floor":38},{"not_picked":["Streamline+1"],"picked":"SKIP","floor":40},{"not_picked":["Stack+1"],"picked":"SKIP","floor":41},{"not_picked":["Steam+1"],"picked":"SKIP","floor":44},{"not_picked":["Stack"],"picked":"SKIP","floor":48},{"not_picked":["Turbo"],"picked":"SKIP","floor":54}],"player_experience":89968,"relics_obtained":[{"floor":6,"key":"Sundial"},{"floor":9,"key":"Gremlin Horn"},{"floor":21,"key":"Mummified Hand"},{"floor":24,"key":"conspire:Flyswatter"},{"floor":26,"key":"conspire:DeflatedDodgeball"},{"floor":30,"key":"Vajra"},{"floor":40,"key":"Strawberry"},{"floor":54,"key":"Bird Faced Urn"}],"event_choices":[{"damage_healed":0,"gold_gain":0,"player_choice":"Forge","damage_taken":0,"max_hp_gain":0,"max_hp_loss":0,"event_name":"Accursed Blacksmith","floor":4,"gold_loss":0,"cards_upgraded":["Dualcast"]},{"cards_removed":["Strike_B"],"damage_healed":0,"gold_gain":0,"player_choice":"Removed Attack","damage_taken":0,"max_hp_gain":0,"max_hp_loss":0,"event_name":"Falling","floor":39,"gold_loss":0},{"damage_healed":0,"gold_gain":0,"player_choice":"Got Potions","damage_taken":0,"max_hp_gain":0,"max_hp_loss":0,"event_name":"Lab","floor":46,"gold_loss":0}],"is_beta":false,"boss_relics":[{"not_picked":["Pandora\u0027s Box","Inserter"],"picked":"Busted Crown"},{"not_picked":["Velvet Choker","conspire:SlowCooker"],"picked":"Nuclear Battery"}],"items_purged_floors":[37,53],"is_endless":false,"potions_floor_spawned":[1,5,7,10,16,18,22,28,30,33,36,38,48],"killed_by":"The Heart","ascension_level":0}}