{"host":"nptej036rrbiurf5","time":1607485933,"event":{"gold_per_floor":[116,116,116,134,152,152,0,18,18,37,37,37,51,86,86,187,187,204,214,232,232,249,277,57,83,83,110,122,122,137,151,151,256,256,268,280,280,180,191,226,226,244,244,262,262,287,301,13,13,13,13],"floor_reached":50,"playtime":2932,"items_purged":["Iron Wave","Pummel+1"],"score":724,"play_id":"58ed7126-0186-48a8-877b-ec84b6d4be9d","local_time":"20201209125213","is_ascension_mode":true,"campfire_choices":[{"data":"Bash","floor":6.0,"key":"SMITH"},{"data":"Seeing Red","floor":15.0,"key":"SMITH"},{"data":"Perfected Strike","floor":29.0,"key":"SMITH"},{"data":"Perfected Strike","floor":32.0,"key":"SMITH"},{"floor":41.0,"key":"REST"},{"floor":49.0,"key":"REST"}],"neow_cost":"NONE","seed_source_timestamp":1205123079618200,"circlet_count":0,"master_deck":["Strike_R","Strike_R","Strike_R+1","Strike_R+1","Defend_R","Bash+1","Wild Strike","Cleave","Headbutt","Inflame","Battle Trance","Pommel Strike","Perfected Strike+1","Seeing Red+1","Feed","Armaments+1","Shrug It Off+1","Perfected Strike+1","Wild Strike+1","Evolve","Power Through","Burning Pact","Wild Strike","Perfected Strike+1","Twin Strike","Wild Strike","Offering","Twin Strike","Battle Trance+1","Second Wind+1","Perfected Strike","Wild Strike","Perfected Strike","Apotheosis"],"special_seed":0,"relics":["Burning Blood","Bronze Scales","HornCleat","Mummified Hand","Astrolabe","Kunai","Pear","Shovel","Pocketwatch","SlaversCollar","Mercury Hourglass","Self Forming Clay","Ornamental Fan"],"potions_floor_usage":[50],"damage_taken":[{"damage":6.0,"enemies":"Jaw Worm","floor":1.0,"turns":3.0},{"damage":0.0,"enemies":"Cultist","floor":4.0,"turns":2.0},{"damage":0.0,"enemies":"Small Slimes","floor":5.0,"turns":2.0},{"damage":5.0,"enemies":"Looter","floor":8.0,"turns":3.0},{"damage":21.0,"enemies":"Exordium Wildlife","floor":10.0,"turns":2.0},{"damage":10.0,"enemies":"Large Slime","floor":13.0,"turns":5.0},{"damage":0.0,"enemies":"Gremlin Nob","floor":14.0,"turns":3.0},{"damage":3.0,"enemies":"Slime Boss","floor":16.0,"turns":7.0},{"damage":19.0,"enemies":"Chosen","floor":18.0,"turns":6.0},{"damage":2.0,"enemies":"Shell Parasite","floor":19.0,"turns":4.0},{"damage":4.0,"enemies":"3 Cultists","floor":20.0,"turns":4.0},{"damage":0.0,"enemies":"Snecko","floor":22.0,"turns":3.0},{"damage":17.0,"enemies":"Book of Stabbing","floor":23.0,"turns":4.0},{"damage":16.0,"enemies":"Gremlin Leader","floor":25.0,"turns":4.0},{"damage":16.0,"enemies":"Slavers","floor":27.0,"turns":3.0},{"damage":16.0,"enemies":"Cultist and Chosen","floor":28.0,"turns":5.0},{"damage":9.0,"enemies":"Centurion and Healer","floor":30.0,"turns":3.0},{"damage":16.0,"enemies":"Snake Plant","floor":31.0,"turns":3.0},{"damage":79.0,"enemies":"Champ","floor":33.0,"turns":8.0},{"damage":6.0,"enemies":"Orb Walker","floor":35.0,"turns":2.0},{"damage":26.0,"enemies":"3 Darklings","floor":36.0,"turns":8.0},{"damage":27.0,"enemies":"Writhing Mass","floor":39.0,"turns":3.0},{"damage":47.0,"enemies":"Giant Head","floor":40.0,"turns":7.0},{"damage":39.0,"enemies":"Sphere and 2 Shapes","floor":42.0,"turns":4.0},{"damage":2.0,"enemies":"3 Darklings","floor":44.0,"turns":3.0},{"damage":6.0,"enemies":"Reptomancer","floor":46.0,"turns":3.0},{"damage":33.0,"enemies":"Transient","floor":47.0,"turns":5.0},{"damage":79,"enemies":"Awakened One","floor":50,"turns":5}],"seed_played":"-5391666385917240217","potions_obtained":[{"floor":5.0,"key":"SteroidPotion"},{"floor":10.0,"key":"FairyPotion"},{"floor":16.0,"key":"Swift Potion"},{"floor":20.0,"key":"Explosive Potion"},{"floor":25.0,"key":"Fire Potion"},{"floor":27.0,"key":"SmokeBomb"},{"floor":30.0,"key":"PowerPotion"},{"floor":31.0,"key":"SteroidPotion"},{"floor":35.0,"key":"CultistPotion"},{"floor":39.0,"key":"Explosive Potion"},{"floor":42.0,"key":"EntropicBrew"},{"floor":45.0,"key":"FairyPotion"}],"is_trial":false,"path_per_floor":["M","?","?","M","M","R","$","M","T","M","?","?","M","E","R","B",null,"M","M","M","?","M","E","$","E","T","E","M","R","M","M","R","B",null,"M","M","?","$","M","E","R","M","T","M","?","E","M","$","R","B"],"character_chosen":"IRONCLAD","items_purchased":["Inflame","Battle Trance","Evolve","Power Through","Perfected Strike","Apotheosis","Strength Potion"],"campfire_rested":2,"item_purchase_floors":[7,7,24,24,48,48,48],"current_hp_per_floor":[80,64,64,70,76,76,76,77,77,62,62,62,58,64,64,67,80,70,77,82,82,91,80,80,80,80,70,60,60,60,50,50,27,105,105,85,85,85,64,23,54,21,21,25,25,25,37,37,68,0,0],"gold":13,"neow_bonus":"RANDOM_COMMON_RELIC","is_prod":false,"is_daily":false,"chose_seed":false,"campfire_upgraded":4,"win_rate":0,"timestamp":1607485933,"path_taken":["M","?","?","?","M","R","$","M","T","M","?","?","M","E","R","BOSS","M","M","M","?","M","E","$","E","T","E","M","R","M","M","R","BOSS","M","M","?","$","M","E","R","M","T","M","?","E","?","$","R","BOSS"],"build_version":"2020-11-30","purchased_purges":2,"victory":false,"max_hp_per_floor":[80,80,80,80,80,80,80,80,80,80,80,80,80,80,80,80,80,83,86,89,89,92,92,92,102,102,102,102,102,105,105,105,105,105,105,105,105,105,105,105,105,105,105,105,105,105,105,105,105,105,105],"card_choices":[{"not_picked":["Pummel","Battle Trance"],"picked":"Wild Strike","floor":1.0},{"not_picked":["Headbutt","Shrug It Off"],"picked":"Cleave","floor":4.0},{"not_picked":["Body Slam","Clash"],"picked":"Headbutt","floor":5.0},{"not_picked":["Inflame","Whirlwind"],"picked":"Pommel Strike","floor":8.0},{"not_picked":["Entrench","Body Slam"],"picked":"Perfected Strike","floor":10.0},{"not_picked":["Armaments","Clothesline","Hemokinesis"],"picked":"SKIP","floor":13.0},{"not_picked":["Flex","Armaments"],"picked":"Seeing Red","floor":14.0},{"not_picked":["Bludgeon","Fiend Fire"],"picked":"Feed","floor":16.0},{"not_picked":["Headbutt+1","Havoc+1","True Grit"],"picked":"SKIP","floor":18.0},{"not_picked":["Sever Soul","Twin Strike"],"picked":"Perfected Strike","floor":19.0},{"not_picked":["Pummel","Headbutt","Shrug It Off"],"picked":"SKIP","floor":20.0},{"not_picked":["Cleave","Intimidate","Sever Soul+1"],"picked":"SKIP","floor":22.0},{"not_picked":["Infernal Blade+1","Clash"],"picked":"Wild Strike+1","floor":23.0},{"not_picked":["Iron Wave","Shockwave"],"picked":"Burning Pact","floor":25.0},{"not_picked":["Disarm","Uppercut"],"picked":"Wild Strike","floor":27.0},{"not_picked":["Double Tap","Thunderclap+1"],"picked":"Perfected Strike","floor":28.0},{"not_picked":["Rampage","Anger"],"picked":"Twin Strike","floor":30.0},{"not_picked":["Flex","Heavy Blade"],"picked":"Wild Strike","floor":31.0},{"not_picked":["Impervious","Fiend Fire"],"picked":"Offering","floor":33.0},{"not_picked":["Reckless Charge+1","Cleave","Metallicize+1"],"picked":"SKIP","floor":35.0},{"not_picked":["Headbutt","Battle Trance"],"picked":"Twin Strike","floor":36.0},{"not_picked":["Sever Soul","True Grit"],"picked":"Battle Trance+1","floor":39.0},{"not_picked":["Pummel+1","Carnage+1","Evolve"],"picked":"SKIP","floor":40.0},{"not_picked":["Clash+1","Rage"],"picked":"Second Wind+1","floor":42.0},{"not_picked":["True Grit+1","Sword Boomerang"],"picked":"Perfected Strike","floor":44.0},{"not_picked":["Shrug It Off+1","Iron Wave"],"picked":"Wild Strike","floor":46.0},{"not_picked":["Body Slam+1","Clash+1","Havoc+1"],"picked":"SKIP","floor":47.0}],"player_experience":806450,"relics_obtained":[{"floor":9.0,"key":"HornCleat"},{"floor":14.0,"key":"Mummified Hand"},{"floor":23.0,"key":"Kunai"},{"floor":25.0,"key":"Pear"},{"floor":26.0,"key":"Shovel"},{"floor":27.0,"key":"Pocketwatch"},{"floor":40.0,"key":"Mercury Hourglass"},{"floor":43.0,"key":"Self Forming Clay"},{"floor":46.0,"key":"Ornamental Fan"}],"event_choices":[{"damage_healed":0.0,"max_hp_gain":0.0,"max_hp_loss":0.0,"gold_gain":0.0,"event_name":"Shining Light","player_choice":"Entered Light","floor":2.0,"gold_loss":0.0,"damage_taken":16.0,"cards_upgraded":["Strike_R","Strike_R"]},{"cards_removed":["Strike_R"],"damage_healed":0.0,"max_hp_gain":0.0,"max_hp_loss":0.0,"gold_gain":0.0,"event_name":"NoteForYourself","player_choice":"Took Card","floor":3.0,"gold_loss":0.0,"damage_taken":0.0,"cards_obtained":["Iron Wave"]},{"damage_healed":0.0,"max_hp_gain":0.0,"max_hp_loss":0.0,"gold_gain":0.0,"event_name":"Living Wall","player_choice":"Grow","floor":11.0,"gold_loss":0.0,"damage_taken":0.0,"cards_upgraded":["Perfected Strike"]},{"damage_healed":0.0,"max_hp_gain":0.0,"max_hp_loss":0.0,"gold_gain":0.0,"event_name":"Liars Game","player_choice":"Ignored","floor":12.0,"gold_loss":0.0,"damage_taken":0.0},{"damage_healed":0.0,"max_hp_gain":0.0,"max_hp_loss":0.0,"gold_gain":0.0,"event_name":"Cursed Tome","player_choice":"Ignored","floor":21.0,"gold_loss":0.0,"damage_taken":0.0},{"damage_healed":0.0,"max_hp_gain":0.0,"max_hp_loss":0.0,"gold_gain":0.0,"event_name":"Tomb of Lord Red Mask","player_choice":"Ignored","floor":37.0,"gold_loss":0.0,"damage_taken":0.0},{"damage_healed":0.0,"max_hp_gain":0.0,"max_hp_loss":0.0,"gold_gain":0.0,"event_name":"Lab","player_choice":"Got Potions","floor":45.0,"gold_loss":0.0,"damage_taken":0.0}],"is_beta":false,"boss_relics":[{"not_picked":["Busted Crown","Empty Cage"],"picked":"Astrolabe"},{"not_picked":["Black Star","Sozu"],"picked":"SlaversCollar"}],"items_purged_floors":[24,38],"is_endless":false,"potions_floor_spawned":[5,10,16,20,23,25,27,30,31,35,39,42],"killed_by":"Awakened One","ascension_level":1}}