{"host":"hoz3ngw650fbea07","time":1607551657,"event":{"gold_per_floor":[112,287,287,42,62,62,97,116,116,116,150,0,31,51,51,154,154,172,172,47,47,57,57,85,85,111,111,122,122,155,0,0,99,99,114,114,129,75,75,75,110,110,110,122,133,133,160,174,174,174,174],"floor_reached":50,"playtime":2360,"items_purged":["Doubt","Strike_P","Pray"],"score":789,"play_id":"76450171-d001-4ce3-93bb-ee2166072d79","local_time":"20201209150737","is_ascension_mode":true,"campfire_choices":[{"data":"ConjureBlade","floor":6.0,"key":"SMITH"},{"floor":15,"key":"REST"},{"floor":23,"key":"REST"},{"data":"Prostrate","floor":25,"key":"SMITH"},{"data":"Prostrate","floor":27,"key":"SMITH"},{"data":"Prostrate","floor":29,"key":"SMITH"},{"floor":32,"key":"REST"},{"floor":40,"key":"REST"},{"data":"Pot Of Greed","floor":42,"key":"SMITH"},{"data":"Pot Of Greed","floor":46,"key":"SMITH"},{"data":"Pot Of Greed","floor":49,"key":"SMITH"}],"neow_cost":"TEN_PERCENT_HP_LOSS","seed_source_timestamp":2185533720685700,"circlet_count":0,"master_deck":["Defend_P","Defend_P","Defend_P","Eruption","Vigilance","ConjureBlade+1","MentalFortress","BattleHymn+1","Prostrate+1","Prostrate+1","FlurryOfBlows","FlurryOfBlows","Replay:LoomingThreat+1","EmptyMind+1","Replay:AllIn+1","Replay:Cycle+1","Prostrate+1","FlurryOfBlows+1","WreathOfFlame+1","DeusExMachina","LessonLearned","Adaptation+1","Consecrate+1","Prostrate+1","Pot Of Greed+1","Pot Of Greed+1","Pot Of Greed+1","Replay:Hum","FlurryOfBlows+1","Parasite","Crescendo+1"],"special_seed":0,"relics":["PureWater","Nunchaku","CCEMRelics:CocoNut","ReplayFunnel","Mummified Hand","Astrolabe","ReplayTheSpireMod:Shallot","Regal Pillow","Kunai","Toy Ornithopter","StuffTheSpire:RunicHypercube","Grinning Jar","Lantern","Ancient Tea Set"],"potions_floor_usage":[7,7,14,16,28,33,45,50,50],"damage_taken":[{"damage":0.0,"enemies":"Small Slimes","floor":1.0,"turns":2.0},{"damage":5.0,"enemies":"2 Louse","floor":5.0,"turns":2.0},{"damage":0,"enemies":"Lagavulin","floor":7,"turns":4},{"damage":0,"enemies":"Cultist","floor":8,"turns":3},{"damage":15,"enemies":"Replay:BlueRogue","floor":11,"turns":5},{"damage":28,"enemies":"3 Sentries","floor":13,"turns":4},{"damage":0,"enemies":"2 Fungi Beasts","floor":14,"turns":3},{"damage":1,"enemies":"Slime Boss","floor":16,"turns":6},{"damage":21,"enemies":"3 Byrds","floor":18,"turns":4},{"damage":15,"enemies":"2 Thieves","floor":22,"turns":3},{"damage":0,"enemies":"Gremlin Leader","floor":24,"turns":5},{"damage":0,"enemies":"Sentry and Sphere","floor":28,"turns":3},{"damage":16,"enemies":"Replay:Snechameleon","floor":30,"turns":4},{"damage":0,"enemies":"Champ","floor":33,"turns":7},{"damage":23,"enemies":"3 Shapes","floor":35,"turns":5},{"damage":0,"enemies":"Orb Walker","floor":37,"turns":3},{"damage":6,"enemies":"Giant Head","floor":41,"turns":5},{"damage":0,"enemies":"Maw","floor":44,"turns":4},{"damage":0,"enemies":"Writhing Mass","floor":45,"turns":2},{"damage":0,"enemies":"R_Hoarder","floor":47,"turns":5},{"damage":2,"enemies":"Spire Growth","floor":48,"turns":3},{"damage":88,"enemies":"Awakened One","floor":50,"turns":4}],"seed_played":"-6751617317346355036","potions_obtained":[{"floor":13,"key":"EssenceOfSteel"},{"floor":14,"key":"SkillPotion"},{"floor":16,"key":"Ancient Potion"},{"floor":24,"key":"sneckomod:MuddlingPotion"},{"floor":28,"key":"Strength Potion"},{"floor":30,"key":"ColorlessPotion"},{"floor":35,"key":"Milkshake"},{"floor":44,"key":"Block Potion"},{"floor":48,"key":"DuplicationPotion"}],"is_trial":false,"path_per_floor":["M","?","?","$","M","R","E","M","T","?","E","$","E","M","R","B",null,"M","?","$","?","M","R","E","R","T","R","M","R","E","$","R","B",null,"M","?","M","$","?","R","E","R","T","M","M","R","E","M","R","B"],"character_chosen":"WATCHER","items_purchased":["Pray","Energy Potion","Adrenaline Potion","FlurryOfBlows","Toy Ornithopter","Prostrate"],"campfire_rested":4,"item_purchase_floors":[4,4,4,12,31,38],"current_hp_per_floor":[65,65,65,65,60,60,60,60,65,65,50,50,22,22,43,42,70,49,49,49,49,34,55,55,55,55,55,55,55,39,39,70,70,70,47,27,27,27,27,63,57,57,57,57,62,62,62,60,60,0,0],"gold":174,"neow_bonus":"THREE_RARE_CARDS","is_prod":false,"is_daily":false,"chose_seed":false,"campfire_upgraded":7,"win_rate":0,"timestamp":1607551657,"path_taken":["M","?","?","$","?","R","E","M","T","?","E","$","E","M","R","BOSS","M","?","$","?","M","R","E","R","T","R","M","R","E","?","R","BOSS","M","?","M","$","?","R","E","R","T","M","M","R","E","M","R","BOSS"],"build_version":"2020-11-30","purchased_purges":3,"victory":false,"max_hp_per_floor":[65,65,65,65,65,65,65,65,70,70,70,70,70,70,70,70,70,70,70,70,70,70,70,70,70,70,70,70,70,70,70,70,70,70,70,70,70,70,70,70,70,70,70,70,70,70,70,70,70,70,70],"card_choices":[{"not_picked":["Vault","Establishment"],"picked":"ConjureBlade","floor":0.0},{"not_picked":["EmptyFist","Replay:AtTheReady"],"picked":"MentalFortress","floor":1.0},{"not_picked":["SashWhip","Replay:AtTheReady","FlyingSleeves"],"picked":"SKIP","floor":5.0},{"not_picked":["Conclude","Replay:AtTheReady","FearNoEvil"],"picked":"SKIP","floor":7},{"not_picked":["Weave","ThirdEye"],"picked":"Prostrate","floor":8},{"not_picked":["Omniscience","EmptyBody"],"picked":"Prostrate","floor":11},{"not_picked":["Collect","Protect"],"picked":"FlurryOfBlows","floor":13},{"not_picked":["CrushJoints","BowlingBash","Collect"],"picked":"SKIP","floor":14},{"not_picked":["SpiritShield","DeusExMachina"],"picked":"Replay:LoomingThreat","floor":16},{"not_picked":["InnerPeace","CutThroughFate"],"picked":"Prostrate","floor":18},{"not_picked":["FlyingSleeves+1","Replay:BluntJabs+1"],"picked":"FlurryOfBlows+1","floor":22},{"not_picked":["Replay:Vibes","Crescendo"],"picked":"WreathOfFlame+1","floor":24},{"not_picked":["CrushJoints","Conclude+1","Swivel"],"picked":"SKIP","floor":28},{"not_picked":["Replay:DivineShield","Crescendo"],"picked":"DeusExMachina","floor":30},{"not_picked":["Wish","MasterReality"],"picked":"LessonLearned","floor":33},{"not_picked":["Nirvana+1","Replay:AtTheReady+1"],"picked":"Adaptation+1","floor":35},{"not_picked":["Weave","Wallop"],"picked":"Consecrate+1","floor":37},{"not_picked":["Perseverance+1","CutThroughFate+1"],"picked":"Replay:Hum","floor":41},{"not_picked":["Conclude+1","ForeignInfluence"],"picked":"FlurryOfBlows+1","floor":44},{"not_picked":["Replay:DivineShield","CutThroughFate","Protect"],"picked":"SKIP","floor":45},{"not_picked":["ReachHeaven","Evaluate+1","Wallop"],"picked":"SKIP","floor":47},{"not_picked":["FlyingSleeves+1","ThirdEye"],"picked":"Crescendo+1","floor":48}],"player_experience":99749,"relics_obtained":[{"floor":7,"key":"Nunchaku"},{"floor":9,"key":"CCEMRelics:CocoNut"},{"floor":11,"key":"ReplayFunnel"},{"floor":13,"key":"Mummified Hand"},{"floor":24,"key":"ReplayTheSpireMod:Shallot"},{"floor":26,"key":"Regal Pillow"},{"floor":30,"key":"Kunai"},{"floor":41,"key":"Grinning Jar"},{"floor":43,"key":"Lantern"},{"floor":47,"key":"Ancient Tea Set"}],"event_choices":[{"damage_healed":0.0,"max_hp_gain":0.0,"max_hp_loss":0.0,"gold_gain":175.0,"event_name":"betterThird:BetterSerpent","player_choice":"AGREE","floor":2.0,"gold_loss":0.0,"damage_taken":112.0},{"damage_healed":0.0,"max_hp_gain":0.0,"max_hp_loss":0.0,"gold_gain":1.0,"event_name":"betterStone:BetterStone","player_choice":"4","floor":3.0,"gold_loss":0.0,"damage_taken":0.0,"cards_obtained":["BattleHymn"]},{"cards_removed":["Strike_P"],"damage_healed":0,"gold_gain":0,"player_choice":"Purged","damage_taken":0,"max_hp_gain":0,"max_hp_loss":0,"event_name":"Purifier","floor":10,"gold_loss":0},{"damage_healed":0,"gold_gain":0,"player_choice":"Ignored","damage_taken":0,"max_hp_gain":0,"max_hp_loss":0,"event_name":"Ghosts","floor":21,"gold_loss":0},{"damage_healed":0,"gold_gain":0,"player_choice":"Upgraded","damage_taken":0,"max_hp_gain":0,"max_hp_loss":0,"event_name":"Upgrade Shrine","floor":39,"gold_loss":0,"cards_upgraded":["Prostrate"]}],"is_beta":false,"boss_relics":[{"not_picked":["Sozu","Coffee Dripper"],"picked":"Astrolabe"},{"not_picked":["Velvet Choker","StuffTheSpire:RunicConfusion"],"picked":"StuffTheSpire:RunicHypercube"}],"items_purged_floors":[4,12,20],"is_endless":false,"potions_floor_spawned":[13,14,16,24,28,30,35,44,48],"killed_by":"Awakened One","ascension_level":1}}