{"host":"htpechobqgpaugnv","time":1607491252,"event":{"gold_per_floor":[115,115,125,140,140,170,170,206,206,206,206,206,206,13,13,13,13],"floor_reached":16,"playtime":378,"items_purged":["Strike_P"],"score":212,"play_id":"de8315ed-2d12-4c18-9d00-a032fe890730","local_time":"20201208232052","is_ascension_mode":true,"campfire_choices":[{"data":"Eruption","floor":11.0,"key":"SMITH"},{"data":"TalkToTheHand","floor":13.0,"key":"SMITH"},{"data":"TalkToTheHand","floor":15.0,"key":"SMITH"}],"neow_cost":"TEN_PERCENT_HP_LOSS","seed_source_timestamp":71060239985700,"circlet_count":0,"master_deck":["AscendersBane","Strike_P","Strike_P","Defend_P","Defend_P","Defend_P","Defend_P","Eruption+1","Vigilance","Master of Strategy","CutThroughFate+1","TalkToTheHand+1","Weave","Wallop","TalkToTheHand+1","WheelKick"],"special_seed":0,"relics":["PureWater","Incense Burner","Golden Idol","TeardropLocket","Mummified Hand"],"potions_floor_usage":[],"damage_taken":[{"damage":0.0,"enemies":"2 Louse","floor":1.0,"turns":3.0},{"damage":7.0,"enemies":"Cultist","floor":3.0,"turns":5.0},{"damage":5.0,"enemies":"Jaw Worm","floor":4.0,"turns":5.0},{"damage":35.0,"enemies":"3 Sentries","floor":6.0,"turns":6.0},{"damage":4.0,"enemies":"Gremlin Nob","floor":8.0,"turns":3.0},{"damage":11,"enemies":"The Guardian","floor":16,"turns":7}],"seed_played":"7861413649378259294","potions_obtained":[{"floor":4.0,"key":"SteroidPotion"},{"floor":6.0,"key":"FearPotion"}],"is_trial":false,"path_per_floor":["M","?","M","M","?","E","?","E","T","?","R","?","R","$","R","B"],"character_chosen":"WATCHER","items_purchased":["TalkToTheHand","WheelKick"],"campfire_rested":0,"item_purchase_floors":[14,14],"current_hp_per_floor":[61,61,54,49,49,14,14,10,10,10,10,10,10,10,10,0,0],"gold":13,"neow_bonus":"RANDOM_COLORLESS_2","is_prod":false,"is_daily":false,"chose_seed":false,"campfire_upgraded":3,"win_rate":0,"timestamp":1607491252,"path_taken":["M","?","M","?","?","E","?","E","T","?","R","?","R","$","R","BOSS"],"build_version":"2020-11-30","purchased_purges":1,"victory":false,"max_hp_per_floor":[62,62,62,62,62,62,56,56,56,56,56,56,56,56,56,56,56],"relic_stats":{"counters":[6,29],"Golden Idol":7,"Mummified Hand":[0],"obtain_stats":[{"Golden Idol":7,"Mummified Hand":9,"Incense Burner":6,"TeardropLocket":8,"PureWater":0},{"Golden Idol":4,"Mummified Hand":5,"Incense Burner":4,"TeardropLocket":5,"PureWater":0},{"Golden Idol":19,"Mummified Hand":22,"Incense Burner":19,"TeardropLocket":22,"PureWater":0}]},"card_choices":[{"not_picked":["Magnetism","Thinking Ahead"],"picked":"Master of Strategy","floor":0.0},{"not_picked":["BowlingBash","Halt"],"picked":"CutThroughFate","floor":1.0},{"not_picked":["Consecrate","ThirdEye"],"picked":"TalkToTheHand","floor":3.0},{"not_picked":["CrushJoints","Vengeance","ClearTheMind"],"picked":"SKIP","floor":4.0},{"not_picked":["CutThroughFate","CrushJoints"],"picked":"Weave","floor":6.0},{"not_picked":["Halt","Protect"],"picked":"Wallop","floor":8.0}],"player_experience":1252607,"relics_obtained":[{"floor":6.0,"key":"Incense Burner"},{"floor":8.0,"key":"TeardropLocket"},{"floor":9.0,"key":"Mummified Hand"}],"event_choices":[{"damage_healed":0.0,"max_hp_gain":0.0,"max_hp_loss":0.0,"gold_gain":0.0,"event_name":"Upgrade Shrine","player_choice":"Upgraded","floor":2.0,"gold_loss":0.0,"damage_taken":0.0,"cards_upgraded":["CutThroughFate"]},{"damage_healed":0.0,"max_hp_gain":0.0,"max_hp_loss":0.0,"gold_gain":0.0,"event_name":"Liars Game","player_choice":"Ignored","floor":5.0,"gold_loss":0.0,"damage_taken":0.0},{"damage_healed":0.0,"max_hp_gain":0.0,"max_hp_loss":6.0,"gold_gain":0.0,"event_name":"Golden Idol","player_choice":"Lose Max HP","floor":7.0,"gold_loss":0.0,"damage_taken":0.0,"relics_obtained":["Golden Idol"]},{"damage_healed":0.0,"max_hp_gain":0.0,"max_hp_loss":0.0,"gold_gain":0.0,"event_name":"Dead Adventurer","player_choice":"Searched \u00270\u0027 times","floor":10.0,"gold_loss":0.0,"damage_taken":0.0},{"cards_removed":["Strike_P"],"damage_healed":0.0,"max_hp_gain":0.0,"max_hp_loss":0.0,"gold_gain":0.0,"event_name":"Living Wall","player_choice":"Forget","floor":12.0,"gold_loss":0.0,"damage_taken":0.0}],"is_beta":false,"boss_relics":[],"items_purged_floors":[14],"is_endless":false,"potions_floor_spawned":[4,6],"killed_by":"The Guardian","ascension_level":20}}