{"host":"c95txy58ipbu969e","time":1607501567,"event":{"gold_per_floor":[113,113,133,153,169,197,216,246,295,334,346,408,436,482,494,583,595,623,655,686,714,744,784,796,808,844,884,896,931,931,931,931,946,946,1023,1023,1037,1037,1050,1050,1050,1075,1075,1075,1075,1101,1101,1101,1101,1129,1153,1153,1153],"floor_reached":52,"playtime":1392,"items_purged":["Strike_P","Strike_P","Strike_P","WheelKick","Wallop"],"score":2081,"play_id":"ad995f5f-f445-49ae-8e5f-d9103b843ff1","local_time":"20201209161247","is_ascension_mode":true,"campfire_choices":[{"data":"Eruption","floor":11,"key":"SMITH"},{"data":"REME_CRH","floor":15,"key":"SMITH"},{"data":"MostiFishMod:PathToVictory","floor":24,"key":"SMITH"},{"data":"MostiFishMod:VineMother","floor":34,"key":"SMITH"},{"floor":43,"key":"RECALL"}],"neow_cost":"NONE","seed_source_timestamp":415666515315500,"circlet_count":0,"master_deck":["AscendersBane","Strike_P+1","Defend_P+1","Defend_P+1","Defend_P+1","Defend_P+1","Eruption+1","Vigilance+1","MostiFishMod:VineMother+1","InnerPeace","CutThroughFate","REME_CRH+1","FlurryOfBlows","MostiFishMod:PathToVictory+1","Replay:Hum","FlurryOfBlows+1","ForeignInfluence+1","MostiFishMod:Disappear","Madness","Madness","Tantrum","MostiFishMod:ElfcollectionBox","REME_ProfessionalPlagiarism","Languid","Voices"],"relics":["DaveBox","testmod-TestBox","REME_ComplimentaryCards","testmod-EnergyCheck","Civilization","testmod-CardMagician","Question Card","ReplayTheSpireMod:Ninjato","vexMod:ScavengeHelm","MawBank","TeardropLocket","Pen Nib","ImportantClient","DiscerningMonocle","Chameleon Ring","PreservedInsect","vexMod:Dragonfruit","Lantern","TimeFreeze","War Paint","Replay:Accelerometer","Tiny Chest","ClockworkSouvenir","BirthdayGift-Tetrahedron","Melange","Akabeko","ReplayTheSpireMod:Shallot","CombinedTypeHook","Strawberry","Strange Spoon","Bottled Flame","Replay:Bottled Steam","testmod-OneHitWonder","testmod-Charity","REME_HandOfSuture","Replay:Bottled Eggs","ReplayFunnel","testmod-Laevatain"],"potions_floor_usage":[],"damage_taken":[{"damage":1,"enemies":"2 Louse","floor":1,"turns":3},{"damage":0,"enemies":"Small Slimes","floor":3,"turns":3},{"damage":0,"enemies":"Cultist","floor":4,"turns":3},{"damage":0,"enemies":"3 Louse","floor":5,"turns":2},{"damage":0,"enemies":"Gremlin Nob","floor":6,"turns":2},{"damage":0,"enemies":"Exordium Wildlife","floor":7,"turns":2},{"damage":0,"enemies":"3 Sentries","floor":8,"turns":4},{"damage":0,"enemies":"Replay:BlueRogue","floor":10,"turns":1},{"damage":0,"enemies":"Large Slime","floor":13,"turns":2},{"damage":10,"enemies":"3 Sentries","floor":14,"turns":2},{"damage":0,"enemies":"Hexaghost","floor":16,"turns":2},{"damage":0,"enemies":"Spheric Guardian","floor":18,"turns":2},{"damage":0,"enemies":"Shell Parasite","floor":19,"turns":1},{"damage":0,"enemies":"Shelled Parasite and Fungi","floor":20,"turns":1},{"damage":0,"enemies":"Centurion and Healer","floor":21,"turns":1},{"damage":0,"enemies":"Snake Plant","floor":22,"turns":1},{"damage":0,"enemies":"Book of Stabbing","floor":23,"turns":1},{"damage":0,"enemies":"Replay:Snechameleon","floor":27,"turns":1},{"damage":0,"enemies":"REME_1_Revenger","floor":29,"turns":2},{"damage":0,"enemies":"Chosen and Byrds","floor":33,"turns":1},{"damage":0,"enemies":"Automaton","floor":35,"turns":1},{"damage":2,"enemies":"3 Darklings","floor":37,"turns":2},{"damage":0,"enemies":"3 Shapes","floor":39,"turns":1},{"damage":0,"enemies":"Reptomancer","floor":42,"turns":1},{"damage":2,"enemies":"Giant Head","floor":46,"turns":2},{"damage":0,"enemies":"R_Hoarder","floor":50,"turns":1},{"damage":4,"enemies":"Mind Bloom Boss Battle","floor":51,"turns":3},{"damage":1528,"enemies":"Transient","floor":52,"turns":1}],"seed_played":"6721535229698446854","potions_obtained":[{"floor":1,"key":"Ancient Potion"},{"floor":3,"key":"BottledMiracle"}],"is_trial":false,"path_per_floor":["M","?","M","M","M","E","M","E","T","E","R","?","M","E","R","B",null,"M","M","M","M","M","E","R","?","T","E","$","E","$","PTL","PTL","M","R","B",null,"M","$","M","?","$","E","R","PTL","PTL","E","T","$","?","E","?","M"],"character_chosen":"WATCHER","items_purchased":["vexMod:Dragonfruit","Lantern","TimeFreeze","SteroidPotion","LiquidMemories","Replay:Accelerometer","Tiny Chest","ClockworkSouvenir","Melange","Akabeko","ReplayTheSpireMod:Shallot","CombinedTypeHook","Strawberry","Strange Spoon","Tantrum","testmod-Charity","REME_HandOfSuture","Replay:Bottled Eggs"],"campfire_rested":0,"item_purchase_floors":[28,28,28,28,28,30,30,30,38,38,38,41,41,41,41,48,48,48],"current_hp_per_floor":[62,41,45,50,58,67,78,92,92,107,107,107,124,134,134,155,184,206,229,254,281,309,338,338,338,338,368,373,404,404,404,404,437,437,471,479,517,517,560,458,465,511,511,511,511,556,556,556,546,595,642,0,0],"gold":1153,"neow_bonus":"BOSS_RELIC","is_prod":false,"is_daily":false,"chose_seed":false,"campfire_upgraded":4,"win_rate":0,"timestamp":1607501567,"path_taken":["M","?","M","M","M","E","M","E","T","E","R","?","M","E","R","BOSS","M","M","M","M","?","E","R","?","T","E","$","E","$","PTL","PTL","M","R","BOSS","M","$","M","?","$","E","R","PTL","PTL","E","T","$","?","E","?","M"],"build_version":"2020-11-30","purchased_purges":5,"victory":false,"max_hp_per_floor":[70,70,74,79,87,96,107,121,121,136,136,136,153,173,173,194,194,216,239,264,291,319,348,348,348,348,378,383,414,414,414,414,447,447,481,481,521,521,564,564,571,617,617,617,617,664,664,664,664,713,764,764,764],"card_choices":[{"not_picked":["Weave","CrushJoints"],"picked":"InnerPeace","floor":1},{"not_picked":["Replay:BluntJabs","ThirdEye","ClearTheMind"],"picked":"Wallop","floor":3},{"not_picked":["FollowUp","FlyingSleeves","MostiFishMod:Clarity"],"picked":"CutThroughFate","floor":4},{"not_picked":["FlyingSleeves","Weave","Prostrate","Replay:AtTheReady"],"picked":"SKIP","floor":5},{"not_picked":["Fasting2","Replay:BluntJabs","CutThroughFate"],"picked":"REME_CRH","floor":6},{"not_picked":["SandsOfTime","FlyingSleeves","FollowUp","Nirvana"],"picked":"SKIP","floor":7},{"not_picked":["SpiritShield","CrushJoints","ThirdEye","Swivel"],"picked":"SKIP","floor":8},{"not_picked":["ThirdEye","Prostrate","ClearTheMind","Protect"],"picked":"SKIP","floor":10},{"not_picked":["Swivel","Halt","Crescendo"],"picked":"FlurryOfBlows","floor":13},{"not_picked":["Replay:DivineShield","Halt","Wireheading","Protect"],"picked":"SKIP","floor":14},{"not_picked":["MostiFishMod:MemoryFragments","Judgement","MostiFishMod:Zero-Sum"],"picked":"MostiFishMod:PathToVictory","floor":16},{"not_picked":["REME_Repentance","WheelKick","Prostrate"],"picked":"Replay:Hum","floor":18},{"not_picked":["BattleHymn","InnerPeace","Weave+1"],"picked":"WheelKick","floor":19},{"not_picked":["Replay:ManipulateFuture","Evaluate","FlyingSleeves","Protect"],"picked":"SKIP","floor":20},{"not_picked":["Replay:AllIn","Collect","WindmillStrike","Meditate"],"picked":"SKIP","floor":21},{"not_picked":["FollowUp","ReachHeaven","Replay:AtTheReady"],"picked":"FlurryOfBlows+1","floor":22},{"not_picked":["FlyingSleeves","ThirdEye","Replay:Hum","Protect"],"picked":"SKIP","floor":23},{"not_picked":["FollowUp","CrushJoints+1","CutThroughFate","Swivel"],"picked":"SKIP","floor":27},{"not_picked":["FollowUp","BowlingBash","ThirdEye","SashWhip"],"picked":"SKIP","floor":29},{"not_picked":["Indignation","Consecrate","CrushJoints"],"picked":"MostiFishMod:Disappear","floor":33},{"not_picked":["TalkToTheHand","Replay:BluntJabs+1","FollowUp","Protect"],"picked":"SKIP","floor":37},{"not_picked":["PathToVictory","Consecrate","REME_Repentance+1","Scrawl"],"picked":"SKIP","floor":39},{"not_picked":["Halt","CarveReality","REME_MusicOfDeath","SignatureMove+1"],"picked":"SKIP","floor":42},{"not_picked":["Replay:Anticipation","Wallop","FollowUp","Meditate"],"picked":"SKIP","floor":46},{"not_picked":["Midas Touch","Impatience","Panacea"],"picked":"MostiFishMod:ElfcollectionBox","floor":49},{"not_picked":["testmod-AssimilatedRune","testmod-PerfectCombo","Jack Of All Trades"],"picked":"REME_ProfessionalPlagiarism","floor":49},{"not_picked":["ClearTheMind","SashWhip","Weave","EmptyFist+1"],"picked":"SKIP","floor":50}],"player_experience":234238,"relics_obtained":[{"floor":1,"key":"Question Card"},{"floor":6,"key":"ReplayTheSpireMod:Ninjato"},{"floor":8,"key":"vexMod:ScavengeHelm"},{"floor":9,"key":"MawBank"},{"floor":10,"key":"TeardropLocket"},{"floor":14,"key":"Pen Nib"},{"floor":16,"key":"ImportantClient"},{"floor":23,"key":"Chameleon Ring"},{"floor":27,"key":"PreservedInsect"},{"floor":29,"key":"War Paint"},{"floor":42,"key":"Bottled Flame"},{"floor":46,"key":"Replay:Bottled Steam"},{"floor":47,"key":"testmod-OneHitWonder"},{"floor":50,"key":"ReplayFunnel"},{"floor":51,"key":"testmod-Laevatain"}],"event_choices":[{"damage_healed":0,"gold_gain":0,"player_choice":"Entered Light","damage_taken":21,"max_hp_gain":0,"max_hp_loss":0,"event_name":"Shining Light","floor":2,"gold_loss":0,"cards_upgraded":["Strike_P","Vigilance"]},{"damage_healed":0,"gold_gain":50,"player_choice":"Pray","damage_taken":0,"max_hp_gain":0,"max_hp_loss":0,"event_name":"Golden Shrine","floor":12,"gold_loss":0},{"damage_healed":0,"gold_gain":0,"player_choice":"Read","damage_taken":0,"max_hp_gain":0,"max_hp_loss":0,"event_name":"The Library","floor":25,"gold_loss":0,"cards_obtained":["ForeignInfluence"]},{"damage_healed":0,"gold_gain":0,"player_choice":"Embrace Madness","damage_taken":102,"max_hp_gain":0,"max_hp_loss":0,"event_name":"Winding Halls","floor":40,"gold_loss":0,"cards_obtained":["Madness","Madness"]},{"damage_healed":0,"gold_gain":0,"player_choice":"Memory 3","damage_taken":10,"max_hp_gain":0,"max_hp_loss":0,"event_name":"SensoryStone","floor":49,"gold_loss":0},{"damage_healed":0,"gold_gain":0,"player_choice":"Fight","damage_taken":0,"max_hp_gain":0,"max_hp_loss":0,"event_name":"MindBloom","floor":51,"gold_loss":0}],"is_beta":false,"boss_relics":[{"not_picked":["testmod-IncinerationGenerator","NightmareShop"],"picked":"DiscerningMonocle"},{"not_picked":["testmod-Prudence","Coffee Dripper"],"picked":"BirthdayGift-Tetrahedron"}],"items_purged_floors":[28,30,38,41,48],"is_endless":false,"potions_floor_spawned":[1,3,6,7,14,16,21,23,33,35,46,50,51],"killed_by":"Transient","ascension_level":20}}