{"host":"u515qumgrc6s41he","time":1607517636,"event":{"gold_per_floor":[109,109,59,59,76,106,106,117,140,140,140,150,150,180,180,276,276,287,287,287,287,287,287,287,287],"floor_reached":24,"playtime":808,"items_purged":[],"score":338,"play_id":"7d4dd9ef-2e29-4071-ae9b-f44d330526a2","local_time":"20201209214036","is_ascension_mode":true,"campfire_choices":[{"floor":7,"key":"DIG"},{"floor":10,"key":"DIG"},{"floor":13,"key":"REST"},{"floor":15,"key":"REST"},{"floor":23,"key":"DIG"}],"neow_cost":"CURSE","seed_source_timestamp":2165244840235000,"circlet_count":0,"master_deck":["Strike_R","Strike_R","Strike_R","Defend_R","Defend_R","Bash","Perfected Strike","Fire Breathing+1","Havoc","Entrench","Pommel Strike","True Grit","Cleave","Barricade","Pommel Strike+1","Armaments"],"special_seed":0,"relics":["Burning Blood","Shovel","Replay:Baseball","Replay:Accelerometer","PreservedInsect","Potion Belt","The Courier","Replay:Bronze Core","Nilry\u0027s Codex","Eternal Feather"],"potions_floor_usage":[16,24,24],"damage_taken":[{"damage":6,"enemies":"Cultist","floor":1,"turns":4},{"damage":7,"enemies":"Jaw Worm","floor":5,"turns":3},{"damage":68,"enemies":"Gremlin Nob","floor":6,"turns":6},{"damage":3,"enemies":"Small Slimes","floor":8,"turns":3},{"damage":11,"enemies":"Blue Slaver","floor":12,"turns":3},{"damage":15,"enemies":"3 Sentries","floor":14,"turns":4},{"damage":12,"enemies":"Slime Boss","floor":16,"turns":6},{"damage":22,"enemies":"3 Byrds","floor":18,"turns":4},{"damage":12,"enemies":"Shell Parasite","floor":24,"turns":3}],"seed_played":"7370145029468012998","potions_obtained":[{"floor":6,"key":"Reflective Coating"},{"floor":12,"key":"Death Potion"},{"floor":14,"key":"HeartOfIron"},{"floor":18,"key":"Swift Potion"}],"is_trial":false,"path_per_floor":["M","?","?","?","M","E","R","M","T","R","$","M","R","E","R","B",null,"M","?","$","?","?","R","M"],"character_chosen":"IRONCLAD","items_purchased":[],"campfire_rested":2,"item_purchase_floors":[],"current_hp_per_floor":[72,72,72,72,71,9,9,12,12,12,12,7,31,22,46,40,70,54,54,54,38,38,38,26,26],"gold":287,"neow_bonus":"ONE_RARE_RELIC","is_prod":false,"is_daily":false,"chose_seed":false,"campfire_upgraded":0,"win_rate":0,"timestamp":1607517636,"path_taken":["M","?","?","?","M","E","R","M","T","R","$","M","R","E","R","BOSS","M","?","$","?","?","R","M"],"build_version":"2020-11-30","purchased_purges":0,"victory":false,"max_hp_per_floor":[80,80,80,80,80,80,80,80,80,80,80,80,80,80,80,80,80,80,80,80,80,80,80,80,80],"relic_stats":{"Shovel":3,"counters":[9,36],"Eternal Feather":0,"PreservedInsect":32,"obtain_stats":[{"Potion Belt":10,"Replay:Accelerometer":7,"Replay:Baseball":6,"Shovel":0,"Nilry\u0027s Codex":21,"Replay:Bronze Core":17,"Eternal Feather":23,"PreservedInsect":9,"The Courier":14,"Burning Blood":0},{"Potion Belt":4,"Replay:Accelerometer":3,"Replay:Baseball":3,"Shovel":0,"Nilry\u0027s Codex":8,"Replay:Bronze Core":7,"Eternal Feather":8,"PreservedInsect":4,"The Courier":6,"Burning Blood":0},{"Potion Belt":16,"Replay:Accelerometer":13,"Replay:Baseball":13,"Shovel":0,"Nilry\u0027s Codex":33,"Replay:Bronze Core":29,"Eternal Feather":33,"PreservedInsect":16,"The Courier":23,"Burning Blood":0}],"Burning Blood":48},"card_choices":[{"not_picked":["Havoc","Clash"],"picked":"Perfected Strike","floor":1},{"not_picked":["Run Through","Searing Blow"],"picked":"Havoc","floor":5},{"not_picked":["Demonic Infusion","Wild Strike"],"picked":"Entrench","floor":6},{"not_picked":["Dropkick","Wild Strike"],"picked":"Pommel Strike","floor":8},{"not_picked":["Body Slam","Clothesline"],"picked":"True Grit","floor":12},{"not_picked":["Bloodletting","Twin Strike"],"picked":"Cleave","floor":14},{"not_picked":["Double Tap","Feed"],"picked":"Barricade","floor":16},{"not_picked":["Run Through+1","Shrug It Off"],"picked":"Pommel Strike+1","floor":18}],"player_experience":172182,"relics_obtained":[{"floor":6,"key":"Replay:Baseball"},{"floor":7,"key":"Replay:Accelerometer"},{"floor":9,"key":"PreservedInsect"},{"floor":10,"key":"Potion Belt"},{"floor":14,"key":"The Courier"},{"floor":21,"key":"Nilry\u0027s Codex"},{"floor":23,"key":"Eternal Feather"}],"event_choices":[{"cards_removed":["Injury"],"damage_healed":0,"gold_gain":0,"player_choice":"Card Removal","damage_taken":0,"max_hp_gain":0,"max_hp_loss":0,"event_name":"The Cleric","floor":3,"gold_loss":50},{"cards_removed":["Defend_R"],"damage_healed":0,"gold_gain":0,"player_choice":"Forget","damage_taken":0,"max_hp_gain":0,"max_hp_loss":0,"event_name":"Living Wall","floor":4,"gold_loss":0},{"damage_healed":0,"gold_gain":0,"cards_transformed":["Strike_R","Strike_R"],"player_choice":"Became Test Subject","damage_taken":0,"max_hp_gain":0,"max_hp_loss":0,"event_name":"Drug Dealer","floor":19,"gold_loss":0,"cards_obtained":["Uppercut","Armaments"]},{"damage_healed":0,"gold_gain":0,"player_choice":"Obtained Book","damage_taken":16,"max_hp_gain":0,"max_hp_loss":0,"event_name":"Cursed Tome","floor":21,"gold_loss":0},{"cards_removed":["Uppercut"],"damage_healed":0,"gold_gain":0,"player_choice":"Purged","damage_taken":0,"max_hp_gain":0,"max_hp_loss":0,"event_name":"Purifier","floor":22,"gold_loss":0}],"is_beta":false,"boss_relics":[{"not_picked":["Pandora\u0027s Box","Cursed Key"],"picked":"Replay:Bronze Core"}],"items_purged_floors":[],"is_endless":false,"potions_floor_spawned":[6,12,14,18],"killed_by":"Shell Parasite","ascension_level":7}}