{"host":"mike","time":1607549413,"event":{"gold_per_floor":[112,112,112,131,145,145,145],"floor_reached":6,"playtime":233,"items_purged":[],"score":38,"play_id":"3bc9b82d-dea7-406e-9c00-4886a91b6bf4","local_time":"20201209163013","is_ascension_mode":true,"campfire_choices":[],"neow_cost":"TEN_PERCENT_HP_LOSS","seed_source_timestamp":5707336052231300,"circlet_count":0,"master_deck":["TheCursedMod:Strike_TheCursed","TheCursedMod:Strike_TheCursed","TheCursedMod:Strike_TheCursed","TheCursedMod:Strike_TheCursed","TheCursedMod:Defend_TheCursed","TheCursedMod:Defend_TheCursed","TheCursedMod:Defend_TheCursed","TheCursedMod:Defend_TheCursed","TheCursedMod:CursedWand","TheCursedMod:CleanUpWorkshop","TheCursedMod:Dregs","TheCursedMod:SurpriseAttack","Injury","TheCursedMod:FleshFromBone","TheCursedMod:CursedRelics"],"relics":["TheCursedMod:BlackMagic101","Ice Cream","Regal Pillow","Golden Idol"],"potions_floor_usage":[],"damage_taken":[{"damage":9,"enemies":"Jaw Worm","floor":1,"turns":5},{"damage":0,"enemies":"2 Louse","floor":4,"turns":2},{"damage":0,"enemies":"Small Slimes","floor":5,"turns":4},{"damage":47,"enemies":"Lagavulin","floor":6,"turns":6}],"seed_played":"5995149943654543304","potions_obtained":[{"floor":5,"key":"Strength Potion"}],"is_trial":false,"path_per_floor":["M","?","?","M","M","E"],"character_chosen":"THE_CURSED","items_purchased":[],"campfire_rested":0,"item_purchase_floors":[],"current_hp_per_floor":[59,41,41,41,41,0,0],"gold":145,"neow_bonus":"ONE_RARE_RELIC","is_prod":false,"is_daily":false,"chose_seed":false,"campfire_upgraded":0,"win_rate":0,"timestamp":1607549413,"path_taken":["M","?","?","M","M","E"],"build_version":"2020-12-07","purchased_purges":0,"victory":false,"max_hp_per_floor":[68,68,68,68,68,68,68],"relic_stats":{"Regal Pillow":0,"counters":[4,17],"Golden Idol":7,"obtain_stats":[{"Ice Cream":0,"TheCursedMod:BlackMagic101":0,"Regal Pillow":2,"Golden Idol":3},{"Ice Cream":0,"TheCursedMod:BlackMagic101":0,"Regal Pillow":1,"Golden Idol":1},{"Ice Cream":0,"TheCursedMod:BlackMagic101":0,"Regal Pillow":5,"Golden Idol":5}]},"card_choices":[{"not_picked":["TheCursedMod:CircleOfAmplification","TheCursedMod:CursedMace"],"picked":"TheCursedMod:SurpriseAttack","floor":1},{"not_picked":["TheCursedMod:Torture","TheCursedMod:RapidMovement"],"picked":"TheCursedMod:FleshFromBone","floor":4},{"not_picked":["TheCursedMod:SmokeScreen","TheCursedMod:AshesToAshes"],"picked":"TheCursedMod:CursedRelics","floor":5}],"player_experience":256764,"relics_obtained":[],"event_choices":[{"damage_healed":0,"gold_gain":0,"player_choice":"Success","damage_taken":18,"relics_obtained":["Regal Pillow"],"max_hp_gain":0,"max_hp_loss":0,"event_name":"Scrap Ooze","floor":2,"gold_loss":0},{"damage_healed":0,"gold_gain":0,"player_choice":"Take Wound","damage_taken":0,"relics_obtained":["Golden Idol"],"max_hp_gain":0,"max_hp_loss":0,"event_name":"Golden Idol","floor":3,"gold_loss":0,"cards_obtained":["Injury"]}],"is_beta":true,"boss_relics":[],"items_purged_floors":[],"is_endless":false,"potions_floor_spawned":[5],"killed_by":"Lagavulin","ascension_level":1}}