{"host":"2hea6pl5vmah38iy","time":1607508869,"event":{"gold_per_floor":[118,118,118,118,44,77,77,88,88,105,121,134,148,164,164,164,164],"floor_reached":16,"playtime":555,"items_purged":[],"score":200,"play_id":"949c2a02-b14f-4273-8448-f3b4dcde4381","local_time":"20201209191429","is_ascension_mode":true,"campfire_choices":[{"data":"Eruption","floor":7,"key":"SMITH"},{"floor":15,"key":"REST"}],"neow_cost":"NONE","seed_source_timestamp":1145990392119700,"circlet_count":0,"master_deck":["AscendersBane","Strike_P","Strike_P","Strike_P","Defend_P","Defend_P","Defend_P","Eruption+1","Vigilance","EmptyMind","Wallop","MentalFortress"],"relics":["PureWater","NeowsBlessing","StrikeDummy","Incense Burner","Sundial"],"potions_floor_usage":[12,16],"damage_taken":[{"damage":0,"enemies":"Small Slimes","floor":1,"turns":1},{"damage":0,"enemies":"3 Sentries","floor":6,"turns":2},{"damage":0,"enemies":"2 Louse","floor":8,"turns":1},{"damage":7,"enemies":"Jaw Worm","floor":10,"turns":3},{"damage":0,"enemies":"Blue Slaver","floor":11,"turns":3},{"damage":4,"enemies":"3 Louse","floor":12,"turns":3},{"damage":9,"enemies":"Exordium Thugs","floor":13,"turns":3},{"damage":1,"enemies":"Exordium Wildlife","floor":14,"turns":3},{"damage":21,"enemies":"Hexaghost","floor":16,"turns":14}],"seed_played":"-2363565196089174916","potions_obtained":[{"floor":1,"key":"SpeedPotion"},{"floor":13,"key":"SpeedPotion"},{"floor":14,"key":"Fire Potion"}],"is_trial":false,"path_per_floor":["M","?","?","?","$","E","R","M","T","M","M","M","M","M","R","B"],"character_chosen":"WATCHER","items_purchased":["MentalFortress"],"campfire_rested":1,"item_purchase_floors":[5],"current_hp_per_floor":[65,32,32,25,25,25,25,25,25,18,18,14,5,4,25,4,4],"gold":164,"neow_bonus":"THREE_ENEMY_KILL","is_prod":false,"is_daily":false,"chose_seed":false,"campfire_upgraded":1,"win_rate":0,"timestamp":1607508869,"path_taken":["M","?","?","?","?","E","R","?","T","M","M","M","M","M","R","BOSS"],"build_version":"2020-11-30","purchased_purges":0,"victory":false,"max_hp_per_floor":[72,72,72,72,72,72,72,72,72,72,72,72,72,72,72,72,72],"card_choices":[{"not_picked":["WreathOfFlame","EmptyBody"],"picked":"EmptyMind","floor":1},{"not_picked":["Crescendo","FollowUp","ForeignInfluence"],"picked":"SKIP","floor":6},{"not_picked":["BattleHymn","InnerPeace","Perseverance"],"picked":"SKIP","floor":8},{"not_picked":["FollowUp","Perseverance","TalkToTheHand"],"picked":"SKIP","floor":10},{"not_picked":["Consecrate","SashWhip","EmptyFist"],"picked":"SKIP","floor":11},{"not_picked":["Fasting2","Perseverance","ThirdEye"],"picked":"SKIP","floor":12},{"not_picked":["BattleHymn","WaveOfTheHand","Devotion"],"picked":"SKIP","floor":13},{"not_picked":["Crescendo","Halt","CutThroughFate"],"picked":"SKIP","floor":14}],"player_experience":371975,"relics_obtained":[{"floor":6,"key":"Incense Burner"},{"floor":9,"key":"Sundial"}],"event_choices":[{"damage_healed":0,"gold_gain":0,"player_choice":"Success","damage_taken":33,"relics_obtained":["StrikeDummy"],"max_hp_gain":0,"max_hp_loss":0,"event_name":"Scrap Ooze","floor":2,"gold_loss":0},{"damage_healed":0,"gold_gain":0,"cards_transformed":["Strike_P"],"player_choice":"Change","damage_taken":0,"max_hp_gain":0,"max_hp_loss":0,"event_name":"Living Wall","floor":3,"gold_loss":0,"cards_obtained":["Wallop"]},{"cards_removed":["Defend_P"],"damage_healed":0,"gold_gain":0,"player_choice":"Card Removal","damage_taken":7,"max_hp_gain":0,"max_hp_loss":0,"event_name":"Golden Wing","floor":4,"gold_loss":0}],"is_beta":false,"boss_relics":[],"items_purged_floors":[],"is_endless":false,"potions_floor_spawned":[1,13,14],"killed_by":"Hexaghost","ascension_level":11}}