{"host":"1tl36azeqm6yhdgj","time":1607511626,"event":{"gold_per_floor":[113,113,128,138,138,166,166,196,196,214,214,229,229,243,243,338,338,351,362,362,362],"floor_reached":20,"playtime":631,"items_purged":[],"score":288,"play_id":"93447f72-02c6-4754-b1fa-bd91777246c2","local_time":"20201209060026","is_ascension_mode":true,"campfire_choices":[{"floor":13.0,"key":"REST"},{"floor":15.0,"key":"REST"}],"neow_cost":"PERCENT_DAMAGE","seed_source_timestamp":37777655459100,"circlet_count":0,"master_deck":["AscendersBane","Strike_R","Strike_R","Strike_R","Defend_R","Defend_R","Defend_R","Bash","Intimidate","Flex","Inflame","Fiend Fire","Dropkick","Double Tap","Spot Weakness","Pain","Dropkick","Clash","Anger","Feed","Seeing Red+1","Cleave"],"special_seed":0,"relics":["Burning Blood","Dream Catcher","Pantograph","Strawberry","Art of War","WarpedTongs","Black Star"],"potions_floor_usage":[],"damage_taken":[{"damage":12.0,"enemies":"Jaw Worm","floor":1.0,"turns":2.0},{"damage":0.0,"enemies":"Small Slimes","floor":3.0,"turns":3.0},{"damage":0.0,"enemies":"Cultist","floor":4.0,"turns":3.0},{"damage":30.0,"enemies":"Gremlin Nob","floor":6.0,"turns":4.0},{"damage":35.0,"enemies":"3 Sentries","floor":8.0,"turns":8.0},{"damage":12.0,"enemies":"Blue Slaver","floor":10.0,"turns":3.0},{"damage":13.0,"enemies":"2 Fungi Beasts","floor":12.0,"turns":3.0},{"damage":15.0,"enemies":"3 Louse","floor":14.0,"turns":3.0},{"damage":73.0,"enemies":"The Guardian","floor":16.0,"turns":11.0},{"damage":15.0,"enemies":"Spheric Guardian","floor":18.0,"turns":4.0},{"damage":12.0,"enemies":"Chosen","floor":19.0,"turns":3.0},{"damage":55,"enemies":"Snecko","floor":20,"turns":5}],"seed_played":"3991816152357108984","potions_obtained":[{"floor":1.0,"key":"CultistPotion"},{"floor":3.0,"key":"Energy Potion"},{"floor":10.0,"key":"ColorlessPotion"},{"floor":14.0,"key":"CultistPotion"},{"floor":16.0,"key":"Block Potion"}],"is_trial":false,"path_per_floor":["M","?","M","M","?","E","?","E","T","M","?","M","R","M","R","B",null,"M","M","M"],"character_chosen":"IRONCLAD","items_purchased":[],"campfire_rested":2,"item_purchase_floors":[],"current_hp_per_floor":[45,42,48,54,54,30,56,34,34,28,28,21,47,38,64,20,70,61,55,0,0],"gold":362,"neow_bonus":"REMOVE_TWO","is_prod":false,"is_daily":false,"chose_seed":false,"campfire_upgraded":0,"win_rate":0,"timestamp":1607511626,"path_taken":["M","?","M","M","?","E","?","E","T","?","?","M","R","M","R","BOSS","M","M","M"],"build_version":"2020-11-30","purchased_purges":0,"victory":false,"max_hp_per_floor":[80,80,80,80,80,80,80,87,87,87,87,87,87,87,87,87,87,87,87,87,87],"card_choices":[{"not_picked":["Havoc","Combust"],"picked":"Intimidate","floor":1.0},{"not_picked":["Headbutt","Shrug It Off"],"picked":"Flex","floor":3.0},{"not_picked":["Havoc","Power Through"],"picked":"Inflame","floor":4.0},{"not_picked":["Ghostly Armor","Evolve"],"picked":"Dropkick","floor":6.0},{"not_picked":["Warcry","Rage"],"picked":"Double Tap","floor":8.0},{"not_picked":["Flex","Twin Strike"],"picked":"Spot Weakness","floor":10.0},{"not_picked":["Dark Embrace","Armaments"],"picked":"Dropkick","floor":12.0},{"not_picked":["Sword Boomerang","Headbutt"],"picked":"Clash","floor":14.0},{"not_picked":["Bloodletting","Twin Strike"],"picked":"Anger","floor":15.0},{"not_picked":["Demon Form","Brutality"],"picked":"Feed","floor":16.0},{"not_picked":["Headbutt+1","Blood for Blood"],"picked":"Seeing Red+1","floor":18.0},{"not_picked":["Twin Strike","Havoc"],"picked":"Cleave","floor":19.0}],"player_experience":1892844,"relics_obtained":[{"floor":6.0,"key":"Pantograph"},{"floor":8.0,"key":"Strawberry"},{"floor":9.0,"key":"Art of War"}],"event_choices":[{"damage_healed":0.0,"max_hp_gain":0.0,"max_hp_loss":0.0,"gold_gain":0.0,"event_name":"Scrap Ooze","player_choice":"Success","floor":2.0,"gold_loss":0.0,"damage_taken":3.0,"relics_obtained":["Dream Catcher"]},{"damage_healed":0.0,"max_hp_gain":0.0,"max_hp_loss":0.0,"gold_gain":0.0,"cards_transformed":["Strike_R"],"event_name":"Living Wall","player_choice":"Change","floor":5.0,"gold_loss":0.0,"damage_taken":0.0,"cards_obtained":["Fiend Fire"]},{"damage_healed":26.0,"max_hp_gain":0.0,"max_hp_loss":0.0,"gold_gain":0.0,"event_name":"Big Fish","player_choice":"Banana","floor":7.0,"gold_loss":0.0,"damage_taken":0.0},{"damage_healed":0.0,"max_hp_gain":0.0,"max_hp_loss":0.0,"gold_gain":0.0,"event_name":"Accursed Blacksmith","player_choice":"Rummage","floor":11.0,"gold_loss":0.0,"damage_taken":0.0,"relics_obtained":["WarpedTongs"],"cards_obtained":["Pain"]}],"is_beta":false,"boss_relics":[{"not_picked":["Fusion Hammer","Snecko Eye"],"picked":"Black Star"}],"items_purged_floors":[],"is_endless":false,"potions_floor_spawned":[1,3,10,14,16],"killed_by":"Snecko","ascension_level":11}}