{"host":"9el4dfae55z5uwq4","time":1607498935,"event":{"gold_per_floor":[113,128,53,53,65,100,100,175,175,187,241,253,253,153,153,231,231,231,231],"floor_reached":18,"playtime":411,"items_purged":["Strike_R","Strike_R"],"score":320,"play_id":"064619db-18a8-4060-adea-124f450e3d38","local_time":"20201209162855","is_ascension_mode":true,"campfire_choices":[{"data":"Whirlwind","floor":7.0,"key":"SMITH"},{"data":"Immolate","floor":13.0,"key":"SMITH"},{"data":"Pommel Strike","floor":15.0,"key":"SMITH"}],"neow_cost":"TEN_PERCENT_HP_LOSS","seed_source_timestamp":0,"circlet_count":0,"master_deck":["AscendersBane","Bash","Shrug It Off","Pommel Strike+1","Burning Pact","Whirlwind+1","Pommel Strike","Immolate+1","Barricade","Immolate","Perfected Strike","Entrench","Heavy Blade","Clothesline"],"special_seed":0,"relics":["Burning Blood","Torii","Tiny Chest","Pandora\u0027s Box"],"potions_floor_usage":[],"damage_taken":[{"damage":11.0,"enemies":"Small Slimes","floor":1.0,"turns":4.0},{"damage":4.0,"enemies":"Jaw Worm","floor":2.0,"turns":4.0},{"damage":1.0,"enemies":"Cultist","floor":5.0,"turns":4.0},{"damage":9.0,"enemies":"3 Sentries","floor":6.0,"turns":13.0},{"damage":2.0,"enemies":"Looter","floor":10.0,"turns":4.0},{"damage":2.0,"enemies":"Blue Slaver","floor":12.0,"turns":5.0},{"damage":60,"enemies":"The Guardian","floor":16,"turns":13},{"damage":0,"enemies":"Shell Parasite","floor":18,"turns":1}],"seed_played":"8497600261685035107","potions_obtained":[{"floor":1.0,"key":"HeartOfIron"},{"floor":12.0,"key":"SneckoOil"},{"floor":16,"key":"SkillPotion"}],"is_trial":false,"path_per_floor":["M","M","$","?","M","E","R","?","T","M","T","M","R","$","R","B",null,"M"],"character_chosen":"IRONCLAD","items_purchased":[],"campfire_rested":0,"item_purchase_floors":[],"current_hp_per_floor":[63,65,65,65,68,65,65,54,54,58,58,62,62,62,62,8,53,53,53],"gold":231,"neow_bonus":"REMOVE_TWO","is_prod":false,"is_daily":false,"chose_seed":false,"campfire_upgraded":3,"win_rate":0,"timestamp":1607498935,"path_taken":["M","M","$","?","M","E","R","?","T","M","?","M","R","$","R","BOSS","M"],"build_version":"2020-11-30","purchased_purges":2,"victory":false,"max_hp_per_floor":[68,68,68,68,68,68,68,68,68,68,68,68,68,68,68,68,68,68,68],"card_choices":[{"not_picked":["Twin Strike","Warcry"],"picked":"Shrug It Off","floor":1.0},{"not_picked":["Body Slam","Combust"],"picked":"Pommel Strike","floor":2.0},{"not_picked":["Heavy Blade","Wild Strike"],"picked":"Burning Pact","floor":5.0},{"not_picked":["Perfected Strike","Uppercut"],"picked":"Whirlwind","floor":6.0},{"not_picked":["Rupture","Cleave"],"picked":"Pommel Strike","floor":10.0},{"not_picked":["True Grit","Searing Blow"],"picked":"Immolate","floor":12.0},{"not_picked":["Fiend Fire","Demon Form"],"picked":"Barricade","floor":16}],"player_experience":1544597,"relics_obtained":[{"floor":9.0,"key":"Torii"},{"floor":11.0,"key":"Tiny Chest"}],"event_choices":[{"damage_healed":0.0,"max_hp_gain":0.0,"max_hp_loss":0.0,"gold_gain":0.0,"event_name":"Liars Game","player_choice":"Ignored","floor":4.0,"gold_loss":0.0,"damage_taken":0.0},{"damage_healed":0.0,"max_hp_gain":0.0,"max_hp_loss":0.0,"gold_gain":75.0,"event_name":"World of Goop","player_choice":"Gather Gold","floor":8.0,"gold_loss":0.0,"damage_taken":11.0}],"is_beta":false,"boss_relics":[{"not_picked":["Sozu","Runic Cube"],"picked":"Pandora\u0027s Box"}],"items_purged_floors":[3,14],"is_endless":false,"potions_floor_spawned":[1,12,16],"killed_by":"Shell Parasite","ascension_level":20}}