{"host":"agela5aetnmltfvm","time":1607532635,"event":{"gold_per_floor":[110,110,122,122,122,122,134,134,134,124,73,83,100,100,100,185,185,202,202,213,99,114,114,114],"floor_reached":23,"playtime":1192,"items_purged":["Scarecrow"],"score":220,"play_id":"4541707f-1a8a-4690-abfb-ca1580024730","local_time":"20201210005035","is_ascension_mode":false,"campfire_choices":[{"data":"hierophant:ArchangelShield","floor":6,"key":"SMITH"},{"data":"hierophant:Doomsaying","floor":15,"key":"SMITH"}],"neow_cost":"","seed_source_timestamp":8766882581700,"circlet_count":0,"master_deck":["hierophant:Strike_Hierophant","hierophant:Strike_Hierophant","hierophant:Strike_Hierophant","hierophant:Strike_Hierophant","hierophant:Defend_Hierophant+1","hierophant:Defend_Hierophant","hierophant:Defend_Hierophant","hierophant:Defend_Hierophant","hierophant:ChurchCoffers","Wellcheers","hierophant:Martyrdom","hierophant:Doomsaying+1","hierophant:ArchangelShield+1","Sickly","hierophant:SolarFlare","hierophant:Sermon","hierophant:FlamingChariot","hierophant:Kindle","hierophant:Embezzle","hierophant:RepressedViolence","hierophant:Doubloon","Writhe","hierophant:Glossolalia"],"relics":["hierophant:PropheticMaskRelic","CogitoBucket","ReplayTheSpireMod:Ring of Exchange","Ring of Misfortune","Replay:Accelerometer","BehaviorAdjustment","Replay:Wax Seal","Orrery","Shovel","SkinProphecy"],"potions_floor_usage":[16],"damage_taken":[{"damage":1,"enemies":"Cultist","floor":1,"turns":4},{"damage":0,"enemies":"2 Louse","floor":3,"turns":1},{"damage":2,"enemies":"Small Slimes","floor":4,"turns":4},{"damage":1,"enemies":"Exordium Wildlife","floor":7,"turns":4},{"damage":1,"enemies":"Large Slime","floor":10,"turns":6},{"damage":37,"enemies":"Lots of Slimes","floor":12,"turns":9},{"damage":2,"enemies":"Gremlin Nob","floor":13,"turns":3},{"damage":9,"enemies":"Red Slaver","floor":14,"turns":3},{"damage":17,"enemies":"Hexaghost","floor":16,"turns":8},{"damage":35,"enemies":"theJungle:MUSHROOMGANG","floor":18,"turns":7},{"damage":24,"enemies":"theJungle:Flameango_and_Byrd","floor":20,"turns":9},{"damage":21,"enemies":"theJungle:Snecko_Cultist_And_Trap","floor":22,"turns":6},{"damage":7,"enemies":"theJungle:Cassacara","floor":23,"turns":2}],"seed_played":"-3535574547094025514","potions_obtained":[{"floor":4,"key":"Elixir"},{"floor":13,"key":"LiquidBronze"},{"floor":14,"key":"GamblersBrew"},{"floor":18,"key":"LiquidBronze"},{"floor":22,"key":"Block Potion"}],"is_trial":false,"path_per_floor":["M","?","M","M","?","R","M","?","T","M","$","M","E","M","R","B",null,"M","?","M","$","M","E"],"character_chosen":"HIEROPHANT","items_purchased":["hierophant:FlamingChariot","hierophant:Glossolalia"],"campfire_rested":0,"item_purchase_floors":[11,21],"current_hp_per_floor":[74,74,74,73,73,73,72,65,65,67,67,36,41,36,36,30,75,50,50,33,33,8,0,0],"gold":114,"neow_bonus":"","is_prod":false,"is_daily":false,"chose_seed":false,"campfire_upgraded":2,"win_rate":0.0,"timestamp":1607532635,"path_taken":["M","?","M","M","?","R","M","?","T","M","$","M","E","M","R","BOSS","M","?","M","$","M","E"],"build_version":"2020-11-30","purchased_purges":1,"victory":false,"max_hp_per_floor":[75,75,75,75,75,75,75,75,75,75,75,75,75,75,75,75,75,75,75,75,75,77,79,79],"card_choices":[{"not_picked":["Bloodbath","SpiderBud"],"picked":"Wellcheers","floor":1},{"not_picked":["hierophant:ThreeLashes","hierophant:Endure"],"picked":"hierophant:Martyrdom","floor":1},{"not_picked":["hierophant:FlamingChariot","hierophant:Encroach"],"picked":"hierophant:Doomsaying","floor":3},{"not_picked":["hierophant:RepressedViolence","hierophant:PassingBell"],"picked":"hierophant:ArchangelShield","floor":4},{"not_picked":["hierophant:Martyrdom","hierophant:OrnateBuckler"],"picked":"hierophant:SolarFlare","floor":7},{"not_picked":["hierophant:FieryStrike","hierophant:ArchangelShield"],"picked":"hierophant:Sermon","floor":10},{"not_picked":["CrumblingArmor","PunishingBird"],"picked":"Scarecrow","floor":12},{"not_picked":["hierophant:ThreeLashes","hierophant:DisplayOfPower","hierophant:SecretStash"],"picked":"SKIP","floor":12},{"not_picked":["hierophant:RustyCrate","hierophant:AuricBeam","hierophant:Sermon"],"picked":"SKIP","floor":13},{"not_picked":["hierophant:FlamingChariot","hierophant:AuricBeam","hierophant:Refuge"],"picked":"SKIP","floor":14},{"not_picked":["hierophant:Determination","hierophant:DivineIntervention"],"picked":"hierophant:Kindle","floor":16},{"not_picked":["hierophant:HolyVerse","hierophant:Encroach"],"picked":"hierophant:Embezzle","floor":17},{"not_picked":["hierophant:AuricBeam","hierophant:Remorse"],"picked":"hierophant:RepressedViolence","floor":17},{"not_picked":["hierophant:PassingBell","hierophant:FaithHealing"],"picked":"hierophant:Doubloon","floor":17},{"not_picked":["hierophant:Community+1","hierophant:Remorse+1","hierophant:FaithHealing"],"picked":"SKIP","floor":18},{"not_picked":["hierophant:DisplayOfPower+1","hierophant:HammerAndAnvil","hierophant:Zeal+1"],"picked":"SKIP","floor":20},{"not_picked":["hierophant:Doubloon","hierophant:AuricBeam+1","hierophant:Upheaval+1"],"picked":"SKIP","floor":22}],"player_experience":488730,"relics_obtained":[{"floor":5,"key":"ReplayTheSpireMod:Ring of Exchange"},{"floor":5,"key":"Ring of Misfortune"},{"floor":9,"key":"Replay:Accelerometer"},{"floor":13,"key":"Replay:Wax Seal"}],"event_choices":[{"cards_removed":["hierophant:Punish"],"damage_healed":0,"gold_gain":0,"player_choice":"Card Removal","damage_taken":7,"max_hp_gain":0,"max_hp_loss":0,"event_name":"Golden Wing","floor":8,"gold_loss":0}],"is_beta":false,"boss_relics":[{"not_picked":["Cauldron","Lee\u0027s Waffle"],"picked":"Orrery"}],"items_purged_floors":[21],"is_endless":false,"potions_floor_spawned":[4,13,14,18,22],"killed_by":"theJungle:Cassacara","ascension_level":0}}