{"host":"ya062ahhhuj9au1o","time":1607472946,"event":{"gold_per_floor":[362,362,154,170,188,188,201,234,258,258,258,258],"floor_reached":11,"playtime":479,"items_purged":["TheCursedMod:Defend_TheCursed"],"score":139,"play_id":"48f9de03-2e00-469b-b57d-706f152d2f86","local_time":"20201208191546","is_ascension_mode":true,"campfire_choices":[{"data":"TheCursedMod:HellfireBreathing","floor":6,"key":"SMITH"}],"neow_cost":"CURSE","seed_source_timestamp":-8536147184581225406,"circlet_count":0,"master_deck":["AscendersBane","TheCursedMod:Strike_TheCursed","TheCursedMod:Strike_TheCursed","TheCursedMod:Strike_TheCursed+1","TheCursedMod:Strike_TheCursed","TheCursedMod:Defend_TheCursed","TheCursedMod:Defend_TheCursed","TheCursedMod:Defend_TheCursed","TheCursedMod:CursedWand","TheCursedMod:CleanUpWorkshop+1","TheCursedMod:Dregs","Parasite","TheCursedMod:Wield","TheCursedMod:HellfireBreathing+1","TheCursedMod:SurpriseAttack","TheCursedMod:AbyssShockwave","TheCursedMod:Wield","TheCursedMod:CircleOfBlood","TheCursedMod:CursedAmulet"],"relics":["TheCursedMod:BlackMagic101","Toy Ornithopter","Regal Pillow"],"potions_floor_usage":[],"damage_taken":[{"damage":9,"enemies":"Jaw Worm","floor":1,"turns":5},{"damage":3,"enemies":"2 Louse","floor":4,"turns":2},{"damage":12,"enemies":"Cultist","floor":5,"turns":4},{"damage":8,"enemies":"Exordium Thugs","floor":7,"turns":2},{"damage":28,"enemies":"Gremlin Nob","floor":8,"turns":4},{"damage":18,"enemies":"Large Slime","floor":11,"turns":1}],"seed_played":"-6927765863882321675","potions_obtained":[{"floor":4,"key":"Ancient Potion"},{"floor":7,"key":"LiquidBronze"}],"is_trial":false,"path_per_floor":["M","?","$","M","M","R","M","E","T","?","M"],"character_chosen":"THE_CURSED","items_purchased":["TheCursedMod:HellfireBreathing","TheCursedMod:SurpriseAttack"],"campfire_rested":0,"item_purchase_floors":[3,3],"current_hp_per_floor":[55,71,71,68,56,56,48,26,26,5,0,0],"gold":258,"neow_bonus":"TWO_FIFTY_GOLD","is_prod":false,"is_daily":false,"chose_seed":false,"campfire_upgraded":1,"win_rate":0,"timestamp":1607472946,"path_taken":["M","?","$","M","M","R","M","E","T","?","M"],"build_version":"2020-11-30","purchased_purges":1,"victory":false,"max_hp_per_floor":[71,71,71,71,71,71,71,71,71,71,71,71],"card_choices":[{"not_picked":["TheCursedMod:Stretching","TheCursedMod:VitalStrike"],"picked":"TheCursedMod:Wield","floor":1},{"not_picked":["TheCursedMod:CircleOfCorruption","TheCursedMod:DoubleShield"],"picked":"TheCursedMod:AbyssShockwave","floor":4},{"not_picked":["TheCursedMod:SpitefulPray","TheCursedMod:HellsGateOpen"],"picked":"TheCursedMod:Wield","floor":5},{"not_picked":["TheCursedMod:CircleOfCorruption","TheCursedMod:WearCloak"],"picked":"TheCursedMod:CircleOfBlood","floor":7},{"not_picked":["TheCursedMod:SmokeScreen","TheCursedMod:Stretching"],"picked":"TheCursedMod:CursedAmulet","floor":8}],"player_experience":1589337,"relics_obtained":[{"floor":8,"key":"Toy Ornithopter"},{"floor":9,"key":"Regal Pillow"}],"event_choices":[{"damage_healed":23,"gold_gain":0,"player_choice":"Banana","damage_taken":0,"max_hp_gain":0,"max_hp_loss":0,"event_name":"Big Fish","floor":2,"gold_loss":0},{"damage_healed":26,"gold_gain":0,"player_choice":"Upgrade","damage_taken":21,"max_hp_gain":0,"max_hp_loss":71,"event_name":"betterThird:BetterShining","floor":10,"gold_loss":0,"cards_upgraded":["TheCursedMod:Strike_TheCursed","TheCursedMod:CleanUpWorkshop"]}],"is_beta":false,"boss_relics":[],"items_purged_floors":[3],"is_endless":false,"potions_floor_spawned":[4,7],"killed_by":"Large Slime","ascension_level":18}}