{"host":"74ojvm8p6pri0rqd","time":1607472842,"event":{"gold_per_floor":[112,127,143,158,158,158,186,186,235,235,235],"floor_reached":10,"playtime":868,"items_purged":[],"score":68,"play_id":"c57c4b72-f704-4bbc-8fa3-514044b883ea","local_time":"20201208191402","is_ascension_mode":false,"campfire_choices":[{"floor":6,"key":"REST"},{"floor":8,"key":"REST"}],"neow_cost":"NONE","seed_source_timestamp":192993784917000,"circlet_count":0,"master_deck":["Strike_S","Strike_S","Strike_S","Strike_S","Defend_S","Defend_S","Defend_S","Defend_S","KidneyShot","Exchange+1","ShatteredReality","Replace+1","FlawlessForm","Defy","Starlight"],"relics":["Uniform","NeowsBlessing","Bottled Lightning","War Paint"],"potions_floor_usage":[7,7],"damage_taken":[{"damage":0,"enemies":"Jaw Worm","floor":1,"turns":1},{"damage":0,"enemies":"Small Slimes","floor":2,"turns":1},{"damage":0,"enemies":"Cultist","floor":3,"turns":1},{"damage":10,"enemies":"2 Fungi Beasts","floor":4,"turns":4},{"damage":50,"enemies":"HollowMod:MossKnight","floor":7,"turns":22},{"damage":42,"enemies":"3 Sentries","floor":10,"turns":10}],"seed_played":"5912390000959285121","potions_obtained":[{"floor":2,"key":"PowerPotion"},{"floor":3,"key":"Ancient Potion"}],"is_trial":false,"path_per_floor":["M","M","M","M","?","R","E","R","T","E"],"character_chosen":"THE_SERVANT","items_purchased":[],"campfire_rested":2,"item_purchase_floors":[],"current_hp_per_floor":[65,65,65,55,55,65,15,34,34,0,0],"gold":235,"neow_bonus":"THREE_ENEMY_KILL","is_prod":false,"is_daily":false,"chose_seed":false,"campfire_upgraded":0,"win_rate":0.0,"timestamp":1607472842,"path_taken":["M","M","M","M","?","R","E","R","T","E"],"build_version":"2020-11-30","purchased_purges":0,"victory":false,"max_hp_per_floor":[65,65,65,65,65,65,65,65,65,65,65],"card_choices":[{"not_picked":["Revamp","BottledTime"],"picked":"ShatteredReality","floor":1},{"not_picked":["Read","Alleviate"],"picked":"Replace","floor":2},{"not_picked":["SpecialFormula","Replace"],"picked":"FlawlessForm","floor":3},{"not_picked":["StarChef","Replace"],"picked":"Defy","floor":4},{"not_picked":["Luminosity","Replace"],"picked":"Starlight","floor":7}],"player_experience":124846,"relics_obtained":[{"floor":7,"key":"Bottled Lightning"},{"floor":9,"key":"War Paint"}],"event_choices":[{"damage_healed":0,"gold_gain":0,"player_choice":"Ignored","damage_taken":0,"max_hp_gain":0,"max_hp_loss":0,"event_name":"Golden Wing","floor":5,"gold_loss":0}],"is_beta":false,"boss_relics":[],"items_purged_floors":[],"is_endless":false,"potions_floor_spawned":[2,3],"killed_by":"3 Sentries","ascension_level":0}}