{"host":"y6s8mw1hb3jg98nz","time":1607525257,"event":{"gold_per_floor":[115,115,125,137,156,156,190,190,214,214,227,227,241,251,251,349,399,411,326,352,27,37,37,50,50,74,90,90,90,108,120,120,224,224,238,250,250,250,269,269,287,287,287,304,304,323,323,323,323,323,323],"floor_reached":50,"playtime":3240,"items_purged":[],"score":473,"play_id":"8dbc119a-d3e1-46c5-a0de-a0bf1ab6ad56","local_time":"20201210011737","is_ascension_mode":false,"campfire_choices":[{"data":"Sword Boomerang","floor":8.0,"key":"SMITH"},{"floor":10.0,"key":"REST"},{"floor":15.0,"key":"REST"},{"data":"Immolate","floor":23,"key":"SMITH"},{"data":"Armaments","floor":23,"key":"SMITH"},{"data":"Flame Barrier","floor":25,"key":"SMITH"},{"data":"Iron Wave","floor":25,"key":"SMITH"},{"data":"True Grit","floor":28,"key":"SMITH"},{"data":"Strike_R","floor":28,"key":"SMITH"},{"floor":32,"key":"REST"},{"floor":40,"key":"REST"},{"floor":42,"key":"REST"},{"floor":45,"key":"REST"},{"floor":47,"key":"REST"},{"data":"Anger","floor":49,"key":"SMITH"},{"data":"Defend_R+1","floor":49,"key":"SMITH"}],"neow_cost":"NONE","seed_source_timestamp":0,"circlet_count":0,"master_deck":["Strike_R+1","Strike_R+1","Strike_R","Strike_R","Strike_R+1","Defend_R+1","Defend_R+2","Defend_R+2","Defend_R+1","Bash","Iron Wave+1","Sword Boomerang+1","Twin Strike","Clash","Shockwave+1","Armaments+1","True Grit+1","Run Through","Demonic Infusion","ReplayReversal","Armaments+1","Immolate+1","Perfected Strike+1","Dual Wield","ReplayTheSpireMod:Corrosion Curse","ReplayTheSpireMod:Private Reserves","Hemokinesis","Wild Strike+1","Flame Barrier+1","Twin Strike","Cleave+1","Run Through+1","Feed","Anger+1","ReplayTheSpireMod:Limb From Limb+1","Clothesline","Anger+1","Power Through+1","Parasite","Run Through"],"special_seed":0,"relics":["Burning Blood","Gremlin Horn","Bag of Preparation","Tiny House","halation:PenCase","Red Mask","Membership Card","Replay:Rubber Ducky","BargainBundle","Simple Rune","aspiration:RitualStick","aspiration:FutureDiary","Toxic Egg 2","halation:PinkSoulGem"],"potions_floor_usage":[16,16,18,22,25,30,33,33,41,50],"damage_taken":[{"damage":6.0,"enemies":"Jaw Worm","floor":1.0,"turns":4.0},{"damage":1.0,"enemies":"Cultist","floor":3.0,"turns":4.0},{"damage":10.0,"enemies":"2 Louse","floor":4.0,"turns":3.0},{"damage":10.0,"enemies":"Looter","floor":5.0,"turns":2.0},{"damage":17.0,"enemies":"3 Sentries","floor":7.0,"turns":7.0},{"damage":18.0,"enemies":"Exordium Wildlife","floor":11.0,"turns":4.0},{"damage":4.0,"enemies":"2 Fungi Beasts","floor":13.0,"turns":3.0},{"damage":22.0,"enemies":"Gremlin Gang","floor":14.0,"turns":7.0},{"damage":79,"enemies":"Fading Forest","floor":16,"turns":11},{"damage":7,"enemies":"2 Thieves","floor":18,"turns":3},{"damage":17,"enemies":"Masked Bandits","floor":20,"turns":5},{"damage":2,"enemies":"3 Byrds","floor":22,"turns":6},{"damage":22,"enemies":"3 Cultists","floor":24,"turns":4},{"damage":10,"enemies":"Snecko","floor":27,"turns":5},{"damage":32,"enemies":"Centurion and Healer","floor":30,"turns":4},{"damage":18,"enemies":"Chosen and Byrds","floor":31,"turns":4},{"damage":50,"enemies":"Collector","floor":33,"turns":10},{"damage":0,"enemies":"Orb Walker","floor":35,"turns":3},{"damage":31,"enemies":"3 Darklings","floor":36,"turns":4},{"damage":8,"enemies":"4 Shapes","floor":39,"turns":2},{"damage":26,"enemies":"Sphere and 2 Shapes","floor":41,"turns":3},{"damage":49,"enemies":"Spire Growth","floor":44,"turns":5},{"damage":14,"enemies":"Writhing Mass","floor":46,"turns":7},{"damage":90,"enemies":"Time Eater","floor":50,"turns":8}],"seed_played":"-7936787066156850697","potions_obtained":[{"floor":3.0,"key":"EntropicBrew"},{"floor":7.0,"key":"Strength Potion"},{"floor":11.0,"key":"BloodPotion"},{"floor":16,"key":"Doom Potion"},{"floor":17,"key":"AttackPotion"},{"floor":20,"key":"Weak Potion"},{"floor":31,"key":"Block Potion"},{"floor":33,"key":"Elixir"},{"floor":36,"key":"DistilledChaos"},{"floor":39,"key":"Milkshake"}],"is_trial":false,"path_per_floor":["M","?","M","M","M","R","E","R","T","R","M","?","M","M","R","B",null,"M","?","?","$","M","R","M","R","T","M","R","?","M","M","R","B",null,"M","M","?","?","M","R","M","R","T","M","R","M","R","?","R","B"],"character_chosen":"IRONCLAD","items_purchased":["Membership Card","Replay:Rubber Ducky","BargainBundle","Perfected Strike+1","Dual Wield","Life Link","ReplayTheSpireMod:Corrosion Curse","ReplayTheSpireMod:Private Reserves","Hemokinesis","BloodPotion","SkillPotion"],"campfire_rested":7,"item_purchase_floors":[21,21,21,21,21,21,21,21,21,21,21],"current_hp_per_floor":[80,80,80,76,72,72,61,61,61,80,80,80,80,64,80,33,85,84,84,73,73,77,77,61,78,78,74,74,57,48,36,61,17,85,85,60,69,69,67,85,65,85,85,42,67,59,84,84,84,0,0],"gold":323,"neow_bonus":"RANDOM_COMMON_RELIC","is_prod":false,"is_daily":false,"chose_seed":false,"campfire_upgraded":9,"win_rate":0,"timestamp":1607525257,"path_taken":["M","?","M","M","?","R","E","R","T","R","M","?","M","M","R","BOSS","M","?","?","?","M","R","M","R","T","M","R","?","?","M","R","BOSS","M","?","?","?","M","R","M","R","T","M","R","M","R","?","R","BOSS"],"build_version":"2020-11-30","purchased_purges":0,"victory":false,"max_hp_per_floor":[80,80,80,80,80,80,80,80,80,80,80,80,80,80,80,80,85,85,85,85,85,85,85,85,85,85,85,85,85,85,85,85,85,85,85,85,85,85,85,85,85,85,85,85,85,85,85,85,85,85,85],"relic_stats":{"Gremlin Horn":[27,27],"counters":[24,118],"Bag of Preparation":[38],"obtain_stats":[{"BargainBundle":21,"Tiny House":17,"Gremlin Horn":7,"Bag of Preparation":9,"Burning Blood":0,"aspiration:RitualStick":29,"Replay:Rubber Ducky":21,"halation:PenCase":19,"Simple Rune":26,"Art of War":0,"Red Mask":20,"Membership Card":21,"aspiration:FutureDiary":34,"Toxic Egg 2":43,"halation:PinkSoulGem":48},{"BargainBundle":11,"Tiny House":9,"Gremlin Horn":5,"Bag of Preparation":5,"Burning Blood":0,"aspiration:RitualStick":14,"Replay:Rubber Ducky":11,"halation:PenCase":10,"Simple Rune":13,"Art of War":0,"Red Mask":11,"Membership Card":11,"aspiration:FutureDiary":17,"Toxic Egg 2":21,"halation:PinkSoulGem":23},{"BargainBundle":53,"Tiny House":45,"Gremlin Horn":20,"Bag of Preparation":20,"Burning Blood":0,"aspiration:RitualStick":68,"Replay:Rubber Ducky":53,"halation:PenCase":48,"Simple Rune":63,"Art of War":0,"Red Mask":53,"Membership Card":53,"aspiration:FutureDiary":86,"Toxic Egg 2":98,"halation:PinkSoulGem":110}],"Burning Blood":125,"aspiration:RitualStick":[0]},"card_choices":[{"not_picked":["Heavy Blade","Pommel Strike"],"picked":"Iron Wave","floor":1.0},{"not_picked":["Body Slam","Havoc"],"picked":"Sword Boomerang","floor":3.0},{"not_picked":["Shrug It Off","Eclipse"],"picked":"Twin Strike","floor":4.0},{"not_picked":["Disarm","Warcry"],"picked":"Clash","floor":5.0},{"not_picked":["ReplayTheSpireMod:Stacked","Berserk"],"picked":"Shockwave","floor":7.0},{"not_picked":["Heavy Blade","Pommel Strike"],"picked":"Armaments","floor":11.0},{"not_picked":["Armaments","ReplayTheSpireMod:Corrosion Curse"],"picked":"True Grit","floor":13.0},{"not_picked":["Sword Boomerang","Dropkick"],"picked":"Run Through","floor":14.0},{"not_picked":["Brutality","Impervious"],"picked":"Demonic Infusion","floor":16},{"not_picked":["Replay:Undeath\u0027s Touch","Sword Boomerang"],"picked":"ReplayReversal","floor":17},{"not_picked":["Replay:Undeath\u0027s Touch","Wild Strike"],"picked":"Armaments","floor":18},{"not_picked":["Sword Boomerang","Ghostly Armor+1"],"picked":"Immolate","floor":20},{"not_picked":["Bloodletting","Pommel Strike+1"],"picked":"Wild Strike+1","floor":22},{"not_picked":["Twin Strike","True Grit"],"picked":"Flame Barrier","floor":24},{"not_picked":["Battle Trance","Seeing Red"],"picked":"Twin Strike","floor":27},{"not_picked":["Power Through","Exhume"],"picked":"Cleave+1","floor":30},{"not_picked":["Wild Strike","Seeing Red"],"picked":"Run Through+1","floor":31},{"not_picked":["Immolate","Hemogenesis"],"picked":"Feed","floor":33},{"not_picked":["Wild Strike","Flex"],"picked":"Anger+1","floor":35},{"not_picked":["Spot Weakness","Armaments"],"picked":"ReplayTheSpireMod:Limb From Limb+1","floor":36},{"not_picked":["Hemogenesis","Body Slam"],"picked":"Clothesline","floor":39},{"not_picked":["Body Slam+1","Flame Barrier"],"picked":"Anger","floor":41},{"not_picked":["Clash+1","Havoc+1"],"picked":"Power Through+1","floor":44},{"not_picked":["Clothesline","Pummel"],"picked":"Run Through","floor":46}],"player_experience":132997,"relics_obtained":[{"floor":7.0,"key":"Gremlin Horn"},{"floor":9.0,"key":"Bag of Preparation"},{"floor":20,"key":"Red Mask"},{"floor":26,"key":"Simple Rune"},{"floor":43,"key":"Toxic Egg 2"}],"event_choices":[{"cards_removed":["Iron Wave"],"damage_healed":0.0,"max_hp_gain":0.0,"max_hp_loss":0.0,"gold_gain":0.0,"event_name":"betterNote:BetterNote","player_choice":"Give","floor":2.0,"gold_loss":0.0,"damage_taken":0.0,"cards_obtained":["Ball Lightning"]},{"damage_healed":0,"gold_gain":0,"player_choice":"Obtained Relic","damage_taken":0,"relics_obtained":["halation:PenCase"],"max_hp_gain":0,"max_hp_loss":0,"event_name":"Addict","floor":19,"gold_loss":85},{"damage_healed":0,"gold_gain":0,"player_choice":"Fought Bandits","damage_taken":0,"max_hp_gain":0,"max_hp_loss":0,"event_name":"Masked Bandits","floor":20,"gold_loss":0},{"cards_removed":["Life Link"],"damage_healed":0,"gold_gain":0,"player_choice":"Removed Power","damage_taken":0,"max_hp_gain":0,"max_hp_loss":0,"event_name":"Falling","floor":38,"gold_loss":0}],"is_beta":false,"boss_relics":[{"not_picked":["Replay:Wanted Poster","halation:Prosthetics"],"picked":"Tiny House"},{"not_picked":["Fusion Hammer","SacredBark"],"picked":"aspiration:FutureDiary"}],"items_purged_floors":[],"is_endless":false,"potions_floor_spawned":[3,7,11,16,20,31,33,36,39],"killed_by":"Time Eater","ascension_level":0}}