{"host":"cxvb37eaaiijvrl4","time":1607533070,"event":{"gold_per_floor":[18,18,18,18,33,33,73,73,153,175,201,201,233,257,257,352,352,369,369,393,255,279,279,339,362,387,428,428,441,490,490,490,585,585,610,632,443,468,256,256,23,23,93,93,129,201,224,266,266,278,280,280,280,160,193,193],"floor_reached":57,"playtime":2172,"items_purged":["Inflame","Inflame","MostiFishMod:#F4004+1","Pummel"],"score":3241,"play_id":"543da969-7261-4769-8a9f-992c3912a44b","local_time":"20201209085750","is_ascension_mode":true,"campfire_choices":[{"data":"Dark Embrace","floor":6,"key":"SMITH"},{"data":"Seeing Red","floor":8,"key":"SMITH"},{"data":"MostiFishMod:#F4004","floor":12,"key":"SMITH"},{"data":"Body Slam","floor":15,"key":"SMITH"},{"data":"Battle Trance","floor":23,"key":"SMITH"},{"data":"Limit Break","floor":28,"key":"SMITH"},{"data":"MostiFishMod:NeverNightCountry","floor":32,"key":"SMITH"},{"data":"Inflame","floor":40,"key":"SMITH"},{"data":"MostiFishMod:NeverNightCountry","floor":42,"key":"SMITH"},{"data":"MostiFishMod:NeverNightCountry","floor":44,"key":"SMITH"},{"floor":49,"key":"RECALL"},{"data":"Reaper","floor":53,"key":"SMITH"}],"neow_cost":"NO_GOLD","seed_source_timestamp":123725169323700,"circlet_count":0,"master_deck":["AscendersBane","Dark Embrace+1","Reaper+1","Seeing Red+1","Inflame+1","Battle Trance+1","Shrug It Off+1","Body Slam+1","Limit Break+1","Disarm+1"],"special_seed":0,"relics":["Burning Blood","testmod-TestBox","DaveBox","Pandora\u0027s Box","testmod-TheFather","Question Card","Golden Idol","Mercury Hourglass","War Paint","ImportantClient","RhineSuit","Strange Spoon","testmod-Antiphasic","testmod-IndustrialRevolution","DianDianMeat","Red Mask","FeatherPendant","MerchantsRug","DollysMirror","Bag of Preparation","White Beast Statue","Orichalcum","testmod-Maize","Anchor","Whetstone"],"potions_floor_usage":[],"damage_taken":[{"damage":17.0,"enemies":"2 Louse","floor":1.0,"turns":3.0},{"damage":8,"enemies":"Jaw Worm","floor":5,"turns":4},{"damage":54,"enemies":"3 Sentries","floor":7,"turns":6},{"damage":8,"enemies":"Small Slimes","floor":10,"turns":2},{"damage":0,"enemies":"3 Louse","floor":11,"turns":2},{"damage":41,"enemies":"Gremlin Nob","floor":13,"turns":4},{"damage":0,"enemies":"Gremlin Gang","floor":14,"turns":2},{"damage":33,"enemies":"Slime Boss","floor":16,"turns":6},{"damage":14,"enemies":"2 Thieves","floor":18,"turns":3},{"damage":1,"enemies":"Spheric Guardian","floor":20,"turns":3},{"damage":27,"enemies":"Centurion and Healer","floor":22,"turns":4},{"damage":28,"enemies":"Gremlin Leader","floor":24,"turns":4},{"damage":36,"enemies":"Snake Plant","floor":25,"turns":4},{"damage":26,"enemies":"Slavers","floor":27,"turns":3},{"damage":55,"enemies":"Snecko","floor":29,"turns":6},{"damage":21,"enemies":"Masked Bandits","floor":30,"turns":3},{"damage":1,"enemies":"Automaton","floor":33,"turns":3},{"damage":29,"enemies":"3 Shapes","floor":35,"turns":3},{"damage":3,"enemies":"3 Darklings","floor":36,"turns":2},{"damage":2,"enemies":"Writhing Mass","floor":38,"turns":2},{"damage":0,"enemies":"Giant Head","floor":45,"turns":2},{"damage":10,"enemies":"2 Orb Walkers","floor":46,"turns":2},{"damage":0,"enemies":"Maw","floor":47,"turns":3},{"damage":0,"enemies":"Nemesis","floor":48,"turns":1},{"damage":2,"enemies":"Awakened One","floor":50,"turns":4},{"damage":0,"enemies":"Donu and Deca","floor":51,"turns":3},{"damage":0,"enemies":"Shield and Spear","floor":55,"turns":2},{"damage":75,"enemies":"The Heart","floor":56,"turns":6}],"seed_played":"-6455517352414041631","potions_obtained":[{"floor":1.0,"key":"SteroidPotion"},{"floor":7,"key":"SpeedPotion"},{"floor":10,"key":"Ancient Potion"},{"floor":18,"key":"EntropicBrew"},{"floor":47,"key":"BloodPotion"}],"is_trial":false,"path_per_floor":["M","?","$","?","M","R","E","R","T","M","M","R","E","M","R","B",null,"M","?","M","$","M","R","E","M","T","E","R","M","?","?","R","B",null,"M","M","$","M","$","R","$","R","T","R","E","?","M","E","R","B","B",null,"R","$","E","B",null],"character_chosen":"IRONCLAD","items_purchased":["Strange Spoon","MerchantsRug","DollysMirror","Bag of Preparation"],"campfire_rested":0,"item_purchase_floors":[21,37,39,41],"current_hp_per_floor":[70,44,44,44,58,58,52,52,52,65,71,71,66,73,73,46,68,75,75,75,75,75,75,75,73,73,76,76,81,66,66,66,360,368,370,370,370,370,373,373,373,373,373,373,891,891,891,891,891,891,891,891,891,891,891,1039],"gold":193,"neow_bonus":"REMOVE_TWO","is_prod":false,"is_daily":false,"chose_seed":false,"campfire_upgraded":11,"win_rate":0,"timestamp":1607533070,"path_taken":["M","?","$","?","?","R","E","R","T","M","M","R","E","M","R","BOSS","M","?","M","$","M","R","E","M","T","E","R","M","?","?","R","BOSS","M","M","$","?","$","R","$","R","T","R","E","?","M","E","R","BOSS","BOSS","R","$","E","BOSS"],"build_version":"2020-11-30","purchased_purges":4,"victory":true,"max_hp_per_floor":[75,75,75,75,75,75,75,75,75,75,75,75,75,75,75,75,75,75,75,75,75,75,75,75,75,75,76,76,81,81,81,81,370,370,370,370,370,370,373,373,373,373,373,373,891,891,891,891,891,891,891,891,891,891,891,1082],"card_choices":[{"not_picked":["Perfected Strike","Infernal Blade","Burning Pact"],"picked":"SKIP","floor":1.0},{"not_picked":["Perfected Strike","Infernal Blade","Burning Pact"],"picked":"SKIP","floor":1.0},{"not_picked":["Body Slam","Flame Barrier","Perfected Strike"],"picked":"Inflame","floor":5},{"not_picked":["Clash","Shockwave","Reckless Charge"],"picked":"Battle Trance","floor":7},{"not_picked":["Flex","Flame Barrier","Warcry"],"picked":"Shrug It Off","floor":10},{"not_picked":["Entrench","Uppercut","Pommel Strike","Headbutt"],"picked":"SKIP","floor":11},{"not_picked":["Dual Wield","Twin Strike","Inflame","Anger"],"picked":"SKIP","floor":13},{"not_picked":["Dual Wield","Twin Strike","Anger"],"picked":"Inflame","floor":13},{"not_picked":["Anger","Headbutt","Clothesline"],"picked":"Body Slam","floor":14},{"not_picked":["MostiFishMod:WingOfPhoenix","MostiFishMod:FlyOverUtopia","Impervious"],"picked":"MostiFishMod:NeverNightCountry","floor":16},{"not_picked":["Cleave","Whirlwind","Rupture","Armaments"],"picked":"SKIP","floor":18},{"not_picked":["Anger","Perfected Strike","Power Through","Iron Wave"],"picked":"SKIP","floor":20},{"not_picked":["Metallicize","Iron Wave","Pommel Strike","Rage"],"picked":"SKIP","floor":22},{"not_picked":["Perfected Strike","Flex","Rampage","MostiFishMod:BrandingRite"],"picked":"SKIP","floor":24},{"not_picked":["Bloodletting","Clothesline+1","Wild Strike+1","Cleave"],"picked":"SKIP","floor":25},{"not_picked":["Rupture","Battle Trance","Headbutt"],"picked":"Limit Break","floor":27},{"not_picked":["Blood for Blood+1","True Grit","Twin Strike","Warcry+1"],"picked":"SKIP","floor":29},{"not_picked":["MostiFishMod:UltimateDefense","MostiFishMod:TemporaryOutbreak","Brutality"],"picked":"MostiFishMod:NeverNightCountry","floor":33},{"not_picked":["Clothesline","Cleave","Warcry","Rupture+1"],"picked":"SKIP","floor":35},{"not_picked":["Evolve","Whirlwind","Body Slam+1","Sword Boomerang"],"picked":"SKIP","floor":36},{"not_picked":["Clash","Body Slam+1","MostiFishMod:UniRed","Flex+1"],"picked":"SKIP","floor":38},{"not_picked":["Warcry","Clothesline","Rampage"],"picked":"Disarm+1","floor":45},{"not_picked":["Cleave","Dropkick+1","Searing Blow","Shrug It Off"],"picked":"SKIP","floor":47},{"not_picked":["Cleave+1","Flame Barrier","Spot Weakness+1","Immolate"],"picked":"SKIP","floor":48},{"not_picked":["Seeing Red","Infernal Blade+1","Twin Strike+1","Dark Embrace"],"picked":"SKIP","floor":55}],"player_experience":621565,"relics_obtained":[{"floor":1.0,"key":"Question Card"},{"floor":7,"key":"Mercury Hourglass"},{"floor":13,"key":"War Paint"},{"floor":16,"key":"ImportantClient"},{"floor":24,"key":"testmod-Antiphasic"},{"floor":26,"key":"testmod-IndustrialRevolution"},{"floor":27,"key":"DianDianMeat"},{"floor":30,"key":"Red Mask"},{"floor":43,"key":"White Beast Statue"},{"floor":45,"key":"Orichalcum"},{"floor":46,"key":"testmod-Maize"},{"floor":48,"key":"Anchor"},{"floor":55,"key":"Whetstone"}],"event_choices":[{"damage_healed":0.0,"max_hp_gain":0.0,"max_hp_loss":0.0,"gold_gain":0.0,"event_name":"Golden Idol","player_choice":"Take Damage","floor":2.0,"gold_loss":0.0,"damage_taken":26.0,"relics_obtained":["Golden Idol"]},{"damage_healed":0,"gold_gain":0,"cards_transformed":["Entrench"],"player_choice":"Change","damage_taken":0,"max_hp_gain":0,"max_hp_loss":0,"event_name":"Living Wall","floor":4,"gold_loss":0,"cards_obtained":["Inflame"]},{"cards_removed":["Bash"],"damage_healed":0,"gold_gain":0,"player_choice":"Elegance","damage_taken":0,"max_hp_gain":0,"max_hp_loss":0,"event_name":"betterThird:BetterWriting","floor":19,"gold_loss":0},{"damage_healed":0,"gold_gain":0,"player_choice":"Fought Bandits","damage_taken":0,"max_hp_gain":0,"max_hp_loss":0,"event_name":"Masked Bandits","floor":30,"gold_loss":0},{"cards_removed":["Rage"],"damage_healed":0,"gold_gain":0,"player_choice":"Purged","damage_taken":0,"max_hp_gain":0,"max_hp_loss":0,"event_name":"Purifier","floor":31,"gold_loss":0},{"damage_healed":0,"gold_gain":0,"player_choice":"Fight","damage_taken":0,"max_hp_gain":0,"max_hp_loss":0,"event_name":"Mysterious Sphere","floor":46,"gold_loss":0}],"is_beta":false,"boss_relics":[{"not_picked":["Ectoplasm","testmod-PortableAltar"],"picked":"RhineSuit"},{"not_picked":["testmod-NegativeEmotionEnhancer","ChiXiaoBlade"],"picked":"FeatherPendant"}],"items_purged_floors":[37,39,41,54],"is_endless":false,"potions_floor_spawned":[1,7,10,16,18,24,33,36,45,46,47,48,55],"ascension_level":20}}