{"host":"9h8npza6ronlejsv","time":1607486072,"event":{"gold_per_floor":[114,131,142,92,109,109,138,138,138,138,154,183,183,215,215,289,289,300,300,35,35,55,85,85,119,144,144,163,163,6,34,34,111,111,127,127,144,160,172,204,204,235,235,252,252,152,182,211,223,235],"floor_reached":51,"playtime":2837,"items_purged":["Strike_G","Strike_G"],"score":1450,"play_id":"7e6c3803-f596-4324-8f91-e4c1ac58cc38","local_time":"20201208225432","is_ascension_mode":true,"campfire_choices":[{"data":"Glass Knife","floor":6.0,"key":"SMITH"},{"data":"Bouncing Flask","floor":15.0,"key":"SMITH"},{"data":"Catalyst","floor":24.0,"key":"SMITH"},{"floor":29.0,"key":"REST"},{"data":"Venomology","floor":32.0,"key":"SMITH"},{"data":"Footwork","floor":41.0,"key":"SMITH"},{"floor":45,"key":"REST"},{"data":"Noxious Fumes","floor":49,"key":"SMITH"}],"neow_cost":"NONE","seed_source_timestamp":188120779875600,"circlet_count":0,"master_deck":["AscendersBane","Defend_G+1","Defend_G","Defend_G","Defend_G+1","Survivor","Neutralize","Glass Knife+1","Footwork+1","Outmaneuver","Backflip","Bouncing Flask+1","Venomology+1","Acrobatics","Bane","Escape Plan","Reflex","Catalyst+1","Crippling Poison","Catalyst+1","PiercingWail","Escape Plan","Noxious Fumes+1"],"special_seed":0,"relics":["Ring of the Snake","War Paint","Pear","Potion Belt","Orichalcum","HoveringKite","TwistedFunnel","Gremlin Horn","Centennial Puzzle","Regal Pillow","Strange Spoon","Dream Catcher","SlaversCollar","Torii","Ancient Tea Set","InkBottle","MawBank"],"potions_floor_usage":[44,47,48,50,50,50,50,50,50],"damage_taken":[{"damage":0.0,"enemies":"2 Louse","floor":1.0,"turns":3.0},{"damage":2.0,"enemies":"Jaw Worm","floor":2.0,"turns":6.0},{"damage":0.0,"enemies":"Small Slimes","floor":3.0,"turns":3.0},{"damage":5.0,"enemies":"Exordium Thugs","floor":5.0,"turns":6.0},{"damage":9.0,"enemies":"3 Sentries","floor":7.0,"turns":11.0},{"damage":7.0,"enemies":"3 Louse","floor":11.0,"turns":5.0},{"damage":8.0,"enemies":"Gremlin Nob","floor":12.0,"turns":4.0},{"damage":13.0,"enemies":"3 Sentries","floor":14.0,"turns":11.0},{"damage":9.0,"enemies":"Hexaghost","floor":16.0,"turns":8.0},{"damage":1.0,"enemies":"Spheric Guardian","floor":18.0,"turns":3.0},{"damage":1.0,"enemies":"3 Byrds","floor":22.0,"turns":4.0},{"damage":9.0,"enemies":"Slavers","floor":23.0,"turns":4.0},{"damage":26.0,"enemies":"Book of Stabbing","floor":25.0,"turns":5.0},{"damage":9.0,"enemies":"Colosseum Slavers","floor":27.0,"turns":5.0},{"damage":0.0,"enemies":"3 Cultists","floor":28.0,"turns":6.0},{"damage":10.0,"enemies":"Gremlin Leader","floor":31.0,"turns":5.0},{"damage":27.0,"enemies":"Automaton","floor":33.0,"turns":9.0},{"damage":1.0,"enemies":"3 Shapes","floor":35.0,"turns":4.0},{"damage":0.0,"enemies":"Orb Walker","floor":37.0,"turns":2.0},{"damage":9.0,"enemies":"Sphere and 2 Shapes","floor":38.0,"turns":4.0},{"damage":6.0,"enemies":"Spire Growth","floor":39.0,"turns":5.0},{"damage":0.0,"enemies":"Reptomancer","floor":40.0,"turns":3.0},{"damage":2.0,"enemies":"Nemesis","floor":42.0,"turns":3.0},{"damage":6,"enemies":"Writhing Mass","floor":44,"turns":3},{"damage":0,"enemies":"Reptomancer","floor":47,"turns":3},{"damage":1,"enemies":"Transient","floor":48,"turns":5},{"damage":25,"enemies":"Awakened One","floor":50,"turns":8}],"seed_played":"-7147805571230653879","potions_obtained":[{"floor":3.0,"key":"Dexterity Potion"},{"floor":5.0,"key":"EssenceOfSteel"},{"floor":7.0,"key":"Ancient Potion"},{"floor":11.0,"key":"Swift Potion"},{"floor":14.0,"key":"Explosive Potion"},{"floor":18.0,"key":"Strength Potion"},{"floor":22.0,"key":"Weak Potion"},{"floor":37.0,"key":"SteroidPotion"},{"floor":40.0,"key":"LiquidBronze"},{"floor":42.0,"key":"SkillPotion"},{"floor":44,"key":"SpeedPotion"}],"is_trial":false,"path_per_floor":["M","M","M","?","M","R","E","?","T","T","M","E","?","E","R","B",null,"M","?","$","?","M","E","R","E","T","?","M","R","$","E","R","B",null,"M","?","M","M","M","E","R","E","T","M","R","$","E","M","R","B",null],"character_chosen":"THE_SILENT","items_purchased":["TwistedFunnel","Reflex","Strange Spoon"],"campfire_rested":2,"item_purchase_floors":[20,20,30],"current_hp_per_floor":[59,57,57,57,52,52,43,43,53,53,46,38,38,25,25,16,61,60,60,60,60,59,50,50,24,24,15,15,52,52,42,42,15,61,60,60,60,51,45,45,45,43,43,37,74,74,74,73,73,48],"gold":247,"neow_bonus":"ONE_RANDOM_RARE_CARD","is_prod":false,"is_daily":false,"chose_seed":false,"campfire_upgraded":6,"win_rate":0,"timestamp":1607486072,"path_taken":["M","M","M","?","M","R","E","?","T","?","M","E","?","E","R","BOSS","M","?","$","?","M","E","R","E","T","?","M","R","?","E","R","BOSS","M","?","?","M","M","E","R","E","T","M","R","?","E","M","R","BOSS"],"build_version":"2020-11-30","purchased_purges":2,"victory":true,"max_hp_per_floor":[66,66,66,66,66,66,66,66,76,76,76,76,76,76,76,76,76,76,76,76,76,76,76,76,76,76,76,76,76,76,76,76,76,76,76,76,76,76,76,76,76,76,76,76,76,76,76,76,76,76],"card_choices":[{"not_picked":["Bane","Deadly Poison"],"picked":"Footwork","floor":1.0},{"not_picked":["Expertise","Quick Slash","Choke"],"picked":"SKIP","floor":2.0},{"not_picked":["Endless Agony","Cloak And Dagger","Dagger Throw"],"picked":"SKIP","floor":3.0},{"not_picked":["Deadly Poison","Unload","Acrobatics"],"picked":"SKIP","floor":5.0},{"not_picked":["Predator","Slice","Prepared"],"picked":"SKIP","floor":7.0},{"not_picked":["Predator","Slice","Prepared"],"picked":"SKIP","floor":7.0},{"not_picked":["Poisoned Stab","Predator"],"picked":"Outmaneuver","floor":11.0},{"not_picked":["Calculated Gamble","Distraction"],"picked":"Backflip","floor":12.0},{"not_picked":["Underhanded Strike","Cloak And Dagger"],"picked":"Bouncing Flask","floor":14.0},{"not_picked":["Doppelganger","A Thousand Cuts"],"picked":"Venomology","floor":16.0},{"not_picked":["Dagger Throw","Backflip"],"picked":"Acrobatics","floor":18.0},{"not_picked":["Blade Dance+1","Reflex","Deadly Poison"],"picked":"SKIP","floor":22.0},{"not_picked":["Dash","Dodge and Roll","Acrobatics"],"picked":"SKIP","floor":23.0},{"not_picked":["Reflex","Slice","Setup"],"picked":"SKIP","floor":25.0},{"not_picked":["Outmaneuver+1","Dagger Spray"],"picked":"Crippling Poison","floor":28.0},{"not_picked":["Die Die Die","Cloak And Dagger","Infinite Blades"],"picked":"SKIP","floor":31.0},{"not_picked":["Poisoned Stab","Slice+1","Infinite Blades"],"picked":"SKIP","floor":35.0},{"not_picked":["Slice","Quick Slash","Poisoned Stab"],"picked":"SKIP","floor":37.0},{"not_picked":["Dagger Spray","Dodge and Roll"],"picked":"PiercingWail","floor":38.0},{"not_picked":["Sucker Punch","Bane","Backstab"],"picked":"SKIP","floor":39.0},{"not_picked":["Leg Sweep","Grand Finale","Cloak And Dagger"],"picked":"SKIP","floor":40.0},{"not_picked":["Acrobatics+1","Bane","Escape Plan"],"picked":"SKIP","floor":42.0},{"not_picked":["Acrobatics+1","Bane"],"picked":"Escape Plan","floor":42.0},{"not_picked":["Poisoned Stab","Riddle With Holes+1","Acrobatics"],"picked":"SKIP","floor":44},{"not_picked":["Blade Dance","Outmaneuver+1","Infinite Blades"],"picked":"SKIP","floor":47},{"not_picked":["Catalyst+1","Crippling Poison"],"picked":"Noxious Fumes","floor":48}],"player_experience":227283,"relics_obtained":[{"floor":7.0,"key":"War Paint"},{"floor":9.0,"key":"Pear"},{"floor":10.0,"key":"Potion Belt"},{"floor":14.0,"key":"Orichalcum"},{"floor":23.0,"key":"Gremlin Horn"},{"floor":25.0,"key":"Centennial Puzzle"},{"floor":26.0,"key":"Regal Pillow"},{"floor":31.0,"key":"Dream Catcher"},{"floor":40.0,"key":"Torii"},{"floor":42.0,"key":"Ancient Tea Set"},{"floor":43.0,"key":"InkBottle"},{"floor":47,"key":"MawBank"}],"event_choices":[{"cards_removed":["Defend_G"],"damage_healed":0.0,"max_hp_gain":0.0,"max_hp_loss":0.0,"gold_gain":0.0,"event_name":"The Cleric","player_choice":"Card Removal","floor":4.0,"gold_loss":50.0,"damage_taken":0.0},{"cards_removed":["Strike_G"],"damage_healed":0.0,"max_hp_gain":0.0,"max_hp_loss":0.0,"gold_gain":0.0,"event_name":"Living Wall","player_choice":"Forget","floor":8.0,"gold_loss":0.0,"damage_taken":0.0},{"damage_healed":0.0,"max_hp_gain":0.0,"max_hp_loss":0.0,"gold_gain":0.0,"event_name":"Match and Keep!","player_choice":"0 cards matched","floor":13.0,"gold_loss":0.0,"damage_taken":0.0,"cards_obtained":[]},{"damage_healed":0.0,"max_hp_gain":0.0,"max_hp_loss":0.0,"gold_gain":0.0,"cards_transformed":["Strike_G","Strike_G"],"event_name":"Drug Dealer","player_choice":"Became Test Subject","floor":19.0,"gold_loss":0.0,"damage_taken":0.0,"cards_obtained":["Bane","Escape Plan"]},{"damage_healed":0.0,"max_hp_gain":0.0,"max_hp_loss":0.0,"gold_gain":0.0,"event_name":"The Library","player_choice":"Read","floor":21.0,"gold_loss":0.0,"damage_taken":0.0,"cards_obtained":["Catalyst"]},{"damage_healed":0.0,"max_hp_gain":0.0,"max_hp_loss":0.0,"gold_gain":0.0,"event_name":"Colosseum","player_choice":"Fight","floor":27.0,"gold_loss":0.0,"damage_taken":0.0},{"damage_healed":0.0,"max_hp_gain":0.0,"max_hp_loss":0.0,"gold_gain":0.0,"event_name":"Colosseum","player_choice":"Fled From Nobs","floor":27.0,"gold_loss":0.0,"damage_taken":0.0},{"damage_healed":0.0,"max_hp_gain":0.0,"max_hp_loss":0.0,"gold_gain":0.0,"event_name":"Duplicator","player_choice":"Copied","floor":36.0,"gold_loss":0.0,"damage_taken":0.0,"cards_obtained":["Catalyst"]}],"is_beta":false,"boss_relics":[{"not_picked":["Fusion Hammer","Sozu"],"picked":"HoveringKite"},{"not_picked":["Runic Dome","Pandora\u0027s Box"],"picked":"SlaversCollar"}],"items_purged_floors":[20,46],"is_endless":false,"potions_floor_spawned":[3,5,7,11,14,18,22,28,31,37,40,42,44],"ascension_level":14}}