{"host":"ormi09wwzv7sq47a","time":1607516850,"event":{"gold_per_floor":[110,110,128,128,53,53,69,69,69,83,96,96,113,133,133,133,133],"floor_reached":16,"playtime":353,"items_purged":["Strike_B"],"score":160,"play_id":"e30e7a2e-6da6-4bca-94a7-68e9cf4bfd3c","local_time":"20201209092730","is_ascension_mode":true,"campfire_choices":[{"data":"Dualcast","floor":6,"key":"SMITH"},{"data":"Sweeping Beam","floor":8,"key":"SMITH"},{"data":"Streamline","floor":15,"key":"SMITH"}],"neow_cost":"NONE","seed_source_timestamp":2128023867359600,"circlet_count":0,"master_deck":["AscendersBane","Strike_B","Strike_B","Defend_B","Defend_B","Defend_B","Zap+1","Dualcast+1","Turbo","Steam","Sweeping Beam+1","Machine Learning","Streamline+1","Decay","Gash","Reinforced Body"],"special_seed":0,"relics":["Cracked Core","Vajra"],"potions_floor_usage":[13,16],"damage_taken":[{"damage":7,"enemies":"Small Slimes","floor":1,"turns":3},{"damage":0,"enemies":"2 Louse","floor":3,"turns":2},{"damage":1,"enemies":"Cultist","floor":7,"turns":3},{"damage":6,"enemies":"Looter","floor":10,"turns":3},{"damage":5,"enemies":"Lots of Slimes","floor":11,"turns":3},{"damage":10,"enemies":"3 Louse","floor":13,"turns":2},{"damage":0,"enemies":"Gremlin Gang","floor":14,"turns":3},{"damage":36,"enemies":"The Guardian","floor":16,"turns":5}],"seed_played":"-4100627286630040071","potions_obtained":[{"floor":7,"key":"FocusPotion"},{"floor":10,"key":"BlessingOfTheForge"},{"floor":13,"key":"Block Potion"}],"is_trial":false,"path_per_floor":["M","?","M","?","$","R","M","R","T","M","M","?","M","M","R","B"],"character_chosen":"DEFECT","items_purchased":[],"campfire_rested":0,"item_purchase_floors":[],"current_hp_per_floor":[57,57,57,57,57,57,56,56,56,50,45,45,35,35,35,0,0],"gold":133,"neow_bonus":"REMOVE_CARD","is_prod":false,"is_daily":false,"chose_seed":false,"campfire_upgraded":3,"win_rate":0,"timestamp":1607516850,"path_taken":["M","?","M","?","$","R","M","R","T","?","M","?","M","M","R","BOSS"],"build_version":"2020-11-30","purchased_purges":1,"victory":false,"max_hp_per_floor":[71,71,71,71,71,71,71,71,71,71,71,71,71,71,71,71,71],"relic_stats":{"counters":[8,24],"obtain_stats":[{"Vajra":9,"Cracked Core":0},{"Vajra":3,"Cracked Core":0},{"Vajra":8,"Cracked Core":0}]},"card_choices":[{"not_picked":["Stack","Compile Driver"],"picked":"Turbo","floor":1},{"not_picked":["Barrage","Turbo"],"picked":"Steam","floor":3},{"not_picked":["Conserve Battery","Steam"],"picked":"Sweeping Beam","floor":7},{"not_picked":["Beam Cell","BootSequence"],"picked":"Machine Learning","floor":10},{"not_picked":["Lockon","Capacitor"],"picked":"Streamline","floor":11},{"not_picked":["Hello World","Chill"],"picked":"Gash","floor":13},{"not_picked":["Coolheaded","Skim"],"picked":"Reinforced Body","floor":14}],"player_experience":712381,"relics_obtained":[{"floor":9,"key":"Vajra"}],"event_choices":[{"cards_removed":["Defend_B"],"damage_healed":0,"gold_gain":0,"player_choice":"Forget","damage_taken":0,"max_hp_gain":0,"max_hp_loss":0,"event_name":"Living Wall","floor":2,"gold_loss":0},{"damage_healed":0,"gold_gain":0,"player_choice":"Upgraded","damage_taken":0,"max_hp_gain":0,"max_hp_loss":0,"event_name":"Upgrade Shrine","floor":4,"gold_loss":0,"cards_upgraded":["Zap"]},{"damage_healed":0,"gold_gain":0,"player_choice":"Cursed","damage_taken":0,"max_hp_gain":0,"max_hp_loss":0,"event_name":"Wheel of Change","floor":12,"gold_loss":0,"cards_obtained":["Decay"]}],"is_beta":false,"boss_relics":[],"items_purged_floors":[5],"is_endless":false,"potions_floor_spawned":[7,10,13,14],"killed_by":"The Guardian","ascension_level":14}}