{"host":"5trcja4hacd149zc","time":1607487613,"event":{"gold_per_floor":[115,115,115,38,53,100,100,147,198,54,76,76,121,121,121,121,121],"floor_reached":16,"playtime":359,"items_purged":[],"score":282,"play_id":"352dcb25-6a08-4192-bd82-b4c2d55a44b8","local_time":"20201208222013","is_ascension_mode":true,"campfire_choices":[{"data":"Choke","floor":7,"key":"SMITH"},{"floor":12,"key":"REST"},{"data":"Neutralize","floor":15,"key":"SMITH"}],"neow_cost":"NONE","seed_source_timestamp":32418203063875,"circlet_count":0,"master_deck":["AscendersBane","Strike_G","Strike_G","Strike_G","Strike_G","Strike_G","Defend_G","Defend_G","Defend_G","Defend_G","Defend_G","Survivor","Neutralize+1","Blade Dance","Skewer","Flying Knee","Choke+1","Dagger Spray","Glass Knife+1","Backflip","Calculated Gamble"],"relics":["Ring of the Snake","NeowsBlessing","Golden Idol","CeramicFish","Art of War","Centennial Puzzle","Letter Opener"],"potions_floor_usage":[16],"damage_taken":[{"damage":0,"enemies":"Cultist","floor":1,"turns":1},{"damage":0,"enemies":"Small Slimes","floor":5,"turns":1},{"damage":0,"enemies":"Lagavulin","floor":6,"turns":1},{"damage":40,"enemies":"3 Sentries","floor":8,"turns":9},{"damage":9,"enemies":"Jaw Worm","floor":11,"turns":2},{"damage":25,"enemies":"Lagavulin","floor":13,"turns":5},{"damage":9,"enemies":"Slime Boss","floor":16,"turns":4}],"seed_played":"-3985738332894947133","potions_obtained":[{"floor":11,"key":"Fire Potion"}],"is_trial":false,"path_per_floor":["M","?","?","$","M","E","R","E","T","$","M","R","E","?","R","B"],"character_chosen":"THE_SILENT","items_purchased":["Skewer","Glass Knife"],"campfire_rested":1,"item_purchase_floors":[4,10],"current_hp_per_floor":[59,59,64,64,64,64,64,24,24,24,15,34,9,9,9,0,0],"gold":121,"neow_bonus":"THREE_ENEMY_KILL","is_prod":false,"is_daily":false,"chose_seed":false,"campfire_upgraded":2,"win_rate":0,"timestamp":1607487613,"path_taken":["M","?","?","?","?","E","R","E","T","$","M","R","E","?","R","BOSS"],"build_version":"2020-11-30","purchased_purges":0,"victory":false,"max_hp_per_floor":[66,60,65,65,65,65,65,65,65,65,65,65,65,65,65,65,65],"relic_stats":{"Centennial Puzzle":[6],"counters":[7,23],"Golden Idol":29,"CeramicFish":45,"Art of War":[0],"Letter Opener":[10],"obtain_stats":[{"Centennial Puzzle":9,"NeowsBlessing":0,"Golden Idol":2,"CeramicFish":6,"Art of War":8,"Letter Opener":13,"Ring of the Snake":0},{"Centennial Puzzle":4,"NeowsBlessing":0,"Golden Idol":1,"CeramicFish":3,"Art of War":4,"Letter Opener":6,"Ring of the Snake":0},{"Centennial Puzzle":12,"NeowsBlessing":0,"Golden Idol":1,"CeramicFish":3,"Art of War":12,"Letter Opener":19,"Ring of the Snake":0}],"Ring of the Snake":[14]},"card_choices":[{"not_picked":["Flying Knee","Sucker Punch"],"picked":"Blade Dance","floor":1},{"not_picked":["Accuracy","Sucker Punch"],"picked":"Flying Knee","floor":5},{"not_picked":["Heel Hook","Tactician"],"picked":"Choke","floor":6},{"not_picked":["Dodge and Roll","Catalyst"],"picked":"Dagger Spray","floor":8},{"not_picked":["Bane","Slice"],"picked":"Backflip","floor":11},{"not_picked":["Deflect","Blur"],"picked":"Calculated Gamble","floor":13}],"player_experience":739381,"relics_obtained":[{"floor":6,"key":"CeramicFish"},{"floor":8,"key":"Art of War"},{"floor":9,"key":"Centennial Puzzle"},{"floor":13,"key":"Letter Opener"}],"event_choices":[{"damage_healed":0,"gold_gain":0,"player_choice":"Lose Max HP","damage_taken":0,"relics_obtained":["Golden Idol"],"max_hp_gain":0,"max_hp_loss":6,"event_name":"Golden Idol","floor":2,"gold_loss":0},{"damage_healed":0,"gold_gain":0,"player_choice":"Donut","damage_taken":0,"max_hp_gain":5,"max_hp_loss":0,"event_name":"Big Fish","floor":3,"gold_loss":0},{"damage_healed":0,"gold_gain":0,"player_choice":"Grow","damage_taken":0,"max_hp_gain":0,"max_hp_loss":0,"event_name":"Living Wall","floor":14,"gold_loss":0,"cards_upgraded":["Glass Knife"]}],"is_beta":false,"boss_relics":[],"items_purged_floors":[],"is_endless":false,"potions_floor_spawned":[11],"killed_by":"Slime Boss","ascension_level":20}}