{"host":"pkysykycfg9bua8p","time":1607507427,"event":{"gold_per_floor":[119,119,45,62,12,12,45,59,86,11,11,11,25,25,25,25,25],"floor_reached":16,"playtime":608,"items_purged":["Strike_G"],"score":125,"play_id":"c51d5efa-a861-4b62-a3fc-3cce7c80ec6e","local_time":"20201209225027","is_ascension_mode":false,"campfire_choices":[{"data":"Crippling Poison","floor":6,"key":"SMITH"},{"data":"Poisoned Stab","floor":11,"key":"SMITH"},{"floor":15,"key":"RECALL"}],"neow_cost":"NONE","seed_source_timestamp":4317635737599,"circlet_count":0,"master_deck":["Strike_G","Strike_G","Strike_G","Defend_G","Defend_G","Defend_G","Defend_G","Defend_G","Survivor","Neutralize","Crippling Poison+1","Catalyst","Poisoned Stab+1","Backstab"],"relics":["Ring of the Snake","NeowsBlessing","Blood Vial"],"potions_floor_usage":[14,16,16],"damage_taken":[{"damage":0,"enemies":"Cultist","floor":1,"turns":1},{"damage":0,"enemies":"2 Louse","floor":4,"turns":1},{"damage":0,"enemies":"Lagavulin","floor":7,"turns":1},{"damage":8,"enemies":"Jaw Worm","floor":8,"turns":3},{"damage":5,"enemies":"2 Fungi Beasts","floor":13,"turns":3},{"damage":0,"enemies":"Gremlin Gang","floor":14,"turns":1},{"damage":64,"enemies":"Slime Boss","floor":16,"turns":13}],"seed_played":"1017891431545810012","potions_obtained":[{"floor":4,"key":"CunningPotion"},{"floor":7,"key":"SmokeBomb"},{"floor":13,"key":"Weak Potion"}],"is_trial":false,"path_per_floor":["M","?","$","M","?","R","E","M","T","$","R","$","M","M","R","B"],"character_chosen":"THE_SILENT","items_purchased":["Catalyst"],"campfire_rested":0,"item_purchase_floors":[3],"current_hp_per_floor":[70,70,70,70,70,70,70,62,62,62,62,62,59,61,61,0,0],"gold":25,"neow_bonus":"THREE_ENEMY_KILL","is_prod":false,"is_daily":false,"chose_seed":false,"campfire_upgraded":2,"win_rate":0,"timestamp":1607507427,"path_taken":["M","?","?","M","?","R","E","M","T","?","R","$","M","M","R","BOSS"],"build_version":"2020-11-30","purchased_purges":1,"victory":false,"max_hp_per_floor":[70,70,70,70,70,70,70,70,70,70,70,70,70,70,70,70,70],"card_choices":[{"not_picked":["Slice","Backflip"],"picked":"Crippling Poison","floor":1},{"not_picked":["Terror","Sucker Punch","Masterful Stab"],"picked":"SKIP","floor":4},{"not_picked":["Quick Slash","Flying Knee","Well Laid Plans"],"picked":"SKIP","floor":7},{"not_picked":["Dodge and Roll","Dagger Spray"],"picked":"Poisoned Stab","floor":8},{"not_picked":["Calculated Gamble","Footwork"],"picked":"Backstab","floor":13}],"player_experience":42449,"relics_obtained":[{"floor":7,"key":"Blood Vial"}],"event_choices":[{"damage_healed":0,"gold_gain":0,"player_choice":"Ignored","damage_taken":0,"max_hp_gain":0,"max_hp_loss":0,"event_name":"NoteForYourself","floor":2,"gold_loss":0},{"cards_removed":["Strike_G"],"damage_healed":0,"gold_gain":0,"player_choice":"Card Removal","damage_taken":0,"max_hp_gain":0,"max_hp_loss":0,"event_name":"The Cleric","floor":5,"gold_loss":50}],"is_beta":false,"boss_relics":[],"items_purged_floors":[10],"is_endless":false,"potions_floor_spawned":[4,7,13,14],"killed_by":"Slime Boss","ascension_level":0}}