{"host":"nnevpry6tnmpwasb","time":1607473232,"event":{"gold_per_floor":[117,117,117,136,146,174,174,190,216,41,60,60,135,149,149,252,252,265,279,194,194,204,204,204],"floor_reached":23,"playtime":1975,"items_purged":[],"score":193,"play_id":"ccc89916-2ad6-4dd1-b21a-685f56381f4a","local_time":"20201208192031","is_ascension_mode":false,"campfire_choices":[{"data":"Negative_Energy_Arrows","floor":7,"key":"SMITH"},{"floor":15,"key":"REST"}],"neow_cost":"CURSE","seed_source_timestamp":87477701726000,"circlet_count":0,"master_deck":["Strike_W","Strike_W","Defend_W","Defend_W+1","Defend_W","Negative_Energy_Arrows+1","Bone_Wall","Death_Knell+1","Bone_Spikes","Bone_Armory","Bone_Armory","Thousand_Bone_Knives","Apotheosis","Bone_Spikes","Bone_Armor","Skeleton_Dragon","Finger_Of_Death+1","Bone_Armor+1","Chill_Blood+1","Scare","Bone_Spikes"],"special_seed":0,"relics":["Vampire_Amulet","Calipers","Dream Catcher","Anchor","Boot","Astrolabe","Darkstone Periapt","alterego_mod:FleetingLove"],"potions_floor_usage":[23],"damage_taken":[{"damage":4.0,"enemies":"2 Louse","floor":1.0,"turns":5.0},{"damage":0.0,"enemies":"Cultist","floor":4.0,"turns":3.0},{"damage":0.0,"enemies":"Jaw Worm","floor":5.0,"turns":3.0},{"damage":5.0,"enemies":"3 Sentries","floor":6.0,"turns":5.0},{"damage":6,"enemies":"Large Slime","floor":8,"turns":6},{"damage":0,"enemies":"3 Louse","floor":11,"turns":5},{"damage":0,"enemies":"Looter","floor":14,"turns":2},{"damage":17,"enemies":"Slime Boss","floor":16,"turns":8},{"damage":23,"enemies":"3 Byrds","floor":18,"turns":5},{"damage":25,"enemies":"Shell Parasite","floor":19,"turns":8},{"damage":24,"enemies":"Snake Plant","floor":22,"turns":6},{"damage":16,"enemies":"Slavers","floor":23,"turns":3}],"seed_played":"6109234638517258145","potions_obtained":[{"floor":1.0,"key":"Block Potion"},{"floor":5.0,"key":"AttackPotion"},{"floor":8,"key":"Swift Potion"},{"floor":19,"key":"Ancient Potion"}],"is_trial":false,"path_per_floor":["M","?","?","M","M","E","R","M","T","$","M","?","?","M","R","B",null,"M","M","?","?","M","E"],"character_chosen":"NECROMANCER","items_purchased":["Apotheosis"],"campfire_rested":1,"item_purchase_floors":[10],"current_hp_per_floor":[75,60,60,62,64,65,65,63,63,63,69,57,46,48,70,59,75,58,35,35,35,13,0,0],"gold":204,"neow_bonus":"ONE_RARE_RELIC","is_prod":false,"is_daily":false,"chose_seed":false,"campfire_upgraded":1,"win_rate":0.0,"timestamp":1607473231,"path_taken":["M","?","?","M","M","E","R","?","T","?","M","?","?","M","R","BOSS","M","M","?","?","M","E"],"build_version":"2020-11-30","purchased_purges":0,"victory":false,"max_hp_per_floor":[75,75,75,75,75,75,75,75,75,75,75,75,75,75,75,75,75,75,75,75,75,75,75,75],"card_choices":[{"not_picked":["Necromantic_Selection","Strike_from_Beyond"],"picked":"Death_Knell","floor":1.0},{"not_picked":["Bone_Shift","Chill_Blood"],"picked":"Bone_Spikes","floor":4.0},{"not_picked":["Negative_Energy_Sphere","Negative_Energy_Mist"],"picked":"Bone_Armory","floor":5.0},{"not_picked":["Consume_Illness","Exploit"],"picked":"Bone_Armory","floor":6.0},{"not_picked":["Negative_Energy_Mist","Uncharnel"],"picked":"Thousand_Bone_Knives","floor":8},{"not_picked":["Toxic_Smoke_Screen","Blood_Whip"],"picked":"Bone_Spikes","floor":11},{"not_picked":["Flesh_Made_Foul","Vampiric_Strike"],"picked":"Bone_Armor","floor":14},{"not_picked":["Bone_Bullets","Deaths_Shadow"],"picked":"Skeleton_Dragon","floor":15},{"not_picked":["Flesh_Made_Foul","Summon_Undead","Pandemic+1"],"picked":"SKIP","floor":18},{"not_picked":["Bone_Bullets+1","Stop_Heart"],"picked":"Scare","floor":19},{"not_picked":["Negative_Energy_Mist+1","Blood_for_Blood"],"picked":"Bone_Spikes","floor":22}],"player_experience":58746,"relics_obtained":[{"floor":6.0,"key":"Dream Catcher"},{"floor":9,"key":"Anchor"}],"event_choices":[{"damage_healed":0.0,"max_hp_gain":0.0,"max_hp_loss":0.0,"gold_gain":0.0,"event_name":"Shining Light","player_choice":"Entered Light","floor":2.0,"gold_loss":0.0,"damage_taken":15.0,"cards_upgraded":["Death_Knell","Defend_W"]},{"cards_removed":["infinitespire:Pacifist"],"damage_healed":0.0,"max_hp_gain":0.0,"max_hp_loss":0.0,"gold_gain":0.0,"event_name":"Purifier","player_choice":"Purged","floor":3.0,"gold_loss":0.0,"damage_taken":0.0},{"damage_healed":0,"gold_gain":0,"player_choice":"Success","damage_taken":12,"relics_obtained":["Boot"],"max_hp_gain":0,"max_hp_loss":0,"event_name":"Scrap Ooze","floor":12,"gold_loss":0},{"damage_healed":0,"gold_gain":75,"player_choice":"Gather Gold","damage_taken":11,"max_hp_gain":0,"max_hp_loss":0,"event_name":"World of Goop","floor":13,"gold_loss":0},{"damage_healed":0,"gold_gain":0,"player_choice":"Obtained Relic","damage_taken":0,"relics_obtained":["Darkstone Periapt"],"max_hp_gain":0,"max_hp_loss":0,"event_name":"Addict","floor":20,"gold_loss":85},{"damage_healed":0,"gold_gain":0,"player_choice":"Choice 1","damage_taken":0,"relics_obtained":["alterego_mod:FleetingLove"],"max_hp_gain":0,"max_hp_loss":0,"event_name":"Secret Garden","floor":21,"gold_loss":0}],"is_beta":false,"boss_relics":[{"not_picked":["SacredBark","Busted Crown"],"picked":"Astrolabe"}],"items_purged_floors":[],"is_endless":false,"potions_floor_spawned":[1,5,8,19],"killed_by":"Slavers","ascension_level":0}}