{"host":"gc0o0aftdpafl7it","time":1607529887,"event":{"gold_per_floor":[213,229,8,22,22,22,57,81,81,91,122,122,153,153,153,248,248,263,275,289,58,74,88,118,133,133,133,133,133],"floor_reached":28,"playtime":1346,"items_purged":["Strike_G"],"score":325,"play_id":"ade6811f-78bc-47c1-85b2-f1b0b71afb5b","local_time":"20201209170447","is_ascension_mode":true,"campfire_choices":[{"data":"Noxious Fumes","floor":6,"key":"SMITH"},{"floor":12,"key":"REST"},{"floor":15,"key":"REST"},{"floor":27,"key":"REST"}],"neow_cost":"NONE","seed_source_timestamp":167732543718500,"circlet_count":0,"master_deck":["Strike_G","Strike_G","Strike_G","Strike_G","Defend_G","Defend_G","Defend_G","Defend_G","Defend_G","Survivor","Neutralize","Deadly Poison","Noxious Fumes+1","Deadly Poison","Corpse Explosion","Dagger Spray","Backflip","Skewer+1","Night Terror","CurseOfTheBell","Poisoned Stab+1","Escape Plan+1","Escape Plan+1","PiercingWail","Backflip","Crippling Poison+1","Leg Sweep","Deadly Poison+1"],"relics":["Ring of the Snake","Frozen Eye","Centennial Puzzle","Anchor","Bottled Tornado","Orichalcum","Bottled Lightning","Calling Bell","PreservedInsect","Letter Opener","Calipers","Orrery","The Courier","Singing Bowl"],"potions_floor_usage":[10,16,19,24,25],"damage_taken":[{"damage":6,"enemies":"Small Slimes","floor":1,"turns":5},{"damage":2,"enemies":"Jaw Worm","floor":2,"turns":5},{"damage":0,"enemies":"2 Louse","floor":4,"turns":3},{"damage":26,"enemies":"Lagavulin","floor":7,"turns":7},{"damage":20,"enemies":"Gremlin Gang","floor":10,"turns":3},{"damage":20,"enemies":"Gremlin Nob","floor":11,"turns":4},{"damage":17,"enemies":"Lagavulin","floor":13,"turns":6},{"damage":10,"enemies":"The Guardian","floor":16,"turns":8},{"damage":17,"enemies":"Spheric Guardian","floor":18,"turns":4},{"damage":2,"enemies":"3 Byrds","floor":19,"turns":2},{"damage":13,"enemies":"3 Cultists","floor":20,"turns":3},{"damage":9,"enemies":"Snake Plant","floor":22,"turns":4},{"damage":4,"enemies":"Centurion and Healer","floor":23,"turns":5},{"damage":6,"enemies":"Gremlin Leader","floor":24,"turns":5},{"damage":5,"enemies":"Shelled Parasite and Fungi","floor":25,"turns":4},{"damage":30,"enemies":"Book of Stabbing","floor":28,"turns":5}],"seed_played":"5246135765455020530","potions_obtained":[{"floor":1,"key":"LiquidBronze"},{"floor":4,"key":"SpeedPotion"},{"floor":10,"key":"Fire Potion"},{"floor":20,"key":"Swift Potion"},{"floor":22,"key":"Fire Potion"},{"floor":23,"key":"DuplicationPotion"},{"floor":25,"key":"Swift Potion"}],"is_trial":false,"path_per_floor":["M","M","$","M","?","R","E","T","T","M","E","R","E","?","R","B",null,"M","M","M","$","M","M","E","M","T","R","E"],"character_chosen":"THE_SILENT","items_purchased":["Frozen Eye","Noxious Fumes","Orrery"],"campfire_rested":3,"item_purchase_floors":[3,3,21],"current_hp_per_floor":[64,62,62,62,67,67,41,41,41,21,1,23,6,6,28,18,61,44,42,29,29,20,16,10,5,5,27,0,0],"gold":133,"neow_bonus":"HUNDRED_GOLD","is_prod":false,"is_daily":false,"chose_seed":false,"campfire_upgraded":1,"win_rate":0,"timestamp":1607529887,"path_taken":["M","M","$","M","?","R","E","?","T","M","E","R","E","?","R","BOSS","M","M","?","$","M","?","E","M","T","R","E"],"build_version":"2020-11-30","purchased_purges":1,"victory":false,"max_hp_per_floor":[70,70,70,70,75,75,75,75,75,75,75,75,75,75,75,75,75,75,75,75,75,75,75,75,75,75,75,75,75],"relic_stats":{"Centennial Puzzle":[36],"Singing Bowl":0,"counters":[16,73],"PreservedInsect":85,"Letter Opener":[60],"Orichalcum":[78],"obtain_stats":[{"Calipers":17,"Singing Bowl":26,"PreservedInsect":17,"The Courier":24,"Letter Opener":17,"Bottled Tornado":9,"Orichalcum":11,"Calling Bell":17,"Frozen Eye":3,"Centennial Puzzle":7,"Anchor":8,"Orrery":21,"Bottled Lightning":13,"Ring of the Snake":0},{"Calipers":8,"Singing Bowl":15,"PreservedInsect":8,"The Courier":14,"Letter Opener":8,"Bottled Tornado":4,"Orichalcum":6,"Calling Bell":8,"Frozen Eye":2,"Centennial Puzzle":4,"Anchor":4,"Orrery":11,"Bottled Lightning":7,"Ring of the Snake":0},{"Calipers":41,"Singing Bowl":68,"PreservedInsect":41,"The Courier":64,"Letter Opener":41,"Bottled Tornado":20,"Orichalcum":27,"Calling Bell":41,"Frozen Eye":10,"Centennial Puzzle":20,"Anchor":20,"Orrery":50,"Bottled Lightning":33,"Ring of the Snake":0}],"Ring of the Snake":[32]},"card_choices":[{"not_picked":["Heel Hook","Eviscerate","Accuracy"],"picked":"SKIP","floor":1},{"not_picked":["Terror","Flechettes"],"picked":"Deadly Poison","floor":2},{"not_picked":["Masterful Stab","Expertise"],"picked":"Deadly Poison","floor":4},{"not_picked":["Blur","Well Laid Plans"],"picked":"Corpse Explosion","floor":7},{"not_picked":["Bane","Flechettes"],"picked":"Dagger Spray","floor":10},{"not_picked":["Deadly Poison","Dagger Spray"],"picked":"Backflip","floor":11},{"not_picked":["Burst","Sucker Punch"],"picked":"Skewer","floor":13},{"not_picked":["Phantasmal Killer","Bullet Time"],"picked":"Night Terror","floor":16},{"not_picked":["Outmaneuver","Cloak And Dagger+1"],"picked":"Poisoned Stab+1","floor":18},{"not_picked":["Acrobatics+1","Calculated Gamble"],"picked":"Escape Plan+1","floor":19},{"not_picked":["Quick Slash","Outmaneuver","Underhanded Strike"],"picked":"SKIP","floor":20},{"not_picked":["Flying Knee","Deadly Poison+1"],"picked":"Escape Plan+1","floor":21},{"not_picked":["After Image","Dagger Throw+1"],"picked":"PiercingWail","floor":21},{"not_picked":["Blade Dance","Cloak And Dagger+1"],"picked":"Backflip","floor":21},{"not_picked":["Sucker Punch+1","Backflip+1"],"picked":"Crippling Poison+1","floor":22},{"not_picked":["Deadly Poison","Slice+1"],"picked":"Leg Sweep","floor":23},{"not_picked":["Quick Slash","Prepared+1"],"picked":"Deadly Poison+1","floor":24},{"not_picked":["Tactician","Reflex","Acrobatics+1"],"picked":"SKIP","floor":25}],"player_experience":336593,"relics_obtained":[{"floor":7,"key":"Centennial Puzzle"},{"floor":8,"key":"Anchor"},{"floor":9,"key":"Bottled Tornado"},{"floor":11,"key":"Orichalcum"},{"floor":13,"key":"Bottled Lightning"},{"floor":17,"key":"PreservedInsect"},{"floor":17,"key":"Letter Opener"},{"floor":17,"key":"Calipers"},{"floor":24,"key":"The Courier"},{"floor":26,"key":"Singing Bowl"}],"event_choices":[{"damage_healed":0,"gold_gain":0,"player_choice":"Donut","damage_taken":0,"max_hp_gain":5,"max_hp_loss":0,"event_name":"Big Fish","floor":5,"gold_loss":0},{"damage_healed":0,"gold_gain":0,"player_choice":"Forge","damage_taken":0,"max_hp_gain":0,"max_hp_loss":0,"event_name":"Accursed Blacksmith","floor":14,"gold_loss":0,"cards_upgraded":["Skewer"]}],"is_beta":false,"boss_relics":[{"not_picked":["Philosopher\u0027s Stone","Empty Cage"],"picked":"Calling Bell"}],"items_purged_floors":[21],"is_endless":false,"potions_floor_spawned":[1,4,10,20,22,23,25],"killed_by":"Book of Stabbing","ascension_level":5}}