{"host":"plluk4al3qmxlp2w","time":1607482694,"event":{"gold_per_floor":[12,32,32,42,42,42,57,57,82,92,78,93,18,18,18,119,119,108,108],"floor_reached":18,"playtime":609,"items_purged":["Replay:Hysterical Blindness"],"score":156,"play_id":"64fc25e0-41ea-4008-9991-d9e32168ffe5","local_time":"20201208185814","is_ascension_mode":false,"campfire_choices":[{"data":"Dualcast","floor":6,"key":"SMITH"},{"floor":15,"key":"REST"}],"neow_cost":"CURSE","seed_source_timestamp":786925291724400,"circlet_count":0,"master_deck":["Zap","Dualcast+1","Ball Lightning","Cold Snap","Ball Lightning","Cold Snap","Leap","Leap","Leap","Leap","BasicCrystalCard","Tempest","Barrage","Conserve Battery","Auto Shields","Core Surge","Aggregate","Machine Learning"],"relics":["Cracked Core","WingedGreaves","SacredBark"],"potions_floor_usage":[12,18],"damage_taken":[{"damage":9,"enemies":"Jaw Worm","floor":1,"turns":2},{"damage":0,"enemies":"Cultist","floor":2,"turns":2},{"damage":0,"enemies":"Small Slimes","floor":4,"turns":3},{"damage":5,"enemies":"Looter","floor":7,"turns":3},{"damage":0,"enemies":"2 Fungi Beasts","floor":10,"turns":3},{"damage":20,"enemies":"Exordium Thugs","floor":11,"turns":5},{"damage":0,"enemies":"Looter","floor":12,"turns":2},{"damage":27,"enemies":"The Guardian","floor":16,"turns":11},{"damage":0,"enemies":"2 Thieves","floor":18,"turns":4}],"seed_played":"-6492469327739186018","potions_obtained":[{"floor":2,"key":"Strength Potion"},{"floor":11,"key":"Languid Potion"},{"floor":12,"key":"SpeedPotion"},{"floor":16,"key":"ColorlessPotion"},{"floor":18,"key":"PowerPotion"}],"is_trial":false,"path_per_floor":["M","M","?","M","$","R","M","$","T","M","M","M","$","T","R","B",null,"M"],"character_chosen":"DEFECT","items_purchased":[],"campfire_rested":1,"item_purchase_floors":[],"current_hp_per_floor":[41,41,41,41,41,41,36,36,36,36,16,16,16,16,36,9,68,68,68],"gold":108,"neow_bonus":"DEFECT_STORMLORD","is_prod":false,"is_daily":false,"chose_seed":false,"campfire_upgraded":1,"win_rate":0,"timestamp":1607482694,"path_taken":["M","M","?","M","$","R","M","?","T","M","M","M","$","?","R","BOSS","M"],"build_version":"2020-11-30","purchased_purges":1,"victory":false,"max_hp_per_floor":[68,68,68,68,68,68,68,68,68,68,68,68,68,68,68,68,68,68,68],"card_choices":[{"not_picked":["Sunder","Tempest"],"picked":"BasicCrystalCard","floor":1},{"not_picked":["Turbo","Go for the Eyes"],"picked":"Tempest","floor":2},{"not_picked":["Glacier","Hologram"],"picked":"Barrage","floor":4},{"not_picked":["Gash","Self Repair"],"picked":"Conserve Battery","floor":7},{"not_picked":["Darkness","Lockon"],"picked":"Auto Shields","floor":10},{"not_picked":["Go for the Eyes","Stack"],"picked":"Core Surge","floor":11},{"not_picked":["Redo","Go for the Eyes"],"picked":"Aggregate","floor":12},{"not_picked":["Amplify","All For One"],"picked":"Machine Learning","floor":16}],"player_experience":257216,"relics_obtained":[{"floor":14,"key":"WingedGreaves"}],"event_choices":[{"damage_healed":0,"gold_gain":0,"cards_transformed":["ReplayTheSpireMod:Restless Dread"],"player_choice":"Transformed","damage_taken":0,"max_hp_gain":0,"max_hp_loss":0,"event_name":"Transmorgrifier","floor":3,"gold_loss":0,"cards_obtained":["Replay:Hysterical Blindness"]}],"is_beta":false,"boss_relics":[{"not_picked":["Tiny House","Ring of Chaos"],"picked":"SacredBark"}],"items_purged_floors":[13],"is_endless":false,"potions_floor_spawned":[2,11,12,16,18],"killed_by":"2 Thieves","ascension_level":0}}