{"host":"lis3i0kqw0xovaqe","time":1607478463,"event":{"gold_per_floor":[110,110,110,123,87,87,113,113,159,178,211,229,261,261,261,261,261],"floor_reached":16,"playtime":570,"items_purged":[],"score":168,"play_id":"c4dc543f-7b86-4af3-81b6-95544dfb3269","local_time":"20201208204743","is_ascension_mode":false,"campfire_choices":[{"data":"hermit:Snipe","floor":6,"key":"SMITH"},{"data":"hermit:Covet","floor":8,"key":"SMITH"},{"data":"hermit:FlashPowder","floor":15,"key":"SMITH"}],"neow_cost":"NONE","seed_source_timestamp":264089916455200,"circlet_count":0,"master_deck":["hermit:Strike_Hermit","hermit:Strike_Hermit","hermit:Strike_Hermit","hermit:Strike_Hermit","hermit:Defend_Hermit","hermit:Defend_Hermit","hermit:Defend_Hermit","hermit:Defend_Hermit","hermit:Snapshot","hermit:Covet+1","hermit:Snipe+1","Injury","hermit:TrackingShot+1","hermit:HighCaliber+1","hermit:HighCaliber+1","hermit:Roulette+1","hermit:Quickdraw+1","hermit:FlashPowder+1","hermit:SprayPray+1","hermit:WideOpen+1"],"relics":["hermit:Momento","NeowsBlessing","RollingBoulder","Molten Egg 2","hubris:Reverence","DemoMod:PoisonVial","Replay:Accelerometer","halation:Toothbrush"],"potions_floor_usage":[13,16,16],"damage_taken":[{"damage":0,"enemies":"2 Louse","floor":1,"turns":2},{"damage":0,"enemies":"Small Slimes","floor":4,"turns":1},{"damage":0,"enemies":"Gremlin Nob","floor":7,"turns":1},{"damage":0,"enemies":"Cultist","floor":10,"turns":3},{"damage":0,"enemies":"Replay:BlueRogue","floor":11,"turns":4},{"damage":7,"enemies":"Lots of Slimes","floor":12,"turns":3},{"damage":22,"enemies":"3 Sentries","floor":13,"turns":4},{"damage":50,"enemies":"Fading Forest","floor":16,"turns":10}],"seed_played":"-5823262127928943493","potions_obtained":[{"floor":1,"key":"hermit:BlackBile"},{"floor":11,"key":"Weak Potion"},{"floor":12,"key":"Strength Potion"}],"is_trial":false,"path_per_floor":["M","?","?","M","$","R","E","R","T","M","E","M","E","?","R","B"],"character_chosen":"HERMIT","items_purchased":["hermit:HighCaliber+1"],"campfire_rested":0,"item_purchase_floors":[5],"current_hp_per_floor":[75,75,75,75,75,75,75,75,75,75,75,68,46,49,49,0,0],"gold":261,"neow_bonus":"THREE_ENEMY_KILL","is_prod":false,"is_daily":false,"chose_seed":false,"campfire_upgraded":3,"win_rate":0.0,"timestamp":1607478463,"path_taken":["M","?","?","M","$","R","E","R","T","M","E","M","E","?","R","BOSS"],"build_version":"2020-11-30","purchased_purges":0,"victory":false,"max_hp_per_floor":[75,75,75,75,75,75,75,75,75,75,75,75,75,78,78,78,78],"card_choices":[{"not_picked":["hermit:Headshot","hermit:Spite"],"picked":"hermit:Snipe","floor":1},{"not_picked":["hermit:LuckOfTheDraw","hermit:EternalForm"],"picked":"hermit:TrackingShot+1","floor":4},{"not_picked":["hermit:Snipe","hermit:Desperado+1"],"picked":"hermit:Roulette+1","floor":7},{"not_picked":["hermit:DeadMansHand","hermit:Snipe"],"picked":"hermit:Quickdraw+1","floor":10},{"not_picked":["hermit:CalledShot+1","hermit:OverwhelmingPower"],"picked":"hermit:FlashPowder","floor":11},{"not_picked":["hermit:FullyLoaded","hermit:GhostlyPresence"],"picked":"hermit:SprayPray+1","floor":12},{"not_picked":["hermit:LowProfile","hermit:Snipe"],"picked":"hermit:ItchyTrigger+1","floor":13}],"player_experience":727947,"relics_obtained":[{"floor":2,"key":"RollingBoulder"},{"floor":7,"key":"hubris:Reverence"},{"floor":9,"key":"DemoMod:PoisonVial"},{"floor":11,"key":"Replay:Accelerometer"},{"floor":13,"key":"halation:Toothbrush"}],"event_choices":[{"damage_healed":0,"gold_gain":0,"cards_transformed":["hermit:ItchyTrigger"],"player_choice":"Transformed","damage_taken":0,"max_hp_gain":0,"max_hp_loss":0,"event_name":"Transmorgrifier","floor":14,"gold_loss":0,"cards_obtained":["hermit:WideOpen"]}],"is_beta":false,"boss_relics":[],"items_purged_floors":[],"is_endless":false,"potions_floor_spawned":[1,11,12],"killed_by":"Fading Forest","ascension_level":0}}