{"host":"hfvpa4llnnjpeawn","time":1607476465,"event":{"gold_per_floor":[109,122,140,151,171,201,201,201,201,235,248,248,303,317,317,416,416,430,430,430,430,447,495,495,142,142,196,212,212,229,264,264,367,417,447,457,457,54,159,174,200,57,57,57,69,69,69,69,69],"floor_reached":48,"playtime":3946,"items_purged":[],"score":480,"play_id":"15f2a221-f90d-4f4b-9a4f-895b4dac271c","local_time":"20201208201425","is_ascension_mode":false,"campfire_choices":[{"floor":7,"key":"REST"},{"data":"Self Repair","floor":12,"key":"SMITH"},{"data":"ReplayTheSpireMod:Dual Polarity","floor":15,"key":"SMITH"},{"data":"Heatsinks","floor":24,"key":"SMITH"},{"floor":32,"key":"DIG"},{"floor":44,"key":"REST"},{"data":"Fission","floor":46,"key":"SMITH"}],"neow_cost":"TEN_PERCENT_HP_LOSS","seed_source_timestamp":290905024095500,"circlet_count":0,"master_deck":["Zap+1","Dualcast+1","Loop","Seek","ReplayTheSpireMod:Dual Polarity","Leap","Ball Lightning","hubris:PowerSurge","Turbo","Self Repair+1","Time Bomb","Redo","ReplayTheSpireMod:Dual Polarity+1","Consume","ReplayTheSpireMod:??????????????????????","Elementarium:GildedForm","Barrage","Heatsinks+1","Capacitor","expansioncontent:TimeRipple","Thunder Strike","Coolheaded+1","Compile Driver","Static Discharge","Panic Button+1","Tempest","Fission+1","Buffer","White Noise","Reprogram","Ball Lightning","Hello World","Scrape","Capacitor","Electrodynamics","ReplayTheSpireMod:System Scan+1","Madness","Madness","Replay:SS_fish_2","Creative AI","Melter+1","FIFO Queue+1","conspire:SharedLibrary+1","BasicCrystalCard+1","Midas Touch"],"relics":["Cracked Core","DemoMod:PoisonVial","hubris:Towel","infinitespire:CheckeredPen","Strawberry","infinitespire:Freezer","hubris:ScarierMask","hubris:MobiusCoin","Prayer Wheel","ReplayFunnel","Pen Nib","DemoMod:SerJunkan","War Paint","Geode","infinitespire:Bottled Soul","DemoMod:Junk","Pandora\u0027s Box","hubris:Potato","Durian","DemoMod:OrangeGuonStone","Replay:Baseball","Replay:Ringing Soul"],"potions_floor_usage":[6,10,10,16,16,23,27,33,33,40,40],"damage_taken":[{"damage":1,"enemies":"Cultist","floor":1,"turns":3},{"damage":1,"enemies":"conspire:RoseBush","floor":2,"turns":3},{"damage":2,"enemies":"Jaw Worm","floor":3,"turns":4},{"damage":10,"enemies":"Exordium Thugs","floor":4,"turns":4},{"damage":0,"enemies":"2 Fungi Beasts","floor":5,"turns":2},{"damage":29,"enemies":"3 Sentries","floor":6,"turns":7},{"damage":2,"enemies":"Lagavulin","floor":10,"turns":4},{"damage":10,"enemies":"Gremlin Gang","floor":11,"turns":4},{"damage":0,"enemies":"Blue Slaver","floor":14,"turns":3},{"damage":18,"enemies":"Hexaghost","floor":16,"turns":8},{"damage":0,"enemies":"Elementarium:MUD_AND_TAR_GOLEMS","floor":18,"turns":2},{"damage":0,"enemies":"Elementarium:Cyclone","floor":22,"turns":3},{"damage":11,"enemies":"Elementarium:FIRE_NOBILITY","floor":23,"turns":8},{"damage":25,"enemies":"Nightmare","floor":27,"turns":4},{"damage":6,"enemies":"Elementarium:RubyGolem","floor":28,"turns":3},{"damage":10,"enemies":"Elementarium:VoidBeast","floor":30,"turns":3},{"damage":0,"enemies":"Elementarium:FIRE_NOBILITY","floor":31,"turns":3},{"damage":0,"enemies":"Elementarium:PHOENIXES","floor":33,"turns":1},{"damage":11,"enemies":"Orb Walker","floor":35,"turns":3},{"damage":0,"enemies":"3 Darklings","floor":36,"turns":2},{"damage":0,"enemies":"2 Orb Walkers","floor":39,"turns":2},{"damage":1,"enemies":"Spire Growth","floor":40,"turns":4},{"damage":60,"enemies":"Nightmare","floor":41,"turns":9},{"damage":13,"enemies":"Jaw Worm Horde","floor":45,"turns":3},{"damage":53,"enemies":"Reptomancer","floor":48,"turns":3}],"seed_played":"-7048308600453569735","potions_obtained":[{"floor":4,"key":"Languid Potion"},{"floor":5,"key":"GamblersBrew"},{"floor":6,"key":"Weak Potion"},{"floor":10,"key":"Dexterity Potion"},{"floor":11,"key":"Energy Potion"},{"floor":14,"key":"AttackPotion"},{"floor":23,"key":"Death Potion"},{"floor":27,"key":"EssenceOfSteel"},{"floor":31,"key":"Swift Potion"},{"floor":36,"key":"BlessingOfTheForge"},{"floor":39,"key":"PowerPotion"}],"is_trial":false,"path_per_floor":["M","M","M","M","M","E","R","?","T","E","M","R","T","M","R","B",null,"M","?","AVR","?","M","E","R","$","T","NM","M","?","M","E","R","B",null,"M","M","?","$","?","M","NM","$","T","R","M","R","?","E"],"character_chosen":"DEFECT","items_purchased":["Pen Nib","Capacitor","expansioncontent:TimeRipple","Thunder Strike","hubris:Potato","Replay:SS_fish_2","Replay:Baseball"],"campfire_rested":2,"item_purchase_floors":[25,25,25,25,38,38,42],"current_hp_per_floor":[67,66,64,54,54,25,45,45,45,57,47,47,47,57,57,49,75,75,57,57,57,66,65,65,65,65,50,44,29,29,39,39,39,66,55,55,47,47,62,61,19,19,19,40,38,38,41,0,0],"gold":69,"neow_bonus":"TRANSFORM_TWO_CARDS","is_prod":false,"is_daily":false,"chose_seed":false,"campfire_upgraded":4,"win_rate":0.0,"timestamp":1607476465,"path_taken":["M","M","?","M","M","E","R","?","T","E","M","R","?","M","R","BOSS","M","?","AVR","?","M","E","R","$","T","NM","M","?","?","E","R","BOSS","M","M","?","$","?","M","NM","$","T","R","M","R","?","E"],"build_version":"2020-11-30","purchased_purges":0,"victory":false,"max_hp_per_floor":[68,68,68,68,68,68,68,68,68,75,75,75,75,75,75,75,75,75,75,75,66,66,66,66,66,66,66,66,66,66,66,66,66,66,66,66,66,66,71,71,71,71,71,71,74,74,77,77,77],"card_choices":[{"not_picked":["Crystallizer","Redo"],"picked":"ReplayTheSpireMod:Dual Polarity","floor":1},{"not_picked":["conspire:SharedLibrary","Streamline"],"picked":"Leap","floor":2},{"not_picked":["Chaos","BasicCrystalCard"],"picked":"Ball Lightning","floor":3},{"not_picked":["Melter","Steam Power"],"picked":"hubris:PowerSurge","floor":4},{"not_picked":["Rebound","Sweeping Beam"],"picked":"Turbo","floor":5},{"not_picked":["Lockon","Capacitor"],"picked":"Self Repair","floor":6},{"not_picked":["Coolheaded","BasicCrystalCard"],"picked":"Time Bomb","floor":10},{"not_picked":["Beam Cell","Coolheaded"],"picked":"Redo","floor":11},{"not_picked":["Time Bomb","Ball Lightning"],"picked":"ReplayTheSpireMod:Dual Polarity","floor":14},{"not_picked":["ReplayRNGCard","Seek"],"picked":"ReplayTheSpireMod:Fabricate Wheel","floor":16},{"not_picked":["Chill","Barrage"],"picked":"Consume","floor":18},{"not_picked":["hubris:InfiniteBlow","infinitespire:Fortify"],"picked":"ReplayTheSpireMod:??????????????????????","floor":19},{"not_picked":["Compile Driver","BasicCrystalCard"],"picked":"Barrage","floor":22},{"not_picked":["Beam Cell","Darkness"],"picked":"Heatsinks","floor":23},{"not_picked":["Compile Driver","ReplayGash","Crystallizer"],"picked":"SKIP","floor":27},{"not_picked":["Cold Snap+1","Ball Lightning"],"picked":"Coolheaded+1","floor":28},{"not_picked":["Coolheaded","FTL"],"picked":"Compile Driver","floor":28},{"not_picked":["Sweeping Beam+1","Panic Button"],"picked":"Static Discharge","floor":30},{"not_picked":["Stack","Sweeping Beam"],"picked":"Panic Button+1","floor":30},{"not_picked":["Streamline+1","Coolheaded"],"picked":"Tempest","floor":31},{"not_picked":["Seek","Meteor Strike"],"picked":"Fission","floor":33},{"not_picked":["Rebound+1","Barrage+1"],"picked":"Capacitor","floor":35},{"not_picked":["Leap+1","Stack"],"picked":"Electrodynamics","floor":35},{"not_picked":["Hologram","Turbo+1"],"picked":"ReplayTheSpireMod:System Scan+1","floor":36},{"not_picked":["Go for the Eyes","Steam","Turbo"],"picked":"SKIP","floor":36},{"not_picked":["Streamline","Sweeping Beam+1"],"picked":"Creative AI","floor":39},{"not_picked":["Force Field","Cold Snap+1"],"picked":"Melter+1","floor":40},{"not_picked":["hubris:Ukulele+1","Panic Button"],"picked":"FIFO Queue+1","floor":40},{"not_picked":["Compile Driver","Go for the Eyes+1"],"picked":"conspire:SharedLibrary+1","floor":41},{"not_picked":["Loop+1","Defragment"],"picked":"BasicCrystalCard+1","floor":45},{"not_picked":["Scrape","Go for the Eyes+1","Compile Driver"],"picked":"SKIP","floor":45},{"not_picked":["expansioncontent:DefensiveMode","Forethought"],"picked":"Midas Touch","floor":47}],"player_experience":148476,"relics_obtained":[{"floor":6,"key":"DemoMod:PoisonVial"},{"floor":9,"key":"infinitespire:CheckeredPen"},{"floor":10,"key":"Strawberry"},{"floor":13,"key":"infinitespire:Freezer"},{"floor":23,"key":"ReplayFunnel"},{"floor":26,"key":"DemoMod:SerJunkan"},{"floor":27,"key":"War Paint"},{"floor":31,"key":"infinitespire:Bottled Soul"},{"floor":32,"key":"DemoMod:Junk"},{"floor":39,"key":"Durian"},{"floor":41,"key":"DemoMod:OrangeGuonStone"},{"floor":43,"key":"Replay:Ringing Soul"}],"event_choices":[{"damage_healed":0,"gold_gain":0,"player_choice":"Dive in","damage_taken":0,"max_hp_gain":0,"max_hp_loss":9,"event_name":"Elementarium:FountainOfGold","floor":21,"gold_loss":0,"cards_obtained":["Elementarium:GildedForm"]},{"damage_healed":0,"gold_gain":0,"player_choice":"RE ","damage_taken":17,"relics_obtained":["Geode"],"max_hp_gain":0,"max_hp_loss":0,"event_name":"betterSkull:BetterSkull","floor":29,"gold_loss":0,"cards_upgraded":[]},{"damage_healed":0,"gold_gain":0,"player_choice":"Embrace Madness","damage_taken":8,"max_hp_gain":0,"max_hp_loss":0,"event_name":"Winding Halls","floor":37,"gold_loss":0,"cards_obtained":["Madness","Madness"]},{"damage_healed":0,"gold_gain":0,"player_choice":"Fight","damage_taken":0,"max_hp_gain":0,"max_hp_loss":0,"event_name":"Mysterious Sphere","floor":39,"gold_loss":0},{"damage_healed":0,"gold_gain":0,"player_choice":"Memory 1","damage_taken":0,"max_hp_gain":0,"max_hp_loss":0,"event_name":"SensoryStone","floor":47,"gold_loss":0}],"is_beta":false,"boss_relics":[{"not_picked":["hubris:RunicObelisk","Ring of Chaos"],"picked":"hubris:ScarierMask"},{"not_picked":["Kintsugi","Coffee Dripper"],"picked":"Pandora\u0027s Box"}],"items_purged_floors":[],"is_endless":true,"potions_floor_spawned":[4,5,6,10,11,14,23,27,31,36,39],"killed_by":"Reptomancer","ascension_level":0}}