{"host":"7pe9xwx78c6nlay8","time":1607510649,"event":{"gold_per_floor":[118,118,118,128,144,144,169,187,187,64,94,94,94,94,94,190,190,208,208,307,318,29,59,59,133,133,159,159,159,178,203,203,298,298,318,331,15,32,32,66,66,91,117,117,149,167,199,213,213,213],"floor_reached":51,"playtime":3030,"items_purged":["Regret","Parasite"],"score":1199,"play_id":"13e4c3aa-ec0e-49bc-9754-835d0885f705","local_time":"20201209184409","is_ascension_mode":true,"campfire_choices":[{"data":"Eruption","floor":6.0,"key":"SMITH"},{"floor":12.0,"key":"REST"},{"data":"Vigilance","floor":15.0,"key":"SMITH"},{"floor":24.0,"key":"REST"},{"floor":32.0,"key":"REST"},{"data":"Nirvana","floor":41,"key":"SMITH"},{"data":"Wireheading","floor":49,"key":"SMITH"}],"neow_cost":"NONE","seed_source_timestamp":1177550010834000,"circlet_count":0,"master_deck":["Strike_P+1","Strike_P","Strike_P","Defend_P","Defend_P","Defend_P","Eruption+1","Vigilance+1","ThirdEye","FollowUp+1","Sanctity+1","Prostrate+1","ThirdEye+1","CutThroughFate+1","Alpha+1","JustLucky+1","Weave+1","Nirvana+1","ForeignInfluence+1","ThirdEye+1","Necronomicurse","ThirdEye+1","CrushJoints+1","Judgement+1","CutThroughFate+1","WaveOfTheHand+1","DeusExMachina+1","CutThroughFate+1","Wireheading+1","LessonLearned+1","Nirvana","ThirdEye+1","Pain","Mayhem","CutThroughFate+1"],"special_seed":0,"relics":["PureWater","NeowsBlessing","HornCleat","Toxic Egg 2","Ornamental Fan","The Courier","Molten Egg 2","Philosopher\u0027s Stone","Blood Vial","Juzu Bracelet","Oddly Smooth Stone","Kunai","Yang","Incense Burner","Necronomicon","Prayer Wheel","Cursed Key","HandDrill","Bag of Preparation","Eternal Feather","Whetstone","Strawberry","GoldenEye","Nunchaku"],"potions_floor_usage":[46],"damage_taken":[{"damage":0.0,"enemies":"Jaw Worm","floor":1.0,"turns":1.0},{"damage":0.0,"enemies":"Small Slimes","floor":4.0,"turns":1.0},{"damage":0.0,"enemies":"2 Louse","floor":5.0,"turns":1.0},{"damage":36.0,"enemies":"3 Sentries","floor":7.0,"turns":8.0},{"damage":7.0,"enemies":"Large Slime","floor":8.0,"turns":5.0},{"damage":21.0,"enemies":"Lagavulin","floor":11.0,"turns":8.0},{"damage":29.0,"enemies":"Hexaghost","floor":16.0,"turns":10.0},{"damage":2.0,"enemies":"Chosen","floor":18.0,"turns":4.0},{"damage":13.0,"enemies":"Spheric Guardian","floor":21.0,"turns":4.0},{"damage":24.0,"enemies":"Book of Stabbing","floor":23.0,"turns":5.0},{"damage":10.0,"enemies":"Gremlin Leader","floor":27.0,"turns":6.0},{"damage":17.0,"enemies":"Snecko","floor":30.0,"turns":5.0},{"damage":17.0,"enemies":"Book of Stabbing","floor":31.0,"turns":7.0},{"damage":18.0,"enemies":"Automaton","floor":33.0,"turns":9.0},{"damage":14.0,"enemies":"3 Darklings","floor":35.0,"turns":6.0},{"damage":0.0,"enemies":"Orb Walker","floor":36.0,"turns":3.0},{"damage":0.0,"enemies":"3 Darklings","floor":38.0,"turns":4.0},{"damage":30,"enemies":"Nemesis","floor":40,"turns":7},{"damage":11,"enemies":"Giant Head","floor":42,"turns":8},{"damage":8,"enemies":"Reptomancer","floor":45,"turns":8},{"damage":0,"enemies":"Jaw Worm Horde","floor":46,"turns":3},{"damage":1,"enemies":"Nemesis","floor":47,"turns":7},{"damage":0,"enemies":"Transient","floor":48,"turns":5},{"damage":0,"enemies":"Donu and Deca","floor":50,"turns":6}],"seed_played":"-4623441492296877300","potions_obtained":[{"floor":5.0,"key":"Block Potion"},{"floor":8.0,"key":"CultistPotion"},{"floor":11.0,"key":"BlessingOfTheForge"},{"floor":18.0,"key":"AttackPotion"},{"floor":30.0,"key":"CultistPotion"},{"floor":40,"key":"GamblersBrew"},{"floor":45,"key":"Swift Potion"},{"floor":46,"key":"LiquidMemories"},{"floor":47,"key":"SkillPotion"}],"is_trial":false,"path_per_floor":["M","?","?","M","M","R","E","M","T","$","E","R","?","T","R","B",null,"M","?","?","M","$","E","R","T","T","E","?","?","M","E","R","B",null,"M","M","$","M","?","E","R","E","T","?","E","M","E","M","R","B",null],"character_chosen":"WATCHER","items_purchased":["ThirdEye+1","Nirvana","Blood Vial","Juzu Bracelet","HandDrill","Bag of Preparation"],"campfire_rested":3,"item_purchase_floors":[10,22,22,22,37,37],"current_hp_per_floor":[72,72,72,72,72,72,36,29,29,29,8,29,47,47,47,18,59,57,57,57,44,44,22,43,43,43,35,59,43,28,13,34,18,59,47,49,49,51,51,23,41,32,39,39,33,35,36,38,59,61],"gold":213,"neow_bonus":"THREE_ENEMY_KILL","is_prod":false,"is_daily":false,"chose_seed":false,"campfire_upgraded":4,"win_rate":0,"timestamp":1607510649,"path_taken":["M","?","?","M","M","R","E","M","T","?","E","R","?","?","R","BOSS","M","?","?","M","$","E","R","?","T","E","?","?","M","E","R","BOSS","M","M","$","M","?","E","R","E","T","?","E","M","E","M","R","BOSS"],"build_version":"2020-11-30","purchased_purges":2,"victory":true,"max_hp_per_floor":[72,72,72,72,72,72,72,72,72,72,72,72,72,72,72,72,72,72,72,72,72,72,72,72,72,72,72,72,72,72,72,72,72,72,72,72,69,69,69,69,69,69,76,76,76,76,76,76,76,76],"card_choices":[{"not_picked":["FollowUp","CarveReality"],"picked":"ThirdEye","floor":1.0},{"not_picked":["SashWhip","BowlingBash","Protect"],"picked":"SKIP","floor":4.0},{"not_picked":["Protect","Scrawl","FlyingSleeves"],"picked":"SKIP","floor":5.0},{"not_picked":["InnerPeace+1","Consecrate"],"picked":"Sanctity+1","floor":7.0},{"not_picked":["WindmillStrike","EmptyFist"],"picked":"Prostrate+1","floor":8.0},{"not_picked":["Fasting2","Evaluate+1"],"picked":"CutThroughFate","floor":11.0},{"not_picked":["DeusExMachina+1","Establishment"],"picked":"Alpha+1","floor":16.0},{"not_picked":["Sanctity+1","Meditate+1"],"picked":"JustLucky+1","floor":18.0},{"not_picked":["ForeignInfluence+1","CutThroughFate+1"],"picked":"Weave+1","floor":21.0},{"not_picked":["EmptyBody+1","FlyingSleeves+1"],"picked":"ForeignInfluence+1","floor":23.0},{"not_picked":["CrushJoints+1","ForeignInfluence+1"],"picked":"ThirdEye+1","floor":27.0},{"not_picked":["Fasting2","DeceiveReality+1"],"picked":"ThirdEye+1","floor":30.0},{"not_picked":["WreathOfFlame+1","Meditate+1"],"picked":"CrushJoints+1","floor":31.0},{"not_picked":["Wish+1","Scrawl+1"],"picked":"Judgement+1","floor":33.0},{"not_picked":["ClearTheMind+1","Consecrate+1"],"picked":"CutThroughFate+1","floor":35.0},{"not_picked":["Fasting2","Halt+1","EmptyFist+1"],"picked":"SKIP","floor":35.0},{"not_picked":["ClearTheMind+1","Swivel+1"],"picked":"WaveOfTheHand+1","floor":36.0},{"not_picked":["Protect+1","FlurryOfBlows+1","WindmillStrike+1"],"picked":"SKIP","floor":36.0},{"not_picked":["CarveReality+1","CrushJoints+1"],"picked":"DeusExMachina+1","floor":38.0},{"not_picked":["EmptyFist+1","Protect+1"],"picked":"CutThroughFate+1","floor":38.0},{"not_picked":["Consecrate+1","Prostrate+1"],"picked":"Nirvana","floor":40},{"not_picked":["CutThroughFate+1","Wireheading"],"picked":"ThirdEye+1","floor":42},{"not_picked":["Dramatic Entrance+1","Bandage Up+1"],"picked":"Mayhem","floor":44},{"not_picked":["EmptyFist+1","BowlingBash+1","ClearTheMind+1"],"picked":"SKIP","floor":45},{"not_picked":["FollowUp+1","Tantrum+1","EmptyFist+1"],"picked":"SKIP","floor":46},{"not_picked":["Wireheading","Halt+1","EmptyMind+1"],"picked":"SKIP","floor":46},{"not_picked":["FlyingSleeves+1","Wish+1","FollowUp+1"],"picked":"SKIP","floor":47},{"not_picked":["Protect+1","EmptyFist+1"],"picked":"CutThroughFate+1","floor":48},{"not_picked":["ForeignInfluence+1","PathToVictory+1","Halt+1"],"picked":"SKIP","floor":48}],"player_experience":1469940,"relics_obtained":[{"floor":7.0,"key":"Toxic Egg 2"},{"floor":9.0,"key":"Ornamental Fan"},{"floor":11.0,"key":"The Courier"},{"floor":14.0,"key":"Molten Egg 2"},{"floor":23.0,"key":"Oddly Smooth Stone"},{"floor":25.0,"key":"Kunai"},{"floor":26.0,"key":"Yang"},{"floor":27.0,"key":"Incense Burner"},{"floor":29.0,"key":"Necronomicon"},{"floor":31.0,"key":"Prayer Wheel"},{"floor":40,"key":"Eternal Feather"},{"floor":42,"key":"Whetstone"},{"floor":43,"key":"Strawberry"},{"floor":45,"key":"GoldenEye"},{"floor":47,"key":"Nunchaku"}],"event_choices":[{"damage_healed":0.0,"max_hp_gain":0.0,"max_hp_loss":0.0,"gold_gain":0.0,"cards_transformed":["Defend_P"],"event_name":"Living Wall","player_choice":"Change","floor":2.0,"gold_loss":0.0,"damage_taken":0.0,"cards_obtained":["FollowUp"]},{"damage_healed":0.0,"max_hp_gain":0.0,"max_hp_loss":0.0,"gold_gain":0.0,"event_name":"Big Fish","player_choice":"Box","floor":3.0,"gold_loss":0.0,"damage_taken":0.0,"relics_obtained":["HornCleat"],"cards_obtained":["Regret"]},{"damage_healed":18.0,"max_hp_gain":0.0,"max_hp_loss":0.0,"gold_gain":0.0,"event_name":"Mushrooms","player_choice":"Healed and dodged fight","floor":13.0,"gold_loss":0.0,"damage_taken":0.0,"cards_obtained":["Parasite"]},{"cards_removed":["Strike_P"],"damage_healed":0.0,"max_hp_gain":0.0,"max_hp_loss":0.0,"gold_gain":0.0,"event_name":"Back to Basics","player_choice":"Elegance","floor":19.0,"gold_loss":0.0,"damage_taken":0.0},{"damage_healed":0.0,"max_hp_gain":0.0,"max_hp_loss":0.0,"gold_gain":99.0,"event_name":"Nest","player_choice":"Stole From Cult","floor":20.0,"gold_loss":0.0,"damage_taken":0.0},{"damage_healed":24.0,"max_hp_gain":0.0,"max_hp_loss":0.0,"gold_gain":0.0,"event_name":"The Library","player_choice":"Heal","floor":28.0,"gold_loss":0.0,"damage_taken":0.0},{"damage_healed":0.0,"max_hp_gain":0.0,"max_hp_loss":0.0,"gold_gain":0.0,"event_name":"Cursed Tome","player_choice":"Obtained Book","floor":29.0,"gold_loss":0.0,"damage_taken":16.0},{"damage_healed":0,"gold_gain":0,"player_choice":"2 cards matched","damage_taken":0,"max_hp_gain":0,"max_hp_loss":0,"event_name":"Match and Keep!","floor":39,"gold_loss":0,"cards_obtained":["Wireheading","LessonLearned"]},{"damage_healed":0,"gold_gain":0,"player_choice":"Memory 1","damage_taken":0,"max_hp_gain":0,"max_hp_loss":0,"event_name":"SensoryStone","floor":44,"gold_loss":0}],"is_beta":false,"boss_relics":[{"not_picked":["Runic Dome","Busted Crown"],"picked":"Philosopher\u0027s Stone"},{"not_picked":["Velvet Choker","VioletLotus"],"picked":"Cursed Key"}],"items_purged_floors":[10,37],"is_endless":false,"potions_floor_spawned":[5,8,11,18,30,40,45,46,47],"ascension_level":5}}