{"host":"csxyw8kq0by31otn","time":1607500647,"event":{"gold_per_floor":[111,129,129,141,213,213,34,209,232,257,285,297,319,331,343,454,466,494,45,59,69,84,84,84,84,84,94,107,107,122,138,138,138,138],"floor_reached":33,"playtime":927,"items_purged":[],"score":251,"play_id":"a5f4f1cb-0e36-42b8-bfed-ff1021c1aa13","local_time":"20201209165727","is_ascension_mode":false,"campfire_choices":[{"data":"Thunderclap","floor":6,"key":"SMITH"},{"floor":12,"key":"REST"},{"data":"Spot Weakness","floor":15,"key":"SMITH"},{"floor":23,"key":"REST"},{"floor":25,"key":"REST"},{"floor":29,"key":"REST"},{"floor":32,"key":"REST"}],"neow_cost":"NONE","seed_source_timestamp":20337006654100,"circlet_count":0,"master_deck":["Strike_R","Strike_R+1","Strike_R","Strike_R","Strike_R","Defend_R","Defend_R","Defend_R","Defend_R","Bash+1","Shrug It Off","Heavy Blade","Thunderclap+1","True Grit","Spot Weakness+1","Metallicize","Headbutt","Offering","Inflame","Armaments","Heavy Blade","Twin Strike","Decay","Flex","Twin Strike+1","Clothesline","Shrug It Off"],"relics":["Burning Blood","NeowsBlessing","WarpedTongs","Medical Kit","Lantern","MawBank","Philosopher\u0027s Stone","Sling","Whetstone","Toy Ornithopter","The Courier"],"potions_floor_usage":[16,18,20,22,22,30,33,33],"damage_taken":[{"damage":0,"enemies":"Cultist","floor":1,"turns":1},{"damage":0,"enemies":"Jaw Worm","floor":2,"turns":1},{"damage":0,"enemies":"2 Louse","floor":4,"turns":1},{"damage":23,"enemies":"Gremlin Nob","floor":10,"turns":4},{"damage":6,"enemies":"Lots of Slimes","floor":11,"turns":4},{"damage":3,"enemies":"3 Louse","floor":13,"turns":4},{"damage":31,"enemies":"Slime Boss","floor":16,"turns":12},{"damage":38,"enemies":"2 Thieves","floor":18,"turns":4},{"damage":33,"enemies":"3 Byrds","floor":20,"turns":4},{"damage":21,"enemies":"Centurion and Healer","floor":21,"turns":4},{"damage":16,"enemies":"Sentry and Sphere","floor":22,"turns":5},{"damage":37,"enemies":"Snake Plant","floor":27,"turns":5},{"damage":26,"enemies":"Cultist and Chosen","floor":28,"turns":4},{"damage":11,"enemies":"Chosen and Byrds","floor":30,"turns":4},{"damage":27,"enemies":"Centurion and Healer","floor":31,"turns":6},{"damage":74,"enemies":"Automaton","floor":33,"turns":6}],"seed_played":"2898920754465745296","potions_obtained":[{"floor":1,"key":"Regen Potion"},{"floor":2,"key":"GamblersBrew"},{"floor":11,"key":"Fire Potion"},{"floor":16,"key":"Dexterity Potion"},{"floor":20,"key":"Dexterity Potion"},{"floor":27,"key":"ElixirPotion"},{"floor":28,"key":"PowerPotion"},{"floor":31,"key":"Energy Potion"}],"is_trial":false,"path_per_floor":["M","M","?","M","?","R","$","?","T","E","M","R","M","?","R","B",null,"M","$","M","M","M","R","?","R","T","M","M","R","M","M","R","B"],"character_chosen":"IRONCLAD","items_purchased":["Medical Kit","True Grit","Sling","Whetstone","Toy Ornithopter","Armaments"],"campfire_rested":5,"item_purchase_floors":[7,7,19,19,19,19],"current_hp_per_floor":[80,80,80,80,80,80,80,80,80,63,63,80,80,80,80,55,80,57,57,35,20,20,44,44,68,68,37,17,41,41,20,44,0,0],"gold":138,"neow_bonus":"THREE_ENEMY_KILL","is_prod":false,"is_daily":false,"chose_seed":false,"campfire_upgraded":2,"win_rate":0,"timestamp":1607500647,"path_taken":["M","M","?","?","?","R","$","?","T","E","M","R","M","?","R","BOSS","M","$","M","?","M","R","?","R","T","M","M","R","M","M","R","BOSS"],"build_version":"2020-11-30","purchased_purges":0,"victory":false,"max_hp_per_floor":[80,80,80,80,80,80,80,80,80,80,80,80,80,80,80,80,80,80,80,80,80,80,80,80,80,80,80,80,80,80,80,80,80,80],"card_choices":[{"not_picked":["Blood for Blood","Rage"],"picked":"Shrug It Off","floor":1},{"not_picked":["Shrug It Off","True Grit"],"picked":"Heavy Blade","floor":2},{"not_picked":["Sword Boomerang","Clothesline"],"picked":"Thunderclap","floor":4},{"not_picked":["Anger","Uppercut"],"picked":"Spot Weakness","floor":10},{"not_picked":["Rage","Feel No Pain"],"picked":"Metallicize","floor":11},{"not_picked":["Shockwave","Fire Breathing"],"picked":"Headbutt","floor":13},{"not_picked":["Exhume","Fiend Fire"],"picked":"Offering","floor":16},{"not_picked":["Feel No Pain","Shrug It Off"],"picked":"Inflame","floor":18},{"not_picked":["True Grit","Perfected Strike"],"picked":"Heavy Blade","floor":20},{"not_picked":["Seeing Red","Entrench","Anger"],"picked":"SKIP","floor":21},{"not_picked":["Pommel Strike","Headbutt+1"],"picked":"Twin Strike","floor":22},{"not_picked":["Corruption","Twin Strike+1"],"picked":"Flex","floor":27},{"not_picked":["Thunderclap","Headbutt"],"picked":"Twin Strike+1","floor":28},{"not_picked":["Warcry","Feel No Pain"],"picked":"Clothesline","floor":30},{"not_picked":["Thunderclap+1","Twin Strike"],"picked":"Shrug It Off","floor":31}],"player_experience":167849,"relics_obtained":[{"floor":9,"key":"Lantern"},{"floor":10,"key":"MawBank"},{"floor":26,"key":"The Courier"}],"event_choices":[{"damage_healed":0,"gold_gain":0,"player_choice":"Rummage","damage_taken":0,"relics_obtained":["WarpedTongs"],"max_hp_gain":0,"max_hp_loss":0,"event_name":"Accursed Blacksmith","floor":3,"gold_loss":0,"cards_obtained":["Pain"]},{"damage_healed":0,"gold_gain":72,"player_choice":"Gained Gold","damage_taken":0,"max_hp_gain":0,"max_hp_loss":0,"event_name":"Golden Wing","floor":5,"gold_loss":0},{"damage_healed":0,"gold_gain":175,"player_choice":"AGREE","damage_taken":0,"max_hp_gain":0,"max_hp_loss":0,"event_name":"Liars Game","floor":8,"gold_loss":0,"cards_obtained":["Doubt"]},{"cards_removed":["Doubt","Pain"],"damage_healed":0,"gold_gain":0,"player_choice":"Removed Curses","damage_taken":0,"max_hp_gain":0,"max_hp_loss":0,"event_name":"Fountain of Cleansing","floor":14,"gold_loss":0},{"damage_healed":0,"gold_gain":0,"player_choice":"Cursed","damage_taken":0,"max_hp_gain":0,"max_hp_loss":0,"event_name":"Wheel of Change","floor":24,"gold_loss":0,"cards_obtained":["Decay"]}],"is_beta":false,"boss_relics":[{"not_picked":["Runic Cube","Tiny House"],"picked":"Philosopher\u0027s Stone"}],"items_purged_floors":[],"is_endless":false,"potions_floor_spawned":[1,2,11,16,20,27,28,31],"killed_by":"Automaton","ascension_level":0}}