{"host":"07ljfmttuzqopd7f","time":1607503260,"event":{"gold_per_floor":[18,18,36,94,26,69,69,94,118,159,172,222,222,1,1,131,131,147,72,72,92,92,131,146,146,146,179,197,197,197,107,107,208,208,219,244,244,244,65,65,65,65,65,94,15,35,52,52,52,52,52],"floor_reached":50,"playtime":2270,"items_purged":["TheCursedMod:Defend_TheCursed","TheCursedMod:EmpowerCircles"],"score":563,"play_id":"c7042d5a-364a-4965-827c-4e108e3ec6a1","local_time":"20201209034100","is_ascension_mode":true,"campfire_choices":[{"data":"TheCursedMod:ManaBullet","floor":7.0,"key":"SMITH"},{"data":"TheCursedMod:CursedBlade","floor":15.0,"key":"SMITH"},{"floor":25.0,"key":"REST"},{"floor":29.0,"key":"REST"},{"data":"TheCursedMod:BloodBarrier","floor":32.0,"key":"SMITH"},{"data":"TheCursedMod:DemonSword","floor":40,"key":"SMITH"},{"data":"TheCursedMod:AbyssShockwave","floor":42,"key":"SMITH"},{"data":"TheCursedMod:CursedStaff","floor":49,"key":"SMITH"}],"neow_cost":"NO_GOLD","seed_source_timestamp":0,"circlet_count":0,"master_deck":["TheCursedMod:CursedWand","TheCursedMod:CleanUpWorkshop","TheCursedMod:Dregs","TheCursedMod:CursedStaff+1","TheCursedMod:ManaBullet+1","TheCursedMod:Obscuration","TheCursedMod:CursedBlade+1","TheCursedMod:AbyssShockwave+1","TheCursedMod:HellfireBreathing","TheCursedMod:SmokeScreen","TheCursedMod:BloodBarrier+1","TheCursedMod:CircleOfBlood","TheCursedMod:AshesToAshes","TheCursedMod:DemonSword+1","TheCursedMod:FleshFromBone","TheCursedMod:SoulReap"],"special_seed":0,"relics":["TheCursedMod:BlackMagic101","Bloody Idol","Tiny Chest","Nunchaku","Omamori","Centennial Puzzle","Lantern","Vajra","Runic Pyramid","Mummified Hand","Lizard Tail","StoneCalendar","InkBottle","Pandora\u0027s Box","Bag of Preparation","Bag of Marbles"],"potions_floor_usage":[],"damage_taken":[{"damage":0.0,"enemies":"Jaw Worm","floor":1.0,"turns":2.0},{"damage":0.0,"enemies":"Small Slimes","floor":3.0,"turns":2.0},{"damage":4.0,"enemies":"3 Sentries","floor":6.0,"turns":6.0},{"damage":0.0,"enemies":"Cultist","floor":8.0,"turns":2.0},{"damage":8.0,"enemies":"Lagavulin","floor":10.0,"turns":5.0},{"damage":7.0,"enemies":"Exordium Wildlife","floor":11.0,"turns":3.0},{"damage":32.0,"enemies":"Hexaghost","floor":16.0,"turns":8.0},{"damage":8.0,"enemies":"2 Thieves","floor":18.0,"turns":4.0},{"damage":10.0,"enemies":"Shell Parasite","floor":21.0,"turns":4.0},{"damage":6.0,"enemies":"Slavers","floor":23.0,"turns":4.0},{"damage":22.0,"enemies":"Shelled Parasite and Fungi","floor":24.0,"turns":5.0},{"damage":18.0,"enemies":"Gremlin Leader","floor":27.0,"turns":7.0},{"damage":23.0,"enemies":"Snake Plant","floor":28.0,"turns":4.0},{"damage":48.0,"enemies":"Champ","floor":33.0,"turns":12.0},{"damage":18,"enemies":"3 Darklings","floor":35,"turns":4},{"damage":22,"enemies":"Reptomancer","floor":44,"turns":7},{"damage":25,"enemies":"Orb Walker","floor":46,"turns":4},{"damage":38,"enemies":"Maw","floor":47,"turns":7},{"damage":127,"enemies":"Donu and Deca","floor":50,"turns":9}],"seed_played":"4265192737463437026","potions_obtained":[{"floor":10.0,"key":"Dexterity Potion"},{"floor":11.0,"key":"LiquidBronze"},{"floor":16.0,"key":"SteroidPotion"},{"floor":28.0,"key":"Regen Potion"}],"is_trial":false,"path_per_floor":["M","?","M","?","?","E","R","M","T","E","M","T","?","$","R","B",null,"M","$","T","M","?","E","M","R","T","E","M","R","?","?","R","B",null,"M","T","?","?","$","R","$","R","T","E","$","M","M","?","R","B"],"character_chosen":"THE_CURSED","items_purchased":["TheCursedMod:HellfireBreathing","Vajra","TheCursedMod:DemonSword","TheCursedMod:SoulReap"],"campfire_rested":2,"item_purchase_floors":[14,14,39,45],"current_hp_per_floor":[75,69,69,69,69,65,65,65,65,57,50,50,50,50,50,18,69,61,61,61,51,51,53,35,55,55,41,22,42,42,42,42,20,69,56,61,61,61,61,61,61,61,61,48,48,37,21,69,69,0,0],"gold":52,"neow_bonus":"TRANSFORM_TWO_CARDS","is_prod":false,"is_daily":false,"chose_seed":false,"campfire_upgraded":6,"win_rate":0,"timestamp":1607503260,"path_taken":["M","?","M","?","?","E","R","?","T","E","M","?","?","$","R","BOSS","M","$","?","M","?","E","M","R","T","E","M","R","?","?","R","BOSS","M","?","?","?","$","R","$","R","T","E","$","M","M","?","R","BOSS"],"build_version":"2020-11-30","purchased_purges":2,"victory":false,"max_hp_per_floor":[75,69,69,69,69,69,69,69,69,69,69,69,69,69,69,69,69,69,69,69,69,69,69,69,69,69,69,69,69,69,69,69,69,69,69,69,69,69,69,69,69,69,69,69,69,69,69,69,69,69,69],"relic_stats":{"Nunchaku":[16],"Centennial Puzzle":[42],"Lizard Tail":34,"counters":[19,98],"Mummified Hand":[13],"Bloody Idol":30,"Tiny Chest":2,"StoneCalendar":[145],"Pandora\u0027s Box":["TheCursedMod:EmpowerCircles","TheCursedMod:AshesToAshes","TheCursedMod:EmpowerCircles"],"Bag of Preparation":[8],"obtain_stats":[{"TheCursedMod:BlackMagic101":0,"Lantern":12,"Golden Idol":2,"Vajra":14,"StoneCalendar":26,"Omamori":9,"Bag of Preparation":36,"Nunchaku":6,"Centennial Puzzle":10,"Lizard Tail":23,"Mummified Hand":20,"Bloody Idol":30,"Tiny Chest":5,"Pandora\u0027s Box":34,"Bag of Marbles":44,"InkBottle":27,"Runic Pyramid":17},{"TheCursedMod:BlackMagic101":0,"Lantern":6,"Golden Idol":1,"Vajra":6,"StoneCalendar":11,"Omamori":4,"Bag of Preparation":15,"Nunchaku":3,"Centennial Puzzle":5,"Lizard Tail":10,"Mummified Hand":8,"Bloody Idol":13,"Tiny Chest":2,"Pandora\u0027s Box":14,"Bag of Marbles":16,"InkBottle":12,"Runic Pyramid":7},{"TheCursedMod:BlackMagic101":0,"Lantern":20,"Golden Idol":2,"Vajra":20,"StoneCalendar":44,"Omamori":12,"Bag of Preparation":71,"Nunchaku":10,"Centennial Puzzle":17,"Lizard Tail":39,"Mummified Hand":31,"Bloody Idol":55,"Tiny Chest":4,"Pandora\u0027s Box":67,"Bag of Marbles":78,"InkBottle":51,"Runic Pyramid":27}],"InkBottle":[13]},"card_choices":[{"not_picked":["TheCursedMod:Stigma","TheCursedMod:TacticalStrike"],"picked":"TheCursedMod:Obscuration","floor":1.0},{"not_picked":["TheCursedMod:Torture","TheCursedMod:TacticalStrike"],"picked":"TheCursedMod:CursedBlade","floor":3.0},{"not_picked":["TheCursedMod:Stigma","TheCursedMod:SpreadPlague","TheCursedMod:Mangle"],"picked":"SKIP","floor":6.0},{"not_picked":["TheCursedMod:Torture","TheCursedMod:Stretching"],"picked":"TheCursedMod:AbyssShockwave","floor":8.0},{"not_picked":["TheCursedMod:ReleasedKnowledge","TheCursedMod:PrepareRite","TheCursedMod:Wield"],"picked":"SKIP","floor":10.0},{"not_picked":["TheCursedMod:CursedStaff","TheCursedMod:Stretching","TheCursedMod:CircleOfCorruption"],"picked":"SKIP","floor":11.0},{"not_picked":["TheCursedMod:DoubleShield","TheCursedMod:Torture"],"picked":"TheCursedMod:SmokeScreen","floor":18.0},{"not_picked":["TheCursedMod:SurpriseAttack","TheCursedMod:SaltUponWound"],"picked":"TheCursedMod:BloodBarrier","floor":21.0},{"not_picked":["TheCursedMod:SpitefulPlan","TheCursedMod:CircleOfFlame","TheCursedMod:Stretching"],"picked":"SKIP","floor":23.0},{"not_picked":["TheCursedMod:CursedBlade","TheCursedMod:CircleOfBlood","TheCursedMod:CursedAmulet+1"],"picked":"SKIP","floor":24.0},{"not_picked":["TheCursedMod:Evocation","TheCursedMod:TacticalStrike","TheCursedMod:VitalStrike"],"picked":"SKIP","floor":27.0},{"not_picked":["TheCursedMod:UltimatePain","TheCursedMod:VitalStrike","TheCursedMod:Mangle"],"picked":"SKIP","floor":28.0},{"not_picked":["TheCursedMod:Stigma","TheCursedMod:WearCloak+1","TheCursedMod:AshesToAshes"],"picked":"SKIP","floor":35},{"not_picked":["TheCursedMod:CollectTribute","TheCursedMod:CursedMace"],"picked":"TheCursedMod:FleshFromBone","floor":44},{"not_picked":["TheCursedMod:TroublousMinions","TheCursedMod:SurpriseAttack","TheCursedMod:SmokeScreen"],"picked":"SKIP","floor":46},{"not_picked":["TheCursedMod:CircleOfAmplification","TheCursedMod:PrepareRite+1","TheCursedMod:FleshFromBone+1"],"picked":"SKIP","floor":47}],"player_experience":364026,"relics_obtained":[{"floor":6.0,"key":"Nunchaku"},{"floor":9.0,"key":"Omamori"},{"floor":10.0,"key":"Centennial Puzzle"},{"floor":12.0,"key":"Lantern"},{"floor":20.0,"key":"Mummified Hand"},{"floor":23.0,"key":"Lizard Tail"},{"floor":26.0,"key":"StoneCalendar"},{"floor":27.0,"key":"InkBottle"},{"floor":36,"key":"Bag of Preparation"},{"floor":44,"key":"Bag of Marbles"}],"event_choices":[{"damage_healed":0.0,"max_hp_gain":0.0,"max_hp_loss":6.0,"gold_gain":0.0,"event_name":"Golden Idol","player_choice":"Lose Max HP","floor":2.0,"gold_loss":0.0,"damage_taken":0.0,"relics_obtained":["Golden Idol"]},{"damage_healed":0.0,"max_hp_gain":0.0,"max_hp_loss":0.0,"gold_gain":58.0,"event_name":"Golden Wing","player_choice":"Gained Gold","floor":4.0,"gold_loss":0.0,"damage_taken":0.0},{"damage_healed":0.0,"max_hp_gain":0.0,"max_hp_loss":0.0,"gold_gain":0.0,"event_name":"WeMeetAgain","player_choice":"Paid Gold","floor":5.0,"gold_loss":68.0,"damage_taken":0.0,"relics_obtained":["Tiny Chest"]},{"cards_removed":["TheCursedMod:Strike_TheCursed"],"damage_healed":0.0,"max_hp_gain":0.0,"max_hp_loss":0.0,"gold_gain":0.0,"event_name":"Purifier","player_choice":"Purged","floor":13.0,"gold_loss":0.0,"damage_taken":0.0},{"damage_healed":0.0,"max_hp_gain":0.0,"max_hp_loss":0.0,"gold_gain":0.0,"event_name":"The Library","player_choice":"Read","floor":22.0,"gold_loss":0.0,"damage_taken":0.0,"cards_obtained":["TheCursedMod:CircleOfBlood"]},{"damage_healed":0.0,"max_hp_gain":0.0,"max_hp_loss":0.0,"gold_gain":0.0,"event_name":"Forgotten Altar","player_choice":"Gave Idol","floor":30.0,"relics_lost":["Golden Idol"],"gold_loss":0.0,"damage_taken":0.0,"relics_obtained":["Bloody Idol"]},{"cards_removed":["TheCursedMod:Defend_TheCursed"],"damage_healed":0.0,"max_hp_gain":0.0,"max_hp_loss":0.0,"gold_gain":0.0,"event_name":"Designer","player_choice":"Upgrade and Remove","floor":31.0,"gold_loss":90.0,"damage_taken":0.0,"cards_upgraded":["TheCursedMod:Strike_TheCursed"]},{"cards_removed":["TheCursedMod:EmpowerCircles"],"damage_healed":0,"gold_gain":0,"player_choice":"Removed Power","damage_taken":0,"max_hp_gain":0,"max_hp_loss":0,"event_name":"Falling","floor":37,"gold_loss":0},{"damage_healed":0,"gold_gain":0,"player_choice":"Memory 1","damage_taken":0,"max_hp_gain":0,"max_hp_loss":0,"event_name":"SensoryStone","floor":38,"gold_loss":0},{"damage_healed":48,"gold_gain":0,"player_choice":"Heal","damage_taken":0,"max_hp_gain":0,"max_hp_loss":0,"event_name":"MindBloom","floor":48,"gold_loss":0,"cards_obtained":["Doubt"]}],"is_beta":false,"boss_relics":[{"not_picked":["Astrolabe","SacredBark"],"picked":"Runic Pyramid"},{"not_picked":["Snecko Eye","SlaversCollar"],"picked":"Pandora\u0027s Box"}],"items_purged_floors":[19,39],"is_endless":false,"potions_floor_spawned":[10,11,16,18,27,28],"killed_by":"Donu and Deca","ascension_level":2}}