{"host":"s3g5dmvfnpdztvul","time":1607557016,"event":{"gold_per_floor":[116,136,411,429,442,442,477,25,51,51,51,119,119,128,128,303,253,305,367,8,54,54],"floor_reached":21,"playtime":1449,"items_purged":[],"score":223,"play_id":"79cafd01-8e21-4a0e-a990-83175f7b0e4c","local_time":"20201209183656","is_ascension_mode":true,"campfire_choices":[{"floor":6.0,"key":"REST"},{"data":"alterego_mod:BrynhildrsRune","floor":13.0,"key":"SMITH"},{"floor":15.0,"key":"REST"}],"neow_cost":"NONE","seed_source_timestamp":0,"circlet_count":0,"master_deck":["alterego_mod:Strike","alterego_mod:Strike","alterego_mod:Strike","alterego_mod:Strike","alterego_mod:Defend","alterego_mod:Defend","alterego_mod:Defend","alterego_mod:Defend","alterego_mod:Impale","alterego_mod:BigMeatyClaws","alterego_mod:BrynhildrsRune+1","alterego_mod:SakuraFive","alterego_mod:1TonWallop","Regret","alterego_mod:DeftHands","alterego_mod:BiFurious","alterego_mod:Maid","alterego_mod:SakuraFive","alterego_mod:Punishment","Slimebound:Icky","Voices","ReplayTheSpireMod:Echoes of Time","alterego_mod:BiFurious","alterego_mod:DeftHands","alterego_mod:Strike","alterego_mod:Bounce","alterego_mod:BusterCard","alterego_mod:Maid","alterego_mod:Jiggle"],"special_seed":0,"relics":["aspiration:Nostalgia","zeldaRelics:GreenHat","conspire:TopHat","hubris:MedicalManual","Replay:Bandana","Smiling Mask","energizedSpire:HugeHouse","infinitespire:Beetle Shell","vexMod:TimeEaterHat"],"potions_floor_usage":[21,21],"damage_taken":[{"damage":10.0,"enemies":"Cultist","floor":1.0,"turns":4.0},{"damage":6.0,"enemies":"2 Louse","floor":2.0,"turns":3.0},{"damage":11.0,"enemies":"Small Slimes","floor":4.0,"turns":5.0},{"damage":11.0,"enemies":"Blue Slaver","floor":5.0,"turns":6.0},{"damage":18.0,"enemies":"Replay:BlueRogue","floor":7.0,"turns":4.0},{"damage":13.0,"enemies":"3 Sentries","floor":12.0,"turns":4.0},{"damage":45.0,"enemies":"Gremlin Gang","floor":14.0,"turns":7.0},{"damage":70.0,"enemies":"Slime Boss","floor":16.0,"turns":7.0},{"damage":34,"enemies":"2 Thieves","floor":18,"turns":3},{"damage":11,"enemies":"Spheric Guardian","floor":19,"turns":3},{"damage":53,"enemies":"Snake Plant","floor":21,"turns":4}],"seed_played":"-367301897809913392","potions_obtained":[{"floor":2.0,"key":"ColorlessPotion"},{"floor":4.0,"key":"ColorlessPotion"},{"floor":7.0,"key":"Block Potion"},{"floor":14.0,"key":"Energy Potion"},{"floor":19,"key":"EntropicBrew"}],"is_trial":false,"path_per_floor":["M","M","?","M","M","R","E","$","T","?","?","E","R","M","R","B",null,"M","M","$","M"],"character_chosen":"The_Alterego","items_purchased":["hubris:MedicalManual","alterego_mod:SakuraFive","alterego_mod:Punishment","infinitespire:Beetle Shell","vexMod:TimeEaterHat","alterego_mod:Jiggle"],"campfire_rested":2,"item_purchase_floors":[8,8,8,20,20,20],"current_hp_per_floor":[69,65,66,64,62,80,64,65,66,76,77,87,88,51,79,10,88,55,45,46,0,0],"gold":54,"neow_bonus":"NOSTALGIA","is_prod":false,"is_daily":false,"chose_seed":false,"campfire_upgraded":1,"win_rate":0,"timestamp":1607557016,"path_taken":["M","?","?","M","?","R","E","$","T","?","?","E","R","?","R","BOSS","M","M","$","M"],"build_version":"2020-11-30","purchased_purges":0,"victory":false,"max_hp_per_floor":[72,74,75,77,79,80,82,83,84,85,86,88,89,90,91,92,88,89,90,91,92,92],"card_choices":[{"not_picked":["alterego_mod:DiscoLights","alterego_mod:Birthday"],"picked":"alterego_mod:SakuraFive","floor":1.0},{"not_picked":["alterego_mod:Bounce","alterego_mod:Punishment"],"picked":"alterego_mod:1TonWallop","floor":2.0},{"not_picked":["alterego_mod:DustData","alterego_mod:GoddessCore"],"picked":"alterego_mod:DeftHands","floor":4.0},{"not_picked":["alterego_mod:Collar","alterego_mod:IdEs"],"picked":"alterego_mod:BiFurious","floor":5.0},{"not_picked":["alterego_mod:BeGentle","alterego_mod:Cushion"],"picked":"alterego_mod:Maid","floor":7.0},{"not_picked":["Replay:Fractal Strike","ReplayTheSpireMod:??????????????????????"],"picked":"ReplayTheSpireMod:Echoes of Time","floor":11.0},{"not_picked":["alterego_mod:Skirt","alterego_mod:Maid"],"picked":"alterego_mod:BiFurious","floor":12.0},{"not_picked":["alterego_mod:Cycle","alterego_mod:Complex"],"picked":"alterego_mod:DeftHands","floor":14.0},{"not_picked":["alterego_mod:Venus","alterego_mod:Valkyrie"],"picked":"alterego_mod:Palingenesis","floor":16.0},{"not_picked":["alterego_mod:TrashNCrash+1","alterego_mod:MagicResistance"],"picked":"alterego_mod:BusterCard","floor":18},{"not_picked":["alterego_mod:Bounce","alterego_mod:Punishment"],"picked":"alterego_mod:Maid","floor":19}],"player_experience":479911,"relics_obtained":[{"floor":7.0,"key":"conspire:TopHat"},{"floor":9.0,"key":"Replay:Bandana"},{"floor":12.0,"key":"Smiling Mask"}],"event_choices":[{"damage_healed":0.0,"max_hp_gain":0.0,"max_hp_loss":0.0,"gold_gain":275.0,"event_name":"Golden Shrine","player_choice":"Desecrate","floor":3.0,"gold_loss":0.0,"damage_taken":0.0,"cards_obtained":["Regret"]}],"is_beta":false,"boss_relics":[{"not_picked":["vexMod:NewClearReactor","jedi:battlestandard"],"picked":"energizedSpire:HugeHouse"}],"items_purged_floors":[],"is_endless":false,"potions_floor_spawned":[2,4,7,14,19],"killed_by":"Snake Plant","ascension_level":1}}