{"host":"qm4rv4rkpk76sbxu","time":1607528743,"event":{"gold_per_floor":[110,121,121,121,133,133,160,160,213,246,258,258,276,303,303,379,379,394,149,178,178,198,233,233,246,326,354,368,368,397,459,471,562,574,597,624,636,658,681,693,734,765,777,789,831,253,270,303,303,303,303,303,303,8,39,39,39],"floor_reached":56,"playtime":4524,"items_purged":["Pain","Strike_B"],"score":2080,"play_id":"266965e5-5299-487a-a961-21f14e7b6e72","local_time":"20201209164543","is_ascension_mode":true,"campfire_choices":[{"data":"Reprogram","floor":6.0,"key":"SMITH"},{"data":"Beam Cell","floor":8.0,"key":"SMITH"},{"data":"Compile Driver","floor":12.0,"key":"SMITH"},{"data":"Recycle","floor":15.0,"key":"SMITH"},{"data":"Hologram","floor":24.0,"key":"SMITH"},{"data":"Seek","floor":29.0,"key":"SMITH"},{"data":"Reboot","floor":32.0,"key":"SMITH"},{"floor":40.0,"key":"RECALL"},{"data":"Turbo","floor":44.0,"key":"SMITH"},{"data":"Redo","floor":49.0,"key":"SMITH"},{"data":"Machine Learning","floor":53.0,"key":"SMITH"}],"neow_cost":"NONE","seed_source_timestamp":0,"circlet_count":0,"master_deck":["AscendersBane","Strike_B","Strike_B","Strike_B","Defend_B+1","Defend_B","Defend_B+1","Defend_B","Zap+1","Dualcast+1","Steam","Beam Cell+1","Reprogram+1","Compile Driver+1","Sweeping Beam","Compile Driver","Self Repair","Recycle+1","Core Surge","Cold Snap","FTL","Hologram+1","Core Surge","FTL","FTL+1","Seek+1","Reboot+1","Coolheaded+1","Machine Learning+1","Turbo+1","Conserve Battery+1","Turbo+1","Redo+1","Thunder Strike+1","Stack","Doom and Gloom+1","Hologram","Recycle"],"special_seed":0,"relics":["Nuclear Battery","Ancient Tea Set","War Paint","Mango","Runic Pyramid","Akabeko","Red Mask","MealTicket","Symbiotic Virus","Potion Belt","MawBank","Busted Crown","WarpedTongs","Mercury Hourglass","Molten Egg 2","PreservedInsect","Membership Card","Bag of Marbles","Letter Opener","Bronze Scales","Lantern","FossilizedHelix"],"potions_floor_usage":[56,56],"damage_taken":[{"damage":9.0,"enemies":"Small Slimes","floor":1.0,"turns":5.0},{"damage":0.0,"enemies":"2 Louse","floor":2.0,"turns":4.0},{"damage":0.0,"enemies":"Cultist","floor":5.0,"turns":4.0},{"damage":6.0,"enemies":"Lagavulin","floor":7.0,"turns":8.0},{"damage":22.0,"enemies":"3 Sentries","floor":10.0,"turns":13.0},{"damage":2.0,"enemies":"Gremlin Gang","floor":11.0,"turns":5.0},{"damage":0.0,"enemies":"3 Louse","floor":13.0,"turns":3.0},{"damage":30.0,"enemies":"Gremlin Nob","floor":14.0,"turns":4.0},{"damage":2.0,"enemies":"Hexaghost","floor":16.0,"turns":9.0},{"damage":0.0,"enemies":"Chosen","floor":18.0,"turns":3.0},{"damage":16.0,"enemies":"Masked Bandits","floor":20.0,"turns":3.0},{"damage":0.0,"enemies":"3 Byrds","floor":22.0,"turns":4.0},{"damage":36.0,"enemies":"Slavers","floor":23.0,"turns":5.0},{"damage":6.0,"enemies":"Cultist and Chosen","floor":25.0,"turns":4.0},{"damage":12.0,"enemies":"Gremlin Leader","floor":27.0,"turns":5.0},{"damage":11.0,"enemies":"Centurion and Healer","floor":28.0,"turns":4.0},{"damage":15.0,"enemies":"Book of Stabbing","floor":30.0,"turns":4.0},{"damage":23.0,"enemies":"Champ","floor":33.0,"turns":8.0},{"damage":2.0,"enemies":"3 Shapes","floor":35.0,"turns":3.0},{"damage":0.0,"enemies":"3 Darklings","floor":36.0,"turns":3.0},{"damage":4.0,"enemies":"Transient","floor":38.0,"turns":6.0},{"damage":26.0,"enemies":"Writhing Mass","floor":39.0,"turns":7.0},{"damage":10.0,"enemies":"Nemesis","floor":41.0,"turns":3.0},{"damage":16.0,"enemies":"Jaw Worm Horde","floor":42.0,"turns":4.0},{"damage":16.0,"enemies":"Reptomancer","floor":45.0,"turns":8.0},{"damage":2.0,"enemies":"Sphere and 2 Shapes","floor":47.0,"turns":5.0},{"damage":0.0,"enemies":"Nemesis","floor":48.0,"turns":5.0},{"damage":16.0,"enemies":"Awakened One","floor":50.0,"turns":13.0},{"damage":55.0,"enemies":"Time Eater","floor":51.0,"turns":12.0},{"damage":29.0,"enemies":"Shield and Spear","floor":55.0,"turns":3.0},{"damage":91,"enemies":"The Heart","floor":56,"turns":8}],"seed_played":"-5635219684413471072","potions_obtained":[{"floor":2.0,"key":"DuplicationPotion"},{"floor":4.0,"key":"Weak Potion"},{"floor":5.0,"key":"FairyPotion"},{"floor":7.0,"key":"PotionOfCapacity"},{"floor":14.0,"key":"SteroidPotion"},{"floor":16.0,"key":"GamblersBrew"},{"floor":20.0,"key":"PowerPotion"},{"floor":22.0,"key":"Regen Potion"},{"floor":23.0,"key":"Swift Potion"},{"floor":30.0,"key":"SteroidPotion"},{"floor":36.0,"key":"Fire Potion"},{"floor":38.0,"key":"Weak Potion"},{"floor":42.0,"key":"Weak Potion"}],"is_trial":false,"path_per_floor":["M","M","?","?","M","R","E","R","T","E","M","R","M","E","R","B",null,"M","$","?","?","M","E","R","M","T","E","M","R","E","?","R","B",null,"M","M","?","M","M","R","E","M","T","R","E","$","M","E","R","B","B",null,"R","$","E","B"],"character_chosen":"DEFECT","items_purchased":["FTL","Akabeko","Membership Card","BlessingOfTheForge","Bag of Marbles","Letter Opener","Redo","Thunder Strike+1","Stack","FairyPotion","Hologram","Recycle","DistilledChaos","Lantern"],"campfire_rested":0,"item_purchase_floors":[19,19,46,46,46,46,46,46,46,54,54,54,54,54],"current_hp_per_floor":[55,55,34,34,34,34,28,28,28,6,4,4,4,23,23,28,71,78,78,69,69,76,47,47,48,48,57,53,53,45,45,45,29,71,76,83,83,85,66,66,63,54,54,54,48,63,68,75,75,69,24,70,70,85,63,0,0],"gold":39,"neow_bonus":"BOSS_RELIC","is_prod":false,"is_daily":false,"chose_seed":false,"campfire_upgraded":10,"win_rate":0,"timestamp":1607528743,"path_taken":["M","M","?","?","?","R","E","R","T","E","?","R","M","E","R","BOSS","M","$","?","?","M","E","R","M","T","E","M","R","E","?","R","BOSS","M","?","?","?","M","R","E","?","T","R","E","$","M","E","R","BOSS","BOSS","R","$","E","BOSS"],"build_version":"2020-11-30","purchased_purges":2,"victory":false,"max_hp_per_floor":[71,71,71,71,71,71,71,71,71,71,71,71,71,85,85,85,85,85,85,85,85,85,85,85,85,85,85,85,85,85,85,85,85,85,85,85,85,85,85,85,85,85,85,85,85,85,85,85,85,85,85,85,85,85,85,85,85],"relic_stats":{"Busted Crown":20,"counters":[31,175],"Bronze Scales":[276],"MealTicket":30,"PreservedInsect":127,"Letter Opener":[250],"War Paint":["Zap","Dualcast"],"MawBank":192,"obtain_stats":[{"Potion Belt":27,"Lantern":54,"Mango":14,"PreservedInsect":45,"Letter Opener":46,"War Paint":10,"Ancient Tea Set":7,"MawBank":30,"Akabeko":19,"Nuclear Battery":0,"WarpedTongs":37,"Mercury Hourglass":41,"Busted Crown":34,"Bronze Scales":48,"MealTicket":23,"Molten Egg 2":43,"Red Mask":20,"Bag of Marbles":46,"Membership Card":46,"Cracked Core":0,"Symbiotic Virus":26,"FossilizedHelix":55,"Runic Pyramid":17},{"Potion Belt":15,"Lantern":29,"Mango":8,"PreservedInsect":25,"Letter Opener":25,"War Paint":5,"Ancient Tea Set":4,"MawBank":17,"Akabeko":10,"Nuclear Battery":0,"WarpedTongs":20,"Mercury Hourglass":23,"Busted Crown":18,"Bronze Scales":27,"MealTicket":13,"Molten Egg 2":24,"Red Mask":11,"Bag of Marbles":25,"Membership Card":25,"Cracked Core":0,"Symbiotic Virus":14,"FossilizedHelix":30,"Runic Pyramid":9},{"Potion Belt":79,"Lantern":164,"Mango":46,"PreservedInsect":129,"Letter Opener":129,"War Paint":34,"Ancient Tea Set":21,"MawBank":87,"Akabeko":58,"Nuclear Battery":0,"WarpedTongs":101,"Mercury Hourglass":117,"Busted Crown":95,"Bronze Scales":139,"MealTicket":70,"Molten Egg 2":121,"Red Mask":61,"Bag of Marbles":129,"Membership Card":129,"Cracked Core":0,"Symbiotic Virus":74,"FossilizedHelix":167,"Runic Pyramid":55}],"WarpedTongs":[73],"Mercury Hourglass":[218]},"card_choices":[{"not_picked":["Leap","Rebound"],"picked":"Steam","floor":1.0},{"not_picked":["Turbo","White Noise"],"picked":"Beam Cell","floor":2.0},{"not_picked":["Beam Cell","Conserve Battery"],"picked":"Reprogram","floor":5.0},{"not_picked":["Leap","Rebound"],"picked":"Compile Driver","floor":7.0},{"not_picked":["Amplify","Darkness"],"picked":"Sweeping Beam","floor":10.0},{"not_picked":["Redo","Ball Lightning"],"picked":"Compile Driver","floor":11.0},{"not_picked":["Cold Snap","Streamline"],"picked":"Self Repair","floor":13.0},{"not_picked":["Go for the Eyes","Chaos"],"picked":"Recycle","floor":14.0},{"not_picked":["Meteor Strike","Reboot"],"picked":"Core Surge","floor":16.0},{"not_picked":["Ball Lightning","Redo"],"picked":"Cold Snap","floor":18.0},{"not_picked":["Beam Cell","Glacier"],"picked":"Hologram","floor":20.0},{"not_picked":["Hologram","Beam Cell"],"picked":"FTL","floor":22.0},{"not_picked":["Redo","Scrape"],"picked":"FTL+1","floor":23.0},{"not_picked":["Genetic Algorithm","Capacitor"],"picked":"Seek","floor":25.0},{"not_picked":["Cold Snap","Turbo"],"picked":"Reboot","floor":27.0},{"not_picked":["Turbo","Lockon","Gash"],"picked":"SKIP","floor":28.0},{"not_picked":["Loop","Gash"],"picked":"Coolheaded+1","floor":30.0},{"not_picked":["Creative AI","Electrodynamics"],"picked":"Machine Learning","floor":33.0},{"not_picked":["Defragment"],"picked":"SKIP","floor":35.0},{"not_picked":["Gash"],"picked":"SKIP","floor":36.0},{"not_picked":[],"picked":"Turbo","floor":38.0},{"not_picked":[],"picked":"Conserve Battery+1","floor":39.0},{"not_picked":["Storm"],"picked":"SKIP","floor":41.0},{"not_picked":["Turbo"],"picked":"SKIP","floor":42.0},{"not_picked":[],"picked":"Turbo+1","floor":45.0},{"not_picked":["Storm"],"picked":"SKIP","floor":47.0},{"not_picked":[],"picked":"Doom and Gloom+1","floor":48.0},{"not_picked":["Melter+1"],"picked":"SKIP","floor":55.0}],"player_experience":1002946,"relics_obtained":[{"floor":7.0,"key":"Ancient Tea Set"},{"floor":10.0,"key":"War Paint"},{"floor":14.0,"key":"Mango"},{"floor":20.0,"key":"Red Mask"},{"floor":23.0,"key":"MealTicket"},{"floor":26.0,"key":"Symbiotic Virus"},{"floor":27.0,"key":"Potion Belt"},{"floor":30.0,"key":"MawBank"},{"floor":41.0,"key":"Mercury Hourglass"},{"floor":43.0,"key":"Molten Egg 2"},{"floor":45.0,"key":"PreservedInsect"},{"floor":48.0,"key":"Bronze Scales"},{"floor":55.0,"key":"FossilizedHelix"}],"event_choices":[{"damage_healed":0.0,"max_hp_gain":0.0,"max_hp_loss":0.0,"gold_gain":0.0,"event_name":"Shining Light","player_choice":"Entered Light","floor":3.0,"gold_loss":0.0,"damage_taken":21.0,"cards_upgraded":["Defend_B","Defend_B"]},{"damage_healed":0.0,"max_hp_gain":0.0,"max_hp_loss":0.0,"gold_gain":0.0,"event_name":"Lab","player_choice":"Got Potions","floor":4.0,"gold_loss":0.0,"damage_taken":0.0},{"damage_healed":0.0,"max_hp_gain":0.0,"max_hp_loss":0.0,"gold_gain":0.0,"event_name":"Masked Bandits","player_choice":"Fought Bandits","floor":20.0,"gold_loss":0.0,"damage_taken":0.0},{"damage_healed":0.0,"max_hp_gain":0.0,"max_hp_loss":0.0,"gold_gain":0.0,"event_name":"The Library","player_choice":"Read","floor":21.0,"gold_loss":0.0,"damage_taken":0.0,"cards_obtained":["Core Surge"]},{"damage_healed":0.0,"max_hp_gain":0.0,"max_hp_loss":0.0,"gold_gain":50.0,"event_name":"Golden Shrine","player_choice":"Pray","floor":31.0,"gold_loss":0.0,"damage_taken":0.0},{"damage_healed":0.0,"max_hp_gain":0.0,"max_hp_loss":0.0,"gold_gain":0.0,"event_name":"Accursed Blacksmith","player_choice":"Rummage","floor":37.0,"gold_loss":0.0,"damage_taken":0.0,"relics_obtained":["WarpedTongs"],"cards_obtained":["Pain"]}],"is_beta":false,"boss_relics":[{"not_picked":["Empty Cage","SlaversCollar"],"picked":"Runic Pyramid"},{"not_picked":["SacredBark","Inserter"],"picked":"Busted Crown"}],"items_purged_floors":[46,54],"is_endless":false,"potions_floor_spawned":[2,5,7,14,16,20,22,23,30,36,38,42],"killed_by":"The Heart","ascension_level":20}}