{"host":"plbsiuh3vwan8ocg","time":1607477308,"event":{"gold_per_floor":[113,113,113,74,92,121,121,296,320,320,320,336,336,336,336,432,432,457,472,76,76,76,76,120,120,120,145,163,163,163],"floor_reached":29,"playtime":1513,"items_purged":["Doubt"],"score":419,"play_id":"929f66a3-91ef-412c-86a8-aae71bfdcea6","local_time":"20201208202828","is_ascension_mode":true,"campfire_choices":[{"floor":7,"key":"REST"},{"data":"Defragment","floor":10,"key":"SMITH"},{"data":"Loop","floor":13,"key":"SMITH"},{"floor":15,"key":"REST"},{"floor":23,"key":"REST"}],"neow_cost":"NONE","seed_source_timestamp":502215164768000,"circlet_count":0,"master_deck":["AscendersBane","Strike_B","Strike_B","Strike_B","Defend_B","Defend_B","Defend_B","Zap","Dualcast","Electrodynamics","Lockon","Loop+1","Defragment+1","BootSequence","Auto Shields","Hologram","Buffer","Meteor Strike+1","Force Field+1","Undo+1","Beam Cell","Capacitor","Discovery","Storm","Turbo","Conserve Battery","Decay","Hello World","Ball Lightning+1"],"relics":["Cracked Core","Darkstone Periapt","Gremlin Horn","Dream Catcher","Bag of Marbles","Golden Idol","Astrolabe","Strange Spoon","Kunai","Blue Candle","Bag of Preparation"],"potions_floor_usage":[16,28],"damage_taken":[{"damage":5,"enemies":"Small Slimes","floor":1,"turns":2},{"damage":9,"enemies":"2 Louse","floor":5,"turns":2},{"damage":32,"enemies":"Lagavulin","floor":6,"turns":5},{"damage":2,"enemies":"Jaw Worm","floor":12,"turns":3},{"damage":42,"enemies":"The Guardian","floor":16,"turns":11},{"damage":16,"enemies":"2 Thieves","floor":18,"turns":4},{"damage":9,"enemies":"3 Byrds","floor":19,"turns":3},{"damage":38,"enemies":"Book of Stabbing","floor":24,"turns":6},{"damage":35,"enemies":"Snake Plant","floor":27,"turns":4},{"damage":8,"enemies":"Shelled Parasite and Fungi","floor":28,"turns":6},{"damage":7,"enemies":"3 Cultists","floor":29,"turns":3}],"seed_played":"6917560850110005442","potions_obtained":[{"floor":5,"key":"GamblersBrew"},{"floor":12,"key":"SpeedPotion"},{"floor":16,"key":"PotionOfCapacity"}],"is_trial":false,"path_per_floor":["M","?","?","$","M","E","R","?","T","R","?","M","R","?","R","B",null,"M","M","$","?","?","R","E","?","T","M","M","M"],"character_chosen":"DEFECT","items_purchased":["Loop","Discovery","Strange Spoon","Storm"],"campfire_rested":3,"item_purchase_floors":[4,20,20,20],"current_hp_per_floor":[63,56,62,62,53,21,45,51,51,51,57,55,55,48,75,33,78,62,53,53,53,53,80,42,48,48,13,5,0,0],"gold":163,"neow_bonus":"ONE_RANDOM_RARE_CARD","is_prod":false,"is_daily":false,"chose_seed":false,"campfire_upgraded":2,"win_rate":0,"timestamp":1607477308,"path_taken":["M","?","?","?","M","E","R","?","T","R","?","?","R","?","R","BOSS","M","M","$","?","?","R","E","?","T","?","M","M"],"build_version":"2020-11-30","purchased_purges":1,"victory":false,"max_hp_per_floor":[75,75,81,81,81,81,81,87,87,87,93,93,93,93,93,93,93,93,93,93,93,93,93,93,99,99,99,99,99,99],"card_choices":[{"not_picked":["Go for the Eyes","Barrage"],"picked":"Lockon","floor":1},{"not_picked":["Aggregate","Reprogram"],"picked":"Defragment","floor":5},{"not_picked":["Undo","Hologram"],"picked":"Gash","floor":6},{"not_picked":["Turbo","Gash"],"picked":"BootSequence","floor":7},{"not_picked":["BootSequence","Steam Power"],"picked":"Auto Shields","floor":12},{"not_picked":["Auto Shields","All For One"],"picked":"Hologram","floor":15},{"not_picked":["Seek","Meteor Strike"],"picked":"Buffer","floor":16},{"not_picked":["Streamline","Lockon"],"picked":"Beam Cell","floor":18},{"not_picked":["Cold Snap","Auto Shields"],"picked":"Capacitor","floor":19},{"not_picked":["Sweeping Beam","Doom and Gloom"],"picked":"Turbo","floor":23},{"not_picked":["Reinforced Body","Sweeping Beam"],"picked":"Conserve Battery","floor":24},{"not_picked":["Biased Cognition","Coolheaded"],"picked":"Hello World","floor":27},{"not_picked":["Turbo","Barrage"],"picked":"Ball Lightning+1","floor":28}],"player_experience":371503,"relics_obtained":[{"floor":6,"key":"Dream Catcher"},{"floor":9,"key":"Bag of Marbles"},{"floor":24,"key":"Blue Candle"},{"floor":26,"key":"Bag of Preparation"}],"event_choices":[{"damage_healed":0,"gold_gain":0,"player_choice":"Success","damage_taken":7,"relics_obtained":["Darkstone Periapt"],"max_hp_gain":0,"max_hp_loss":0,"event_name":"Scrap Ooze","floor":2,"gold_loss":0},{"damage_healed":0,"gold_gain":0,"player_choice":"Box","damage_taken":0,"relics_obtained":["Gremlin Horn"],"max_hp_gain":0,"max_hp_loss":0,"event_name":"Big Fish","floor":3,"gold_loss":0,"cards_obtained":["Regret"]},{"damage_healed":0,"gold_gain":175,"player_choice":"AGREE","damage_taken":0,"max_hp_gain":0,"max_hp_loss":0,"event_name":"Liars Game","floor":8,"gold_loss":0,"cards_obtained":["Doubt"]},{"damage_healed":0,"gold_gain":0,"player_choice":"Take Wound","damage_taken":0,"relics_obtained":["Golden Idol"],"max_hp_gain":0,"max_hp_loss":0,"event_name":"Golden Idol","floor":11,"gold_loss":0,"cards_obtained":["Injury"]},{"cards_removed":["Regret"],"damage_healed":0,"gold_gain":0,"player_choice":"Card Removal","damage_taken":7,"max_hp_gain":0,"max_hp_loss":0,"event_name":"Golden Wing","floor":14,"gold_loss":0},{"cards_removed":["Injury"],"damage_healed":0,"gold_gain":0,"player_choice":"Elegance","damage_taken":0,"max_hp_gain":0,"max_hp_loss":0,"event_name":"Back to Basics","floor":21,"gold_loss":0},{"damage_healed":0,"gold_gain":0,"player_choice":"Opened","damage_taken":0,"relics_obtained":["Kunai"],"max_hp_gain":0,"max_hp_loss":0,"event_name":"The Mausoleum","floor":22,"gold_loss":0},{"damage_healed":0,"gold_gain":0,"player_choice":"Smashed Altar","damage_taken":0,"max_hp_gain":0,"max_hp_loss":0,"event_name":"Forgotten Altar","floor":25,"gold_loss":0,"cards_obtained":["Decay"]}],"is_beta":false,"boss_relics":[{"not_picked":["Velvet Choker","Ectoplasm"],"picked":"Astrolabe"}],"items_purged_floors":[20],"is_endless":false,"potions_floor_spawned":[5,12,16,27],"killed_by":"3 Cultists","ascension_level":13}}