{"host":"rmsq46plbpwfbxcc","time":1607538974,"event":{"gold_per_floor":[110,123,139,289,303,303,378,408,482,482,482,88,88,88,88],"floor_reached":14,"playtime":287,"items_purged":["Strike_G"],"score":158,"play_id":"b575fd20-513e-44b5-944a-188246edbc8f","local_time":"20201210033614","is_ascension_mode":true,"campfire_choices":[{"data":"Neutralize","floor":6,"key":"SMITH"},{"data":"Cloak And Dagger","floor":10,"key":"SMITH"}],"neow_cost":"NONE","seed_source_timestamp":1924047997039300,"circlet_count":0,"master_deck":["AscendersBane","Strike_G","Strike_G","Strike_G","Strike_G","Defend_G","Defend_G","Defend_G","Defend_G","Defend_G","Survivor","Neutralize+1","Dagger Throw","PiercingWail","Dagger Spray","Cloak And Dagger+1","Blade Dance"],"special_seed":0,"relics":["Ring of the Snake","Omamori","Peace Pipe","Bottled Lightning","Anchor","Meat on the Bone","WarpedTongs"],"potions_floor_usage":[8,8],"damage_taken":[{"damage":0.0,"enemies":"Small Slimes","floor":1.0,"turns":5.0},{"damage":3,"enemies":"Jaw Worm","floor":2,"turns":6},{"damage":0,"enemies":"2 Louse","floor":3,"turns":5},{"damage":8,"enemies":"Blue Slaver","floor":5,"turns":5},{"damage":33,"enemies":"Lagavulin","floor":8,"turns":9},{"damage":10,"enemies":"Gremlin Nob","floor":14,"turns":2}],"seed_played":"8964874369069398021","potions_obtained":[{"floor":1.0,"key":"LiquidMemories"},{"floor":5,"key":"Regen Potion"}],"is_trial":false,"path_per_floor":["M","M","M","?","M","R","?","E","T","R","?","$","?","E"],"character_chosen":"THE_SILENT","items_purchased":["Blade Dance","Meat on the Bone"],"campfire_rested":0,"item_purchase_floors":[12,12],"current_hp_per_floor":[59,56,56,56,48,48,37,19,19,19,8,8,8,0,0],"gold":88,"neow_bonus":"RANDOM_COMMON_RELIC","is_prod":false,"is_daily":false,"chose_seed":false,"campfire_upgraded":2,"win_rate":0,"timestamp":1607538974,"path_taken":["M","M","M","?","M","R","?","E","T","R","?","?","?","E"],"build_version":"2020-11-30","purchased_purges":1,"victory":false,"max_hp_per_floor":[66,66,66,66,66,66,66,66,66,66,66,66,66,66,66],"card_choices":[{"not_picked":["Concentrate","Prepared","Flying Knee"],"picked":"SKIP","floor":1.0},{"not_picked":["Prepared","Backflip"],"picked":"Dagger Throw","floor":2},{"not_picked":["Flying Knee","Bane"],"picked":"PiercingWail","floor":3},{"not_picked":["Masterful Stab","Acrobatics"],"picked":"Dagger Spray","floor":5},{"not_picked":["Eviscerate","Glass Knife"],"picked":"Cloak And Dagger","floor":8}],"player_experience":1300516,"relics_obtained":[{"floor":8,"key":"Peace Pipe"},{"floor":9,"key":"Bottled Lightning"}],"event_choices":[{"damage_healed":0,"gold_gain":150,"player_choice":"AGREE","damage_taken":0,"max_hp_gain":0,"max_hp_loss":0,"event_name":"Liars Game","floor":4,"gold_loss":0,"cards_obtained":["Doubt"]},{"damage_healed":0,"gold_gain":75,"player_choice":"Gather Gold","damage_taken":11,"max_hp_gain":0,"max_hp_loss":0,"event_name":"World of Goop","floor":7,"gold_loss":0},{"damage_healed":0,"gold_gain":0,"player_choice":"Success","damage_taken":11,"relics_obtained":["Anchor"],"max_hp_gain":0,"max_hp_loss":0,"event_name":"Scrap Ooze","floor":11,"gold_loss":0},{"damage_healed":0,"gold_gain":0,"player_choice":"Rummage","damage_taken":0,"relics_obtained":["WarpedTongs"],"max_hp_gain":0,"max_hp_loss":0,"event_name":"Accursed Blacksmith","floor":13,"gold_loss":0,"cards_obtained":["Pain"]}],"is_beta":false,"boss_relics":[],"items_purged_floors":[12],"is_endless":false,"potions_floor_spawned":[1,5],"killed_by":"Gremlin Nob","ascension_level":16}}