{"host":"csp9nt53rootlkah","time":1607510152,"event":{"gold_per_floor":[115,135,135,135,60,60,90,90,136,148,160,189,189,189,189],"floor_reached":14,"playtime":701,"items_purged":["Regret"],"score":135,"play_id":"5e74172b-3d13-425a-9d59-37215e6aae53","local_time":"20201209183552","is_ascension_mode":true,"campfire_choices":[{"data":"Luminosity","floor":6.0,"key":"SMITH"},{"data":"Advance","floor":8.0,"key":"SMITH"},{"data":"Deny","floor":13,"key":"SMITH"}],"neow_cost":"NONE","seed_source_timestamp":167017753104400,"circlet_count":0,"master_deck":["Strike_S","Strike_S","Strike_S","Strike_S","Defend_S","Defend_S","Defend_S","Defend_S","KidneyShot","Exchange+1","Luminosity+1","Advance+1","TimeWarp","Deny+1","TimeWarp"],"special_seed":0,"relics":["Uniform","NeowsBlessing","Regal Pillow","Blue Candle","Anchor","Bird Faced Urn"],"potions_floor_usage":[],"damage_taken":[{"damage":0.0,"enemies":"2 Louse","floor":1.0,"turns":1.0},{"damage":0.0,"enemies":"Cultist","floor":2.0,"turns":1.0},{"damage":0.0,"enemies":"Gremlin Nob","floor":7.0,"turns":2.0},{"damage":0,"enemies":"Jaw Worm","floor":10,"turns":4},{"damage":6,"enemies":"Blue Slaver","floor":11,"turns":5},{"damage":37,"enemies":"3 Sentries","floor":12,"turns":11},{"damage":6,"enemies":"Lagavulin","floor":14,"turns":4}],"seed_played":"3297806546756141992","potions_obtained":[{"floor":7.0,"key":"AttackPotion"},{"floor":10,"key":"LiquidMemories"}],"is_trial":false,"path_per_floor":["M","M","?","?","$","R","E","R","T","M","M","E","R","E"],"character_chosen":"THE_SERVANT","items_purchased":[],"campfire_rested":0,"item_purchase_floors":[],"current_hp_per_floor":[65,65,65,65,65,65,65,65,65,65,59,22,22,18,18],"gold":189,"neow_bonus":"THREE_ENEMY_KILL","is_prod":false,"is_daily":false,"chose_seed":false,"campfire_upgraded":3,"win_rate":0,"timestamp":1607510152,"path_taken":["M","M","?","?","$","R","E","R","T","M","?","E","R","E"],"build_version":"2020-11-30","purchased_purges":1,"victory":false,"max_hp_per_floor":[65,65,65,65,65,65,65,65,65,65,65,65,65,65,65],"card_choices":[{"not_picked":["Unruled","Defy"],"picked":"Luminosity","floor":1.0},{"not_picked":["Ricochet","Starlight","Gouge"],"picked":"SKIP","floor":2.0},{"not_picked":["WasteNot","Gouge"],"picked":"Advance","floor":7.0},{"not_picked":["Revamp","Moonlight"],"picked":"TimeWarp","floor":10},{"not_picked":["Ricochet","BottledTime"],"picked":"Deny","floor":11},{"not_picked":["FastForward","Moonlight"],"picked":"TimeWarp","floor":12}],"player_experience":139238,"relics_obtained":[{"floor":7.0,"key":"Blue Candle"},{"floor":9.0,"key":"Anchor"},{"floor":12,"key":"Bird Faced Urn"}],"event_choices":[{"damage_healed":0.0,"max_hp_gain":0.0,"max_hp_loss":0.0,"gold_gain":0.0,"event_name":"Big Fish","player_choice":"Box","floor":3.0,"gold_loss":0.0,"damage_taken":0.0,"relics_obtained":["Regal Pillow"],"cards_obtained":["Regret"]},{"damage_healed":0.0,"max_hp_gain":0.0,"max_hp_loss":0.0,"gold_gain":0.0,"event_name":"Upgrade Shrine","player_choice":"Upgraded","floor":4.0,"gold_loss":0.0,"damage_taken":0.0,"cards_upgraded":["Exchange"]}],"is_beta":false,"boss_relics":[],"items_purged_floors":[5],"is_endless":false,"potions_floor_spawned":[7,10],"killed_by":"Lagavulin","ascension_level":2}}