{"host":"ecaj4hn004xnnrw9","time":1607537382,"event":{"gold_per_floor":[116,116,41,61,7,7,21,21,45,45,45,59,59,86,86,187,187,197,247,267,279,57,57,74,108,108,108,18,36,36,47,47,144,144,161,211,225,236,252,287,287,324,324,363,463,463,469,499,499,511,511],"floor_reached":50,"playtime":2551,"items_purged":["Strike_B"],"score":606,"play_id":"1325b80e-d4a9-4505-b5b0-1d96aa369723","local_time":"20201209180942","is_ascension_mode":true,"campfire_choices":[{"data":"Zap","floor":6,"key":"SMITH"},{"data":"Hologram","floor":8,"key":"SMITH"},{"data":"Coolheaded","floor":10,"key":"SMITH"},{"data":"Barrage","floor":13,"key":"SMITH"},{"floor":15,"key":"REST"},{"data":"Biased Cognition","floor":23,"key":"SMITH"},{"data":"Capacitor","floor":27,"key":"SMITH"},{"data":"Chill","floor":30,"key":"SMITH"},{"data":"Hologram","floor":32,"key":"SMITH"},{"floor":41,"key":"REST"},{"data":"Normality","floor":49,"key":"PURGE"}],"neow_cost":"NONE","seed_source_timestamp":8046727975400,"circlet_count":0,"master_deck":["Strike_B","Strike_B","Defend_B","Defend_B","Zap+1","Dualcast","Coolheaded+1","Hologram+1","Barrage+1","Panic Button","Chill+1","Biased Cognition+1","Barrage","Cold Snap+1","Capacitor+1","Coolheaded+1","Chaos+1","BasicCrystalCard+1","Hologram+1","Core Surge","Pain","Cold Snap+1","Loop+1","Consume+1","Capacitor+1","Pot Of Greed","Pot Of Greed","Pot Of Greed","Regret"],"relics":["Cracked Core","Replay:Baseball","Omamori","Sozu","Ring of Greed","Ring of Hypnosis","Replay:Wax Seal","Tiny Chest","DollysMirror","Bronze Scales","Bottled Flame","SlaversCollar","Peace Pipe","Replay:Bandana","Blood Vial","Grinning Jar"],"potions_floor_usage":[16,25,47],"damage_taken":[{"damage":8,"enemies":"Jaw Worm","floor":1,"turns":3},{"damage":0,"enemies":"Cultist","floor":4,"turns":4},{"damage":6,"enemies":"Small Slimes","floor":7,"turns":3},{"damage":0,"enemies":"Exordium Thugs","floor":12,"turns":3},{"damage":52,"enemies":"3 Sentries","floor":14,"turns":9},{"damage":37,"enemies":"Fading Forest","floor":16,"turns":11},{"damage":4,"enemies":"2 Thieves","floor":18,"turns":4},{"damage":6,"enemies":"Chosen","floor":20,"turns":3},{"damage":2,"enemies":"Sentry and Sphere","floor":21,"turns":4},{"damage":8,"enemies":"Snake Plant","floor":24,"turns":4},{"damage":1,"enemies":"Slavers","floor":25,"turns":4},{"damage":14,"enemies":"Cultist and Chosen","floor":29,"turns":5},{"damage":0,"enemies":"Chosen and Byrds","floor":31,"turns":4},{"damage":19,"enemies":"Collector","floor":33,"turns":8},{"damage":0,"enemies":"Orb Walker","floor":35,"turns":3},{"damage":0,"enemies":"Mind Bloom Boss Battle","floor":36,"turns":4},{"damage":11,"enemies":"3 Darklings","floor":37,"turns":5},{"damage":5,"enemies":"Jaw Worm Horde","floor":38,"turns":5},{"damage":30,"enemies":"Spire Growth","floor":39,"turns":5},{"damage":10,"enemies":"R_Hoarder","floor":40,"turns":9},{"damage":6,"enemies":"Giant Head","floor":42,"turns":7},{"damage":10,"enemies":"3 Darklings","floor":44,"turns":5},{"damage":0,"enemies":"Reptomancer","floor":47,"turns":1},{"damage":6,"enemies":"Sphere and 2 Shapes","floor":48,"turns":6},{"damage":34,"enemies":"Awakened One","floor":50,"turns":3}],"seed_played":"5858755548065810458","potions_obtained":[{"floor":12,"key":"PotionOfCapacity"},{"floor":14,"key":"SmokeBomb"},{"floor":16,"key":"FearPotion"}],"is_trial":false,"path_per_floor":["M","?","$","M","$","R","M","R","T","R","?","M","R","E","R","B",null,"M","?","M","M","$","R","M","E","T","R","?","M","R","M","R","B",null,"M","?","M","M","M","E","R","E","T","M","?","T","E","M","R","B"],"character_chosen":"DEFECT","items_purchased":["Barrage","Capacitor","DollysMirror"],"campfire_rested":2,"item_purchase_floors":[5,22,22],"current_hp_per_floor":[67,67,67,67,67,67,61,61,61,61,66,66,66,14,38,11,80,76,76,70,68,68,68,60,59,59,59,59,45,45,45,45,26,80,80,80,69,64,34,24,48,42,42,34,34,34,36,32,32,0,0],"gold":511,"neow_bonus":"RANDOM_EVENT","is_prod":false,"is_daily":false,"chose_seed":false,"campfire_upgraded":8,"win_rate":0,"timestamp":1607537382,"path_taken":["M","?","?","?","?","R","M","R","T","R","?","M","R","E","R","BOSS","M","?","M","M","$","R","M","E","T","R","?","M","R","M","R","BOSS","M","?","M","M","M","E","R","E","T","M","?","?","E","M","R","BOSS"],"build_version":"2020-11-30","purchased_purges":1,"victory":false,"max_hp_per_floor":[75,75,75,75,75,75,75,75,75,75,80,80,80,80,80,80,80,80,80,80,80,80,80,80,80,80,80,80,80,80,80,80,80,80,80,80,80,80,80,80,80,80,80,80,80,80,80,80,80,80,80],"card_choices":[{"not_picked":["Darkness","BootSequence"],"picked":"Coolheaded","floor":1},{"not_picked":["BasicCrystalCard","Sunder"],"picked":"Hologram","floor":4},{"not_picked":["Stack","Coolheaded"],"picked":"Panic Button","floor":7},{"not_picked":["Storm","Leap","BasicCrystalCard"],"picked":"SKIP","floor":12},{"not_picked":["Barrage","BasicCrystalCard"],"picked":"Chill","floor":14},{"not_picked":["Mirror Shield","Electrodynamics"],"picked":"Biased Cognition","floor":16},{"not_picked":["ReplayGash","Panic Button","Go for the Eyes+1"],"picked":"SKIP","floor":18},{"not_picked":["Leap","Gash"],"picked":"Barrage","floor":20},{"not_picked":["Gash","Amplify"],"picked":"Cold Snap+1","floor":21},{"not_picked":["Barrage","Aggregate+1"],"picked":"Chaos","floor":24},{"not_picked":["Sweeping Beam+1","Rebound"],"picked":"BasicCrystalCard+1","floor":25},{"not_picked":["Beam Cell+1","Go for the Eyes","BootSequence"],"picked":"SKIP","floor":29},{"not_picked":["Streamline+1","Undo+1"],"picked":"Hologram","floor":31},{"not_picked":["ReplayRNGCard","Electrodynamics"],"picked":"Core Surge","floor":33},{"not_picked":["Turbo+1","Storm+1","Aggregate+1"],"picked":"SKIP","floor":35},{"not_picked":["Gash+1","Force Field"],"picked":"Cold Snap+1","floor":36},{"not_picked":["ReplaySort+1","Steam+1"],"picked":"Loop+1","floor":37},{"not_picked":["Redo","Steam"],"picked":"Consume+1","floor":38},{"not_picked":["Hologram","Coolheaded+1","Thunder Strike"],"picked":"SKIP","floor":39},{"not_picked":["Gash","Creative AI"],"picked":"Capacitor+1","floor":40},{"not_picked":["Scrape+1","ReplaySolidLightProjector+1","ReplayTheSpireMod:Calculation Training"],"picked":"SKIP","floor":42},{"not_picked":["Redo","Barrage+1","Sweeping Beam+1"],"picked":"SKIP","floor":44},{"not_picked":["BasicCrystalCard+1","Leap+1","ReplayGash+1"],"picked":"SKIP","floor":48}],"player_experience":131768,"relics_obtained":[{"floor":9,"key":"Replay:Baseball"},{"floor":14,"key":"Omamori"},{"floor":19,"key":"Ring of Greed"},{"floor":19,"key":"Ring of Hypnosis"},{"floor":19,"key":"Replay:Wax Seal"},{"floor":19,"key":"Tiny Chest"},{"floor":25,"key":"Bronze Scales"},{"floor":26,"key":"Bottled Flame"},{"floor":36,"key":"Peace Pipe"},{"floor":40,"key":"Replay:Bandana"},{"floor":42,"key":"Blood Vial"},{"floor":43,"key":"Grinning Jar"}],"event_choices":[{"cards_removed":["Strike_B"],"damage_healed":0,"gold_gain":0,"player_choice":"Purged","damage_taken":0,"max_hp_gain":0,"max_hp_loss":0,"event_name":"Purifier","floor":2,"gold_loss":0},{"damage_healed":0,"gold_gain":0,"player_choice":"Donut","damage_taken":0,"max_hp_gain":5,"max_hp_loss":0,"event_name":"Big Fish","floor":11,"gold_loss":0},{"cards_removed":["Defend_B"],"damage_healed":0,"gold_gain":0,"player_choice":"Upgrade and Remove","damage_taken":0,"max_hp_gain":0,"max_hp_loss":0,"event_name":"Designer","floor":28,"gold_loss":90,"cards_upgraded":["Chaos"]},{"damage_healed":0,"gold_gain":0,"player_choice":"Fight","damage_taken":0,"max_hp_gain":0,"max_hp_loss":0,"event_name":"MindBloom","floor":36,"gold_loss":0},{"damage_healed":0,"gold_gain":100,"player_choice":"Pray","damage_taken":0,"max_hp_gain":0,"max_hp_loss":0,"event_name":"Golden Shrine","floor":45,"gold_loss":0}],"is_beta":false,"boss_relics":[{"not_picked":["Replay:Wanted Poster","Velvet Choker"],"picked":"Sozu"},{"not_picked":["Snecko Eye","SacredBark"],"picked":"SlaversCollar"}],"items_purged_floors":[3],"is_endless":false,"potions_floor_spawned":[12,14,16,20,29,31,37,39,40,48],"killed_by":"Awakened One","ascension_level":1}}