{"host":"9ndbo4kgsfoemf7y","time":1607509235,"event":{"gold_per_floor":[17,17,34,34,14,349,349,380,380,380,380],"floor_reached":10,"playtime":301,"items_purged":[],"score":137,"play_id":"24fa54ab-ae91-4989-9481-1f72040794d3","local_time":"20201209192035","is_ascension_mode":true,"campfire_choices":[{"floor":7,"key":"REST"}],"neow_cost":"NO_GOLD","seed_source_timestamp":4284627412500,"circlet_count":0,"master_deck":["AscendersBane","Strike_R","Strike_R","Strike_R","Defend_R","Defend_R","Defend_R","Defend_R","Bash","Combust","True Grit","Power Through","Cleave","Shrug It Off","Flex","Reaper"],"special_seed":0,"relics":["Burning Blood","The Courier","Old Coin","Ancient Tea Set","Pen Nib"],"potions_floor_usage":[8],"damage_taken":[{"damage":13.0,"enemies":"Cultist","floor":1.0,"turns":5.0},{"damage":1.0,"enemies":"2 Louse","floor":3.0,"turns":4.0},{"damage":43,"enemies":"Lagavulin","floor":6,"turns":9},{"damage":8,"enemies":"3 Sentries","floor":8,"turns":6},{"damage":66,"enemies":"Gremlin Nob","floor":10,"turns":4}],"seed_played":"3892955772685379300","potions_obtained":[{"floor":1.0,"key":"Weak Potion"},{"floor":3.0,"key":"Explosive Potion"}],"is_trial":false,"path_per_floor":["M","?","M","$","$","E","R","E","T","E"],"character_chosen":"IRONCLAD","items_purchased":["Shrug It Off"],"campfire_rested":1,"item_purchase_floors":[5],"current_hp_per_floor":[61,61,66,66,66,29,51,49,49,0,0],"gold":380,"neow_bonus":"TRANSFORM_TWO_CARDS","is_prod":false,"is_daily":false,"chose_seed":false,"campfire_upgraded":0,"win_rate":0,"timestamp":1607509235,"path_taken":["M","?","M","?","$","E","R","E","T","E"],"build_version":"2020-11-30","purchased_purges":0,"victory":false,"max_hp_per_floor":[75,75,75,75,75,75,75,75,75,75,75],"relic_stats":{"counters":[5,28],"Pen Nib":[0],"obtain_stats":[{"The Courier":2,"Pen Nib":9,"Ancient Tea Set":8,"Burning Blood":0,"Old Coin":6},{"The Courier":1,"Pen Nib":4,"Ancient Tea Set":4,"Burning Blood":0,"Old Coin":3},{"The Courier":5,"Pen Nib":24,"Ancient Tea Set":24,"Burning Blood":0,"Old Coin":18}],"Burning Blood":24},"card_choices":[{"not_picked":["Pummel","Havoc"],"picked":"Power Through","floor":1.0},{"not_picked":["Reckless Charge","Headbutt"],"picked":"Cleave","floor":3.0},{"not_picked":["Reckless Charge","Combust"],"picked":"Flex","floor":6},{"not_picked":["Pummel","Battle Trance"],"picked":"Reaper","floor":8}],"player_experience":664642,"relics_obtained":[{"floor":6,"key":"Old Coin"},{"floor":8,"key":"Ancient Tea Set"},{"floor":9,"key":"Pen Nib"}],"event_choices":[{"damage_healed":0.0,"max_hp_gain":0.0,"max_hp_loss":0.0,"gold_gain":0.0,"event_name":"WeMeetAgain","player_choice":"Gave Potion","floor":2.0,"gold_loss":0.0,"damage_taken":0.0,"relics_obtained":["The Courier"]}],"is_beta":false,"boss_relics":[],"items_purged_floors":[],"is_endless":false,"potions_floor_spawned":[1,3],"killed_by":"Gremlin Nob","ascension_level":17}}