{"host":"Kdaddybrian","time":1607476887,"event":{"gold_per_floor":[117,117,137,148,165,165,198,210,236,248,248,213,233,263,263,363,363,380,3,3,14,24,24,24,24,51,80,107,107,16,27,27,132,132,152,152,171,182,17,52,52,84,84,97,97,97,97,112,112,112,112],"floor_reached":50,"playtime":2709,"items_purged":["Regret"],"score":836,"play_id":"eaf47b6a-7695-43a9-b4d8-39c2a54af98c","local_time":"20201208202127","is_ascension_mode":true,"campfire_choices":[{"data":"Dagger Spray","floor":6,"key":"SMITH"},{"floor":11,"key":"REST"},{"floor":15,"key":"REST"},{"floor":23,"key":"REST"},{"floor":25,"key":"REST"},{"floor":29,"key":"REST"},{"data":"Noxious Fumes","floor":32,"key":"SMITH"},{"floor":41,"key":"REST"},{"floor":46,"key":"REST"},{"floor":49,"key":"RECALL"}],"neow_cost":"CURSE","seed_source_timestamp":1895583603610200,"circlet_count":0,"master_deck":["AscendersBane","Strike_G","Strike_G","Strike_G+1","Strike_G","Strike_G+1","Defend_G","Defend_G","Defend_G","Defend_G","Defend_G","Survivor","Neutralize","Mayhem","Poisoned Stab","Dagger Spray+1","Noxious Fumes+1","Burst+1","Noxious Fumes","PiercingWail+1","Adrenaline+1","Acrobatics+1","Dodge and Roll+1","PiercingWail+1","Footwork","Doppelganger+1","Crippling Poison+1","Sucker Punch","Wraith Form v2","Backflip+1","Dodge and Roll+1","Noxious Fumes","Concentrate+1","PiercingWail+1"],"relics":["Ring of the Snake","Toxic Egg 2","Tiny Chest","Whetstone","Snecko Eye","Membership Card","Mummified Hand","Enchiridion","Akabeko","Potion Belt","Lantern","ClockworkSouvenir","Fusion Hammer","Lizard Tail","Letter Opener","Bird Faced Urn"],"potions_floor_usage":[14,16,18,27,42,44],"damage_taken":[{"damage":7,"enemies":"2 Louse","floor":1,"turns":4},{"damage":8,"enemies":"Jaw Worm","floor":3,"turns":5},{"damage":6,"enemies":"Small Slimes","floor":4,"turns":4},{"damage":0,"enemies":"3 Louse","floor":5,"turns":3},{"damage":25,"enemies":"3 Sentries","floor":7,"turns":7},{"damage":17,"enemies":"Large Slime","floor":8,"turns":6},{"damage":13,"enemies":"Looter","floor":10,"turns":3},{"damage":13,"enemies":"Exordium Wildlife","floor":13,"turns":5},{"damage":30,"enemies":"Lagavulin","floor":14,"turns":6},{"damage":38,"enemies":"Slime Boss","floor":16,"turns":11},{"damage":55,"enemies":"Chosen","floor":18,"turns":8},{"damage":0,"enemies":"3 Byrds","floor":21,"turns":4},{"damage":16,"enemies":"Centurion and Healer","floor":22,"turns":9},{"damage":0,"enemies":"Gremlin Leader","floor":27,"turns":6},{"damage":0,"enemies":"3 Cultists","floor":31,"turns":2},{"damage":31,"enemies":"Automaton","floor":33,"turns":9},{"damage":2,"enemies":"Orb Walker","floor":35,"turns":4},{"damage":1,"enemies":"3 Shapes","floor":37,"turns":4},{"damage":0,"enemies":"3 Darklings","floor":38,"turns":3},{"damage":4,"enemies":"Reptomancer","floor":40,"turns":6},{"damage":16,"enemies":"Giant Head","floor":42,"turns":8},{"damage":12,"enemies":"4 Shapes","floor":44,"turns":4},{"damage":0,"enemies":"Transient","floor":48,"turns":5},{"damage":131,"enemies":"Time Eater","floor":50,"turns":12}],"seed_played":"-6392226732346152212","potions_obtained":[{"floor":1,"key":"FairyPotion"},{"floor":5,"key":"LiquidBronze"},{"floor":7,"key":"Poison Potion"},{"floor":14,"key":"Weak Potion"},{"floor":16,"key":"Block Potion"},{"floor":27,"key":"Explosive Potion"},{"floor":31,"key":"AttackPotion"},{"floor":33,"key":"AttackPotion"},{"floor":35,"key":"Explosive Potion"},{"floor":38,"key":"Fire Potion"},{"floor":42,"key":"SpeedPotion"}],"is_trial":false,"path_per_floor":["M","?","M","M","M","R","E","M","T","M","R","?","M","E","R","B",null,"M","$","?","M","M","R","?","R","T","E","T","R","$","M","R","B",null,"M","?","M","M","$","E","R","E","T","M","?","R","?","M","R","B"],"character_chosen":"THE_SILENT","items_purchased":["Membership Card","Mummified Hand","Dodge and Roll+1","Crippling Poison+1","ClockworkSouvenir","Lizard Tail","Noxious Fumes"],"campfire_rested":7,"item_purchase_floors":[19,19,19,30,30,39,39],"current_hp_per_floor":[56,61,53,47,47,47,22,5,5,20,42,60,47,17,39,1,57,2,2,27,27,11,33,17,39,39,39,39,61,61,61,61,30,64,62,62,61,61,61,57,75,59,59,59,59,75,71,71,71,0,0],"gold":112,"neow_bonus":"RANDOM_COLORLESS_2","is_prod":false,"is_daily":false,"chose_seed":false,"campfire_upgraded":2,"win_rate":0,"timestamp":1607476887,"path_taken":["M","?","M","M","M","R","E","M","T","M","R","?","M","E","R","BOSS","M","$","?","M","M","R","?","R","T","E","?","R","$","M","R","BOSS","M","?","M","M","$","E","R","E","T","M","?","R","?","M","R","BOSS"],"build_version":"2020-12-07","purchased_purges":1,"victory":false,"max_hp_per_floor":[70,75,75,75,75,75,75,75,75,75,75,75,75,75,75,75,75,75,75,75,75,75,75,75,75,75,75,75,75,75,75,75,75,75,75,75,75,75,75,75,75,75,75,75,75,75,71,71,71,71,71],"relic_stats":{"Lizard Tail":35,"counters":[24,138],"Mummified Hand":[146],"Bird Faced Urn":[22],"Snecko Eye":[173,193,160,173],"Tiny Chest":1,"Whetstone":["Strike_G","Strike_G"],"Letter Opener":[142],"obtain_stats":[{"Potion Belt":27,"Lantern":28,"Enchiridion":24,"Whetstone":14,"Letter Opener":40,"Akabeko":26,"ClockworkSouvenir":30,"Lizard Tail":39,"Mummified Hand":19,"Bird Faced Urn":42,"Snecko Eye":17,"Tiny Chest":9,"Fusion Hammer":34,"Membership Card":19,"Toxic Egg 2":7,"Ring of the Snake":0},{"Potion Belt":14,"Lantern":14,"Enchiridion":13,"Whetstone":9,"Letter Opener":20,"Akabeko":13,"ClockworkSouvenir":14,"Lizard Tail":19,"Mummified Hand":11,"Bird Faced Urn":21,"Snecko Eye":10,"Tiny Chest":6,"Fusion Hammer":16,"Membership Card":11,"Toxic Egg 2":5,"Ring of the Snake":0},{"Potion Belt":81,"Lantern":81,"Enchiridion":75,"Whetstone":43,"Letter Opener":109,"Akabeko":75,"ClockworkSouvenir":81,"Lizard Tail":103,"Mummified Hand":62,"Bird Faced Urn":117,"Snecko Eye":54,"Tiny Chest":29,"Fusion Hammer":92,"Membership Card":62,"Toxic Egg 2":23,"Ring of the Snake":0}],"Ring of the Snake":[48]},"card_choices":[{"not_picked":["Thinking Ahead","Secret Technique"],"picked":"Mayhem","floor":0},{"not_picked":["Prepared","Underhanded Strike"],"picked":"Poisoned Stab","floor":1},{"not_picked":["Blade Dance","Underhanded Strike"],"picked":"Dagger Spray","floor":3},{"not_picked":["Reflex","Underhanded Strike"],"picked":"Backstab","floor":4},{"not_picked":["Blur","Cloak And Dagger"],"picked":"Noxious Fumes","floor":5},{"not_picked":["All Out Attack","Endless Agony"],"picked":"Burst+1","floor":7},{"not_picked":["Dagger Throw","Underhanded Strike","Bane"],"picked":"SKIP","floor":8},{"not_picked":["Dagger Throw","Calculated Gamble+1"],"picked":"Noxious Fumes","floor":10},{"not_picked":["Tactician+1","Flying Knee"],"picked":"PiercingWail+1","floor":13},{"not_picked":["Quick Slash","Grand Finale","Cloak And Dagger+1"],"picked":"SKIP","floor":14},{"not_picked":["Grand Finale","Malaise+1"],"picked":"Adrenaline+1","floor":16},{"not_picked":["Underhanded Strike","Cloak And Dagger+1"],"picked":"Acrobatics+1","floor":18},{"not_picked":["Riddle With Holes","Dagger Spray"],"picked":"PiercingWail+1","floor":21},{"not_picked":["Dagger Spray+1","Prepared+1"],"picked":"Footwork","floor":22},{"not_picked":["Riddle With Holes","Dagger Spray+1"],"picked":"Doppelganger+1","floor":27},{"not_picked":["Bane+1","Terror+1"],"picked":"Sucker Punch","floor":31},{"not_picked":["Venomology+1","Grand Finale"],"picked":"Wraith Form v2","floor":33},{"not_picked":["Flying Knee","Poisoned Stab","Quick Slash+1"],"picked":"SKIP","floor":35},{"not_picked":["Finisher+1","Cloak And Dagger+1"],"picked":"Backflip+1","floor":37},{"not_picked":["Outmaneuver+1","Dagger Spray"],"picked":"Dodge and Roll+1","floor":38},{"not_picked":["Quick Slash","Heel Hook+1","Blade Dance+1"],"picked":"SKIP","floor":40},{"not_picked":["Eviscerate","Crippling Poison+1"],"picked":"Concentrate+1","floor":42},{"not_picked":["Setup+1","Crippling Poison+1"],"picked":"PiercingWail+1","floor":44},{"not_picked":["Predator","Quick Slash","Dagger Spray+1"],"picked":"SKIP","floor":48}],"player_experience":2832037,"relics_obtained":[{"floor":7,"key":"Toxic Egg 2"},{"floor":9,"key":"Tiny Chest"},{"floor":14,"key":"Whetstone"},{"floor":24,"key":"Enchiridion"},{"floor":26,"key":"Akabeko"},{"floor":27,"key":"Potion Belt"},{"floor":28,"key":"Lantern"},{"floor":40,"key":"Letter Opener"},{"floor":42,"key":"Bird Faced Urn"}],"event_choices":[{"damage_healed":0,"gold_gain":0,"player_choice":"Donut","damage_taken":0,"max_hp_gain":5,"max_hp_loss":0,"event_name":"Big Fish","floor":2,"gold_loss":0},{"damage_healed":18,"gold_gain":0,"player_choice":"Healed","damage_taken":0,"max_hp_gain":0,"max_hp_loss":0,"event_name":"The Cleric","floor":12,"gold_loss":35},{"damage_healed":25,"gold_gain":0,"player_choice":"Heal","damage_taken":0,"max_hp_gain":0,"max_hp_loss":0,"event_name":"The Library","floor":20,"gold_loss":0},{"damage_healed":0,"gold_gain":0,"player_choice":"Obtained Book","damage_taken":16,"max_hp_gain":0,"max_hp_loss":0,"event_name":"Cursed Tome","floor":24,"gold_loss":0},{"damage_healed":0,"gold_gain":0,"player_choice":"Ignored","damage_taken":0,"max_hp_gain":0,"max_hp_loss":0,"event_name":"Tomb of Lord Red Mask","floor":36,"gold_loss":0},{"cards_removed":["Backstab"],"damage_healed":0,"gold_gain":0,"player_choice":"Removed Attack","damage_taken":0,"max_hp_gain":0,"max_hp_loss":0,"event_name":"Falling","floor":45,"gold_loss":0},{"damage_healed":0,"gold_gain":0,"player_choice":"Max HP","damage_taken":0,"max_hp_gain":0,"max_hp_loss":4,"event_name":"Winding Halls","floor":47,"gold_loss":0}],"is_beta":true,"boss_relics":[{"not_picked":["Empty Cage","HoveringKite"],"picked":"Snecko Eye"},{"not_picked":["Calling Bell","SlaversCollar"],"picked":"Fusion Hammer"}],"items_purged_floors":[19],"is_endless":false,"potions_floor_spawned":[1,5,7,8,14,16,27,31,33,35,38,42],"killed_by":"Time Eater","ascension_level":10}}