{"host":"wl5kcyk3ocgwii71","time":1607497195,"event":{"gold_per_floor":[112,112,205,216,216,251,216,236,236,300,300,300,95,20,20,115,115,126,144,162,162,162,193,193,225,225,125,138,149,149,2,2,2,2],"floor_reached":33,"playtime":962,"items_purged":["Strike_G+1","sneckomod:Bewildered"],"score":351,"play_id":"ebcccf96-5def-4c56-9749-b9f01f9dd2aa","local_time":"20201208225955","is_ascension_mode":true,"campfire_choices":[{"data":"Footwork","floor":11,"key":"SMITH"},{"floor":15,"key":"REST"},{"data":"Venomology","floor":24,"key":"SMITH"},{"floor":30,"key":"REST"},{"floor":32,"key":"RECALL"}],"neow_cost":"NONE","seed_source_timestamp":392020789686000,"circlet_count":0,"master_deck":["Strike_G","Strike_G","Strike_G","Strike_G","Defend_G","Defend_G","Defend_G","Defend_G","Defend_G","Survivor","Neutralize+1","PiercingWail","Choke+1","Cloak And Dagger+1","Dagger Spray","Footwork+1","Blade Dance","Backstab","Dodge and Roll","Outmaneuver","Trip","Fluid Movement+1","Venomology+1","Cloak And Dagger","Blade Dance","Fluid Movement+1","Blade Dance+1","Overencumbered","Flechettes+1","Crippling Poison"],"relics":["Ring of the Snake","Ancient Tea Set","Mercury Hourglass","Toy Ornithopter","BargainBundle","Cursed Key","sneckomod:BabySnecko","ReplayTheSpireMod:TigerMarble","Meat on the Bone","Chameleon Ring","Membership Card"],"potions_floor_usage":[6,18,19,20,23,23,23,28,29,33,33],"damage_taken":[{"damage":0,"enemies":"Small Slimes","floor":1,"turns":4},{"damage":2,"enemies":"Jaw Worm","floor":4,"turns":4},{"damage":13,"enemies":"Gremlin Nob","floor":6,"turns":4},{"damage":0,"enemies":"2 Louse","floor":8,"turns":2},{"damage":3,"enemies":"The Guardian","floor":16,"turns":13},{"damage":0,"enemies":"Chosen","floor":18,"turns":3},{"damage":6,"enemies":"Shell Parasite","floor":19,"turns":5},{"damage":5,"enemies":"Snecko","floor":20,"turns":6},{"damage":16,"enemies":"Book of Stabbing","floor":23,"turns":3},{"damage":30,"enemies":"Slavers","floor":25,"turns":7},{"damage":3,"enemies":"Shelled Parasite and Fungi","floor":28,"turns":3},{"damage":9,"enemies":"Centurion and Healer","floor":29,"turns":5},{"damage":84,"enemies":"Champ","floor":33,"turns":11}],"seed_played":"371853204660952250","potions_obtained":[{"floor":1,"key":"Adrenaline Potion"},{"floor":6,"key":"Fire Potion"},{"floor":28,"key":"SkillPotion"}],"is_trial":false,"path_per_floor":["M","?","?","M","?","E","?","M","T","?","R","?","$","?","R","B",null,"M","M","M","?","?","E","R","E","T","$","M","M","R","$","R","B"],"character_chosen":"THE_SILENT","items_purchased":["BargainBundle","Backstab","Dodge and Roll","Outmaneuver","Trip","Explosive Potion","ColorlessPotion","Membership Card"],"campfire_rested":2,"item_purchase_floors":[13,13,13,13,13,13,13,31],"current_hp_per_floor":[70,70,42,40,40,27,44,44,44,44,44,30,30,30,51,48,65,70,66,65,65,65,64,64,34,34,34,36,44,65,65,65,0,0],"gold":2,"neow_bonus":"THREE_CARDS","is_prod":false,"is_daily":false,"chose_seed":false,"campfire_upgraded":2,"win_rate":0,"timestamp":1607497195,"path_taken":["M","?","?","M","?","E","?","?","T","?","R","?","?","?","R","BOSS","M","M","M","?","?","E","R","E","T","$","?","M","R","$","R","BOSS"],"build_version":"2020-11-30","purchased_purges":2,"victory":false,"max_hp_per_floor":[70,70,70,70,70,70,70,70,70,70,70,70,70,70,70,70,70,70,70,70,70,70,70,70,70,70,70,70,70,70,70,70,70,70],"card_choices":[{"not_picked":["Acrobatics","Replay:Poison Smokescreen"],"picked":"PiercingWail","floor":0},{"not_picked":["Expertise","Underhanded Strike"],"picked":"Choke","floor":1},{"not_picked":["Well Laid Plans","All Out Attack"],"picked":"Cloak And Dagger","floor":3},{"not_picked":["Bane","Blur"],"picked":"Dagger Spray","floor":3},{"not_picked":["Quick Slash","Acrobatics","Underhanded Strike"],"picked":"SKIP","floor":4},{"not_picked":["Dodge and Roll","Dagger Spray"],"picked":"Footwork","floor":6},{"not_picked":["Bane","Hidden Blade"],"picked":"Blade Dance","floor":8},{"not_picked":["Calculated Gamble+1","Replay:Poison Smokescreen+1"],"picked":"Fluid Movement+1","floor":14},{"not_picked":["Storm of Steel","Grand Finale"],"picked":"Venomology","floor":16},{"not_picked":["ReplayTheSpireMod:Scrap Shanks","Hidden Blade","Replay:Poison Smokescreen"],"picked":"SKIP","floor":18},{"not_picked":["Catalyst","Prepared"],"picked":"Cloak And Dagger","floor":19},{"not_picked":["Slice+1","Replay:Poison Smokescreen"],"picked":"Blade Dance","floor":20},{"not_picked":["Caltrops","Prepared+1","Underhanded Strike"],"picked":"SKIP","floor":23},{"not_picked":["Unload","Underhanded Strike"],"picked":"Blade Dance+1","floor":25},{"not_picked":["Bane","Bouncing Flask"],"picked":"Flechettes+1","floor":28},{"not_picked":["Sucker Punch+1","Dagger Spray"],"picked":"Crippling Poison","floor":29}],"player_experience":338014,"relics_obtained":[{"floor":3,"key":"Ancient Tea Set"},{"floor":6,"key":"Mercury Hourglass"},{"floor":9,"key":"Toy Ornithopter"},{"floor":23,"key":"ReplayTheSpireMod:TigerMarble"},{"floor":25,"key":"Meat on the Bone"},{"floor":26,"key":"Chameleon Ring"}],"event_choices":[{"damage_healed":0,"gold_gain":0,"player_choice":"Grow","damage_taken":0,"max_hp_gain":0,"max_hp_loss":0,"event_name":"Living Wall","floor":5,"gold_loss":0,"cards_upgraded":["Cloak And Dagger"]},{"damage_healed":17,"gold_gain":0,"player_choice":"Healed","damage_taken":0,"max_hp_gain":0,"max_hp_loss":0,"event_name":"The Cleric","floor":7,"gold_loss":35},{"damage_healed":0,"gold_gain":64,"player_choice":"Gained Gold","damage_taken":0,"max_hp_gain":0,"max_hp_loss":0,"event_name":"Golden Wing","floor":10,"gold_loss":0},{"damage_healed":44,"gold_gain":0,"player_choice":"Upgrade","damage_taken":14,"max_hp_gain":0,"max_hp_loss":70,"event_name":"betterThird:BetterShining","floor":12,"gold_loss":0,"cards_upgraded":["Choke","Strike_G"]},{"damage_healed":0,"gold_gain":0,"player_choice":"2","damage_taken":0,"max_hp_gain":0,"max_hp_loss":0,"event_name":"betterMatch:BetterMatch","floor":14,"gold_loss":0,"cards_obtained":["betterMatch:UncommonCard"]},{"damage_healed":0,"gold_gain":0,"player_choice":"Copied","damage_taken":0,"max_hp_gain":0,"max_hp_loss":0,"event_name":"Duplicator","floor":22,"gold_loss":0,"cards_obtained":["Fluid Movement"]}],"is_beta":false,"boss_relics":[{"not_picked":["HoveringKite","Velvet Choker"],"picked":"Cursed Key"}],"items_purged_floors":[13,27],"is_endless":false,"potions_floor_spawned":[1,6,18,20,28],"killed_by":"Champ","ascension_level":5}}