{"host":"5gc11emcm5chfr5t","time":1607547330,"event":{"gold_per_floor":[113,113,133,143,155,155,155,180,180,193,193,193],"floor_reached":11,"playtime":372,"items_purged":[],"score":98,"play_id":"0b0b9fca-0908-4023-b2c2-c36e0ee32f18","local_time":"20201209155530","is_ascension_mode":true,"campfire_choices":[{"floor":6,"key":"REST"}],"neow_cost":"NONE","seed_source_timestamp":238470299630500,"circlet_count":0,"master_deck":["Strike_G","Strike_G","Strike_G","Strike_G","Strike_G","Defend_G","Defend_G","Defend_G","Defend_G","Defend_G","Survivor","Neutralize","PiercingWail","Blade Dance","Dodge and Roll","Deflect","Pain","Slice","Pain","Calculated Gamble"],"relics":["Cursed Key","Pantograph","WarpedTongs","StoneCalendar","Du-Vu Doll"],"potions_floor_usage":[3,8],"damage_taken":[{"damage":1,"enemies":"2 Louse","floor":1,"turns":3},{"damage":2,"enemies":"Small Slimes","floor":3,"turns":5},{"damage":5,"enemies":"Cultist","floor":4,"turns":4},{"damage":8,"enemies":"Lots of Slimes","floor":5,"turns":4},{"damage":54,"enemies":"Lagavulin","floor":8,"turns":16},{"damage":4,"enemies":"2 Fungi Beasts","floor":10,"turns":3},{"damage":3,"enemies":"3 Sentries","floor":11,"turns":2}],"seed_played":"-878089915188793956","potions_obtained":[{"floor":1,"key":"Poison Potion"},{"floor":5,"key":"Weak Potion"}],"is_trial":false,"path_per_floor":["M","?","M","M","M","R","?","E","T","M","E"],"character_chosen":"THE_SILENT","items_purchased":[],"campfire_rested":1,"item_purchase_floors":[],"current_hp_per_floor":[62,55,53,48,40,61,61,7,7,3,0,0],"gold":193,"neow_bonus":"BOSS_RELIC","is_prod":false,"is_daily":false,"chose_seed":false,"campfire_upgraded":0,"win_rate":0,"timestamp":1607547330,"path_taken":["M","?","M","M","M","R","?","E","T","?","E"],"build_version":"2020-11-30","purchased_purges":0,"victory":false,"max_hp_per_floor":[70,70,70,70,70,70,70,70,70,70,70,70],"card_choices":[{"not_picked":["Eviscerate","Backflip"],"picked":"PiercingWail","floor":1},{"not_picked":["All Out Attack","Dodge and Roll"],"picked":"Blade Dance","floor":3},{"not_picked":["Quick Slash","Acrobatics"],"picked":"Dodge and Roll","floor":4},{"not_picked":["Dodge and Roll","Night Terror"],"picked":"Deflect","floor":5},{"not_picked":["Deadly Poison","Quick Slash"],"picked":"Slice","floor":8},{"not_picked":["Concentrate","Backflip"],"picked":"Calculated Gamble","floor":10}],"player_experience":303371,"relics_obtained":[{"floor":8,"key":"StoneCalendar"},{"floor":9,"key":"Du-Vu Doll"}],"event_choices":[{"damage_healed":0,"gold_gain":0,"player_choice":"Success","damage_taken":7,"relics_obtained":["Pantograph"],"max_hp_gain":0,"max_hp_loss":0,"event_name":"Scrap Ooze","floor":2,"gold_loss":0},{"damage_healed":0,"gold_gain":0,"player_choice":"Rummage","damage_taken":0,"relics_obtained":["WarpedTongs"],"max_hp_gain":0,"max_hp_loss":0,"event_name":"Accursed Blacksmith","floor":7,"gold_loss":0,"cards_obtained":["Pain"]}],"is_beta":false,"boss_relics":[],"items_purged_floors":[],"is_endless":false,"potions_floor_spawned":[1,5],"killed_by":"3 Sentries","ascension_level":6}}