{"host":"ueef25wtkg2eer3h","time":1607552762,"event":{"gold_per_floor":[52,7,44,84,104,150,150,481,560,591,591,591,641,667,667,791,791,801,25,61,61,61,61],"floor_reached":22,"playtime":1001,"items_purged":["Defend_B"],"score":323,"play_id":"d15541de-d325-4059-9cf1-f70fd07de914","local_time":"20201209232602","is_ascension_mode":true,"campfire_choices":[{"floor":7,"key":"REST"},{"floor":11,"key":"REST"},{"data":"HandOfGreed","floor":15,"key":"SMITH"}],"neow_cost":"NO_GOLD","seed_source_timestamp":269921505700,"circlet_count":0,"master_deck":["Strike_B+1","Strike_B+1","Strike_B+1","Strike_B+1","Defend_B+1","Defend_B+1","Defend_B+1","Zap","Dualcast","HandOfGreed+1","Streamline","Go for the Eyes","Coolheaded","Sunder","Turbo","Capacitor","Gash","Stack","Chill","Loop","Electrodynamics","White Noise","Madness","Reinforced Body","Gash","Rip and Tear","Chill+1","Gash"],"relics":["Cracked Core","Matryoshka","Old Coin","Happy Flower","Eternal Feather","Strawberry","Runic Pyramid","Prayer Wheel","Dream Catcher"],"potions_floor_usage":[6,6,10,13,14,14,16,16,22,22],"damage_taken":[{"damage":6,"enemies":"2 Louse","floor":1,"turns":4},{"damage":7,"enemies":"Cultist","floor":3,"turns":5},{"damage":11,"enemies":"Small Slimes","floor":4,"turns":4},{"damage":8,"enemies":"Exordium Wildlife","floor":5,"turns":4},{"damage":18,"enemies":"Lagavulin","floor":6,"turns":5},{"damage":24,"enemies":"Gremlin Nob","floor":8,"turns":4},{"damage":0,"enemies":"Large Slime","floor":10,"turns":4},{"damage":10,"enemies":"Gremlin Gang","floor":13,"turns":4},{"damage":0,"enemies":"3 Sentries","floor":14,"turns":4},{"damage":33,"enemies":"The Guardian","floor":16,"turns":12},{"damage":20,"enemies":"Spheric Guardian","floor":18,"turns":4},{"damage":25,"enemies":"3 Byrds","floor":20,"turns":5},{"damage":22,"enemies":"Snake Plant","floor":22,"turns":1}],"seed_played":"5344835246183921881","potions_obtained":[{"floor":1,"key":"SpeedPotion"},{"floor":5,"key":"Weak Potion"},{"floor":8,"key":"BlessingOfTheForge"},{"floor":12,"key":"LiquidMemories"},{"floor":12,"key":"AttackPotion"},{"floor":12,"key":"GamblersBrew"},{"floor":13,"key":"SteroidPotion"},{"floor":14,"key":"Explosive Potion"},{"floor":16,"key":"PowerPotion"},{"floor":18,"key":"Fire Potion"}],"is_trial":false,"path_per_floor":["M","$","M","M","M","E","R","E","T","M","R","?","M","E","R","B",null,"M","$","M","?","M"],"character_chosen":"DEFECT","items_purchased":["Go for the Eyes","Prayer Wheel","Dream Catcher","Madness","Reinforced Body","Gash","Rip and Tear"],"campfire_rested":2,"item_purchase_floors":[2,19,19,19,19,19,19],"current_hp_per_floor":[62,62,55,44,36,18,40,16,16,16,47,47,37,44,56,23,67,47,47,22,22,0,0],"gold":61,"neow_bonus":"RANDOM_COLORLESS_2","is_prod":false,"is_daily":false,"chose_seed":false,"campfire_upgraded":1,"win_rate":0,"timestamp":1607552762,"path_taken":["M","$","M","M","M","E","R","E","T","M","R","?","M","E","R","BOSS","M","$","?","?","M"],"build_version":"2020-11-30","purchased_purges":1,"victory":false,"max_hp_per_floor":[75,75,75,75,75,75,75,75,75,75,75,75,75,82,82,82,82,82,82,82,82,82,82],"card_choices":[{"not_picked":["Metamorphosis","Thinking Ahead"],"picked":"HandOfGreed","floor":0},{"not_picked":["Compile Driver","Doom and Gloom"],"picked":"Streamline","floor":1},{"not_picked":["Compile Driver","Blizzard"],"picked":"Coolheaded","floor":3},{"not_picked":["Sweeping Beam","Skim"],"picked":"Sunder","floor":4},{"not_picked":["Blizzard","Force Field"],"picked":"Turbo","floor":5},{"not_picked":["Biased Cognition","Tempest"],"picked":"Capacitor","floor":6},{"not_picked":["Consume","Leap"],"picked":"Gash","floor":8},{"not_picked":["Cold Snap","Lockon"],"picked":"Stack","floor":10},{"not_picked":["Hello World","Steam Power"],"picked":"Chill","floor":13},{"not_picked":["Compile Driver","Hologram"],"picked":"Loop","floor":14},{"not_picked":["Reboot","Core Surge"],"picked":"Electrodynamics","floor":16},{"not_picked":["Capacitor","Conserve Battery+1"],"picked":"White Noise","floor":18},{"not_picked":["Leap","Storm"],"picked":"Chill+1","floor":20},{"not_picked":["Gash","Streamline","Redo"],"picked":"SKIP","floor":20},{"not_picked":["Streamline","Redo"],"picked":"Gash","floor":20}],"player_experience":219118,"relics_obtained":[{"floor":6,"key":"Matryoshka"},{"floor":8,"key":"Old Coin"},{"floor":9,"key":"Happy Flower"},{"floor":9,"key":"Eternal Feather"},{"floor":14,"key":"Strawberry"}],"event_choices":[{"damage_healed":0,"gold_gain":0,"player_choice":"Got Potions","damage_taken":0,"max_hp_gain":0,"max_hp_loss":0,"event_name":"Lab","floor":12,"gold_loss":0},{"damage_healed":0,"gold_gain":0,"player_choice":"Simplicity","damage_taken":0,"max_hp_gain":0,"max_hp_loss":0,"event_name":"Back to Basics","floor":21,"gold_loss":0,"cards_upgraded":["Strike_B","Strike_B","Strike_B","Strike_B","Defend_B","Defend_B","Defend_B"]}],"is_beta":false,"boss_relics":[{"not_picked":["Pandora\u0027s Box","Busted Crown"],"picked":"Runic Pyramid"}],"items_purged_floors":[19],"is_endless":false,"potions_floor_spawned":[1,5,8,13,14,16,18],"killed_by":"Snake Plant","ascension_level":8}}