{"host":"woah5shdh5xsovm3","time":1607543869,"event":{"gold_per_floor":[111,127,142,142,142,142,161,186,186,204,204,223,223,73,163,163,163],"floor_reached":16,"playtime":526,"items_purged":[],"score":102,"play_id":"92f8900a-f3de-422d-b8b1-f17a6d0c98cd","local_time":"20201209135749","is_ascension_mode":false,"campfire_choices":[{"data":"HollowMod:InfectedCysts","floor":6,"key":"SMITH"},{"floor":11,"key":"REST"}],"neow_cost":"NONE","seed_source_timestamp":663144358766500,"circlet_count":0,"master_deck":["HollowMod:NailStrikeStart","HollowMod:NailStrikeStart","HollowMod:NailStrikeStart","HollowMod:QuickDashStart","HollowMod:QuickDashStart","HollowMod:QuickDashStart","HollowMod:QuickDashStart","HollowMod:FocusHealStart","HollowMod:PogoStrike","HollowMod:InfectedCysts+1","HollowMod:InfectedCysts+1","HollowMod:NewGlowingWomb","HollowMod:NewGlowingWomb","Injury"],"relics":["HollowMod:VesselMask","hubris:PeanutButter","The Courier","Golden Idol","HollowMod:StagPassRelic"],"potions_floor_usage":[8,16],"damage_taken":[{"damage":7,"enemies":"Jaw Worm","floor":1,"turns":5},{"damage":5,"enemies":"2 Louse","floor":2,"turns":2},{"damage":8,"enemies":"Cultist","floor":3,"turns":5},{"damage":16,"enemies":"Exordium Wildlife","floor":7,"turns":2},{"damage":25,"enemies":"Gremlin Nob","floor":8,"turns":5},{"damage":0,"enemies":"3 Louse","floor":10,"turns":1},{"damage":5,"enemies":"2 Fungi Beasts","floor":12,"turns":2},{"damage":56,"enemies":"Slime Boss","floor":16,"turns":11}],"seed_played":"-2749789539121680185","potions_obtained":[{"floor":2,"key":"Weak Potion"},{"floor":8,"key":"LifebloodPotion"}],"is_trial":false,"path_per_floor":["M","M","M","?","?","R","M","E","T","M","R","M","?","?","R","B"],"character_chosen":"THE_BUGKNIGHT","items_purchased":[],"campfire_rested":1,"item_purchase_floors":[],"current_hp_per_floor":[75,70,72,72,72,72,56,31,31,31,53,48,48,48,48,0,0],"gold":163,"neow_bonus":"TRANSFORM_CARD","is_prod":false,"is_daily":false,"chose_seed":false,"campfire_upgraded":1,"win_rate":0,"timestamp":1607543869,"path_taken":["M","M","M","?","?","R","?","E","T","M","R","M","?","?","R","BOSS"],"build_version":"2020-11-30","purchased_purges":0,"victory":false,"max_hp_per_floor":[75,75,75,75,75,75,75,75,75,75,75,75,75,75,75,75,75],"card_choices":[{"not_picked":["HollowMod:FallenFury","HollowMod:CycloneSlash","HollowMod:AbyssShriek"],"picked":"SKIP","floor":1},{"not_picked":["HollowMod:SharpenedNail","HollowMod:DashSlash","HollowMod:DesolateDive"],"picked":"SKIP","floor":2},{"not_picked":["HollowMod:LifebloodCocoon","HollowMod:GoodIntentions"],"picked":"HollowMod:InfectedCysts","floor":3},{"not_picked":["HollowMod:DescendingDark","HollowMod:CycloneSlash"],"picked":"HollowMod:NewGlowingWomb","floor":7},{"not_picked":["HollowMod:PureVessel","HollowMod:MantisMark","HollowMod:SoulMaster"],"picked":"SKIP","floor":8},{"not_picked":["HollowMod:NewLittleFool","HollowMod:DashSlash","HollowMod:DescendingDark"],"picked":"SKIP","floor":10},{"not_picked":["HollowMod:DungDefenderAura","HollowMod:MonarchWings"],"picked":"HollowMod:NewGlowingWomb","floor":12}],"player_experience":362720,"relics_obtained":[{"floor":8,"key":"hubris:PeanutButter"},{"floor":9,"key":"The Courier"}],"event_choices":[{"damage_healed":0,"gold_gain":0,"player_choice":"Upgraded","damage_taken":0,"max_hp_gain":0,"max_hp_loss":0,"event_name":"Upgrade Shrine","floor":5,"gold_loss":0,"cards_upgraded":["HollowMod:InfectedCysts"]},{"damage_healed":0,"gold_gain":0,"player_choice":"Take Wound","damage_taken":0,"relics_obtained":["Golden Idol"],"max_hp_gain":0,"max_hp_loss":0,"event_name":"Golden Idol","floor":13,"gold_loss":0,"cards_obtained":["Injury"]}],"is_beta":false,"boss_relics":[],"items_purged_floors":[],"is_endless":false,"potions_floor_spawned":[2,8],"killed_by":"Slime Boss","ascension_level":0}}