{"host":"hjw1ay65n7jm40lc","time":1607537280,"event":{"gold_per_floor":[159,234,245,264,229,257,257,277,277,277,306,306,306,340,340,445,445,445,445,8,8,8,8,8,8,8,8,8,8,8,8,8,8,8,8,8,8,8,8,8,8,8,8,8,8,8,8,8,8,8,8,8,8,8,8],"floor_reached":56,"playtime":7805,"items_purged":[],"score":1469,"play_id":"335a6300-470a-4747-90cf-aeea243ae3ce","local_time":"20201209130800","is_ascension_mode":true,"campfire_choices":[{"data":"Footwork","floor":7.0,"key":"SMITH"},{"floor":12.0,"key":"REST"},{"data":"Noxious Fumes","floor":15.0,"key":"SMITH"},{"data":"Adrenaline","floor":23.0,"key":"SMITH"},{"data":"Footwork","floor":28.0,"key":"SMITH"},{"data":"Blade Dance","floor":32.0,"key":"SMITH"},{"floor":40,"key":"RECALL"},{"data":"Distraction","floor":44,"key":"SMITH"},{"data":"Leg Sweep","floor":49,"key":"SMITH"},{"data":"Neutralize","floor":52,"key":"SMITH"}],"neow_cost":"NONE","seed_source_timestamp":0,"circlet_count":0,"master_deck":["Strike_G","Strike_G+1","Strike_G","Strike_G","Defend_G","Defend_G","Defend_G","Defend_G+1","Defend_G","Survivor","Neutralize+1","Quick Slash","Blade Dance+1","Dagger Spray","Footwork+1","All Out Attack","Calculated Gamble","Noxious Fumes+1","Adrenaline+1","Sucker Punch+1","Footwork+1","Backstab+1","Distraction+1","Leg Sweep+1","Predator+1","PiercingWail+1","Backstab+1","Corpse Explosion","Leg Sweep+1","PiercingWail+1","Catalyst+1","Noxious Fumes+1","Backstab+1","Catalyst+1"],"special_seed":0,"relics":["Tiny House","Blood Vial","Lantern","HornCleat","Dead Branch","Ectoplasm","Membership Card","Molten Egg 2","Pear","CultistMask","Bottled Tornado","Nunchaku","Eternal Feather","Red Mask","Dream Catcher","Philosopher\u0027s Stone","Calipers","Question Card","Thread and Needle","War Paint"],"potions_floor_usage":[42,50,55,55,55,55,55],"damage_taken":[{"damage":0.0,"enemies":"Jaw Worm","floor":1.0,"turns":3.0},{"damage":2.0,"enemies":"2 Louse","floor":3.0,"turns":2.0},{"damage":0.0,"enemies":"Cultist","floor":4.0,"turns":3.0},{"damage":24.0,"enemies":"3 Sentries","floor":6.0,"turns":9.0},{"damage":0.0,"enemies":"Blue Slaver","floor":8.0,"turns":4.0},{"damage":20.0,"enemies":"Gremlin Nob","floor":11.0,"turns":4.0},{"damage":0.0,"enemies":"Gremlin Gang","floor":13.0,"turns":1.0},{"damage":10.0,"enemies":"Lagavulin","floor":14.0,"turns":7.0},{"damage":16.0,"enemies":"Slime Boss","floor":16.0,"turns":9.0},{"damage":0.0,"enemies":"3 Byrds","floor":18.0,"turns":3.0},{"damage":10.0,"enemies":"Shell Parasite","floor":19.0,"turns":6.0},{"damage":22.0,"enemies":"Chosen and Byrds","floor":22.0,"turns":5.0},{"damage":0.0,"enemies":"Book of Stabbing","floor":24.0,"turns":4.0},{"damage":2.0,"enemies":"Snake Plant","floor":25.0,"turns":3.0},{"damage":19.0,"enemies":"Gremlin Leader","floor":27.0,"turns":5.0},{"damage":7.0,"enemies":"Masked Bandits","floor":29.0,"turns":3.0},{"damage":0.0,"enemies":"Centurion and Healer","floor":30.0,"turns":5.0},{"damage":3.0,"enemies":"Slavers","floor":31.0,"turns":4.0},{"damage":16.0,"enemies":"Automaton","floor":33.0,"turns":11.0},{"damage":17,"enemies":"3 Darklings","floor":35,"turns":2},{"damage":0,"enemies":"Orb Walker","floor":36,"turns":2},{"damage":0,"enemies":"Mind Bloom Boss Battle","floor":37,"turns":4},{"damage":0,"enemies":"4 Shapes","floor":39,"turns":2},{"damage":0,"enemies":"Reptomancer","floor":42,"turns":5},{"damage":0,"enemies":"Maw","floor":45,"turns":4},{"damage":0,"enemies":"Nemesis","floor":46,"turns":5},{"damage":0,"enemies":"Transient","floor":48,"turns":5},{"damage":18,"enemies":"Donu and Deca","floor":50,"turns":5},{"damage":4,"enemies":"Shield and Spear","floor":54,"turns":4},{"damage":72,"enemies":"The Heart","floor":55,"turns":7}],"seed_played":"-5436833002575463076","potions_obtained":[{"floor":0.0,"key":"SmokeBomb"},{"floor":4.0,"key":"LiquidBronze"},{"floor":6.0,"key":"Weak Potion"},{"floor":11.0,"key":"DistilledChaos"},{"floor":19.0,"key":"LiquidBronze"},{"floor":22.0,"key":"FearPotion"},{"floor":27.0,"key":"ColorlessPotion"},{"floor":29.0,"key":"FearPotion"},{"floor":30.0,"key":"Weak Potion"},{"floor":35,"key":"EntropicBrew"},{"floor":45,"key":"SkillPotion"},{"floor":48,"key":"GhostInAJar"},{"floor":54,"key":"Weak Potion"}],"is_trial":false,"path_per_floor":["M","?","M","M","?","E","R","M","T","?","E","R","M","E","R","B",null,"M","M","$","?","M","R","E","M","T","E","R","?","M","E","R","B",null,"M","M","?","?","M","R","$","E","T","R","M","E","$","M","R","B",null,"R","$","E","B",null],"character_chosen":"THE_SILENT","items_purchased":["Membership Card","Molten Egg 2","Pear","Footwork"],"campfire_rested":1,"item_purchase_floors":[20,20,20,20],"current_hp_per_floor":[75,64,62,62,75,51,51,53,53,53,35,57,59,51,51,37,75,75,65,75,75,55,55,57,57,57,40,55,50,52,51,66,52,85,68,70,72,72,74,85,85,85,85,85,85,85,85,85,85,67,85,85,85,81,11],"gold":8,"neow_bonus":"BOSS_RELIC","is_prod":false,"is_daily":false,"chose_seed":false,"campfire_upgraded":8,"win_rate":0,"timestamp":1607537280,"path_taken":["M","?","M","M","?","E","R","M","T","?","E","R","?","E","R","BOSS","M","M","$","?","M","R","E","?","T","E","R","?","M","E","R","BOSS","M","M","?","?","M","R","$","E","T","R","M","E","?","M","R","BOSS","R","$","E","BOSS"],"build_version":"2020-11-30","purchased_purges":0,"victory":true,"max_hp_per_floor":[75,75,75,75,75,75,75,75,75,75,75,75,75,75,75,75,75,75,75,85,85,85,85,85,85,85,85,85,85,85,85,85,85,85,85,85,85,85,85,85,85,85,85,85,85,85,85,85,85,85,85,85,85,85,85],"relic_stats":{"Blood Vial":34,"Nunchaku":[29],"Dream Catcher":0,"counters":[30,136],"Dead Branch":[300],"Eternal Feather":41,"Ectoplasm":771,"War Paint":["PiercingWail","Defend_G"],"Question Card":4,"obtain_stats":[{"Lantern":9,"Tiny House":0,"Pear":20,"Calipers":37,"Dead Branch":14,"Eternal Feather":27,"Thread and Needle":46,"Bottled Tornado":24,"War Paint":54,"Question Card":42,"Blood Vial":6,"Nunchaku":26,"Dream Catcher":31,"HornCleat":11,"Molten Egg 2":20,"Philosopher\u0027s Stone":34,"Ectoplasm":17,"CultistMask":21,"Red Mask":29,"Membership Card":20,"Ring of the Snake":0},{"Lantern":5,"Tiny House":0,"Pear":11,"Calipers":22,"Dead Branch":8,"Eternal Feather":15,"Thread and Needle":26,"Bottled Tornado":13,"War Paint":29,"Question Card":24,"Blood Vial":4,"Nunchaku":14,"Dream Catcher":18,"HornCleat":6,"Molten Egg 2":11,"Philosopher\u0027s Stone":19,"Ectoplasm":9,"CultistMask":11,"Red Mask":16,"Membership Card":11,"Ring of the Snake":0},{"Lantern":21,"Tiny House":0,"Pear":51,"Calipers":99,"Dead Branch":33,"Eternal Feather":68,"Thread and Needle":115,"Bottled Tornado":60,"War Paint":129,"Question Card":106,"Blood Vial":17,"Nunchaku":63,"Dream Catcher":80,"HornCleat":25,"Molten Egg 2":51,"Philosopher\u0027s Stone":91,"Ectoplasm":42,"CultistMask":51,"Red Mask":71,"Membership Card":51,"Ring of the Snake":0}]},"card_choices":[{"not_picked":["Choke","Flying Knee"],"picked":"Quick Slash","floor":0.0},{"not_picked":["Dodge and Roll","PiercingWail"],"picked":"Blade Dance","floor":1.0},{"not_picked":["Heel Hook","Endless Agony"],"picked":"Dagger Spray","floor":3.0},{"not_picked":["Blur","Quick Slash"],"picked":"Footwork","floor":4.0},{"not_picked":["Expertise","Blade Dance"],"picked":"All Out Attack","floor":6.0},{"not_picked":["Bane","Prepared","Endless Agony"],"picked":"SKIP","floor":8.0},{"not_picked":["Endless Agony","Eviscerate"],"picked":"Calculated Gamble","floor":11.0},{"not_picked":["Choke","Catalyst"],"picked":"Noxious Fumes","floor":14.0},{"not_picked":["Tools of the Trade","Phantasmal Killer"],"picked":"Adrenaline","floor":16.0},{"not_picked":["Acrobatics+1","Underhanded Strike"],"picked":"Sucker Punch+1","floor":18.0},{"not_picked":["Tactician","Caltrops","Prepared"],"picked":"SKIP","floor":19.0},{"not_picked":["Flying Knee+1","Dagger Throw+1"],"picked":"Backstab+1","floor":22.0},{"not_picked":["Prepared+1","Flying Knee+1"],"picked":"Distraction","floor":24.0},{"not_picked":["Riddle With Holes+1","Dash+1"],"picked":"Leg Sweep","floor":25.0},{"not_picked":["Sucker Punch+1","Bouncing Flask+1"],"picked":"Predator+1","floor":27.0},{"not_picked":["Slice+1","Infinite Blades"],"picked":"PiercingWail","floor":29.0},{"not_picked":["Dodge and Roll","Venomology"],"picked":"Backstab+1","floor":30.0},{"not_picked":["Slice+1","Deflect","Leg Sweep"],"picked":"SKIP","floor":31.0},{"not_picked":["Wraith Form v2","Glass Knife+1"],"picked":"Corpse Explosion","floor":33.0},{"not_picked":["Underhanded Strike+1","Bane+1"],"picked":"Leg Sweep+1","floor":35},{"not_picked":["Outmaneuver+1","Deflect+1","Dagger Spray+1"],"picked":"SKIP","floor":36},{"not_picked":["Sucker Punch+1","Outmaneuver"],"picked":"PiercingWail+1","floor":37},{"not_picked":["Deadly Poison","Deflect","Quick Slash+1"],"picked":"SKIP","floor":39},{"not_picked":["Eviscerate+1","Dash+1","Bane+1"],"picked":"SKIP","floor":42},{"not_picked":["Caltrops+1","Footwork","Tools of the Trade"],"picked":"Catalyst+1","floor":45},{"not_picked":["Quick Slash+1","Bane+1","Poisoned Stab+1"],"picked":"Noxious Fumes+1","floor":46},{"not_picked":["Blade Dance+1","Poisoned Stab+1","Acrobatics+1"],"picked":"Backstab+1","floor":48},{"not_picked":["Dodge and Roll","Underhanded Strike+1","Cloak And Dagger"],"picked":"Catalyst+1","floor":54}],"player_experience":75662,"relics_obtained":[{"floor":6.0,"key":"Blood Vial"},{"floor":9.0,"key":"Lantern"},{"floor":11.0,"key":"HornCleat"},{"floor":14.0,"key":"Dead Branch"},{"floor":24.0,"key":"Bottled Tornado"},{"floor":26.0,"key":"Nunchaku"},{"floor":27.0,"key":"Eternal Feather"},{"floor":29.0,"key":"Red Mask"},{"floor":31.0,"key":"Dream Catcher"},{"floor":37,"key":"Calipers"},{"floor":42,"key":"Question Card"},{"floor":46,"key":"Thread and Needle"},{"floor":54,"key":"War Paint"}],"event_choices":[{"damage_healed":0.0,"max_hp_gain":0.0,"max_hp_loss":0.0,"gold_gain":75.0,"event_name":"World of Goop","player_choice":"Gather Gold","floor":2.0,"gold_loss":0.0,"damage_taken":11.0},{"damage_healed":18.0,"max_hp_gain":0.0,"max_hp_loss":0.0,"gold_gain":0.0,"event_name":"The Cleric","player_choice":"Healed","floor":5.0,"gold_loss":35.0,"damage_taken":0.0},{"cards_removed":["Strike_G"],"damage_healed":0.0,"max_hp_gain":0.0,"max_hp_loss":0.0,"gold_gain":0.0,"event_name":"Purifier","player_choice":"Purged","floor":10.0,"gold_loss":0.0,"damage_taken":0.0},{"damage_healed":0.0,"max_hp_gain":0.0,"max_hp_loss":0.0,"gold_gain":0.0,"event_name":"FaceTrader","player_choice":"Trade","floor":21.0,"gold_loss":0.0,"damage_taken":0.0,"relics_obtained":["CultistMask"]},{"damage_healed":0.0,"max_hp_gain":0.0,"max_hp_loss":0.0,"gold_gain":0.0,"event_name":"Masked Bandits","player_choice":"Fought Bandits","floor":29.0,"gold_loss":0.0,"damage_taken":0.0},{"damage_healed":0,"gold_gain":0,"player_choice":"Fight","damage_taken":0,"max_hp_gain":0,"max_hp_loss":0,"event_name":"MindBloom","floor":37,"gold_loss":0},{"damage_healed":0,"gold_gain":222,"player_choice":"Wore Mask","damage_taken":0,"max_hp_gain":0,"max_hp_loss":0,"event_name":"Tomb of Lord Red Mask","floor":38,"gold_loss":0}],"is_beta":false,"boss_relics":[{"not_picked":["Runic Pyramid","SacredBark"],"picked":"Ectoplasm"},{"not_picked":["Black Star","Astrolabe"],"picked":"Philosopher\u0027s Stone"}],"items_purged_floors":[],"is_endless":false,"potions_floor_spawned":[4,6,11,13,19,22,27,29,30,35,37,45,48,54],"ascension_level":2}}