{"host":"xeomgo6joa8vwt8r","time":1607499538,"event":{"gold_per_floor":[110,60,60,60,75,75,101,50,50,65,65,91,106,124,124,220,220,239,252,1,1,1,32,32,48,48,48,80,93,118,128,128,229,229,248,21,71,71,171,171,182,215,215,226,253,273,283,0,0,98,148,158,158,171,182,196,222,233,233,233,252,252,273,285,300,300,379,379,393,393,397,397,397,397,418,416,416,439,439,439,449,449,449,526,526,529,751,599,610,610,621,625,625,699,699,699,719,719,733,733,810,810,820,820,878,898,775,775,789,789,789,789,79,79,98,125,125,219,219,230,230,248,262,262,286,286,286,286,286,303,316,316,65,65,155,155,170,170,178,278,293,293,321,321,346,371,371,371,371,371,371,423,423,433,433,444,454,454,453,453,471,471,503,521,550,566,316,316,347,347,361,361,361,59,59,59,87,12,66,66,84,84,84,84],"floor_reached":183,"playtime":7478,"items_purged":["Redo","Reaper","aspiration:Polymerization+1"],"score":4769,"play_id":"c3cd63a3-9987-4c68-9b94-dfa34d7434d2","local_time":"20201209023858","is_ascension_mode":true,"campfire_choices":[{"data":"Flex","floor":11.0,"key":"SMITH"},{"floor":15.0,"key":"REST"},{"data":"Demon Form","floor":27.0,"key":"SMITH"},{"data":"Demon Form","floor":32.0,"key":"SMITH"},{"data":"infinitespire:OneForAll","floor":40.0,"key":"SMITH"},{"data":"Barricade","floor":49.0,"key":"SMITH"},{"data":"Rainbow","floor":59.0,"key":"SMITH"},{"data":"aspiration:Polymerization","floor":62.0,"key":"SMITH"},{"data":"Loop","floor":66.0,"key":"SMITH"},{"data":"aspiration:Polymerization","floor":74.0,"key":"SMITH"},{"data":"Ball Lightning","floor":80,"key":"SMITH"},{"data":"Entrench","floor":83,"key":"SMITH"},{"data":"Defragment","floor":93,"key":"SMITH"},{"data":"Madness","floor":100,"key":"SMITH"},{"floor":108,"key":"DIG"},{"floor":110,"key":"DIG"},{"floor":112,"key":"DIG"},{"floor":117,"key":"DIG"},{"floor":126,"key":"DIG"},{"floor":129,"key":"DIG"},{"floor":132,"key":"DIG"},{"floor":134,"key":"DIG"},{"floor":142,"key":"DIG"},{"floor":144,"key":"DIG"},{"floor":147,"key":"DIG"},{"floor":151,"key":"DIG"},{"floor":160,"key":"DIG"},{"floor":168,"key":"DIG"},{"data":"1","floor":176,"key":"LIFT"},{"data":"2","floor":180,"key":"LIFT"},{"data":"3","floor":182,"key":"LIFT"}],"neow_cost":"NONE","seed_source_timestamp":1158783407479900,"circlet_count":0,"master_deck":["Strike_R+1","Strike_R+1","Strike_R+1","Strike_R+1","Strike_R+1","Defend_R+1","Defend_R+1","Defend_R+1","Defend_R+1","Heavy Blade+1","Flex+1","infinitespire:OneForAll+1","Demon Form+1","Ball Lightning+1","Defragment+1","Demon Form+1","Storm+1","Conserve Battery+1","Barricade+1","Lockon+1","Spot Weakness+1","Turbo+1","Genetic Algorithm","aspiration:Polymerization+1","Loop+1","Heavy Blade+1","Flex+1","Entrench+1","infinitespire:Punishment+1","Lockon+1","Madness+1","Madness+1","hubris:Fate","Seeing Red+1","infinitespire:Fortify","Inflame","Rip and Tear+1","Twin Strike+1","Heavy Blade+1"],"special_seed":0,"relics":["Burning Blood","NeowsBlessing","hubris:Towel","aspiration:BabyByrd","DemoMod:SerJunkan","DemoMod:Junk","infinitespire:BottledMercury","aspiration:DefectSkillbook","hubris:IronBody","hubris:ChampionShield","DemoMod:GlassGuonStoneRelic","hubris:BottledHeart","infinitespire:EmpoweringShard","Whetstone","Blue Candle","Black Star","Vajra","DemoMod:VorpalBullet","aspiration:FaultyCoupler","HornCleat","infinitespire:WardingShard","Oddly Smooth Stone","Red Mask","Tiny House","Bag of Preparation","Boot","Molten Egg 2","hubris:FunFungus","hubris:GlazedTorus","Charon\u0027s Ashes","aspiration:Stellarator","OrangePellets","White Beast Statue","Ginger","Paper Frog","Happy Flower","hubris:ScarierMask","Lee\u0027s Waffle","aspiration:TomeofQuesting","infinitespire:Beetle Shell","Bottled Flame","hubris:BottledRain","hubris:SlimyHat","infinitespire:Burning Sword","Juzu Bracelet","Shovel","DemoMod:PoisonVial","Bottled Tornado","infinitespire:ShieldingShard","Strange Spoon","Incense Burner","DemoMod:MeltedRock","Pear","Mummified Hand","Busted Crown","hubris:MysteriousPyramids","Potion Belt","DemoMod:AgedBell","Lizard Tail","Pocketwatch","hubris:MedicalManual","Omamori","Brimstone","Ancient Tea Set","Philosopher\u0027s Stone","infinitespire:Bottled Soul","DemoMod:Metronome","hubris:Zylophone","PreservedInsect","Lantern","hubris:PeanutButter","Nunchaku","FossilizedHelix","Thread and Needle","DemoMod:ClearGuonStone","War Paint","Bronze Scales","CaptainsWheel","Mercury Hourglass","Red Skull","hubris:CrystalStatue","DemoMod:BlueGuonStone","hubris:HollowSoul","Bag of Marbles","Girya","Shuriken","Eternal Feather"],"potions_floor_usage":[75,78,84,86,152,152,169],"damage_taken":[{"damage":0.0,"enemies":"Cultist","floor":1.0,"turns":1.0},{"damage":0.0,"enemies":"Small Slimes","floor":5.0,"turns":1.0},{"damage":0.0,"enemies":"Gremlin Nob","floor":7.0,"turns":1.0},{"damage":2.0,"enemies":"Jaw Worm","floor":10.0,"turns":2.0},{"damage":31.0,"enemies":"3 Sentries","floor":12.0,"turns":8.0},{"damage":25.0,"enemies":"Gremlin Gang","floor":13.0,"turns":5.0},{"damage":0.0,"enemies":"Blue Slaver","floor":14.0,"turns":2.0},{"damage":52.0,"enemies":"Slime Boss","floor":16.0,"turns":13.0},{"damage":24.0,"enemies":"2 Thieves","floor":18.0,"turns":4.0},{"damage":7.0,"enemies":"Chosen","floor":19.0,"turns":3.0},{"damage":35.0,"enemies":"Nightmare","floor":23.0,"turns":7.0},{"damage":0.0,"enemies":"Centurion and Healer","floor":25.0,"turns":5.0},{"damage":0.0,"enemies":"Slavers","floor":28.0,"turns":5.0},{"damage":0.0,"enemies":"Snake Plant","floor":29.0,"turns":3.0},{"damage":0.0,"enemies":"Book of Stabbing","floor":30.0,"turns":4.0},{"damage":0.0,"enemies":"Cultist and Chosen","floor":31.0,"turns":6.0},{"damage":0.0,"enemies":"hubris:MusketHawk","floor":33.0,"turns":7.0},{"damage":0.0,"enemies":"3 Darklings","floor":35.0,"turns":6.0},{"damage":0.0,"enemies":"Mind Bloom Boss Battle","floor":37.0,"turns":3.0},{"damage":0.0,"enemies":"Orb Walker","floor":41.0,"turns":3.0},{"damage":0.0,"enemies":"Nemesis","floor":42.0,"turns":1.0},{"damage":0.0,"enemies":"Sphere and 2 Shapes","floor":44.0,"turns":3.0},{"damage":0.0,"enemies":"Reptomancer","floor":45.0,"turns":7.0},{"damage":0.0,"enemies":"Maw","floor":46.0,"turns":4.0},{"damage":0.0,"enemies":"Jaw Worm Horde","floor":47.0,"turns":4.0},{"damage":0.0,"enemies":"infinitespire:MassOfShapes","floor":50.0,"turns":9.0},{"damage":0.0,"enemies":"Jaw Worm","floor":52.0,"turns":1.0},{"damage":0.0,"enemies":"2 Louse","floor":54.0,"turns":1.0},{"damage":0.0,"enemies":"Cultist","floor":55.0,"turns":1.0},{"damage":0.0,"enemies":"Exordium Thugs","floor":56.0,"turns":1.0},{"damage":0.0,"enemies":"Gremlin Nob","floor":57.0,"turns":3.0},{"damage":0.0,"enemies":"Looter","floor":58.0,"turns":1.0},{"damage":0.0,"enemies":"Lagavulin","floor":61.0,"turns":4.0},{"damage":0.0,"enemies":"3 Sentries","floor":63.0,"turns":3.0},{"damage":0.0,"enemies":"3 Louse","floor":64.0,"turns":1.0},{"damage":0.0,"enemies":"Exordium Wildlife","floor":65.0,"turns":2.0},{"damage":0.0,"enemies":"The Guardian","floor":67.0,"turns":5.0},{"damage":0.0,"enemies":"Spheric Guardian","floor":69.0,"turns":1.0},{"damage":0.0,"enemies":"2 Thieves","floor":71.0,"turns":2.0},{"damage":0,"enemies":"Nightmare","floor":75,"turns":5},{"damage":0,"enemies":"Shelled Parasite and Fungi","floor":76,"turns":4},{"damage":0,"enemies":"Book of Stabbing","floor":78,"turns":4},{"damage":0,"enemies":"Snecko","floor":81,"turns":2},{"damage":0,"enemies":"hubris:MusketHawk","floor":84,"turns":6},{"damage":0,"enemies":"3 Darklings","floor":86,"turns":2},{"damage":0,"enemies":"Orb Walker","floor":89,"turns":2},{"damage":0,"enemies":"Writhing Mass","floor":90,"turns":4},{"damage":0,"enemies":"Nightmare","floor":91,"turns":6},{"damage":0,"enemies":"3 Darklings","floor":92,"turns":2},{"damage":0,"enemies":"Reptomancer","floor":97,"turns":3},{"damage":0,"enemies":"4 Shapes","floor":99,"turns":1},{"damage":0,"enemies":"Time Eater","floor":101,"turns":8},{"damage":0,"enemies":"Small Slimes","floor":103,"turns":1},{"damage":0,"enemies":"3 Sentries","floor":105,"turns":1},{"damage":0,"enemies":"2 Louse","floor":106,"turns":1},{"damage":0,"enemies":"Jaw Worm","floor":109,"turns":1},{"damage":0,"enemies":"Exordium Wildlife","floor":115,"turns":1},{"damage":0,"enemies":"Lagavulin","floor":116,"turns":1},{"damage":0,"enemies":"Hexaghost","floor":118,"turns":2},{"damage":0,"enemies":"3 Byrds","floor":120,"turns":1},{"damage":0,"enemies":"Chosen","floor":122,"turns":1},{"damage":0,"enemies":"Sentry and Sphere","floor":123,"turns":1},{"damage":0,"enemies":"Book of Stabbing","floor":125,"turns":1},{"damage":0,"enemies":"Nightmare_Alpha","floor":130,"turns":3},{"damage":0,"enemies":"Centurion and Healer","floor":131,"turns":1},{"damage":0,"enemies":"Champ","floor":135,"turns":2},{"damage":0,"enemies":"Orb Walker","floor":137,"turns":1},{"damage":0,"enemies":"3 Shapes","floor":139,"turns":1},{"damage":0,"enemies":"Spire Growth","floor":141,"turns":1},{"damage":0,"enemies":"Reptomancer","floor":143,"turns":1},{"damage":0,"enemies":"Giant Head","floor":146,"turns":1},{"damage":0,"enemies":"infinitespire:LordOfFortification","floor":152,"turns":10},{"damage":0,"enemies":"Small Slimes","floor":154,"turns":1},{"damage":0,"enemies":"2 Louse","floor":156,"turns":1},{"damage":0,"enemies":"Jaw Worm","floor":157,"turns":1},{"damage":0,"enemies":"3 Sentries","floor":159,"turns":1},{"damage":0,"enemies":"Large Slime","floor":161,"turns":1},{"damage":0,"enemies":"Gremlin Nob","floor":163,"turns":1},{"damage":0,"enemies":"Gremlin Gang","floor":164,"turns":1},{"damage":0,"enemies":"Lagavulin","floor":165,"turns":1},{"damage":0,"enemies":"3 Louse","floor":166,"turns":1},{"damage":0,"enemies":"infinitespire:LordOfFortification","floor":169,"turns":14},{"damage":0,"enemies":"Shell Parasite","floor":171,"turns":1},{"damage":0,"enemies":"Slavers","floor":177,"turns":1},{"damage":0,"enemies":"Spheric Guardian","floor":181,"turns":1}],"seed_played":"5528587623844766372","potions_obtained":[{"floor":1.0,"key":"FairyPotion"},{"floor":10.0,"key":"Dexterity Potion"},{"floor":13.0,"key":"DemoMod:BlankPotion"},{"floor":14.0,"key":"FearPotion"},{"floor":25.0,"key":"EssenceOfSteel"},{"floor":28.0,"key":"DemoMod:LeadSkinPotion"},{"floor":30.0,"key":"GamblersBrew"},{"floor":33.0,"key":"LiquidBronze"},{"floor":35.0,"key":"Explosive Potion"},{"floor":47.0,"key":"DuplicationPotion"},{"floor":51.0,"key":"SteroidPotion"},{"floor":52.0,"key":"BloodPotion"},{"floor":76,"key":"DemoMod:BlankPotion"},{"floor":81,"key":"PowerPotion"},{"floor":84,"key":"SkillPotion"},{"floor":86,"key":"SmokeBomb"},{"floor":135,"key":"BlessingOfTheForge"},{"floor":143,"key":"Strength Potion"},{"floor":154,"key":"FearPotion"},{"floor":157,"key":"Ancient Potion"},{"floor":171,"key":"DistilledChaos"}],"is_trial":false,"path_per_floor":["M","?","?","?","M","?","E","$","T","M","R","E","M","M","R","B",null,"M","M","$","?","$","NM","?","M","T","R","E","M","E","M","R","B",null,"M","$","?","$","?","R","M","E","T","M","E","M","M","?","R","B",null,"M","?","M","M","M","E","M","R","T","E","R","E","M","M","R","B",null,"M","AVR","M","?","?","R","NM","M","T","E","?","R","M","?","R","B",null,"M","?","$","M","M","NM","M","R","T","?","?","E","?","M","R","B",null,"M","T","?","M","?","R","M","R","T","R","$","?","M","E","R","B",null,"M","?","M","M","T","E","R","?","T","R","NM","M","R","$","R","B",null,"M","?","M","?","M","R","E","R","T","E","R","?","?","?","R","B",null,"M","?","M","M","AVR","E","R","M","T","E","M","E","M","$","R","B",null,"M","AVR","?","$","?","R","E","?","T","R","M","R","?"],"character_chosen":"IRONCLAD","items_purchased":["Flex","hubris:IronBody","Vajra","Lee\u0027s Waffle","infinitespire:ShieldingShard","Strange Spoon","Incense Burner","Brimstone","hubris:CrystalStatue","Girya"],"campfire_rested":1,"item_purchase_floors":[8,20,36,88,113,113,113,133,167,174],"current_hp_per_floor":[80,80,80,80,80,80,80,80,80,80,80,55,36,42,66,20,80,62,61,61,61,61,32,1,1,1,1,1,1,1,1,1,1,1,1,1,1,1,1,1,1,1,1,1,1,1,1,1,1,1,1,1,1,1,1,1,1,1,1,1,1,1,1,1,1,1,1,1,1,1,1,1,1,1,1,1,1,1,1,1,1,1,1,1,1,1,1,1,1,1,1,1,1,1,1,1,1,1,1,1,1,1,1,1,1,1,1,1,1,1,1,1,1,1,1,1,1,1,1,1,1,1,1,1,1,1,1,1,1,1,1,1,1,1,1,1,1,1,1,1,1,1,1,1,1,1,1,1,1,1,1,1,1,1,1,1,1,1,1,1,1,1,1,1,1,1,1,1,1,1,1,1,1,1,1,1,1,1,1,1,1,1,0,0],"gold":84,"neow_bonus":"THREE_ENEMY_KILL","is_prod":false,"is_daily":false,"chose_seed":false,"campfire_upgraded":13,"win_rate":0,"timestamp":1607499538,"path_taken":["M","?","?","?","M","?","E","$","T","?","R","E","M","M","R","BOSS","M","?","$","?","?","NM","?","M","T","R","E","M","E","M","R","BOSS","M","$","?","$","?","R","M","E","T","?","E","M","M","?","R","BOSS","M","?","M","M","M","E","M","R","T","E","R","E","?","M","R","BOSS","M","AVR","M","?","?","R","NM","M","T","E","?","R","M","?","R","BOSS","M","?","$","M","M","NM","M","R","T","?","?","E","?","M","R","BOSS","M","?","?","M","?","R","M","R","T","R","$","?","M","E","R","BOSS","M","?","M","M","?","E","R","?","T","R","NM","M","R","$","R","BOSS","M","?","M","?","M","R","E","R","T","E","R","?","?","?","R","BOSS","M","?","M","M","AVR","E","R","M","T","E","M","E","M","?","R","BOSS","M","AVR","?","?","?","R","E","?","T","R","M","R","?"],"build_version":"2020-11-30","purchased_purges":3,"victory":false,"max_hp_per_floor":[80,80,80,80,80,80,80,80,80,80,80,80,80,80,80,80,80,80,80,80,80,80,80,1,1,1,1,1,1,1,1,1,1,1,1,1,1,1,1,1,1,1,1,1,1,1,1,1,1,1,1,1,1,1,1,1,1,1,1,1,1,1,1,1,1,1,1,1,1,1,1,1,1,1,1,1,1,1,1,1,1,1,1,1,1,1,1,1,1,1,1,1,1,1,1,1,1,1,1,1,1,1,1,1,1,1,1,1,1,1,1,1,1,1,1,1,1,1,1,1,1,1,1,1,1,1,1,1,1,1,1,1,1,1,1,1,1,1,1,1,1,1,1,1,1,1,1,1,1,1,1,1,1,1,1,1,1,1,1,1,1,1,1,1,1,1,1,1,1,1,1,1,1,1,1,1,1,1,1,1,1,1,1,1],"card_choices":[{"not_picked":["Combust","Wild Strike"],"picked":"Heavy Blade","floor":1.0},{"not_picked":["Havoc","hubris:CleavingFinish","True Grit"],"picked":"SKIP","floor":5.0},{"not_picked":["Clash","hubris:StunningStrike","Intimidate"],"picked":"SKIP","floor":7.0},{"not_picked":["Wild Strike","hubris:ReadiedAction","Armaments"],"picked":"SKIP","floor":10.0},{"not_picked":["Pommel Strike","hubris:SharpeningStone","Flex"],"picked":"SKIP","floor":12.0},{"not_picked":["Pummel","Wild Strike","Battle Trance"],"picked":"SKIP","floor":13.0},{"not_picked":["Warcry","Armaments"],"picked":"infinitespire:OneForAll","floor":14.0},{"not_picked":["Limit Break","Corruption"],"picked":"Demon Form","floor":16.0},{"not_picked":["Anger","Rupture","Hologram"],"picked":"Ball Lightning","floor":18.0},{"not_picked":["Dropkick","Cold Snap","Thunderclap+1"],"picked":"Defragment","floor":19.0},{"not_picked":["Ghostly Armor","Evolve","Rebound","Warcry"],"picked":"SKIP","floor":23.0},{"not_picked":["Disarm+1","Sword Boomerang","FTL"],"picked":"Storm+1","floor":25.0},{"not_picked":["Shrug It Off","Hologram+1","Headbutt"],"picked":"Redo","floor":28.0},{"not_picked":["Barrage+1","Reaper","Chill"],"picked":"Conserve Battery+1","floor":29.0},{"not_picked":["Body Slam","Sweeping Beam","Redo+1"],"picked":"Reaper","floor":30.0},{"not_picked":["Ball Lightning","Compile Driver+1","DemoMod:WhiteBlade+1","Whirlwind"],"picked":"SKIP","floor":31.0},{"not_picked":["Immolate","Machine Learning","hubris:Prefetch"],"picked":"Barricade","floor":33.0},{"not_picked":["True Grit+1","hubris:ReadiedAction+1","Warcry+1"],"picked":"Lockon+1","floor":35.0},{"not_picked":["Iron Wave","Rebound+1","Headbutt+1","Thunderclap+1"],"picked":"SKIP","floor":41.0},{"not_picked":["Cold Snap","Consume","Ghostly Armor+1","Rebound+1"],"picked":"SKIP","floor":42.0},{"not_picked":["Pommel Strike","aspiration:Polymerization","Clash"],"picked":"Spot Weakness+1","floor":44.0},{"not_picked":["Dual Wield","Sweeping Beam+1","Sentinel","Power Through"],"picked":"SKIP","floor":45.0},{"not_picked":["Flex","Brutality","Turbo+1","Steam"],"picked":"SKIP","floor":46.0},{"not_picked":["Sword Boomerang","Perfected Strike","Redo+1"],"picked":"Turbo+1","floor":47.0},{"not_picked":["Clothesline","Dual Wield","Defragment"],"picked":"Rainbow","floor":52.0},{"not_picked":["Shrug It Off","Anger","True Grit","hubris:ReadiedAction"],"picked":"SKIP","floor":54.0},{"not_picked":["Dark Embrace","Blizzard","Perfected Strike","Power Through"],"picked":"SKIP","floor":55.0},{"not_picked":["Sweeping Beam","Leap","Steam","Pummel"],"picked":"SKIP","floor":56.0},{"not_picked":["Juggernaut","Steam Power","Heatsinks","Hologram"],"picked":"SKIP","floor":57.0},{"not_picked":["Combust","Metallicize","Wild Strike"],"picked":"Genetic Algorithm","floor":58.0},{"not_picked":["Sunder+1","Evolve","Skim"],"picked":"aspiration:Polymerization","floor":61.0},{"not_picked":["infinitespire:OneForAll+1","True Grit","Sever Soul+1"],"picked":"Loop","floor":63.0},{"not_picked":["Fire Breathing","Perfected Strike+1","Force Field"],"picked":"aspiration:Polymerization","floor":64.0},{"not_picked":["DemoMod:BlackBlade+1","Body Slam+1","True Grit","Armaments"],"picked":"SKIP","floor":65.0},{"not_picked":["Machine Learning","Core Surge+1","Biased Cognition"],"picked":"hubris:SpecializedCircuitry","floor":67.0},{"not_picked":["Leap","Self Repair","Steam","Searing Blow+1"],"picked":"SKIP","floor":69.0},{"not_picked":["Fiend Fire+1","Headbutt+1","Gash+1"],"picked":"Heavy Blade+1","floor":71.0},{"not_picked":["Iron Wave+1","Streamline+1","Fire Breathing","Body Slam+1"],"picked":"SKIP","floor":75},{"not_picked":["Wild Strike+1","Body Slam+1","Sweeping Beam+1"],"picked":"Flex+1","floor":76},{"not_picked":["Wild Strike+1","Uppercut+1","Steam","Rampage+1"],"picked":"SKIP","floor":78},{"not_picked":["Body Slam+1","Seek","Stack+1","Undo"],"picked":"SKIP","floor":81},{"not_picked":["Clothesline+1","Beam Cell+1","Stack+1","Force Field+1"],"picked":"SKIP","floor":86},{"not_picked":["Amplify","Compile Driver+1","Dropkick+1","Havoc"],"picked":"SKIP","floor":89},{"not_picked":["Carnage+1","Warcry","Iron Wave+1","Chill+1"],"picked":"SKIP","floor":90},{"not_picked":["infinitespire:Gouge","infinitespire:SealOfDarkness+"],"picked":"infinitespire:Punishment","floor":91},{"not_picked":["Iron Wave+1","Second Wind","Chill+1","Blood for Blood+1"],"picked":"SKIP","floor":91},{"not_picked":["Sever Soul+1","Coolheaded+1","Hologram+1"],"picked":"Lockon+1","floor":92},{"not_picked":["infinitespire:DeathsTouch","infinitespire:SealOfDarkness+"],"picked":"hubris:Fate","floor":96},{"not_picked":["Metallicize+1","Impervious","Battle Trance+1","Thunderclap+1"],"picked":"SKIP","floor":97},{"not_picked":["Steam","Undo+1","Machine Learning","Coolheaded"],"picked":"SKIP","floor":99},{"not_picked":["Reprogram","Aggregate","Rebound+1","Pommel Strike+1"],"picked":"SKIP","floor":103},{"not_picked":["Rainbow","Redo","Compile Driver+1","Cleave+1"],"picked":"SKIP","floor":106},{"not_picked":["Streamline+1","Twin Strike+1","Warcry","Havoc"],"picked":"SKIP","floor":109},{"not_picked":["Go for the Eyes+1","Sentinel","Rip and Tear+1","Stack"],"picked":"SKIP","floor":115},{"not_picked":["hubris:Ukulele+1","Juggernaut","Wild Strike+1"],"picked":"Seeing Red","floor":116},{"not_picked":["hubris:InfiniteBlow","infinitespire:SevenWalls"],"picked":"infinitespire:Fortify","floor":119},{"not_picked":["Armaments+1","Go for the Eyes+1"],"picked":"SKIP","floor":120},{"not_picked":["Hologram","FTL+1"],"picked":"SKIP","floor":122},{"not_picked":["Shockwave","Offering"],"picked":"SKIP","floor":123},{"not_picked":["Darkness+1"],"picked":"Inflame","floor":125},{"not_picked":["Twin Strike+1","hubris:Prefetch"],"picked":"SKIP","floor":130},{"not_picked":["Hologram","Body Slam+1"],"picked":"SKIP","floor":131},{"not_picked":["Flex+1","Stack+1"],"picked":"SKIP","floor":137},{"not_picked":["Streamline+1"],"picked":"Heavy Blade+1","floor":139},{"not_picked":["Streamline+1","True Grit"],"picked":"SKIP","floor":141},{"not_picked":["Sentinel","Beam Cell+1"],"picked":"SKIP","floor":143},{"not_picked":["Anger+1","Combust+1"],"picked":"SKIP","floor":146},{"not_picked":["Gash+1","Fusion"],"picked":"SKIP","floor":154},{"not_picked":["Intimidate","Searing Blow+1"],"picked":"SKIP","floor":156},{"not_picked":["True Grit","Flex"],"picked":"SKIP","floor":157},{"not_picked":["Steam Power","Havoc"],"picked":"SKIP","floor":159},{"not_picked":["Seeing Red","Cleave+1"],"picked":"SKIP","floor":161},{"not_picked":["Pummel+1","Armaments"],"picked":"SKIP","floor":163},{"not_picked":["Rebound+1","Anger+1"],"picked":"SKIP","floor":164},{"not_picked":["Cleave+1","Intimidate"],"picked":"SKIP","floor":165},{"not_picked":["Heavy Blade+1","Heatsinks"],"picked":"SKIP","floor":166},{"not_picked":["Flame Barrier","Turbo"],"picked":"SKIP","floor":171},{"not_picked":["Turbo","Berserk"],"picked":"SKIP","floor":177},{"not_picked":["Iron Wave+1","Beam Cell+1"],"picked":"SKIP","floor":181}],"player_experience":97605,"relics_obtained":[{"floor":7.0,"key":"DemoMod:SerJunkan"},{"floor":9.0,"key":"DemoMod:Junk"},{"floor":12.0,"key":"infinitespire:BottledMercury"},{"floor":23.0,"key":"hubris:ChampionShield"},{"floor":26.0,"key":"infinitespire:EmpoweringShard"},{"floor":28.0,"key":"Whetstone"},{"floor":30.0,"key":"Blue Candle"},{"floor":37.0,"key":"DemoMod:VorpalBullet"},{"floor":42.0,"key":"aspiration:FaultyCoupler"},{"floor":42.0,"key":"HornCleat"},{"floor":43.0,"key":"DemoMod:Junk"},{"floor":45.0,"key":"infinitespire:WardingShard"},{"floor":45.0,"key":"Oddly Smooth Stone"},{"floor":57.0,"key":"Bag of Preparation"},{"floor":57.0,"key":"Boot"},{"floor":60.0,"key":"DemoMod:Junk"},{"floor":61.0,"key":"Molten Egg 2"},{"floor":61.0,"key":"hubris:FunFungus"},{"floor":63.0,"key":"hubris:GlazedTorus"},{"floor":63.0,"key":"Charon\u0027s Ashes"},{"floor":75,"key":"White Beast Statue"},{"floor":75,"key":"Ginger"},{"floor":77,"key":"DemoMod:Junk"},{"floor":78,"key":"Paper Frog"},{"floor":78,"key":"Happy Flower"},{"floor":91,"key":"aspiration:TomeofQuesting"},{"floor":91,"key":"infinitespire:Beetle Shell"},{"floor":94,"key":"Bottled Flame"},{"floor":94,"key":"DemoMod:Junk"},{"floor":97,"key":"hubris:BottledRain"},{"floor":97,"key":"hubris:SlimyHat"},{"floor":104,"key":"Juzu Bracelet"},{"floor":105,"key":"Shovel"},{"floor":108,"key":"DemoMod:Junk"},{"floor":110,"key":"DemoMod:Junk"},{"floor":111,"key":"DemoMod:Junk"},{"floor":112,"key":"Bottled Tornado"},{"floor":116,"key":"DemoMod:MeltedRock"},{"floor":116,"key":"Pear"},{"floor":117,"key":"Mummified Hand"},{"floor":124,"key":"Potion Belt"},{"floor":125,"key":"DemoMod:AgedBell"},{"floor":125,"key":"Lizard Tail"},{"floor":126,"key":"DemoMod:Junk"},{"floor":128,"key":"DemoMod:Junk"},{"floor":129,"key":"Pocketwatch"},{"floor":130,"key":"hubris:MedicalManual"},{"floor":130,"key":"Omamori"},{"floor":132,"key":"DemoMod:Junk"},{"floor":134,"key":"Ancient Tea Set"},{"floor":142,"key":"DemoMod:Junk"},{"floor":143,"key":"infinitespire:Bottled Soul"},{"floor":143,"key":"DemoMod:Metronome"},{"floor":144,"key":"hubris:Zylophone"},{"floor":145,"key":"PreservedInsect"},{"floor":146,"key":"Lantern"},{"floor":146,"key":"hubris:PeanutButter"},{"floor":147,"key":"Nunchaku"},{"floor":151,"key":"FossilizedHelix"},{"floor":159,"key":"DemoMod:ClearGuonStone"},{"floor":159,"key":"War Paint"},{"floor":160,"key":"DemoMod:Junk"},{"floor":162,"key":"DemoMod:Junk"},{"floor":163,"key":"Bronze Scales"},{"floor":163,"key":"CaptainsWheel"},{"floor":165,"key":"Mercury Hourglass"},{"floor":165,"key":"Red Skull"},{"floor":168,"key":"DemoMod:BlueGuonStone"},{"floor":177,"key":"Shuriken"},{"floor":177,"key":"Eternal Feather"},{"floor":179,"key":"DemoMod:Junk"}],"event_choices":[{"cards_removed":["Bash"],"damage_healed":0.0,"max_hp_gain":0.0,"max_hp_loss":0.0,"gold_gain":0.0,"event_name":"The Cleric","player_choice":"Card Removal","floor":2.0,"gold_loss":50.0,"damage_taken":0.0},{"damage_healed":0.0,"max_hp_gain":0.0,"max_hp_loss":0.0,"gold_gain":0.0,"event_name":"Living Wall","player_choice":"Grow","floor":6.0,"gold_loss":0.0,"damage_taken":0.0,"cards_upgraded":["Heavy Blade"]},{"damage_healed":0.0,"max_hp_gain":0.0,"max_hp_loss":0.0,"gold_gain":0.0,"event_name":"Duplicator","player_choice":"Copied","floor":21.0,"gold_loss":0.0,"damage_taken":0.0,"cards_obtained":["Demon Form"]},{"damage_healed":0.0,"max_hp_gain":0.0,"max_hp_loss":0.0,"gold_gain":0.0,"event_name":"MindBloom","player_choice":"Fight","floor":37.0,"gold_loss":0.0,"damage_taken":0.0},{"damage_healed":0.0,"max_hp_gain":0.0,"max_hp_loss":0.0,"gold_gain":100.0,"event_name":"Golden Shrine","player_choice":"Pray","floor":39.0,"gold_loss":0.0,"damage_taken":0.0},{"damage_healed":0.0,"max_hp_gain":0.0,"max_hp_loss":0.0,"gold_gain":0.0,"event_name":"Tomb of Lord Red Mask","player_choice":"Paid","floor":48.0,"gold_loss":283.0,"damage_taken":0.0,"relics_obtained":["Red Mask"]},{"damage_healed":0.0,"max_hp_gain":0.0,"max_hp_loss":0.0,"gold_gain":0.0,"event_name":"Lab","player_choice":"Got Potions","floor":53.0,"gold_loss":0.0,"damage_taken":0.0},{"damage_healed":0,"gold_gain":0,"cards_transformed":["Rainbow"],"player_choice":"Transformed","damage_taken":0,"max_hp_gain":0,"max_hp_loss":0,"event_name":"Transmorgrifier","floor":82,"gold_loss":0,"cards_obtained":["Entrench"]},{"damage_healed":0,"gold_gain":222,"player_choice":"Wore Mask","damage_taken":0,"max_hp_gain":0,"max_hp_loss":0,"event_name":"Tomb of Lord Red Mask","floor":87,"gold_loss":0},{"damage_healed":0,"gold_gain":0,"player_choice":"Embrace Madness","damage_taken":0,"max_hp_gain":0,"max_hp_loss":0,"event_name":"Winding Halls","floor":95,"gold_loss":0,"cards_obtained":["Madness","Madness"]},{"damage_healed":0,"gold_gain":0,"player_choice":"1 cards matched","damage_taken":0,"max_hp_gain":0,"max_hp_loss":0,"event_name":"Match and Keep!","floor":98,"gold_loss":0,"cards_obtained":["Bash"]},{"damage_healed":0,"gold_gain":0,"player_choice":"Searched \u00271\u0027 times","damage_taken":0,"max_hp_gain":0,"max_hp_loss":0,"event_name":"Dead Adventurer","floor":105,"gold_loss":0},{"damage_healed":0,"gold_gain":0,"player_choice":"Paid Gold","damage_taken":0,"relics_obtained":["DemoMod:PoisonVial"],"max_hp_gain":0,"max_hp_loss":0,"event_name":"WeMeetAgain","floor":107,"gold_loss":123},{"damage_healed":0,"gold_gain":0,"player_choice":"Grow","damage_taken":0,"max_hp_gain":0,"max_hp_loss":0,"event_name":"Living Wall","floor":114,"gold_loss":0,"cards_upgraded":["Madness"]},{"damage_healed":0,"gold_gain":0,"player_choice":"Opened","damage_taken":0,"relics_obtained":["hubris:MysteriousPyramids"],"max_hp_gain":0,"max_hp_loss":0,"event_name":"The Mausoleum","floor":121,"gold_loss":0},{"damage_healed":0,"gold_gain":0,"player_choice":"1 cards matched","damage_taken":0,"max_hp_gain":0,"max_hp_loss":0,"event_name":"Match and Keep!","floor":127,"gold_loss":0,"cards_obtained":["Rip and Tear"]},{"damage_healed":0,"gold_gain":0,"cards_transformed":["hubris:SpecializedCircuitry"],"player_choice":"Transformed","damage_taken":0,"max_hp_gain":0,"max_hp_loss":0,"event_name":"Transmorgrifier","floor":138,"gold_loss":0,"cards_obtained":["Twin Strike"]},{"damage_healed":0,"gold_gain":100,"player_choice":"Pray","damage_taken":0,"max_hp_gain":0,"max_hp_loss":0,"event_name":"Golden Shrine","floor":140,"gold_loss":0},{"damage_healed":0,"gold_gain":0,"player_choice":"Max HP","damage_taken":0,"max_hp_gain":0,"max_hp_loss":0,"event_name":"Winding Halls","floor":149,"gold_loss":0},{"damage_healed":0,"gold_gain":0,"player_choice":"Memory 1","damage_taken":0,"max_hp_gain":0,"max_hp_loss":0,"event_name":"SensoryStone","floor":150,"gold_loss":0},{"damage_healed":0,"gold_gain":0,"player_choice":"Forge","damage_taken":0,"max_hp_gain":0,"max_hp_loss":0,"event_name":"Accursed Blacksmith","floor":155,"gold_loss":0,"cards_upgraded":["Seeing Red"]},{"damage_healed":0,"gold_gain":0,"player_choice":"Bought 0 Potions","damage_taken":0,"max_hp_gain":0,"max_hp_loss":0,"event_name":"The Woman in Blue","floor":173,"gold_loss":0},{"damage_healed":0,"gold_gain":0,"player_choice":"Simplicity","damage_taken":0,"max_hp_gain":0,"max_hp_loss":0,"event_name":"Back to Basics","floor":175,"gold_loss":0,"cards_upgraded":["Strike_R","Strike_R","Defend_R","Defend_R"]},{"cards_removed":["Bash"],"damage_healed":0,"gold_gain":0,"player_choice":"Gave Gold","damage_taken":0,"max_hp_gain":0,"max_hp_loss":0,"event_name":"Beggar","floor":178,"gold_loss":75}],"is_beta":false,"boss_relics":[{"not_picked":["Mark of Pain","hubris:CrackedHourglass"],"picked":"aspiration:DefectSkillbook"},{"not_picked":["aspiration:RunicSpoon","hubris:VirtuousBlindfold"],"picked":"Black Star"},{"not_picked":["hubris:Stopwatch","Snecko Eye"],"picked":"Tiny House"},{"not_picked":["aspiration:RitualDagger","Black Blood"],"picked":"aspiration:Stellarator"},{"not_picked":["Runic Cube","hubris:CrackedHourglass"],"picked":"hubris:ScarierMask"},{"not_picked":["Runic Pyramid","Calling Bell"],"picked":"infinitespire:Burning Sword"},{"not_picked":["SacredBark","Fusion Hammer"],"picked":"Busted Crown"},{"not_picked":["Runic Pyramid","Mark of Pain"],"picked":"Philosopher\u0027s Stone"},{"not_picked":["hubris:CrackedHourglass","Sozu","Astrolabe"]},{"not_picked":["Cursed Key","Runic Dome"],"picked":"hubris:HollowSoul"}],"items_purged_floors":[36,70,133],"is_endless":true,"potions_floor_spawned":[1,10,13,14,25,28,30,33,35,41,47,52,56,65,67,71,76,78,81,84,86,89,90,92,97,99,101,103,105,106,109,115,118,120,122,123,131,135,137,139,141,143,146,152,154,156,157,161,164,165,166,169,171,181],"ascension_level":3}}