{"host":"aji03558nlnqydpa","time":1607518772,"event":{"gold_per_floor":[114,130,192,192,212,240,240,252,252,252,279,292,308,7,7,103,103,123,133,22,38,49,77,77,93,93,126,126,155,155,184,184,287,287,303,62,80,90,103,103,0,14,40,40,56,56,89,16,16,16],"floor_reached":51,"playtime":5587,"items_purged":["Defend_MRS","Strike_MRS"],"score":794,"play_id":"763a4630-81a3-42d4-ae58-cae765b0dd10","local_time":"20201209215932","is_ascension_mode":false,"campfire_choices":[{"data":"MasterSpark","floor":7.0,"key":"SMITH"},{"data":"GasGiant","floor":10.0,"key":"SMITH"},{"floor":15.0,"key":"REST"},{"floor":24.0,"key":"REST"},{"data":"Good Instincts","floor":28,"key":"SMITH"},{"floor":32,"key":"REST"},{"data":"MillisecondPulsars","floor":40,"key":"SMITH"},{"data":"StarBarrage","floor":44,"key":"SMITH"},{"data":"AsteroidBelt","floor":46,"key":"SMITH"},{"data":"CasketOfStar","floor":49,"key":"SMITH"}],"neow_cost":"NONE","seed_source_timestamp":0,"circlet_count":0,"master_deck":["Strike_MRS","Strike_MRS","Defend_MRS","Defend_MRS","Defend_MRS","MasterSpark+1","UpSweep","Good Instincts+1","WitchLeyline","GasGiant","GasGiant+1","ShootingEcho","AsteroidBelt+1","GrandCross","DoubleSpark","MaximisePower","MilkyWay+1","NonDirectionalLaser+1","DeepEcoloBomb","DoubleSpark","DC+1","ChargingUp+1","MagicChant","SprinkleStarSeal","MillisecondPulsars+1","MilkyWay+1","StarBarrage+1","ChargingUp+1","SuperNova","CasketOfStar+1","GravityBeat+1","Singularity+1"],"special_seed":0,"relics":["MiniHakkero","Incense Burner","Torii","HornCleat","Membership Card","SacredBark","ExperimentalFamiliar","Pen Nib","Bag of Marbles","TungstenRod","HandmadeGrimoire","Lantern","Ice Cream","RampagingMagicTools","Oddly Smooth Stone","HandDrill","Vajra","Mummified Hand","Lee\u0027s Waffle"],"potions_floor_usage":[27,33,47,50,50],"damage_taken":[{"damage":4.0,"enemies":"2 Louse","floor":1.0,"turns":3.0},{"damage":0.0,"enemies":"Jaw Worm","floor":2.0,"turns":3.0},{"damage":0.0,"enemies":"Small Slimes","floor":5.0,"turns":2.0},{"damage":8.0,"enemies":"Lagavulin","floor":6.0,"turns":6.0},{"damage":0.0,"enemies":"Exordium Wildlife","floor":8.0,"turns":5.0},{"damage":16.0,"enemies":"Gremlin Nob","floor":11.0,"turns":3.0},{"damage":0.0,"enemies":"Looter","floor":12.0,"turns":2.0},{"damage":1.0,"enemies":"Blue Slaver","floor":13.0,"turns":3.0},{"damage":3.0,"enemies":"Slime Boss","floor":16.0,"turns":12.0},{"damage":0.0,"enemies":"3 Byrds","floor":18.0,"turns":5.0},{"damage":1.0,"enemies":"2 Thieves","floor":19.0,"turns":4.0},{"damage":20.0,"enemies":"Centurion and Healer","floor":21.0,"turns":3.0},{"damage":16.0,"enemies":"Snake Plant","floor":22.0,"turns":4.0},{"damage":0.0,"enemies":"Slavers","floor":23.0,"turns":5.0},{"damage":0.0,"enemies":"Snecko","floor":25.0,"turns":3.0},{"damage":5,"enemies":"Gremlin Leader","floor":27,"turns":6},{"damage":6,"enemies":"Slavers","floor":29,"turns":4},{"damage":0,"enemies":"Book of Stabbing","floor":31,"turns":3},{"damage":31,"enemies":"Automaton","floor":33,"turns":9},{"damage":0,"enemies":"3 Shapes","floor":35,"turns":2},{"damage":0,"enemies":"3 Darklings","floor":37,"turns":4},{"damage":3,"enemies":"Writhing Mass","floor":38,"turns":3},{"damage":0,"enemies":"Transient","floor":39,"turns":5},{"damage":0,"enemies":"Sphere and 2 Shapes","floor":42,"turns":3},{"damage":0,"enemies":"4 Shapes","floor":45,"turns":3},{"damage":7,"enemies":"Reptomancer","floor":47,"turns":4},{"damage":42,"enemies":"Time Eater","floor":50,"turns":7}],"seed_played":"367488891174372227","potions_obtained":[{"floor":5.0,"key":"EntropicBrew"},{"floor":6.0,"key":"Block Potion"},{"floor":12.0,"key":"Ancient Potion"},{"floor":25.0,"key":"LiquidBronze"},{"floor":33,"key":"ShroomBrew"},{"floor":37,"key":"Explosive Potion"},{"floor":47,"key":"LiquidMemories"}],"is_trial":false,"path_per_floor":["M","M","?","?","M","E","R","M","T","R","E","M","M","$","R","B",null,"M","M","$","M","M","E","R","M","T","E","R","E","?","E","R","B",null,"M","$","M","M","M","R","$","M","T","R","M","R","E","$","R","B",null],"character_chosen":"MARISA","items_purchased":["Membership Card","SacredBark","DoubleSpark","Pen Nib","Oddly Smooth Stone","HandDrill","StarBarrage","CasketOfStar","Block Potion","Lee\u0027s Waffle"],"campfire_rested":3,"item_purchase_floors":[14,14,14,20,36,36,36,41,41,48],"current_hp_per_floor":[71,71,71,71,71,63,63,63,63,63,47,47,46,46,68,65,75,75,74,74,54,38,38,60,60,60,55,55,49,49,49,71,40,75,75,75,75,72,72,72,72,72,72,72,72,72,65,82,82,40],"gold":16,"neow_bonus":"RANDOM_COLORLESS","is_prod":false,"is_daily":false,"chose_seed":false,"campfire_upgraded":7,"win_rate":0.0,"timestamp":1607518772,"path_taken":["M","M","?","?","M","E","R","M","T","R","E","M","M","$","R","BOSS","M","M","$","M","M","E","R","M","T","E","R","E","?","E","R","BOSS","M","$","M","M","M","R","$","M","T","R","M","R","E","?","R","BOSS"],"build_version":"2020-11-30","purchased_purges":2,"victory":true,"max_hp_per_floor":[75,75,75,75,75,75,75,75,75,75,75,75,75,75,75,75,75,75,75,75,75,75,75,75,75,75,75,75,75,75,75,75,75,75,75,75,75,75,75,75,75,75,75,75,75,75,75,82,82,82],"card_choices":[{"not_picked":["Purity","Deep Breath"],"picked":"Good Instincts","floor":0.0},{"not_picked":["GravityBeat","WitchOfGreed"],"picked":"WitchLeyline","floor":1.0},{"not_picked":["UnstableBomb","Acceleration"],"picked":"GasGiant","floor":2.0},{"not_picked":["GrandCross","ShootingEcho"],"picked":"GasGiant","floor":5.0},{"not_picked":["CollectingQuirk","LuminesStrike","StarlightTyphoon"],"picked":"SKIP","floor":6.0},{"not_picked":["CollectingQuirk","LuminesStrike","StarlightTyphoon"],"picked":"SKIP","floor":6.0},{"not_picked":["BlazeAway","LuminesStrike"],"picked":"ShootingEcho","floor":8.0},{"not_picked":["UnstableBomb","LuminesStrike","Robbery"],"picked":"SKIP","floor":11.0},{"not_picked":["DoubleSpark","DragonMeteor"],"picked":"AsteroidBelt","floor":12.0},{"not_picked":["SporeBomb","ManaConvection"],"picked":"GrandCross","floor":13.0},{"not_picked":["StarDustReverie","AbsoluteMagnitude"],"picked":"MaximisePower","floor":16.0},{"not_picked":["UnstableBomb","DragonMeteor"],"picked":"MilkyWay+1","floor":18.0},{"not_picked":["Acceleration+1","DC"],"picked":"NonDirectionalLaser+1","floor":19.0},{"not_picked":["Occultation+1","WitchOfGreed+1","ManaConvection"],"picked":"SKIP","floor":21.0},{"not_picked":["GalacticHalo","EnergyRecoil"],"picked":"DeepEcoloBomb","floor":22.0},{"not_picked":["Robbery","Occultation+1"],"picked":"DoubleSpark","floor":23.0},{"not_picked":["MagicAbsorber","ShootingEcho"],"picked":"DC+1","floor":25.0},{"not_picked":["DoubleSpark","Occultation+1"],"picked":"ChargingUp+1","floor":27},{"not_picked":["PulseMagic+1","MillisecondPulsars"],"picked":"MagicChant","floor":29},{"not_picked":["SuperPerseids+1","FairyDestructionRay"],"picked":"SprinkleStarSeal","floor":31},{"not_picked":["SatelliteIllusion","ManaRampage"],"picked":"MillisecondPulsars","floor":33},{"not_picked":["WitchLeyline+1","Occultation"],"picked":"MilkyWay+1","floor":35},{"not_picked":["DoubleSpark","EventHorizon"],"picked":"ChargingUp+1","floor":37},{"not_picked":["StarlightTyphoon","SuperPerseids","DoubleSpark"],"picked":"SKIP","floor":38},{"not_picked":["DoubleSpark","Orbital"],"picked":"SuperNova","floor":39},{"not_picked":["DC","WitchLeyline"],"picked":"GravityBeat+1","floor":42},{"not_picked":["WitchLeyline+1","MilkyWay+1","NonDirectionalLaser"],"picked":"SKIP","floor":45},{"not_picked":["DoubleSpark","MilkyWay+1"],"picked":"Singularity+1","floor":47}],"player_experience":676028,"relics_obtained":[{"floor":6.0,"key":"Incense Burner"},{"floor":9.0,"key":"Torii"},{"floor":11.0,"key":"HornCleat"},{"floor":23.0,"key":"Bag of Marbles"},{"floor":26.0,"key":"TungstenRod"},{"floor":27,"key":"HandmadeGrimoire"},{"floor":29,"key":"Lantern"},{"floor":31,"key":"Ice Cream"},{"floor":43,"key":"Vajra"},{"floor":47,"key":"Mummified Hand"}],"event_choices":[{"damage_healed":0.0,"max_hp_gain":0.0,"max_hp_loss":0.0,"gold_gain":62.0,"event_name":"Golden Wing","player_choice":"Gained Gold","floor":3.0,"gold_loss":0.0,"damage_taken":0.0},{"damage_healed":0.0,"max_hp_gain":0.0,"max_hp_loss":0.0,"gold_gain":0.0,"event_name":"The Cleric","player_choice":"Leave","floor":4.0,"gold_loss":0.0,"damage_taken":0.0},{"cards_removed":["Strike_MRS"],"damage_healed":0,"gold_gain":0,"player_choice":"Purged","damage_taken":0,"max_hp_gain":0,"max_hp_loss":0,"event_name":"Purifier","floor":30,"gold_loss":0}],"is_beta":false,"boss_relics":[{"not_picked":["Runic Pyramid","Cursed Key"],"picked":"ExperimentalFamiliar"},{"not_picked":["Astrolabe","BewitchedHakkero"],"picked":"RampagingMagicTools"}],"items_purged_floors":[20,36],"is_endless":false,"potions_floor_spawned":[5,6,12,13,21,22,25,33,37,47],"ascension_level":0}}