{"host":"omov159tyjzan9wn","time":1607527333,"event":{"gold_per_floor":[115,135,135,145,162,191,191,223,248,281,206,254,254,25,25,126,126,138,38,128,128,142,142,142,174,174,174,184,184,195,110,110,110,110],"floor_reached":33,"playtime":2272,"items_purged":["Defend_P","Defend_P"],"score":401,"play_id":"622627ba-467c-4a1c-87c2-e20a659a7d91","local_time":"20201209152213","is_ascension_mode":false,"campfire_choices":[{"data":"BattleHymn","floor":7,"key":"SMITH"},{"data":"BattleHymn","floor":13,"key":"SMITH"},{"floor":15,"key":"REST"},{"floor":24,"key":"REST"},{"data":"Apotheosis","floor":27,"key":"SMITH"},{"floor":29,"key":"REST"},{"floor":32,"key":"REST"}],"neow_cost":"NONE","seed_source_timestamp":1191503941575800,"circlet_count":0,"master_deck":["Strike_P","Strike_P","Strike_P","Strike_P","Defend_P","Eruption","Vigilance+1","Evaluate","Evaluate+1","DeceiveReality","BattleHymn+1","LikeWater","Judgement","BattleHymn+1","InnerPeace","Apotheosis+1","CrushJoints","Halt","Ragnarok","Crescendo","animator:Megumin+6","Halt","SashWhip","Halt","TalkToTheHand"],"relics":["PureWater","WingedGreaves","War Paint","Bronze Scales","Dream Catcher","Ring of Chaos","Potion Belt","Ancient Tea Set","Meat on the Bone"],"potions_floor_usage":[6,10,16,16,23,33],"damage_taken":[{"damage":0,"enemies":"Small Slimes","floor":1,"turns":4},{"damage":2,"enemies":"Cultist","floor":2,"turns":5},{"damage":3,"enemies":"2 Louse","floor":4,"turns":3},{"damage":13,"enemies":"2 Fungi Beasts","floor":5,"turns":4},{"damage":0,"enemies":"Lagavulin","floor":6,"turns":4},{"damage":7,"enemies":"3 Sentries","floor":8,"turns":8},{"damage":0,"enemies":"Lagavulin","floor":10,"turns":3},{"damage":0,"enemies":"Slime Boss","floor":16,"turns":5},{"damage":4,"enemies":"Chosen","floor":18,"turns":4},{"damage":0,"enemies":"Spheric Guardian","floor":22,"turns":1},{"damage":32,"enemies":"Book of Stabbing","floor":23,"turns":3},{"damage":9,"enemies":"Replay:Snechameleon","floor":25,"turns":6},{"damage":18,"enemies":"Centurion and Healer","floor":28,"turns":4},{"damage":7,"enemies":"Shelled Parasite and Fungi","floor":30,"turns":3},{"damage":62,"enemies":"Pondfish","floor":33,"turns":8}],"seed_played":"-491112992674722696","potions_obtained":[{"floor":1,"key":"Ambrosia"},{"floor":6,"key":"Weak Potion"},{"floor":8,"key":"Fire Potion"},{"floor":10,"key":"Strength Potion"},{"floor":12,"key":"DistilledChaos"},{"floor":12,"key":"BlessingOfTheForge"},{"floor":25,"key":"Swift Potion"}],"is_trial":false,"path_per_floor":["M","M","?","M","M","E","R","E","T","E","$","?","R","$","R","B",null,"M","$","?","?","M","E","R","E","T","R","M","R","M","?","R","B"],"character_chosen":"WATCHER","items_purchased":["Apotheosis","CrushJoints"],"campfire_rested":4,"item_purchase_floors":[14,14],"current_hp_per_floor":[79,77,77,74,61,61,61,54,54,54,54,35,35,35,58,58,79,75,75,57,57,57,25,48,39,39,39,21,44,37,37,60,0,0],"gold":110,"neow_bonus":"TEN_PERCENT_HP_BONUS","is_prod":false,"is_daily":false,"chose_seed":false,"campfire_upgraded":3,"win_rate":0.0,"timestamp":1607527333,"path_taken":["M","M","?","M","?","E","R","E","T","E","$","?","R","$","R","BOSS","M","$","?","?","M","E","R","E","T","R","M","R","M","?","R","BOSS"],"build_version":"2020-11-30","purchased_purges":2,"victory":false,"max_hp_per_floor":[79,79,79,79,79,79,79,79,79,79,79,79,79,79,79,79,79,79,79,79,79,79,79,79,79,79,79,79,79,79,79,79,79,79],"card_choices":[{"not_picked":["Adaptation","Crescendo"],"picked":"Evaluate","floor":1},{"not_picked":["Crescendo","JustLucky"],"picked":"Evaluate","floor":2},{"not_picked":["ClearTheMind","JustLucky"],"picked":"DeceiveReality","floor":4},{"not_picked":["SashWhip","Pray"],"picked":"BattleHymn","floor":5},{"not_picked":["EmptyBody","Vengeance"],"picked":"LikeWater","floor":6},{"not_picked":["Replay:Anticipation","Pray"],"picked":"Judgement","floor":8},{"not_picked":["FollowUp","Consecrate"],"picked":"BattleHymn","floor":10},{"not_picked":["Wallop","Replay:BluntJabs"],"picked":"InnerPeace","floor":12},{"not_picked":["Replay:Vibes","BattleHymn"],"picked":"Halt","floor":15},{"not_picked":["Vault","Replay:AllIn"],"picked":"Ragnarok","floor":16},{"not_picked":["SandsOfTime","Replay:ManipulateFuture"],"picked":"Crescendo","floor":18},{"not_picked":["Protect+1","Pray","PathToVictory"],"picked":"SKIP","floor":22},{"not_picked":["Evaluate","EmptyBody"],"picked":"Halt","floor":24},{"not_picked":["Evaluate","CutThroughFate"],"picked":"SashWhip","floor":25},{"not_picked":["WheelKick","Crescendo"],"picked":"Halt","floor":28},{"not_picked":["PathToVictory","Judgement"],"picked":"TalkToTheHand","floor":29},{"not_picked":["Sanctity","Replay:ManipulateFuture","JustLucky"],"picked":"SKIP","floor":30}],"player_experience":42492,"relics_obtained":[{"floor":6,"key":"WingedGreaves"},{"floor":8,"key":"War Paint"},{"floor":9,"key":"Bronze Scales"},{"floor":10,"key":"Dream Catcher"},{"floor":25,"key":"Potion Belt"},{"floor":26,"key":"Ancient Tea Set"}],"event_choices":[{"cards_removed":["Defend_P"],"damage_healed":0,"gold_gain":0,"player_choice":"Purged","damage_taken":0,"max_hp_gain":0,"max_hp_loss":0,"event_name":"Purifier","floor":3,"gold_loss":0},{"damage_healed":0,"gold_gain":90,"player_choice":"POTION GOLD ","damage_taken":18,"max_hp_gain":0,"max_hp_loss":0,"event_name":"Knowing Skull","floor":20,"potions_obtained":["SmokeBomb"],"gold_loss":0,"cards_obtained":[]},{"cards_removed":["Apotheosis"],"damage_healed":0,"gold_gain":0,"player_choice":"Take \u0026 Give","damage_taken":0,"max_hp_gain":0,"max_hp_loss":0,"event_name":"betterNote:BetterNote","floor":21,"gold_loss":0,"cards_obtained":["animator:Megumin"]},{"damage_healed":0,"gold_gain":0,"player_choice":"Obtained Relic","damage_taken":0,"relics_obtained":["Meat on the Bone"],"max_hp_gain":0,"max_hp_loss":0,"event_name":"Addict","floor":31,"gold_loss":85}],"is_beta":false,"boss_relics":[{"not_picked":["Abe\u0027s Treasure","Snecko Eye"],"picked":"Ring of Chaos"}],"items_purged_floors":[11,19],"is_endless":false,"potions_floor_spawned":[1,6,8,10,23,25],"killed_by":"Pondfish","ascension_level":0}}