{"host":"d43m95u7l79th215","time":1607557623,"event":{"gold_per_floor":[114,131,181,195,208,208,233,250,273,273,273,288,300,326,326,429,929,954,0,18,18,18,18,56,86,112,112,148,181,221,261,261,444,444,522,559,40,40,51,51,91,91,168,218,251,251],"floor_reached":45,"playtime":3868,"items_purged":["hermit:Cheat"],"score":485,"play_id":"45a3a5a7-4b48-41f1-9ceb-a58b152f99e0","local_time":"20201210004703","is_ascension_mode":false,"campfire_choices":[{"floor":6,"key":"REST"},{"floor":11,"key":"REST"},{"floor":23,"key":"REST"},{"floor":27,"key":"REST"},{"floor":32,"key":"REST"},{"floor":40,"key":"REST"},{"floor":42,"key":"REST"}],"neow_cost":"NONE","seed_source_timestamp":643596901031100,"circlet_count":0,"master_deck":["hermit:Strike_Hermit","hermit:Strike_Hermit","hermit:Strike_Hermit+1","hermit:Strike_Hermit+1","hermit:Defend_Hermit","hermit:Defend_Hermit","hermit:Defend_Hermit","hermit:Defend_Hermit","hermit:Snapshot","hermit:Covet","hermit:Vantage","hermit:TakeCover","hermit:ItchyTrigger+1","hermit:TakeAim","hermit:Shortfuse","hermit:BigShot","hermit:TrackingShot","hermit:Combo","hermit:Maintenance","hermit:DeadOrAlive","hermit:Quickdraw+1","hermit:Vantage+1","hermit:Roulette","hermit:TakeAim+1","hermit:Scavenge","hermit:Coalescence","hermit:TrackingShot","hermit:PistolWhip+1","hermit:Magnum","hermit:Snipe","hermit:Horror+1","DoctorFetus","hermit:Headshot+1","hermit:LowProfile+1","Parasite","hermit:Glare+1"],"relics":["hermit:Momento","HushsDoor","BookofShadows","NeowsBlessing","Oddly Smooth Stone","SharpPlug","Eternal Feather","Whetstone","MaYiHuaBei","MagicMushroom","TheBean","vexMod:ConsolationPrize","PreservedInsect","Replay:Ancient Bell","GuppysTail","DemoMod:OrangeGuonStone"],"potions_floor_usage":[7,12,13,16,33,35,39,39,39],"damage_taken":[{"damage":0,"enemies":"2 Louse","floor":1,"turns":1},{"damage":0,"enemies":"Cultist","floor":2,"turns":1},{"damage":15,"enemies":"Hiden Room Battle","floor":3,"turns":2},{"damage":0,"enemies":"Jaw Worm","floor":4,"turns":3},{"damage":4,"enemies":"2 Fungi Beasts","floor":5,"turns":4},{"damage":16,"enemies":"3 Sentries","floor":7,"turns":8},{"damage":0,"enemies":"Exordium Wildlife","floor":8,"turns":5},{"damage":5,"enemies":"Red Slaver","floor":12,"turns":4},{"damage":1,"enemies":"Large Slime","floor":13,"turns":6},{"damage":9,"enemies":"Replay:BlueRogue","floor":14,"turns":5},{"damage":30,"enemies":"Hexaghost","floor":16,"turns":13},{"damage":6,"enemies":"3 Byrds","floor":18,"turns":5},{"damage":0,"enemies":"Chosen","floor":20,"turns":5},{"damage":28,"enemies":"Shelled Parasite and Fungi","floor":24,"turns":8},{"damage":14,"enemies":"Cultist and Chosen","floor":25,"turns":6},{"damage":6,"enemies":"Snecko","floor":28,"turns":4},{"damage":22,"enemies":"3 Cultists","floor":29,"turns":6},{"damage":3,"enemies":"Centurion and Healer","floor":30,"turns":9},{"damage":20,"enemies":"Chosen and Byrds","floor":31,"turns":6},{"damage":75,"enemies":"hubris:MusketHawk","floor":33,"turns":12},{"damage":61,"enemies":"3 Darklings","floor":35,"turns":7},{"damage":16,"enemies":"Orb Walker","floor":36,"turns":4},{"damage":0,"enemies":"Maw","floor":39,"turns":9},{"damage":21,"enemies":"Sphere and 2 Shapes","floor":41,"turns":5},{"damage":41,"enemies":"Writhing Mass","floor":44,"turns":6},{"damage":33,"enemies":"Maw","floor":45,"turns":7}],"seed_played":"-5853376052376293501","potions_obtained":[{"floor":2,"key":"Flashbang"},{"floor":4,"key":"Explosive Potion"},{"floor":7,"key":"Energy Potion"},{"floor":8,"key":"hermit:Tonic"},{"floor":14,"key":"Venom Potion"},{"floor":25,"key":"hexamod:EctoCoolerPotion"},{"floor":31,"key":"Swift Potion"},{"floor":33,"key":"Languid Potion"},{"floor":36,"key":"ColorlessPotion"},{"floor":39,"key":"SteroidPotion"}],"is_trial":false,"path_per_floor":["M","M","?","M","M","R","E","M","T","?","R","M","M","E","R_BF","B",null,"M","$","M","?","T","R","M","M","T","R","M","M","M","M","R","B",null,"M","M","$","?","M","R","M","R","T","M","M"],"character_chosen":"HERMIT","items_purchased":["TheBean","GuppysTail","DoctorFetus","DemoMod:OrangeGuonStone"],"campfire_rested":7,"item_purchase_floors":[19,34,37,37],"current_hp_per_floor":[75,75,60,60,56,75,59,59,59,59,75,70,69,60,75,45,82,76,76,77,61,61,87,59,46,46,87,81,60,58,39,80,6,77,16,1,1,8,9,50,30,71,71,31,0,0],"gold":251,"neow_bonus":"THREE_ENEMY_KILL","is_prod":false,"is_daily":false,"chose_seed":false,"campfire_upgraded":0,"win_rate":0.0,"timestamp":1607557623,"path_taken":["M","M","?","M","M","R","E","M","T","?","R","M","M","E","R_BF","BOSS","M","$","M","?","?","R","M","?","T","R","M","M","M","M","R","BOSS","M","M","$","?","?","R","M","R","T","M","M"],"build_version":"2020-11-30","purchased_purges":1,"victory":false,"max_hp_per_floor":[75,75,75,75,75,75,75,75,75,75,75,75,75,75,75,75,82,82,82,82,87,87,87,87,87,87,87,87,87,87,87,87,87,77,77,77,77,77,77,77,77,77,77,77,77,77],"card_choices":[{"not_picked":[],"picked":"Bomb","floor":0},{"not_picked":["hermit:Manifest","hermit:Misfire"],"picked":"hermit:Vantage","floor":1},{"not_picked":["hermit:Manifest","hermit:LowProfile"],"picked":"hermit:TakeCover","floor":2},{"not_picked":["hermit:EternalForm","hermit:Midnight"],"picked":"hermit:ItchyTrigger","floor":3},{"not_picked":["hermit:Brawl","hermit:Grudge"],"picked":"hermit:TakeAim","floor":4},{"not_picked":["hermit:Dive","hermit:Manifest"],"picked":"hermit:Shortfuse","floor":5},{"not_picked":["hermit:Spite","hermit:ItchyTrigger"],"picked":"hermit:Cheat","floor":7},{"not_picked":["hermit:SprayPray","hermit:GoldenBullet"],"picked":"hermit:BigShot","floor":8},{"not_picked":["hermit:SprayPray","hermit:BodyArmor"],"picked":"hermit:TrackingShot","floor":12},{"not_picked":["hermit:Scavenge","hermit:CursedWeapon"],"picked":"hermit:Combo","floor":13},{"not_picked":["hermit:FullyLoaded","hermit:Roulette"],"picked":"hermit:Maintenance","floor":14},{"not_picked":["hermit:BlackWind","hermit:Purgatory"],"picked":"hermit:DeadOrAlive","floor":16},{"not_picked":["hermit:ItchyTrigger+1","hermit:Glare"],"picked":"hermit:Quickdraw+1","floor":18},{"not_picked":["hermit:LowProfile","hermit:FatalDesire"],"picked":"hermit:Vantage+1","floor":20},{"not_picked":["hermit:HoleUp+1","hermit:TakeCover+1"],"picked":"hermit:Roulette","floor":24},{"not_picked":["hermit:Misfire","hermit:WideOpen+1"],"picked":"hermit:TakeAim+1","floor":25},{"not_picked":["hermit:Showdown","hermit:FlashPowder"],"picked":"hermit:Scavenge","floor":28},{"not_picked":["hermit:Glare","hermit:HighCaliber"],"picked":"hermit:Coalescence","floor":29},{"not_picked":["hermit:Glare+1","hermit:Dissolve"],"picked":"hermit:TrackingShot","floor":30},{"not_picked":["hermit:CalledShot","hermit:Glare+1"],"picked":"hermit:PistolWhip+1","floor":31},{"not_picked":["hermit:Dissolve","hermit:Reprieve"],"picked":"hermit:Magnum","floor":33},{"not_picked":["hermit:Gestalt+1","hermit:EyeOfTheStorm+1"],"picked":"hermit:Snipe","floor":35},{"not_picked":["hermit:Maintenance","hermit:Ricochet+1"],"picked":"hermit:Horror+1","floor":36},{"not_picked":["hermit:SprayPray","hermit:FullyLoaded+1"],"picked":"hermit:Headshot+1","floor":39},{"not_picked":["hermit:Vantage+1","hermit:HoleUp+1"],"picked":"hermit:LowProfile+1","floor":41},{"not_picked":["hermit:LowProfile","hermit:Virtue+1"],"picked":"hermit:Glare+1","floor":44}],"player_experience":382260,"relics_obtained":[{"floor":3,"key":"Oddly Smooth Stone"},{"floor":3,"key":"SharpPlug"},{"floor":7,"key":"Eternal Feather"},{"floor":9,"key":"Whetstone"},{"floor":14,"key":"MaYiHuaBei"},{"floor":22,"key":"vexMod:ConsolationPrize"},{"floor":26,"key":"PreservedInsect"}],"event_choices":[{"damage_healed":0,"gold_gain":0,"player_choice":"Fight","damage_taken":0,"max_hp_gain":0,"max_hp_loss":0,"event_name":"HidenRoomEvent","floor":3,"gold_loss":0},{"damage_healed":0,"gold_gain":0,"player_choice":"Bought 0 Potions","damage_taken":0,"max_hp_gain":0,"max_hp_loss":0,"event_name":"The Woman in Blue","floor":10,"gold_loss":0},{"damage_healed":0,"gold_gain":0,"player_choice":"Shed Blood","damage_taken":21,"max_hp_gain":5,"max_hp_loss":0,"event_name":"Forgotten Altar","floor":21,"gold_loss":0}],"is_beta":false,"boss_relics":[{"not_picked":["hermit:BartenderGlass","hubris:GrandSneckoEye"],"picked":"MagicMushroom"},{"not_picked":[]},{"not_picked":["ReplayTheSpireMod:DimensionalGlitch","Tiny House"],"picked":"Replay:Ancient Bell"},{"not_picked":[]}],"items_purged_floors":[37],"is_endless":false,"potions_floor_spawned":[2,4,7,8,14,25,31,33,36,39],"killed_by":"Maw","ascension_level":0}}