{"host":"htpechobqgpaugnv","time":1607488990,"event":{"gold_per_floor":[115,15,15,165,240,240,265,283,283,298,119,119,149,161,161,235,235,253,271,114,114,150,150,150],"floor_reached":23,"playtime":669,"items_purged":["Strike_P","Regret"],"score":473,"play_id":"b67f0844-0ad5-4375-8bbc-36a16a9d431e","local_time":"20201208224310","is_ascension_mode":true,"campfire_choices":[{"data":"PathToVictory","floor":6.0,"key":"SMITH"},{"data":"Meditate","floor":15.0,"key":"SMITH"}],"neow_cost":"NONE","seed_source_timestamp":68528901895200,"circlet_count":0,"master_deck":["AscendersBane","Strike_P","Strike_P","Defend_P","Defend_P","Defend_P","Eruption","Vigilance","FlurryOfBlows","PathToVictory+1","Doubt","FlurryOfBlows+1","CutThroughFate+1","WaveOfTheHand","DeusExMachina","Meditate+1","Prostrate","Scrawl","FlurryOfBlows+1","FlurryOfBlows+1","FlurryOfBlows+1","Wish","EmptyMind"],"special_seed":0,"relics":["PureWater","NeowsBlessing","Happy Flower","Molten Egg 2","Bottled Lightning","Prayer Wheel","Empty Cage","Damaru"],"potions_floor_usage":[23],"damage_taken":[{"damage":0.0,"enemies":"Jaw Worm","floor":1.0,"turns":1.0},{"damage":0.0,"enemies":"3 Sentries","floor":7.0,"turns":1.0},{"damage":0.0,"enemies":"Small Slimes","floor":8.0,"turns":1.0},{"damage":2.0,"enemies":"Cultist","floor":10.0,"turns":2.0},{"damage":12.0,"enemies":"Lagavulin","floor":13.0,"turns":5.0},{"damage":9.0,"enemies":"Exordium Wildlife","floor":14.0,"turns":4.0},{"damage":3.0,"enemies":"Slime Boss","floor":16.0,"turns":6.0},{"damage":8.0,"enemies":"Shell Parasite","floor":18.0,"turns":2.0},{"damage":12.0,"enemies":"3 Byrds","floor":19.0,"turns":3.0},{"damage":3.0,"enemies":"3 Cultists","floor":22.0,"turns":4.0},{"damage":39,"enemies":"Gremlin Leader","floor":23,"turns":4}],"seed_played":"-3166007873015446742","potions_obtained":[{"floor":1.0,"key":"Energy Potion"},{"floor":10.0,"key":"DistilledChaos"},{"floor":13.0,"key":"FearPotion"},{"floor":16.0,"key":"DistilledChaos"},{"floor":18.0,"key":"Weak Potion"},{"floor":19.0,"key":"LiquidMemories"}],"is_trial":false,"path_per_floor":["M","$","?","?","?","R","E","M","T","M","$","T","E","M","R","B",null,"M","M","$","?","M","E"],"character_chosen":"WATCHER","items_purchased":["PathToVictory","WaveOfTheHand","Damaru"],"campfire_rested":0,"item_purchase_floors":[2,11,20],"current_hp_per_floor":[61,61,61,61,50,50,50,50,50,48,48,48,36,27,27,24,57,49,37,37,37,34,0,0],"gold":150,"neow_bonus":"THREE_ENEMY_KILL","is_prod":false,"is_daily":false,"chose_seed":false,"campfire_upgraded":2,"win_rate":0,"timestamp":1607488990,"path_taken":["M","$","?","?","?","R","E","M","T","?","?","?","E","M","R","BOSS","M","M","$","?","?","E"],"build_version":"2020-11-30","purchased_purges":2,"victory":false,"max_hp_per_floor":[68,68,68,68,68,68,68,68,68,68,68,68,68,68,68,68,68,68,68,68,68,68,68,68],"relic_stats":{"Happy Flower":[10],"counters":[11,33],"Prayer Wheel":4,"obtain_stats":[{"NeowsBlessing":0,"Happy Flower":3,"Damaru":20,"Molten Egg 2":7,"Prayer Wheel":13,"Bottled Lightning":9,"PureWater":0,"Empty Cage":17},{"NeowsBlessing":0,"Happy Flower":1,"Damaru":9,"Molten Egg 2":2,"Prayer Wheel":5,"Bottled Lightning":3,"PureWater":0,"Empty Cage":7},{"NeowsBlessing":0,"Happy Flower":1,"Damaru":25,"Molten Egg 2":2,"Prayer Wheel":10,"Bottled Lightning":3,"PureWater":0,"Empty Cage":20}]},"card_choices":[{"not_picked":["Collect","EmptyFist"],"picked":"FlurryOfBlows","floor":1.0},{"not_picked":["JustLucky+1","Prostrate","Sanctity"],"picked":"SKIP","floor":7.0},{"not_picked":["ClearTheMind","Consecrate+1"],"picked":"FlurryOfBlows+1","floor":8.0},{"not_picked":["ClearTheMind","Fasting2"],"picked":"CutThroughFate+1","floor":10.0},{"not_picked":["Wireheading","FlyingSleeves+1"],"picked":"DeusExMachina","floor":13.0},{"not_picked":["ThirdEye","ClearTheMind"],"picked":"Meditate","floor":14.0},{"not_picked":["FlyingSleeves+1","Nirvana"],"picked":"Prostrate","floor":14.0},{"not_picked":["DevaForm","Omniscience"],"picked":"Scrawl","floor":16.0},{"not_picked":["Pray+1","Wireheading"],"picked":"FlurryOfBlows+1","floor":18.0},{"not_picked":["Vengeance","Perseverance","CarveReality+1"],"picked":"SKIP","floor":18.0},{"not_picked":["Conclude+1","FollowUp+1"],"picked":"FlurryOfBlows+1","floor":19.0},{"not_picked":["EmptyFist+1","CutThroughFate+1","Crescendo"],"picked":"SKIP","floor":19.0},{"not_picked":["WheelKick+1","JustLucky+1"],"picked":"EmptyMind","floor":22.0},{"not_picked":["WreathOfFlame","EmptyFist+1","Consecrate+1"],"picked":"SKIP","floor":22.0}],"player_experience":1250581,"relics_obtained":[{"floor":7.0,"key":"Molten Egg 2"},{"floor":9.0,"key":"Bottled Lightning"},{"floor":13.0,"key":"Prayer Wheel"}],"event_choices":[{"damage_healed":0.0,"max_hp_gain":0.0,"max_hp_loss":0.0,"gold_gain":0.0,"event_name":"Big Fish","player_choice":"Box","floor":3.0,"gold_loss":0.0,"damage_taken":0.0,"relics_obtained":["Happy Flower"],"cards_obtained":["Regret"]},{"damage_healed":0.0,"max_hp_gain":0.0,"max_hp_loss":0.0,"gold_gain":150.0,"event_name":"Liars Game","player_choice":"AGREE","floor":4.0,"gold_loss":0.0,"damage_taken":0.0,"cards_obtained":["Doubt"]},{"damage_healed":0.0,"max_hp_gain":0.0,"max_hp_loss":0.0,"gold_gain":75.0,"event_name":"World of Goop","player_choice":"Gather Gold","floor":5.0,"gold_loss":0.0,"damage_taken":11.0},{"damage_healed":0.0,"max_hp_gain":0.0,"max_hp_loss":0.0,"gold_gain":0.0,"event_name":"Match and Keep!","player_choice":"2 cards matched","floor":21.0,"gold_loss":0.0,"damage_taken":0.0,"cards_obtained":["FlurryOfBlows","Wish"]}],"is_beta":false,"boss_relics":[{"not_picked":["Runic Pyramid","SlaversCollar"],"picked":"Empty Cage"}],"items_purged_floors":[2,11],"is_endless":false,"potions_floor_spawned":[1,10,13,16,18,19],"killed_by":"Gremlin Leader","ascension_level":20}}