{"host":"zx10cf1fsoa3eqiy","time":1607491697,"event":{"gold_per_floor":[114,114,114,114,114,150,150,170,250,425,450,450,450,450,486,499,499,620,620,643,643,674,732,757,797,815,815,838,763,802,802,843,862,862,862,862],"floor_reached":35,"playtime":1706,"items_purged":["Regret"],"score":398,"play_id":"6a754a18-6408-4ece-9f2e-851f4e21dd91","local_time":"20201209132817","is_ascension_mode":true,"campfire_choices":[{"floor":7.0,"key":"REST"},{"floor":17.0,"key":"REST"},{"floor":27,"key":"REST"}],"neow_cost":"NONE","seed_source_timestamp":0,"circlet_count":0,"master_deck":["Strike_B","Strike_B","Defend_B+1","Defend_B+1","Defend_B+1","Defend_B+1","Zap","Dualcast","Conserve Battery","Streamline+1","Capacitor","Doubt","Leap","Reinforced Body+1","Electrodynamics","Force Field","Stack","Leap","Stack","Seek","Pain","White Noise"],"special_seed":0,"relics":["Cracked Core","NeowsBlessing","HornCleat","Golden Idol","Pen Nib","Divine Protection","Replay:Bottled Eggs","Replay:PocketPolymizer","ChewingGum","Red Mask","Eternal Feather","Nunchaku","Blood Vial","Bottled Flame","WarpedTongs","Pantograph"],"potions_floor_usage":[18,18,18,25,26],"damage_taken":[{"damage":0.0,"enemies":"Jaw Worm","floor":1.0,"turns":1.0},{"damage":0.0,"enemies":"Lagavulin","floor":6.0,"turns":1.0},{"damage":0.0,"enemies":"2 Louse","floor":8.0,"turns":1.0},{"damage":0.0,"enemies":"Small Slimes","floor":11.0,"turns":2.0},{"damage":36.0,"enemies":"3 Sentries","floor":15.0,"turns":11.0},{"damage":6.0,"enemies":"Exordium Wildlife","floor":16.0,"turns":6.0},{"damage":15,"enemies":"Hexaghost","floor":18,"turns":13},{"damage":12,"enemies":"2 Thieves","floor":20,"turns":4},{"damage":15,"enemies":"Masked Bandits","floor":22,"turns":4},{"damage":0,"enemies":"3 Byrds","floor":24,"turns":4},{"damage":29,"enemies":"Slavers","floor":25,"turns":6},{"damage":0,"enemies":"Snecko","floor":26,"turns":5},{"damage":25,"enemies":"Replay:Snechameleon","floor":30,"turns":9},{"damage":10,"enemies":"Gremlin Leader","floor":32,"turns":8},{"damage":7,"enemies":"Sentry and Sphere","floor":33,"turns":7},{"damage":77,"enemies":"Pondfish","floor":35,"turns":13}],"seed_played":"9097024678521493825","potions_obtained":[{"floor":6.0,"key":"Explosive Potion"},{"floor":11.0,"key":"SpeedPotion"},{"floor":15.0,"key":"PowerPotion"},{"floor":20,"key":"Swift Potion"},{"floor":23,"key":"Death Potion"},{"floor":24,"key":"AttackPotion"},{"floor":32,"key":"LiquidMemories"}],"is_trial":false,"path_per_floor":["M","?","?","?","?","E","R","M","T","?","M","PTL","PTL","?","E","M","R","B",null,"M","?","?","?","M","E","M","R","T","$","E","?","E","M","R","B"],"character_chosen":"DEFECT","items_purchased":[],"campfire_rested":3,"item_purchase_floors":[],"current_hp_per_floor":[75,75,75,75,57,57,75,75,75,75,75,75,75,72,36,30,52,37,75,63,63,48,48,48,19,19,53,53,53,30,30,22,17,51,0,0],"gold":862,"neow_bonus":"THREE_ENEMY_KILL","is_prod":false,"is_daily":false,"chose_seed":false,"campfire_upgraded":0,"win_rate":0,"timestamp":1607491697,"path_taken":["M","?","?","?","?","E","R","?","T","?","M","PTL","PTL","?","E","M","R","BOSS","M","?","?","?","M","E","?","R","T","$","E","?","E","?","R","BOSS"],"build_version":"2020-11-30","purchased_purges":1,"victory":false,"max_hp_per_floor":[75,75,75,75,75,75,75,75,75,75,75,75,75,75,75,75,75,75,75,75,75,75,75,75,75,75,75,75,75,75,75,75,75,75,75,75],"card_choices":[{"not_picked":["Go for the Eyes","Streamline"],"picked":"Conserve Battery","floor":1.0},{"not_picked":["Sweeping Beam","Blizzard"],"picked":"Capacitor","floor":6.0},{"not_picked":["BasicCrystalCard","ReplaySort","Streamline"],"picked":"SKIP","floor":8.0},{"not_picked":["Rebound","Sweeping Beam"],"picked":"Leap","floor":11.0},{"not_picked":["Leap","Thunder Strike"],"picked":"Reinforced Body","floor":15.0},{"not_picked":["Steam Power","Coolheaded","Streamline"],"picked":"SKIP","floor":16.0},{"not_picked":["Reboot","Core Surge"],"picked":"Electrodynamics","floor":18},{"not_picked":["Redo","Turbo","Gash"],"picked":"SKIP","floor":20},{"not_picked":["Rebound","Turbo"],"picked":"Stack","floor":22},{"not_picked":["All For One","Barrage+1","Coolheaded"],"picked":"SKIP","floor":24},{"not_picked":["Glacier","Fusion"],"picked":"Leap","floor":25},{"not_picked":["ReplayTheSpireMod:Repulse","Barrage"],"picked":"Stack","floor":26},{"not_picked":["Ball Lightning","Streamline"],"picked":"Seek","floor":30},{"not_picked":["Sunder","Skim"],"picked":"White Noise","floor":32},{"not_picked":["Compile Driver","Chill","Gash"],"picked":"SKIP","floor":33}],"player_experience":224776,"relics_obtained":[{"floor":6.0,"key":"Pen Nib"},{"floor":9.0,"key":"Divine Protection"},{"floor":15.0,"key":"Replay:PocketPolymizer"},{"floor":22,"key":"Red Mask"},{"floor":23,"key":"Eternal Feather"},{"floor":25,"key":"Nunchaku"},{"floor":28,"key":"Blood Vial"},{"floor":30,"key":"Bottled Flame"},{"floor":32,"key":"Pantograph"}],"event_choices":[{"damage_healed":0.0,"max_hp_gain":0.0,"max_hp_loss":0.0,"gold_gain":0.0,"event_name":"Big Fish","player_choice":"Box","floor":4.0,"gold_loss":0.0,"damage_taken":0.0,"relics_obtained":["HornCleat"],"cards_obtained":["Regret"]},{"damage_healed":0.0,"max_hp_gain":0.0,"max_hp_loss":0.0,"gold_gain":0.0,"event_name":"Golden Idol","player_choice":"Take Damage","floor":5.0,"gold_loss":0.0,"damage_taken":18.0,"relics_obtained":["Golden Idol"]},{"damage_healed":0.0,"max_hp_gain":0.0,"max_hp_loss":0.0,"gold_gain":175.0,"event_name":"Liars Game","player_choice":"AGREE","floor":10.0,"gold_loss":0.0,"damage_taken":0.0,"cards_obtained":["Doubt"]},{"damage_healed":0.0,"max_hp_gain":0.0,"max_hp_loss":0.0,"gold_gain":0.0,"event_name":"Scrap Ooze","player_choice":"Success","floor":14.0,"gold_loss":0.0,"damage_taken":3.0,"relics_obtained":["Replay:Bottled Eggs"]},{"damage_healed":0,"gold_gain":0,"player_choice":"Read","damage_taken":0,"max_hp_gain":0,"max_hp_loss":0,"event_name":"The Library","floor":21,"gold_loss":0,"cards_obtained":["Force Field"]},{"damage_healed":0,"gold_gain":0,"player_choice":"Fought Bandits","damage_taken":0,"max_hp_gain":0,"max_hp_loss":0,"event_name":"Masked Bandits","floor":22,"gold_loss":0},{"damage_healed":0,"gold_gain":0,"player_choice":"Rummage","damage_taken":0,"relics_obtained":["WarpedTongs"],"max_hp_gain":0,"max_hp_loss":0,"event_name":"Accursed Blacksmith","floor":31,"gold_loss":0,"cards_obtained":["Pain"]}],"is_beta":false,"boss_relics":[{"not_picked":["Replay:Bronze Core","Busted Crown"],"picked":"ChewingGum"}],"items_purged_floors":[29],"is_endless":false,"potions_floor_spawned":[6,11,15,20,24,32],"killed_by":"Pondfish","ascension_level":3}}