{"host":"12piqfhmdln9x2la","time":1607525956,"event":{"gold_per_floor":[118,118,293,312,312,347,358,358,382,61,93,18,84,104,104,104,104],"floor_reached":16,"playtime":299,"items_purged":["Defend_G"],"score":135,"play_id":"3a427d26-b48f-4d2f-b606-150ed144c0e4","local_time":"20201209235916","is_ascension_mode":false,"campfire_choices":[{"data":"Storm of Steel","floor":8,"key":"SMITH"},{"floor":15,"key":"REST"}],"neow_cost":"NONE","seed_source_timestamp":19995109328200,"circlet_count":0,"master_deck":["Strike_G+1","Strike_G","Strike_G","Strike_G","Defend_G","Defend_G","Defend_G","Defend_G+1","Survivor","Neutralize","Slice","Storm of Steel+1","Doubt","Footwork","Night Terror","Escape Plan","HandOfGreed","Tactician","Dagger Spray","Finisher"],"relics":["Ring of the Snake","NeowsBlessing","Happy Flower","Potion Belt","Tiny Chest","Bottled Flame"],"potions_floor_usage":[13,16,16,16,16],"damage_taken":[{"damage":0,"enemies":"Jaw Worm","floor":1,"turns":1},{"damage":0,"enemies":"Small Slimes","floor":4,"turns":1},{"damage":0,"enemies":"Lagavulin","floor":6,"turns":1},{"damage":6,"enemies":"2 Louse","floor":7,"turns":2},{"damage":23,"enemies":"Exordium Thugs","floor":11,"turns":5},{"damage":20,"enemies":"3 Sentries","floor":13,"turns":9},{"damage":2,"enemies":"Looter","floor":14,"turns":2},{"damage":30,"enemies":"The Guardian","floor":16,"turns":3}],"seed_played":"-7204136552689016878","potions_obtained":[{"floor":4,"key":"Swift Potion"},{"floor":6,"key":"CunningPotion"},{"floor":7,"key":"Poison Potion"},{"floor":13,"key":"GhostInAJar"},{"floor":14,"key":"PowerPotion"}],"is_trial":false,"path_per_floor":["M","?","?","M","?","E","M","R","T","$","M","$","E","M","R","B"],"character_chosen":"THE_SILENT","items_purchased":["Tiny Chest","HandOfGreed"],"campfire_rested":1,"item_purchase_floors":[10,10],"current_hp_per_floor":[70,70,70,70,56,56,50,50,50,50,27,27,7,5,26,0,0],"gold":104,"neow_bonus":"THREE_ENEMY_KILL","is_prod":false,"is_daily":false,"chose_seed":false,"campfire_upgraded":1,"win_rate":0.0,"timestamp":1607525956,"path_taken":["M","?","?","M","?","E","M","R","T","$","M","?","E","?","R","BOSS"],"build_version":"2020-11-30","purchased_purges":1,"victory":false,"max_hp_per_floor":[70,70,70,70,70,70,70,70,70,70,70,70,70,70,70,70,70],"card_choices":[{"not_picked":["Skewer","Predator"],"picked":"Slice","floor":1},{"not_picked":["Dash","Backflip"],"picked":"Footwork","floor":4},{"not_picked":["Dagger Throw","Backflip"],"picked":"Night Terror","floor":6},{"not_picked":["All Out Attack","Riddle With Holes"],"picked":"Escape Plan","floor":7},{"not_picked":["Backflip","Dash"],"picked":"Tactician","floor":11},{"not_picked":["Glass Knife","Quick Slash"],"picked":"Dagger Spray","floor":13},{"not_picked":["Sucker Punch","Poisoned Stab"],"picked":"Finisher","floor":14}],"player_experience":92656,"relics_obtained":[{"floor":6,"key":"Happy Flower"},{"floor":9,"key":"Potion Belt"},{"floor":13,"key":"Bottled Flame"}],"event_choices":[{"damage_healed":0,"gold_gain":0,"cards_transformed":["Strike_G"],"player_choice":"Change","damage_taken":0,"max_hp_gain":0,"max_hp_loss":0,"event_name":"Living Wall","floor":2,"gold_loss":0,"cards_obtained":["Storm of Steel"]},{"damage_healed":0,"gold_gain":175,"player_choice":"AGREE","damage_taken":0,"max_hp_gain":0,"max_hp_loss":0,"event_name":"Liars Game","floor":3,"gold_loss":0,"cards_obtained":["Doubt"]},{"damage_healed":0,"gold_gain":0,"player_choice":"Entered Light","damage_taken":14,"max_hp_gain":0,"max_hp_loss":0,"event_name":"Shining Light","floor":5,"gold_loss":0,"cards_upgraded":["Defend_G","Strike_G"]}],"is_beta":false,"boss_relics":[],"items_purged_floors":[12],"is_endless":false,"potions_floor_spawned":[4,6,7,13,14],"killed_by":"The Guardian","ascension_level":0}}