{"host":"7gewg82ormp6yt4e","time":1607517381,"event":{"gold_per_floor":[118,118,118,118,135,160,160,191,216,235,248,248,264,307,307,393,393,393,393,160,160,50,50,87,87,137,137,158,167,167,186,186,186,186],"floor_reached":33,"playtime":1086,"items_purged":["Strike_G"],"score":612,"play_id":"610ebc04-6664-4ff5-b9b6-2cc448eb6778","local_time":"20201209213621","is_ascension_mode":true,"campfire_choices":[{"data":"A Thousand Cuts","floor":7,"key":"SMITH"},{"floor":12,"key":"REST"},{"floor":15,"key":"REST"},{"data":"A Thousand Cuts","floor":23,"key":"SMITH"},{"data":"Corpse Explosion","floor":25,"key":"SMITH"},{"data":"Well Laid Plans","floor":27,"key":"SMITH"},{"floor":30,"key":"REST"},{"floor":32,"key":"REST"}],"neow_cost":"NONE","seed_source_timestamp":942724785895900,"circlet_count":0,"master_deck":["AscendersBane","Strike_G+1","Strike_G+1","Defend_G","Defend_G","Defend_G","Defend_G","Defend_G","Survivor","Neutralize+1","Bane","Backflip","A Thousand Cuts+1","Bouncing Flask","Deadly Poison","Well Laid Plans+1","Deflect","A Thousand Cuts+1","Corpse Explosion+1","Cloak And Dagger","Noxious Fumes+1","Deadly Poison","Blade Dance"],"relics":["Ring of the Snake","NeowsBlessing","Strawberry","Letter Opener","Anchor","CeramicFish","Sozu","MealTicket","Sundial","Potion Belt"],"potions_floor_usage":[8,8,11,14,16,18],"damage_taken":[{"damage":0,"enemies":"Cultist","floor":1,"turns":1},{"damage":0,"enemies":"Small Slimes","floor":5,"turns":1},{"damage":0,"enemies":"Gremlin Nob","floor":6,"turns":1},{"damage":25,"enemies":"3 Sentries","floor":8,"turns":7},{"damage":0,"enemies":"2 Louse","floor":10,"turns":4},{"damage":0,"enemies":"Gremlin Gang","floor":11,"turns":2},{"damage":0,"enemies":"Blue Slaver","floor":13,"turns":3},{"damage":42,"enemies":"Gremlin Nob","floor":14,"turns":4},{"damage":23,"enemies":"Hexaghost","floor":16,"turns":9},{"damage":0,"enemies":"Chosen","floor":18,"turns":3},{"damage":27,"enemies":"Slavers","floor":24,"turns":3},{"damage":11,"enemies":"Shell Parasite","floor":28,"turns":6},{"damage":15,"enemies":"Snake Plant","floor":31,"turns":3},{"damage":60,"enemies":"Collector","floor":33,"turns":6}],"seed_played":"6662531940936482996","potions_obtained":[{"floor":4,"key":"Fire Potion"},{"floor":4,"key":"FearPotion"},{"floor":6,"key":"Explosive Potion"},{"floor":8,"key":"DistilledChaos"},{"floor":11,"key":"SkillPotion"},{"floor":14,"key":"Poison Potion"},{"floor":16,"key":"SmokeBomb"}],"is_trial":false,"path_per_floor":["M","?","?","?","M","E","R","E","T","M","M","R","M","E","R","B",null,"M","?","$","?","?","R","E","R","T","R","M","?","R","M","R","B"],"character_chosen":"THE_SILENT","items_purchased":["MealTicket"],"campfire_rested":4,"item_purchase_floors":[20],"current_hp_per_floor":[59,39,44,44,44,51,51,26,26,26,26,49,49,7,30,7,60,60,60,60,60,60,60,33,33,33,33,22,22,45,30,53,0,0],"gold":186,"neow_bonus":"THREE_ENEMY_KILL","is_prod":false,"is_daily":false,"chose_seed":false,"campfire_upgraded":4,"win_rate":0,"timestamp":1607517381,"path_taken":["M","?","?","?","M","E","R","E","T","?","M","R","M","E","R","BOSS","M","?","$","?","?","R","E","R","T","R","?","?","R","?","R","BOSS"],"build_version":"2020-11-30","purchased_purges":1,"victory":false,"max_hp_per_floor":[66,66,71,71,71,78,78,78,78,78,78,78,78,78,78,78,78,78,78,78,78,78,78,78,78,78,78,78,78,78,78,78,78,78],"relic_stats":{"Sozu":1,"counters":[14,53],"Sundial":[0],"CeramicFish":54,"MealTicket":0,"Letter Opener":[66],"obtain_stats":[{"Sozu":17,"Potion Belt":26,"Anchor":9,"NeowsBlessing":0,"Sundial":24,"Strawberry":6,"CeramicFish":14,"MealTicket":20,"Letter Opener":8,"Ring of the Snake":0},{"Sozu":9,"Potion Belt":11,"Anchor":4,"NeowsBlessing":0,"Sundial":11,"Strawberry":3,"CeramicFish":8,"MealTicket":10,"Letter Opener":4,"Ring of the Snake":0},{"Sozu":32,"Potion Belt":38,"Anchor":10,"NeowsBlessing":0,"Sundial":38,"Strawberry":3,"CeramicFish":23,"MealTicket":35,"Letter Opener":10,"Ring of the Snake":0}],"Ring of the Snake":[28]},"card_choices":[{"not_picked":["Sucker Punch","Heel Hook"],"picked":"Bane","floor":1},{"not_picked":["Endless Agony","Deflect"],"picked":"Backflip","floor":5},{"not_picked":["Flechettes","Sucker Punch"],"picked":"A Thousand Cuts","floor":6},{"not_picked":["Flying Knee","Caltrops"],"picked":"Bouncing Flask","floor":8},{"not_picked":["Cloak And Dagger","Flying Knee"],"picked":"Deadly Poison","floor":10},{"not_picked":["Bane","Escape Plan"],"picked":"Well Laid Plans","floor":11},{"not_picked":["Underhanded Strike","Prepared"],"picked":"Deflect","floor":13},{"not_picked":["Wraith Form v2","Dagger Spray"],"picked":"A Thousand Cuts","floor":14},{"not_picked":["Envenom","Phantasmal Killer"],"picked":"Corpse Explosion","floor":16},{"not_picked":["Terror","Slice"],"picked":"Cloak And Dagger","floor":24},{"not_picked":["Riddle With Holes","Backflip"],"picked":"Noxious Fumes+1","floor":28},{"not_picked":["Deadly Poison","Crippling Poison"],"picked":"Blade Dance","floor":31}],"player_experience":2290732,"relics_obtained":[{"floor":6,"key":"Strawberry"},{"floor":8,"key":"Letter Opener"},{"floor":9,"key":"Anchor"},{"floor":14,"key":"CeramicFish"},{"floor":24,"key":"Sundial"},{"floor":26,"key":"Potion Belt"}],"event_choices":[{"damage_healed":0,"gold_gain":0,"player_choice":"Entered Light","damage_taken":20,"max_hp_gain":0,"max_hp_loss":0,"event_name":"Shining Light","floor":2,"gold_loss":0,"cards_upgraded":["Strike_G","Strike_G"]},{"damage_healed":0,"gold_gain":0,"player_choice":"Donut","damage_taken":0,"max_hp_gain":5,"max_hp_loss":0,"event_name":"Big Fish","floor":3,"gold_loss":0},{"damage_healed":0,"gold_gain":0,"player_choice":"Got Potions","damage_taken":0,"max_hp_gain":0,"max_hp_loss":0,"event_name":"Lab","floor":4,"gold_loss":0},{"damage_healed":0,"gold_gain":0,"player_choice":"Ignored","damage_taken":0,"max_hp_gain":0,"max_hp_loss":0,"event_name":"Ghosts","floor":19,"gold_loss":0},{"damage_healed":0,"gold_gain":0,"player_choice":"Ignored","damage_taken":0,"max_hp_gain":0,"max_hp_loss":0,"event_name":"The Mausoleum","floor":21,"gold_loss":0},{"cards_removed":["Strike_G"],"damage_healed":0,"gold_gain":0,"player_choice":"Upgrade and Remove","damage_taken":0,"max_hp_gain":0,"max_hp_loss":0,"event_name":"Designer","floor":22,"gold_loss":110,"cards_upgraded":["Neutralize"]},{"damage_healed":0,"gold_gain":0,"cards_transformed":["Strike_G"],"player_choice":"Transformed","damage_taken":0,"max_hp_gain":0,"max_hp_loss":0,"event_name":"Transmorgrifier","floor":29,"gold_loss":0,"cards_obtained":["Deadly Poison"]}],"is_beta":false,"boss_relics":[{"not_picked":["Fusion Hammer","Tiny House"],"picked":"Sozu"}],"items_purged_floors":[20],"is_endless":false,"potions_floor_spawned":[6,8,11,14,16,28],"killed_by":"Collector","ascension_level":20}}