{"host":"cjhtzh7tp54jdfyv","time":1607539627,"event":{"gold_per_floor":[118,134,152,167,182,213,50,83,95,134,177,189,234,246,258,270,270],"floor_reached":16,"playtime":927,"items_purged":[],"score":310,"play_id":"8762a91d-4c2c-4335-ba93-bf7911f45ce1","local_time":"20201209134707","is_ascension_mode":true,"campfire_choices":[{"data":"Fiend Fire","floor":12,"key":"SMITH"},{"floor":15,"key":"REST"}],"neow_cost":"NONE","seed_source_timestamp":689685974965900,"circlet_count":0,"master_deck":["AscendersBane","Strike_R","Strike_R","Strike_R","Strike_R","Strike_R","Defend_R","Defend_R","Defend_R","Defend_R","Bash","Carnage","Clothesline","Fiend Fire+1","Anger","Burning Pact","Combust","Rampage","Impervious"],"special_seed":0,"relics":["Runic Dome","Blue Candle","Orichalcum","MawBank","Odd Mushroom","Toy Ornithopter","Molten Egg 2","Frozen Egg 2"],"potions_floor_usage":[10,11,13,16],"damage_taken":[{"damage":14.0,"enemies":"Jaw Worm","floor":1.0,"turns":4.0},{"damage":3.0,"enemies":"Small Slimes","floor":2.0,"turns":3.0},{"damage":0.0,"enemies":"Cultist","floor":3.0,"turns":2.0},{"damage":6.0,"enemies":"Looter","floor":4.0,"turns":2.0},{"damage":8.0,"enemies":"3 Louse","floor":5.0,"turns":3.0},{"damage":0.0,"enemies":"Gremlin Nob","floor":6.0,"turns":2.0},{"damage":19.0,"enemies":"Lagavulin","floor":8.0,"turns":4.0},{"damage":6,"enemies":"The Mushroom Lair","floor":10,"turns":3},{"damage":4,"enemies":"Gremlin Nob","floor":11,"turns":3},{"damage":11,"enemies":"Lagavulin","floor":13,"turns":5},{"damage":30,"enemies":"Hexaghost","floor":16,"turns":7}],"seed_played":"5915009675676823750","potions_obtained":[{"floor":3.0,"key":"CultistPotion"},{"floor":5.0,"key":"Strength Potion"},{"floor":8.0,"key":"Regen Potion"},{"floor":10,"key":"FearPotion"},{"floor":11,"key":"LiquidMemories"}],"is_trial":false,"path_per_floor":["M","M","M","M","M","E","$","E","T","?","E","R","E","?","R","B"],"character_chosen":"IRONCLAD","items_purchased":["Orichalcum"],"campfire_rested":1,"item_purchase_floors":[7],"current_hp_per_floor":[54,51,51,45,37,37,37,18,18,24,20,20,14,3,25,0,0],"gold":270,"neow_bonus":"BOSS_RELIC","is_prod":false,"is_daily":false,"chose_seed":false,"campfire_upgraded":1,"win_rate":0,"timestamp":1607539627,"path_taken":["M","M","M","M","M","E","$","E","T","?","E","R","E","?","R","BOSS"],"build_version":"2020-11-30","purchased_purges":0,"victory":false,"max_hp_per_floor":[75,75,75,75,75,75,75,75,75,75,75,75,75,75,75,75,75],"card_choices":[{"not_picked":["Clothesline","Shockwave"],"picked":"Carnage","floor":1.0},{"not_picked":["Perfected Strike","Wild Strike"],"picked":"Clothesline","floor":2.0},{"not_picked":["Clash","Body Slam","Second Wind"],"picked":"SKIP","floor":3.0},{"not_picked":["Dropkick","Warcry"],"picked":"Fiend Fire","floor":4.0},{"not_picked":["Sword Boomerang","Headbutt"],"picked":"Anger","floor":5.0},{"not_picked":["Anger","Twin Strike"],"picked":"Burning Pact","floor":6.0},{"not_picked":["Infernal Blade","Heavy Blade"],"picked":"Combust","floor":8.0},{"not_picked":["Rage","Iron Wave"],"picked":"Rampage","floor":10},{"not_picked":["Pummel","Thunderclap"],"picked":"Impervious","floor":11},{"not_picked":["Dropkick+1","Infernal Blade","Headbutt+1"],"picked":"SKIP","floor":13}],"player_experience":4075094,"relics_obtained":[{"floor":6.0,"key":"Blue Candle"},{"floor":8.0,"key":"MawBank"},{"floor":10,"key":"Odd Mushroom"},{"floor":11,"key":"Toy Ornithopter"},{"floor":13,"key":"Molten Egg 2"}],"event_choices":[{"damage_healed":0,"gold_gain":0,"player_choice":"Fought Mushrooms","damage_taken":0,"max_hp_gain":0,"max_hp_loss":0,"event_name":"Mushrooms","floor":10,"gold_loss":0},{"damage_healed":0,"gold_gain":0,"player_choice":"Success","damage_taken":11,"relics_obtained":["Frozen Egg 2"],"max_hp_gain":0,"max_hp_loss":0,"event_name":"Scrap Ooze","floor":14,"gold_loss":0}],"is_beta":false,"boss_relics":[],"items_purged_floors":[],"is_endless":false,"potions_floor_spawned":[3,5,8,10,11],"killed_by":"Hexaghost","ascension_level":20}}