{"host":"aeidq2c3auzxo1yh","time":1607543901,"event":{"gold_per_floor":[117,117,128,30,45,45,79,79,79,79,79,93,122,17,17,114,114,127,107,127,137,147,474,474,509,589,589,599,614,642,75,75,176,176,188,208,258,269,283,317,317,337,413,413,413,424,92,92,92,92,92],"floor_reached":50,"playtime":3812,"items_purged":["Strike_B"],"score":1017,"play_id":"79230acf-bf95-4fa1-b67b-191ac9593f15","local_time":"20201210005821","is_ascension_mode":true,"campfire_choices":[{"data":"Zap","floor":6,"key":"SMITH"},{"data":"Defragment","floor":8,"key":"SMITH"},{"floor":10,"key":"REST"},{"floor":15,"key":"REST"},{"data":"Dualcast","floor":24,"key":"SMITH"},{"floor":27,"key":"REST"},{"data":"Apotheosis","floor":32,"key":"SMITH"},{"floor":41,"key":"RECALL"},{"data":"Lockon","floor":44,"key":"SMITH"},{"floor":49,"key":"REST"}],"neow_cost":"PERCENT_DAMAGE","seed_source_timestamp":3054739934934000,"circlet_count":0,"master_deck":["Defend_B","Defend_B","Defend_B","Defend_B","Zap+1","Dualcast+1","Defragment+1","Ball Lightning","Genetic Algorithm","FTL","Steam","Loop+1","Streamline","Buffer+1","Coolheaded","Lockon+1","Thunder Strike","Stack+1","Seek","Hologram","White Noise+1","Apotheosis+1","Self Repair+1","Melter","Creative AI+1","Storm+1","Capacitor+1","Biased Cognition+1","Storm+1","Coolheaded+1","Tempest+1","Electrodynamics+1","Capacitor+1","Stack","Storm+1"],"relics":["Cracked Core","Gambling Chip","Mummified Hand","Frozen Egg 2","Oddly Smooth Stone","Smiling Mask","Bag of Marbles","SacredBark","Old Coin","Art of War","Lantern","ClockworkSouvenir","Astrolabe","CaptainsWheel","Juzu Bracelet","Ornamental Fan","DollysMirror"],"potions_floor_usage":[13,16,16,22,23,23,25,30,33,33,37,50,50],"damage_taken":[{"damage":11,"enemies":"Jaw Worm","floor":1,"turns":4},{"damage":0,"enemies":"Small Slimes","floor":3,"turns":3},{"damage":1,"enemies":"Cultist","floor":5,"turns":3},{"damage":29,"enemies":"3 Sentries","floor":7,"turns":6},{"damage":0,"enemies":"Blue Slaver","floor":12,"turns":2},{"damage":0,"enemies":"Lagavulin","floor":13,"turns":5},{"damage":0,"enemies":"Slime Boss","floor":16,"turns":5},{"damage":0,"enemies":"Spheric Guardian","floor":18,"turns":4},{"damage":8,"enemies":"2 Thieves","floor":20,"turns":4},{"damage":3,"enemies":"Shelled Parasite and Fungi","floor":21,"turns":6},{"damage":0,"enemies":"Centurion and Healer","floor":22,"turns":8},{"damage":24,"enemies":"Slavers","floor":23,"turns":7},{"damage":28,"enemies":"Book of Stabbing","floor":25,"turns":5},{"damage":2,"enemies":"Chosen and Byrds","floor":28,"turns":6},{"damage":1,"enemies":"Shelled Parasite and Fungi","floor":29,"turns":4},{"damage":5,"enemies":"Slavers","floor":30,"turns":6},{"damage":0,"enemies":"Champ","floor":33,"turns":9},{"damage":6,"enemies":"3 Darklings","floor":35,"turns":3},{"damage":10,"enemies":"3 Shapes","floor":36,"turns":3},{"damage":36,"enemies":"Mind Bloom Boss Battle","floor":37,"turns":4},{"damage":0,"enemies":"Maw","floor":38,"turns":3},{"damage":0,"enemies":"Writhing Mass","floor":39,"turns":3},{"damage":28,"enemies":"Reptomancer","floor":40,"turns":4},{"damage":0,"enemies":"Transient","floor":42,"turns":5},{"damage":0,"enemies":"Spire Growth","floor":46,"turns":3},{"damage":57,"enemies":"Awakened One","floor":50,"turns":9}],"seed_played":"7172012739038953662","potions_obtained":[{"floor":5,"key":"Ancient Potion"},{"floor":12,"key":"Weak Potion"},{"floor":13,"key":"SkillPotion"},{"floor":16,"key":"SteroidPotion"},{"floor":18,"key":"SpeedPotion"},{"floor":19,"key":"Energy Potion"},{"floor":22,"key":"SpeedPotion"},{"floor":25,"key":"Weak Potion"},{"floor":28,"key":"Energy Potion"},{"floor":30,"key":"Dexterity Potion"},{"floor":33,"key":"SteroidPotion"},{"floor":36,"key":"BlessingOfTheForge"},{"floor":38,"key":"Strength Potion"},{"floor":40,"key":"FocusPotion"},{"floor":42,"key":"PowerPotion"}],"is_trial":false,"path_per_floor":["M","?","M","?","M","R","E","R","T","R","?","M","E","$","R","B",null,"M","?","M","M","M","E","R","E","T","R","M","M","E","$","R","B",null,"M","M","?","M","M","E","R","M","T","R","?","M","$","?","R","B"],"character_chosen":"DEFECT","items_purchased":["Loop+1","Streamline","Apotheosis","ClockworkSouvenir","Self Repair+1","Melter","Dexterity Potion","Electrodynamics+1","DollysMirror","Stack","Fire Potion"],"campfire_rested":4,"item_purchase_floors":[14,14,31,31,31,31,31,47,47,47,47],"current_hp_per_floor":[39,32,32,32,31,31,2,2,2,24,17,17,17,17,39,39,66,66,66,58,55,55,31,31,3,3,25,23,22,17,17,17,27,63,67,67,41,41,41,23,23,33,33,33,33,33,33,33,55,0,0],"gold":92,"neow_bonus":"ONE_RARE_RELIC","is_prod":false,"is_daily":false,"chose_seed":false,"campfire_upgraded":5,"win_rate":0,"timestamp":1607543901,"path_taken":["M","?","M","?","?","R","E","R","T","R","?","M","E","$","R","BOSS","M","?","M","?","?","E","R","E","T","R","M","M","E","$","R","BOSS","M","M","?","M","M","E","R","M","T","R","?","M","$","?","R","BOSS"],"build_version":"2020-11-30","purchased_purges":1,"victory":false,"max_hp_per_floor":[75,75,75,75,75,75,75,75,75,75,75,75,75,75,75,75,75,75,75,75,75,75,75,75,75,75,75,75,75,75,75,75,75,75,75,75,75,75,75,75,75,75,75,75,75,75,75,75,75,75,75],"relic_stats":{"counters":[26,123],"Mummified Hand":[124],"Ornamental Fan":[0],"Gambling Chip":[61],"Astrolabe":["Storm","Capacitor","Biased Cognition"],"Art of War":[12],"Juzu Bracelet":1,"Smiling Mask":25,"obtain_stats":[{"Lantern":30,"SacredBark":17,"Astrolabe":34,"Oddly Smooth Stone":9,"Juzu Bracelet":40,"Frozen Egg 2":7,"Smiling Mask":11,"Old Coin":23,"ClockworkSouvenir":31,"CaptainsWheel":37,"Mummified Hand":4,"Ornamental Fan":43,"DollysMirror":47,"Gambling Chip":0,"Bag of Marbles":13,"Art of War":25,"Cracked Core":0},{"Lantern":16,"SacredBark":7,"Astrolabe":17,"Oddly Smooth Stone":4,"Juzu Bracelet":23,"Frozen Egg 2":4,"Smiling Mask":4,"Old Coin":12,"ClockworkSouvenir":16,"CaptainsWheel":20,"Mummified Hand":2,"Ornamental Fan":24,"DollysMirror":25,"Gambling Chip":0,"Bag of Marbles":6,"Art of War":13,"Cracked Core":0},{"Lantern":77,"SacredBark":28,"Astrolabe":86,"Oddly Smooth Stone":16,"Juzu Bracelet":106,"Frozen Egg 2":16,"Smiling Mask":16,"Old Coin":56,"ClockworkSouvenir":77,"CaptainsWheel":96,"Mummified Hand":7,"Ornamental Fan":111,"DollysMirror":114,"Gambling Chip":0,"Bag of Marbles":23,"Art of War":61,"Cracked Core":0}]},"card_choices":[{"not_picked":["Hologram","Auto Shields"],"picked":"Defragment","floor":1},{"not_picked":["Cold Snap","Compile Driver"],"picked":"Ball Lightning","floor":3},{"not_picked":["Redo","Stack"],"picked":"Genetic Algorithm","floor":5},{"not_picked":["Rainbow","Stack"],"picked":"FTL","floor":7},{"not_picked":["Rebound","Turbo"],"picked":"Cold Snap","floor":12},{"not_picked":["Sunder","Consume"],"picked":"Steam","floor":13},{"not_picked":["Core Surge","Reboot"],"picked":"Buffer+1","floor":16},{"not_picked":["Go for the Eyes","Cold Snap+1"],"picked":"Coolheaded","floor":18},{"not_picked":["Reprogram+1","Streamline","Rebound"],"picked":"SKIP","floor":20},{"not_picked":["Cold Snap","Leap"],"picked":"Lockon","floor":21},{"not_picked":["Steam","Cold Snap"],"picked":"Thunder Strike","floor":22},{"not_picked":["Compile Driver+1","Leap+1"],"picked":"Stack+1","floor":23},{"not_picked":["Skim","Streamline"],"picked":"Seek","floor":25},{"not_picked":["Rip and Tear","Stack","Beam Cell"],"picked":"SKIP","floor":28},{"not_picked":["Redo+1","Go for the Eyes"],"picked":"Hologram","floor":29},{"not_picked":["Darkness","Hologram"],"picked":"White Noise+1","floor":30},{"not_picked":["Biased Cognition+1","Buffer+1"],"picked":"Creative AI+1","floor":33},{"not_picked":["Ball Lightning+1","Doom and Gloom"],"picked":"Storm+1","floor":35},{"not_picked":["Rebound","BootSequence+1","Beam Cell"],"picked":"SKIP","floor":36},{"not_picked":["Darkness","Streamline+1"],"picked":"Coolheaded+1","floor":37},{"not_picked":["Sunder","Coolheaded","Ball Lightning+1"],"picked":"SKIP","floor":38},{"not_picked":["Leap","Aggregate","Beam Cell+1"],"picked":"SKIP","floor":39},{"not_picked":["Scrape+1","Rebound","Tempest"],"picked":"SKIP","floor":40},{"not_picked":["Recycle","Cold Snap","Chaos"],"picked":"SKIP","floor":42},{"not_picked":["Barrage","Rainbow"],"picked":"Tempest+1","floor":46}],"player_experience":815937,"relics_obtained":[{"floor":7,"key":"Frozen Egg 2"},{"floor":9,"key":"Oddly Smooth Stone"},{"floor":13,"key":"Bag of Marbles"},{"floor":23,"key":"Old Coin"},{"floor":25,"key":"Art of War"},{"floor":30,"key":"Lantern"},{"floor":37,"key":"CaptainsWheel"},{"floor":40,"key":"Juzu Bracelet"},{"floor":43,"key":"Ornamental Fan"}],"event_choices":[{"cards_removed":["Strike_B"],"damage_healed":0,"gold_gain":0,"player_choice":"Card Removal","damage_taken":7,"max_hp_gain":0,"max_hp_loss":0,"event_name":"Golden Wing","floor":2,"gold_loss":0},{"damage_healed":0,"gold_gain":0,"player_choice":"Paid Gold","damage_taken":0,"relics_obtained":["Mummified Hand"],"max_hp_gain":0,"max_hp_loss":0,"event_name":"WeMeetAgain","floor":4,"gold_loss":98},{"damage_healed":0,"gold_gain":0,"player_choice":"Success","damage_taken":7,"relics_obtained":["Smiling Mask"],"max_hp_gain":0,"max_hp_loss":0,"event_name":"Scrap Ooze","floor":11,"gold_loss":0},{"damage_healed":0,"gold_gain":0,"player_choice":"Bought 1 Potion","damage_taken":0,"max_hp_gain":0,"max_hp_loss":0,"event_name":"The Woman in Blue","floor":19,"gold_loss":0},{"damage_healed":0,"gold_gain":0,"player_choice":"Fight","damage_taken":0,"max_hp_gain":0,"max_hp_loss":0,"event_name":"MindBloom","floor":37,"gold_loss":0},{"damage_healed":0,"gold_gain":0,"player_choice":"Ignored","damage_taken":0,"max_hp_gain":0,"max_hp_loss":0,"event_name":"Tomb of Lord Red Mask","floor":45,"gold_loss":0},{"damage_healed":0,"gold_gain":0,"player_choice":"Copied","damage_taken":0,"max_hp_gain":0,"max_hp_loss":0,"event_name":"Duplicator","floor":48,"gold_loss":0,"cards_obtained":["Storm"]}],"is_beta":false,"boss_relics":[{"not_picked":["Snecko Eye","FrozenCore"],"picked":"SacredBark"},{"not_picked":["Runic Pyramid","Velvet Choker"],"picked":"Astrolabe"}],"items_purged_floors":[31],"is_endless":false,"potions_floor_spawned":[5,12,13,16,18,22,25,28,30,33,36,38,40,42],"killed_by":"Awakened One","ascension_level":9}}