{"host":"kyy1kus4tsuq869y","time":1607509470,"event":{"gold_per_floor":[110,120,270,321,338,368,368,400,400,400,400,400],"floor_reached":11,"playtime":325,"items_purged":[],"score":142,"play_id":"4f20aac8-784b-4340-8d75-e77c46cab26b","local_time":"20201209182430","is_ascension_mode":true,"campfire_choices":[{"floor":10,"key":"REST"}],"neow_cost":"NONE","seed_source_timestamp":9919248483900,"circlet_count":0,"master_deck":["AscendersBane","Strike_R+1","Strike_R","Strike_R","Strike_R","Strike_R","Defend_R+1","Defend_R","Defend_R","Defend_R","Bash","Battle Trance","Doubt","Shrug It Off","Fire Breathing","Reckless Charge","Clothesline","Doubt","Ghostly Armor"],"special_seed":0,"relics":["Burning Blood","NeowsBlessing","Question Card","Simple Rune","ReplayTheSpireMod:Ring of Exchange","ReplayTheSpireMod:Ring of Addiction","SacredBark","hubris:EmptyBottle","Frozen Egg 2"],"potions_floor_usage":[6,8,8,8,8],"damage_taken":[{"damage":0,"enemies":"2 Louse","floor":1,"turns":1},{"damage":0,"enemies":"Jaw Worm","floor":2,"turns":1},{"damage":1,"enemies":"Small Slimes","floor":5,"turns":2},{"damage":56,"enemies":"Gremlin Nob","floor":6,"turns":6},{"damage":22,"enemies":"Lagavulin","floor":8,"turns":5},{"damage":34,"enemies":"Gremlin Nob","floor":11,"turns":4}],"seed_played":"-6614995498301659931","potions_obtained":[{"floor":2,"key":"SkillPotion"},{"floor":5,"key":"construct:ShiftPotion"},{"floor":6,"key":"hexamod:EctoCoolerPotion"},{"floor":7,"key":"SteroidPotion"},{"floor":7,"key":"DistilledChaos"}],"is_trial":false,"path_per_floor":["M","M","?","?","M","E","?","E","T","R","E"],"character_chosen":"IRONCLAD","items_purchased":[],"campfire_rested":1,"item_purchase_floors":[],"current_hp_per_floor":[74,75,75,75,75,25,25,9,9,31,0,0],"gold":400,"neow_bonus":"THREE_ENEMY_KILL","is_prod":false,"is_daily":false,"chose_seed":false,"campfire_upgraded":0,"win_rate":0,"timestamp":1607509470,"path_taken":["M","M","?","?","M","E","?","E","T","R","E"],"build_version":"2020-11-30","purchased_purges":0,"victory":false,"max_hp_per_floor":[75,75,75,75,75,75,75,75,75,75,75,75],"card_choices":[{"not_picked":["ReplayTheSpireMod:Strike From Hell","Defy Death"],"picked":"Battle Trance","floor":1},{"not_picked":["hubris:ReadiedAction","ReplayTheSpireMod:Strike From Hell","hubris:CleavingFinish"],"picked":"SKIP","floor":2},{"not_picked":["Perfected Strike","Warcry"],"picked":"Shrug It Off","floor":4},{"not_picked":["ReplayTheSpireMod:Stacked","ReplayTheSpireMod:Strike From Hell"],"picked":"Fire Breathing","floor":4},{"not_picked":["ReplayTheSpireMod:Limb From Limb","Headbutt","Warcry"],"picked":"Reckless Charge","floor":5},{"not_picked":["Havoc","Heavy Blade","Inflame"],"picked":"Clothesline","floor":6},{"not_picked":["Disarm","Massacre","hubris:ReadiedAction"],"picked":"Ghostly Armor","floor":8}],"player_experience":426002,"relics_obtained":[{"floor":4,"key":"Question Card"},{"floor":6,"key":"Simple Rune"},{"floor":7,"key":"ReplayTheSpireMod:Ring of Exchange"},{"floor":7,"key":"ReplayTheSpireMod:Ring of Addiction"},{"floor":7,"key":"SacredBark"},{"floor":7,"key":"hubris:EmptyBottle"},{"floor":8,"key":"Frozen Egg 2"}],"event_choices":[{"damage_healed":0,"gold_gain":150,"player_choice":"AGREE","damage_taken":0,"max_hp_gain":0,"max_hp_loss":0,"event_name":"Liars Game","floor":3,"gold_loss":0,"cards_obtained":["Doubt"]}],"is_beta":false,"boss_relics":[],"items_purged_floors":[],"is_endless":false,"potions_floor_spawned":[2,5,6],"killed_by":"Gremlin Nob","ascension_level":15}}