{"host":"dntw6kil9p09eemm","time":1607534366,"event":{"gold_per_floor":[110,123,133,144,160,160,180,180,180,197,228,247,265,278,278,382,382,397,416,416,80,98,124,124,124,124,39,71,71,87,99,99,99,99],"floor_reached":33,"playtime":1735,"items_purged":["Strike_B"],"score":345,"play_id":"77f0addb-8ce1-4e92-82a3-40636eb5a96c","local_time":"20201210021926","is_ascension_mode":false,"campfire_choices":[{"floor":6,"key":"REST"},{"floor":15,"key":"REST"},{"data":"Zap","floor":25,"key":"SMITH"},{"data":"Redo","floor":29,"key":"SMITH"},{"data":"Sunder","floor":32,"key":"SMITH"}],"neow_cost":"NONE","seed_source_timestamp":53892068248600,"circlet_count":0,"master_deck":["Defend_B","Defend_B","Defend_B","Defend_B","Zap+1","Dualcast","Turbo","Turbo","Hologram","Defragment","Redo","Sunder+1","Ball Lightning","Double Energy","Steam Power","Sunder","Echo Form","Sweeping Beam","Steam Power","Ghostly","Ghostly","Ghostly","Ghostly","Ghostly","Beam Cell","Redo+1","Bite","Bite","Bite","Bite","Bite","Core Surge","Ball Lightning","Seek"],"relics":["Cracked Core","Pantograph","HornCleat","Nuclear Battery","Eternal Feather","Matryoshka","Question Card","Smiling Mask","Girya","Frozen Egg 2"],"potions_floor_usage":[10,11,16,16,16,30],"damage_taken":[{"damage":4,"enemies":"2 Louse","floor":1,"turns":3},{"damage":1,"enemies":"Cultist","floor":2,"turns":3},{"damage":0,"enemies":"Small Slimes","floor":3,"turns":3},{"damage":22,"enemies":"Exordium Thugs","floor":4,"turns":6},{"damage":20,"enemies":"3 Louse","floor":5,"turns":4},{"damage":18,"enemies":"Blue Slaver","floor":7,"turns":4},{"damage":21,"enemies":"Lots of Slimes","floor":10,"turns":4},{"damage":18,"enemies":"3 Sentries","floor":11,"turns":5},{"damage":0,"enemies":"2 Fungi Beasts","floor":12,"turns":1},{"damage":5,"enemies":"Looter","floor":13,"turns":2},{"damage":1,"enemies":"Exordium Wildlife","floor":14,"turns":3},{"damage":52,"enemies":"The Guardian","floor":16,"turns":7},{"damage":7,"enemies":"Chosen","floor":18,"turns":3},{"damage":24,"enemies":"Shell Parasite","floor":19,"turns":5},{"damage":25,"enemies":"Cultist and Chosen","floor":22,"turns":7},{"damage":11,"enemies":"Slavers","floor":23,"turns":6},{"damage":4,"enemies":"Book of Stabbing","floor":28,"turns":6},{"damage":11,"enemies":"Centurion and Healer","floor":30,"turns":7},{"damage":3,"enemies":"Snake Plant","floor":31,"turns":4},{"damage":28,"enemies":"Automaton","floor":33,"turns":4}],"seed_played":"2992887363023671838","potions_obtained":[{"floor":5,"key":"LiquidBronze"},{"floor":7,"key":"DistilledChaos"},{"floor":8,"key":"Regen Potion"},{"floor":11,"key":"Fire Potion"},{"floor":12,"key":"FearPotion"},{"floor":28,"key":"FearPotion"},{"floor":30,"key":"LiquidMemories"}],"is_trial":false,"path_per_floor":["M","M","M","M","M","R","M","?","T","M","E","M","M","M","R","B",null,"M","M","?","$","M","E","?","R","T","?","E","R","M","M","R","B"],"character_chosen":"DEFECT","items_purchased":["Eternal Feather"],"campfire_rested":2,"item_purchase_floors":[21],"current_hp_per_floor":[78,77,77,55,35,59,41,41,41,29,11,11,6,5,29,2,82,75,51,41,41,16,5,5,23,23,23,28,28,21,24,28,0,0],"gold":99,"neow_bonus":"TEN_PERCENT_HP_BONUS","is_prod":false,"is_daily":false,"chose_seed":false,"campfire_upgraded":3,"win_rate":0,"timestamp":1607534366,"path_taken":["M","M","M","M","M","R","M","?","T","?","E","M","M","?","R","BOSS","M","M","?","$","M","E","?","R","T","?","E","R","M","?","R","BOSS"],"build_version":"2020-11-30","purchased_purges":1,"victory":false,"max_hp_per_floor":[82,82,82,82,82,82,82,82,82,82,82,82,82,82,82,82,82,82,82,41,41,41,41,28,28,28,28,28,28,28,28,28,28,28],"card_choices":[{"not_picked":["Barrage","Conserve Battery"],"picked":"Turbo","floor":1},{"not_picked":["Coolheaded","Cold Snap"],"picked":"Turbo","floor":2},{"not_picked":["Aggregate","BootSequence"],"picked":"Hologram","floor":3},{"not_picked":["Rainbow","Turbo"],"picked":"Defragment","floor":4},{"not_picked":["Steam","Stack"],"picked":"Redo","floor":5},{"not_picked":["Fusion","Gash"],"picked":"Sunder","floor":7},{"not_picked":["White Noise","Hologram"],"picked":"Ball Lightning","floor":10},{"not_picked":["Steam","Reinforced Body","Stack"],"picked":"SKIP","floor":11},{"not_picked":["Force Field","Streamline"],"picked":"Double Energy","floor":12},{"not_picked":["Steam","Cold Snap"],"picked":"Steam Power","floor":13},{"not_picked":["Biased Cognition","Genetic Algorithm"],"picked":"Sunder","floor":14},{"not_picked":["Biased Cognition","Hyperbeam"],"picked":"Echo Form","floor":16},{"not_picked":["Conserve Battery","Genetic Algorithm"],"picked":"Sweeping Beam","floor":18},{"not_picked":["Rebound","Cold Snap"],"picked":"Steam Power","floor":19},{"not_picked":["Ball Lightning","Scrape"],"picked":"Beam Cell","floor":22},{"not_picked":["White Noise","Glacier"],"picked":"Redo","floor":23},{"not_picked":["BootSequence","Aggregate+1","Reinforced Body"],"picked":"Core Surge","floor":28},{"not_picked":["Hologram","Gash+1","Steam"],"picked":"Ball Lightning","floor":30},{"not_picked":["Capacitor+1","Go for the Eyes+1","Force Field+1"],"picked":"Seek","floor":31}],"player_experience":80988,"relics_obtained":[{"floor":9,"key":"Pantograph"},{"floor":11,"key":"HornCleat"},{"floor":23,"key":"Matryoshka"},{"floor":26,"key":"Question Card"},{"floor":26,"key":"Smiling Mask"},{"floor":28,"key":"Frozen Egg 2"}],"event_choices":[{"damage_healed":0,"gold_gain":0,"player_choice":"Got Potions","damage_taken":0,"max_hp_gain":0,"max_hp_loss":0,"event_name":"Lab","floor":8,"gold_loss":0},{"damage_healed":0,"gold_gain":0,"player_choice":"Became a Ghost","damage_taken":0,"max_hp_gain":0,"max_hp_loss":41,"event_name":"Ghosts","floor":20,"gold_loss":0,"cards_obtained":["Ghostly","Ghostly","Ghostly","Ghostly","Ghostly"]},{"damage_healed":0,"gold_gain":0,"player_choice":"Became a vampire","damage_taken":0,"max_hp_gain":0,"max_hp_loss":13,"event_name":"Vampires","floor":24,"gold_loss":0,"cards_obtained":["Bite","Bite","Bite","Bite","Bite"]},{"damage_healed":0,"gold_gain":0,"player_choice":"Obtained Relic","damage_taken":0,"relics_obtained":["Girya"],"max_hp_gain":0,"max_hp_loss":0,"event_name":"Addict","floor":27,"gold_loss":85}],"is_beta":false,"boss_relics":[{"not_picked":["SlaversCollar","SacredBark"],"picked":"Nuclear Battery"}],"items_purged_floors":[21],"is_endless":false,"potions_floor_spawned":[5,7,11,12,14,28,30],"killed_by":"Automaton","ascension_level":0}}