{"host":"cglr1m0d8tytrlaz","time":1607509035,"event":{"gold_per_floor":[113,123,137,156,173,173,208,227,227,227,227,252,252,262,262,276,276,375,375,388,43,43,43,69,101,101,16,16,28,28,128,160,170,170,265,265,281,281,292,342,342,342],"floor_reached":43,"playtime":5621,"items_purged":["Strike_P"],"score":781,"play_id":"96f0ee23-3726-4cb6-b83e-efa8506a583e","local_time":"20201209041715","is_ascension_mode":true,"campfire_choices":[{"data":"Neutralize","floor":6.0,"key":"SMITH"},{"data":"Thinking Ahead","floor":15,"key":"SMITH"},{"data":"Establishment","floor":17,"key":"SMITH"},{"data":"Ragnarok","floor":26,"key":"SMITH"},{"data":"FlurryOfBlows","floor":30,"key":"SMITH"}],"neow_cost":"BASIC_CARDS","seed_source_timestamp":294127682916800,"circlet_count":0,"master_deck":["Defend_P+1","Defend_P+1","Eruption","Vigilance","Neutralize+1","Thinking Ahead+1","Consecrate","ThirdEye","WheelKick","Protect","BowlingBash","Establishment+1","Replay:BluntJabs","FlyingSleeves","FlurryOfBlows+1","Ragnarok+1","EmptyBody+1","Meditate+1","Protect+1","Nirvana","Replay:Cycle+1","Perseverance+1","Vault+1"],"special_seed":0,"relics":["Ancient Tea Set","Gremlin Horn","Toxic Egg 2","Replay:M_StaffOfTheSnake","Busted Crown","Centennial Puzzle","Enchiridion","War Paint","HornCleat","PreservedInsect","Durian","Garlic","Singing Bowl","Replay:Drink Me","Du-Vu Doll"],"potions_floor_usage":[12,18,32,42],"damage_taken":[{"damage":0.0,"enemies":"Cultist","floor":1.0,"turns":4.0},{"damage":2.0,"enemies":"Jaw Worm","floor":2.0,"turns":4.0},{"damage":0.0,"enemies":"Small Slimes","floor":3.0,"turns":3.0},{"damage":9.0,"enemies":"Blue Slaver","floor":4.0,"turns":5.0},{"damage":0.0,"enemies":"2 Fungi Beasts","floor":5.0,"turns":2.0},{"damage":0.0,"enemies":"Gremlin Nob","floor":7.0,"turns":2.0},{"damage":0.0,"enemies":"Exordium Wildlife","floor":8.0,"turns":1.0},{"damage":5,"enemies":"3 Sentries","floor":12,"turns":10},{"damage":0,"enemies":"Looter","floor":14,"turns":2},{"damage":0,"enemies":"Gremlin Gang","floor":16,"turns":2},{"damage":38,"enemies":"Hexaghost","floor":18,"turns":15},{"damage":2,"enemies":"3 Byrds","floor":20,"turns":4},{"damage":8,"enemies":"Gremlin Leader","floor":25,"turns":5},{"damage":0,"enemies":"2 Thieves","floor":29,"turns":3},{"damage":7,"enemies":"Colosseum Slavers","floor":31,"turns":3},{"damage":0,"enemies":"Colosseum Nobs","floor":31,"turns":3},{"damage":0,"enemies":"Slavers","floor":32,"turns":2},{"damage":0,"enemies":"Centurion and Healer","floor":33,"turns":3},{"damage":4,"enemies":"Pondfish","floor":35,"turns":8},{"damage":0,"enemies":"Orb Walker","floor":37,"turns":4},{"damage":0,"enemies":"3 Darklings","floor":39,"turns":5},{"damage":0,"enemies":"Mind Bloom Boss Battle","floor":40,"turns":3},{"damage":2,"enemies":"Replay:Hell Engine","floor":42,"turns":9}],"seed_played":"7509326006104612465","potions_obtained":[{"floor":2.0,"key":"ColorlessPotion"},{"floor":4.0,"key":"DuplicationPotion"},{"floor":7.0,"key":"LiquidMemories"},{"floor":12,"key":"Energy Potion"},{"floor":29,"key":"Block Potion"},{"floor":31,"key":"Milkshake"},{"floor":33,"key":"AttackPotion"},{"floor":40,"key":"SkillPotion"}],"is_trial":false,"path_per_floor":["M","M","M","M","M","R","E","M","PTL","PTL","T","E","?","M","R","M","R","B",null,"M","$","?","?","T","E","R","?","T","M","R","?","E","M","R","B",null,"M","?","M","?","?","B",null],"character_chosen":"WATCHER","items_purchased":["Meditate+1","Protect+1","Centennial Puzzle"],"campfire_rested":0,"item_purchase_floors":[21,21,21],"current_hp_per_floor":[72,70,70,61,61,61,61,61,61,61,61,56,56,56,56,56,56,18,72,70,70,70,54,54,46,46,46,46,46,46,44,46,48,48,44,61,63,63,65,67,67,65],"gold":342,"neow_bonus":"RANDOM_COLORLESS_2","is_prod":false,"is_daily":false,"chose_seed":false,"campfire_upgraded":5,"win_rate":0,"timestamp":1607509035,"path_taken":["M","M","M","M","M","R","E","M","PTL","PTL","T","E","?","M","R","M","R","BOSS","M","$","?","?","?","E","R","?","T","?","R","?","E","M","R","BOSS","M","?","?","?","?","BOSS"],"build_version":"2020-11-30","purchased_purges":1,"victory":true,"max_hp_per_floor":[72,72,72,72,72,72,72,72,72,72,72,72,72,72,72,72,72,72,72,72,72,72,72,72,72,72,72,72,72,72,77,79,81,81,81,61,63,63,65,67,67,67],"relic_stats":{"Centennial Puzzle":[12],"Busted Crown":20,"Gremlin Horn":[20,21],"Singing Bowl":10,"counters":[23,102],"PreservedInsect":74,"War Paint":["Defend_P","Defend_P"],"obtain_stats":[{"Replay:M_StaffOfTheSnake":13,"Gremlin Horn":11,"Singing Bowl":32,"Enchiridion":23,"PreservedInsect":27,"War Paint":24,"Ancient Tea Set":7,"Du-Vu Doll":40,"Centennial Puzzle":21,"Busted Crown":19,"HornCleat":25,"Durian":31,"Garlic":31,"PureWater":0,"Toxic Egg 2":12,"Replay:Drink Me":36},{"Replay:M_StaffOfTheSnake":8,"Gremlin Horn":7,"Singing Bowl":17,"Enchiridion":12,"PreservedInsect":13,"War Paint":12,"Ancient Tea Set":6,"Du-Vu Doll":22,"Centennial Puzzle":12,"Busted Crown":11,"HornCleat":13,"Durian":16,"Garlic":16,"PureWater":0,"Toxic Egg 2":8,"Replay:Drink Me":19},{"Replay:M_StaffOfTheSnake":31,"Gremlin Horn":21,"Singing Bowl":70,"Enchiridion":54,"PreservedInsect":59,"War Paint":54,"Ancient Tea Set":20,"Du-Vu Doll":93,"Centennial Puzzle":54,"Busted Crown":50,"HornCleat":59,"Durian":68,"Garlic":68,"PureWater":0,"Toxic Egg 2":31,"Replay:Drink Me":81}]},"card_choices":[{"not_picked":["Secret Weapon","Master of Strategy"],"picked":"Thinking Ahead","floor":0.0},{"not_picked":["Evaluate","Prostrate"],"picked":"Consecrate","floor":1.0},{"not_picked":["PathToVictory","JustLucky"],"picked":"ThirdEye","floor":2.0},{"not_picked":["ThirdEye","Replay:ManipulateFuture"],"picked":"WheelKick","floor":3.0},{"not_picked":["Consecrate","Worship"],"picked":"Protect","floor":4.0},{"not_picked":["CrushJoints","Worship"],"picked":"BowlingBash","floor":5.0},{"not_picked":["WaveOfTheHand","BowlingBash","Prostrate"],"picked":"SKIP","floor":7.0},{"not_picked":["CutThroughFate","Halt"],"picked":"Establishment","floor":8},{"not_picked":["Study","Brilliance"],"picked":"Replay:BluntJabs","floor":12},{"not_picked":["InnerPeace+1","Sanctity+1"],"picked":"FlyingSleeves","floor":14},{"not_picked":["ClearTheMind+1","SashWhip"],"picked":"FlurryOfBlows","floor":16},{"not_picked":["Replay:LoomingThreat","Die Die Die"],"picked":"Ragnarok","floor":18},{"not_picked":[],"picked":"EmptyBody+1","floor":20},{"not_picked":[],"picked":"Perseverance+1","floor":25},{"not_picked":["Protect+1"],"picked":"SKIP","floor":29},{"not_picked":["EmptyFist"],"picked":"Singing Bowl","floor":32},{"not_picked":["EmptyFist"],"picked":"Singing Bowl","floor":33},{"not_picked":[],"picked":"Vault+1","floor":35},{"not_picked":["ForeignInfluence+1"],"picked":"Singing Bowl","floor":37},{"not_picked":["Crescendo+1"],"picked":"Singing Bowl","floor":39},{"not_picked":["Protect+1"],"picked":"Singing Bowl","floor":40}],"player_experience":1078054,"relics_obtained":[{"floor":7.0,"key":"Ancient Tea Set"},{"floor":11,"key":"Gremlin Horn"},{"floor":12,"key":"Toxic Egg 2"},{"floor":23,"key":"Enchiridion"},{"floor":24,"key":"War Paint"},{"floor":25,"key":"HornCleat"},{"floor":31,"key":"Durian"},{"floor":31,"key":"Garlic"},{"floor":32,"key":"Singing Bowl"},{"floor":40,"key":"Du-Vu Doll"}],"event_choices":[{"damage_healed":0,"gold_gain":0,"cards_transformed":["Strike_P","Strike_P"],"player_choice":"Became Test Subject","damage_taken":0,"max_hp_gain":0,"max_hp_loss":0,"event_name":"Drug Dealer","floor":22,"gold_loss":0,"cards_obtained":["Nirvana","Replay:Cycle"]},{"damage_healed":0,"gold_gain":0,"player_choice":"Obtained Book","damage_taken":16,"max_hp_gain":0,"max_hp_loss":0,"event_name":"Cursed Tome","floor":23,"gold_loss":0},{"damage_healed":0,"gold_gain":0,"player_choice":"Obtained Relic","damage_taken":0,"relics_obtained":["PreservedInsect"],"max_hp_gain":0,"max_hp_loss":0,"event_name":"Addict","floor":27,"gold_loss":85},{"damage_healed":0,"gold_gain":0,"player_choice":"Fight","damage_taken":0,"max_hp_gain":0,"max_hp_loss":0,"event_name":"Colosseum","floor":31,"gold_loss":0},{"damage_healed":0,"gold_gain":0,"player_choice":"Fought Nobs","damage_taken":0,"max_hp_gain":0,"max_hp_loss":0,"event_name":"Colosseum","floor":31,"gold_loss":0},{"damage_healed":0,"gold_gain":0,"player_choice":"Ignored","damage_taken":0,"max_hp_gain":0,"max_hp_loss":0,"event_name":"Vampires","floor":34,"gold_loss":0},{"cards_removed":["Survivor"],"damage_healed":0,"gold_gain":0,"player_choice":"Offered Basic","damage_taken":0,"max_hp_gain":0,"max_hp_loss":0,"event_name":"Bonfire Elementals","floor":38,"gold_loss":0},{"damage_healed":0,"gold_gain":0,"player_choice":"Fight","damage_taken":0,"max_hp_gain":0,"max_hp_loss":0,"event_name":"MindBloom","floor":40,"gold_loss":0},{"damage_healed":0,"gold_gain":0,"player_choice":"Took Portal","damage_taken":0,"max_hp_gain":0,"max_hp_loss":0,"event_name":"SecretPortal","floor":41,"gold_loss":0}],"is_beta":false,"boss_relics":[{"not_picked":["ChewingGum","Philosopher\u0027s Stone"],"picked":"Busted Crown"},{"not_picked":["Runic Dome","Snecko Eye"],"picked":"Replay:Drink Me"}],"items_purged_floors":[21],"is_endless":false,"potions_floor_spawned":[2,4,7,12,29,31,33,40],"ascension_level":4}}