{"host":"is2s59edl8twrhoj","time":1607556288,"event":{"gold_per_floor":[118,136,156,168,168,168,168,199,225,225,239,257,12,26,26,99,99,114,130,145,145,157,157,169,169,169,181,207,219,232,244,244,244,244],"floor_reached":33,"playtime":2007,"items_purged":[],"score":540,"play_id":"3dba3cad-6ef0-4313-b802-4d49fbb6b4e1","local_time":"20201209232448","is_ascension_mode":true,"campfire_choices":[{"data":"Deadly Poison","floor":6.0,"key":"SMITH"},{"data":"Backflip","floor":10.0,"key":"SMITH"},{"data":"Calculated Gamble","floor":15.0,"key":"SMITH"},{"data":"Well Laid Plans","floor":23,"key":"SMITH"},{"data":"Survivor","floor":25,"key":"SMITH"},{"data":"Defend_G","floor":32,"key":"SMITH"}],"neow_cost":"NONE","seed_source_timestamp":0,"circlet_count":0,"master_deck":["AscendersBane","Strike_G","Strike_G","Strike_G","Strike_G","Defend_G","Defend_G+1","Defend_G","Defend_G","Defend_G","Survivor+1","Neutralize+1","Deadly Poison+1","Backflip+1","Dagger Spray","Calculated Gamble+1","Well Laid Plans+1","Quick Slash+1"],"special_seed":0,"relics":["Ring of the Snake","Ancient Tea Set","Bronze Scales","Meat on the Bone","Coffee Dripper","Toy Ornithopter","Orichalcum"],"potions_floor_usage":[19,20],"damage_taken":[{"damage":0.0,"enemies":"Cultist","floor":1.0,"turns":4.0},{"damage":0.0,"enemies":"Jaw Worm","floor":2.0,"turns":5.0},{"damage":1.0,"enemies":"Small Slimes","floor":3.0,"turns":4.0},{"damage":17.0,"enemies":"Exordium Wildlife","floor":4.0,"turns":11.0},{"damage":4.0,"enemies":"Lagavulin","floor":8.0,"turns":7.0},{"damage":0.0,"enemies":"Exordium Thugs","floor":11.0,"turns":4.0},{"damage":0.0,"enemies":"Blue Slaver","floor":12.0,"turns":4.0},{"damage":0.0,"enemies":"3 Louse","floor":14.0,"turns":1.0},{"damage":0.0,"enemies":"Hexaghost","floor":16.0,"turns":11.0},{"damage":3,"enemies":"Chosen","floor":18,"turns":5},{"damage":14,"enemies":"2 Thieves","floor":19,"turns":3},{"damage":32,"enemies":"Centurion and Healer","floor":20,"turns":8},{"damage":6,"enemies":"Snecko","floor":22,"turns":6},{"damage":8,"enemies":"Shelled Parasite and Fungi","floor":24,"turns":5},{"damage":7,"enemies":"Snake Plant","floor":27,"turns":4},{"damage":42,"enemies":"Slavers","floor":28,"turns":6},{"damage":3,"enemies":"3 Cultists","floor":29,"turns":6},{"damage":10,"enemies":"Cultist and Chosen","floor":30,"turns":7},{"damage":1,"enemies":"Snake Plant","floor":31,"turns":4},{"damage":80,"enemies":"Collector","floor":33,"turns":7}],"seed_played":"-6925236114527749446","potions_obtained":[{"floor":2.0,"key":"Explosive Potion"},{"floor":4.0,"key":"Dexterity Potion"},{"floor":8.0,"key":"SteroidPotion"},{"floor":19,"key":"ColorlessPotion"},{"floor":22,"key":"FairyPotion"},{"floor":29,"key":"Energy Potion"}],"is_trial":false,"path_per_floor":["M","M","M","M","?","R","?","E","T","R","M","M","$","M","R","B",null,"M","M","M","?","M","R","M","R","T","M","E","M","M","M","R","B"],"character_chosen":"THE_SILENT","items_purchased":["Meat on the Bone"],"campfire_rested":0,"item_purchase_floors":[13],"current_hp_per_floor":[70,70,69,52,52,52,52,48,48,48,48,48,48,48,48,48,70,67,53,33,33,39,39,43,43,43,48,18,27,29,40,40,0,0],"gold":244,"neow_bonus":"TEN_PERCENT_HP_BONUS","is_prod":false,"is_daily":false,"chose_seed":false,"campfire_upgraded":6,"win_rate":0,"timestamp":1607556288,"path_taken":["M","?","M","M","?","R","?","E","T","R","M","M","$","M","R","BOSS","M","M","?","?","M","R","M","R","T","M","E","M","M","M","R","BOSS"],"build_version":"2020-11-30","purchased_purges":0,"victory":false,"max_hp_per_floor":[77,77,77,77,77,77,77,77,77,77,77,77,77,77,77,77,77,77,77,77,77,77,77,77,77,77,77,77,77,77,77,77,77,77],"card_choices":[{"not_picked":["Catalyst","Prepared"],"picked":"Deadly Poison","floor":1.0},{"not_picked":["Flechettes","Sucker Punch","Blade Dance"],"picked":"SKIP","floor":2.0},{"not_picked":["Underhanded Strike","Outmaneuver"],"picked":"Backflip","floor":3.0},{"not_picked":["Underhanded Strike","Outmaneuver","Deflect"],"picked":"SKIP","floor":4.0},{"not_picked":["Setup","Night Terror"],"picked":"Dagger Spray","floor":8.0},{"not_picked":["Concentrate","Dash"],"picked":"Calculated Gamble","floor":11.0},{"not_picked":["Predator","Choke"],"picked":"Well Laid Plans","floor":12.0},{"not_picked":["Calculated Gamble","Predator","Quick Slash"],"picked":"SKIP","floor":14.0},{"not_picked":["Cloak And Dagger","Backflip"],"picked":"Quick Slash+1","floor":18},{"not_picked":["Flying Knee","PiercingWail","Dodge and Roll"],"picked":"SKIP","floor":19},{"not_picked":["Masterful Stab","Flying Knee","Slice"],"picked":"SKIP","floor":20},{"not_picked":["Poisoned Stab","Backflip","Dodge and Roll"],"picked":"SKIP","floor":22},{"not_picked":["Outmaneuver","Slice","Masterful Stab"],"picked":"SKIP","floor":24},{"not_picked":["Sucker Punch+1","Predator","Dagger Spray"],"picked":"SKIP","floor":27},{"not_picked":["Riddle With Holes","Unload","Choke"],"picked":"SKIP","floor":28},{"not_picked":["Skewer","Well Laid Plans","Crippling Poison"],"picked":"SKIP","floor":29},{"not_picked":["Slice+1","Dash+1","Flechettes"],"picked":"SKIP","floor":30},{"not_picked":["PiercingWail","Quick Slash","Poisoned Stab"],"picked":"SKIP","floor":31}],"player_experience":596292,"relics_obtained":[{"floor":8.0,"key":"Ancient Tea Set"},{"floor":9.0,"key":"Bronze Scales"},{"floor":26,"key":"Toy Ornithopter"},{"floor":28,"key":"Orichalcum"}],"event_choices":[{"damage_healed":0.0,"max_hp_gain":0.0,"max_hp_loss":0.0,"gold_gain":0.0,"event_name":"Golden Idol","player_choice":"Ignored","floor":5.0,"gold_loss":0.0,"damage_taken":0.0},{"damage_healed":0.0,"max_hp_gain":0.0,"max_hp_loss":0.0,"gold_gain":0.0,"event_name":"Accursed Blacksmith","player_choice":"Forge","floor":7.0,"gold_loss":0.0,"damage_taken":0.0,"cards_upgraded":["Neutralize"]},{"cards_removed":["Strike_G"],"damage_healed":0,"gold_gain":0,"player_choice":"Offered Basic","damage_taken":0,"max_hp_gain":0,"max_hp_loss":0,"event_name":"Bonfire Elementals","floor":21,"gold_loss":0}],"is_beta":false,"boss_relics":[{"not_picked":["Runic Pyramid","Runic Dome"],"picked":"Coffee Dripper"}],"items_purged_floors":[],"is_endless":false,"potions_floor_spawned":[2,4,8,19,22,29,30,31],"killed_by":"Collector","ascension_level":13}}