{"host":"cwd5s03r1oaxs6mx","time":1607525234,"event":{"gold_per_floor":[116,66,86,97,107,137,137,169,169,199,274,274,291,63,63,162,162,179,198,198,198,215,215,227,227,227,227,227,255,267,278,278,375,375,386,405,424,424,424,424,453,470,470,480,490,490,490,524,524,524,524,524,269,299,299],"floor_reached":56,"playtime":2880,"items_purged":["Strike_P","Strike_P","Strike_P","CrushJoints"],"score":1799,"play_id":"f3a6fd18-fd76-416f-bda6-847a5845242f","local_time":"20201209234714","is_ascension_mode":true,"campfire_choices":[{"data":"Study","floor":7.0,"key":"SMITH"},{"floor":15.0,"key":"REST"},{"data":"PathToVictory","floor":23.0,"key":"SMITH"},{"data":"Perseverance","floor":25.0,"key":"SMITH"},{"data":"Meditate","floor":27.0,"key":"SMITH"},{"data":"PathToVictory","floor":32.0,"key":"SMITH"},{"data":"PathToVictory","floor":40,"key":"SMITH"},{"floor":46,"key":"RECALL"},{"floor":49,"key":"REST"},{"data":"Sanctity","floor":52,"key":"SMITH"}],"neow_cost":"","seed_source_timestamp":0,"circlet_count":0,"master_deck":["Defend_P","Defend_P","Defend_P","Defend_P","Vigilance","PathToVictory+1","Master of Strategy","Wireheading","Study+1","Perseverance+1","PathToVictory+1","Meditate+1","PathToVictory+1","Sanctity+1","Evaluate","Vault+1","EmptyMind+1","PathToVictory+1","DeusExMachina+1","Madness","Madness+1","Evaluate+1","Vault"],"special_seed":0,"relics":["PureWater","Bottled Lightning","Medical Kit","Pantograph","Ornamental Fan","hubris:64BitClover","Bird Faced Urn","Membership Card","Art of War","infinitespire:Cupcake","MealTicket","infinitespire:FocusingShard","hubris:VirtuousBlindfold","Bag of Marbles","Ginger","infinitespire:Eraser","Omamori","War Paint","hubris:EmptyBottle","Oddly Smooth Stone","Toy Ornithopter","Yang"],"potions_floor_usage":[55,55,55,55],"damage_taken":[{"damage":0.0,"enemies":"Cultist","floor":1.0,"turns":3.0},{"damage":0.0,"enemies":"2 Louse","floor":3.0,"turns":1.0},{"damage":5.0,"enemies":"Small Slimes","floor":4.0,"turns":3.0},{"damage":15.0,"enemies":"3 Louse","floor":5.0,"turns":3.0},{"damage":16.0,"enemies":"Gremlin Nob","floor":6.0,"turns":3.0},{"damage":12.0,"enemies":"Lagavulin","floor":8.0,"turns":4.0},{"damage":0.0,"enemies":"Gremlin Nob","floor":10.0,"turns":2.0},{"damage":0.0,"enemies":"Large Slime","floor":13.0,"turns":5.0},{"damage":19.0,"enemies":"Hexaghost","floor":16.0,"turns":5.0},{"damage":6.0,"enemies":"2 Thieves","floor":18.0,"turns":3.0},{"damage":4.0,"enemies":"Shell Parasite","floor":19.0,"turns":2.0},{"damage":6.0,"enemies":"Shelled Parasite and Fungi","floor":22.0,"turns":4.0},{"damage":6.0,"enemies":"Chosen and Byrds","floor":24.0,"turns":3.0},{"damage":13.0,"enemies":"Book of Stabbing","floor":29.0,"turns":5.0},{"damage":10.0,"enemies":"Snecko","floor":30.0,"turns":5.0},{"damage":16.0,"enemies":"Snake Plant","floor":31.0,"turns":3.0},{"damage":2.0,"enemies":"Collector","floor":33.0,"turns":4.0},{"damage":0.0,"enemies":"Orb Walker","floor":35.0,"turns":1.0},{"damage":14.0,"enemies":"3 Darklings","floor":36.0,"turns":3.0},{"damage":0.0,"enemies":"Sphere and 2 Shapes","floor":37.0,"turns":3.0},{"damage":0,"enemies":"Giant Head","floor":41,"turns":4},{"damage":33,"enemies":"Jaw Worm Horde","floor":42,"turns":3},{"damage":0,"enemies":"4 Shapes","floor":44,"turns":3},{"damage":0,"enemies":"Maw","floor":45,"turns":4},{"damage":17,"enemies":"Nemesis","floor":48,"turns":5},{"damage":15,"enemies":"Awakened One","floor":50,"turns":7},{"damage":18,"enemies":"Shield and Spear","floor":54,"turns":4},{"damage":70,"enemies":"The Heart","floor":55,"turns":8}],"seed_played":"3083272874403607679","potions_obtained":[{"floor":3.0,"key":"Strength Potion"},{"floor":5.0,"key":"LiquidMemories"},{"floor":6.0,"key":"Ancient Potion"},{"floor":10.0,"key":"PowerPotion"},{"floor":18.0,"key":"Block Potion"}],"is_trial":false,"path_per_floor":["M","?","M","M","M","E","R","E","T","E","?","?","M","$","R","B",null,"M","M","$","?","M","R","M","R","T","R","?","E","M","M","R","B",null,"M","M","M","?","?","R","E","M","T","M","M","R","AVR","E","R","B",null,"R","$","E","B",null],"character_chosen":"WATCHER","items_purchased":["PathToVictory","Master of Strategy","Wireheading","Bottled Lightning","Study","Medical Kit","CrushJoints","Perseverance","PathToVictory","Membership Card","Art of War","War Paint","hubris:EmptyBottle","Oddly Smooth Stone","Toy Ornithopter"],"campfire_rested":2,"item_purchase_floors":[0,0,0,0,0,0,0,0,0,14,14,53,53,53,53],"current_hp_per_floor":[72,72,72,67,52,36,36,24,24,24,13,13,17,17,38,48,72,66,62,62,62,60,60,58,58,58,58,58,49,43,31,31,58,72,72,59,63,54,54,54,58,29,29,33,37,37,37,24,45,57,72,72,72,56,26],"gold":299,"neow_bonus":"","is_prod":false,"is_daily":false,"chose_seed":false,"campfire_upgraded":7,"win_rate":0,"timestamp":1607525234,"path_taken":["M","?","M","M","M","E","R","E","T","E","?","?","M","$","R","BOSS","M","M","$","?","M","R","M","R","T","R","?","E","?","M","R","BOSS","M","M","M","?","?","R","E","M","T","M","?","R","AVR","E","R","BOSS","R","$","E","BOSS"],"build_version":"2020-11-30","purchased_purges":4,"victory":true,"max_hp_per_floor":[72,72,72,72,72,72,72,72,72,72,72,72,72,72,72,72,72,72,72,72,72,72,72,72,72,72,72,72,72,72,72,72,72,72,72,72,72,72,72,72,72,72,72,72,72,72,72,72,72,72,72,72,72,72,72],"relic_stats":{"counters":[155,615],"Ornamental Fan":[0],"Pantograph":91,"Bird Faced Urn":[65],"MealTicket":0,"Yang":[0],"Art of War":[81],"Ginger":[5],"War Paint":["Madness","DeusExMachina"],"Medical Kit":[8],"obtain_stats":[{"Calipers":37,"Gremlin Horn":54,"hubris:VirtuousBlindfold":17,"Ginger":43,"Bottled Tornado":23,"hubris:TerracottaHorce":17,"Blood Vial":7,"infinitespire:ShieldingShard":0,"Sundial":13,"infinitespire:Golems Mask":6,"MealTicket":29,"VioletLotus":17,"HandDrill":53,"Toxic Egg 2":5,"hubris:DuctTape":9,"Oddly Smooth Stone":53,"Pen Nib":26,"infinitespire:Beetle Shell":7,"War Paint":6,"Question Card":47,"infinitespire:Lychee Nut":10,"MutagenicStrength":31,"Bird Faced Urn":10,"hubris:TenFootPole":40,"StrikeDummy":25,"Meat on the Bone":23,"infinitespire:Cupcake":17,"Lantern":26,"Regal Pillow":48,"Yang":54,"Incense Burner":10,"hubris:SlimyHat":0,"hubris:EmptyBottle":53,"Smiling Mask":6,"Empty Cage":34,"Ancient Tea Set":39,"Matryoshka":11,"hubris:Icosahedron":12,"Gambling Chip":0,"Pantograph":6,"hubris:ScarierMask":17,"hubris:CuriousFeather":11,"infinitespire:Eraser":44,"Runic Pyramid":34,"hubris:GlazedTorus":37,"Potion Belt":7,"Lee\u0027s Waffle":13,"NeowsBlessing":0,"Golden Idol":3,"hubris:64BitClover":9,"infinitespire:FocusingShard":30,"Omamori":48,"infinitespire:Lucky Rock":9,"hubris:Towel":19,"MawBank":6,"Medical Kit":0,"Cauldron":53,"Anchor":46,"infinitespire:WardingShard":9,"Ornamental Fan":8,"Turnip":45,"Art of War":9,"Bag of Marbles":41,"Membership Card":0,"Bottled Lightning":54,"PureWater":0,"Toy Ornithopter":53,"hubris:BottledRain":8},{"Calipers":89,"Gremlin Horn":126,"hubris:VirtuousBlindfold":8,"Ginger":149,"Bottled Tornado":82,"hubris:TerracottaHorce":27,"Blood Vial":22,"infinitespire:ShieldingShard":67,"Sundial":26,"infinitespire:Golems Mask":38,"MealTicket":141,"VioletLotus":77,"HandDrill":125,"Toxic Egg 2":3,"hubris:DuctTape":73,"Oddly Smooth Stone":97,"Pen Nib":32,"infinitespire:Beetle Shell":104,"War Paint":73,"Question Card":96,"infinitespire:Lychee Nut":74,"MutagenicStrength":114,"Bird Faced Urn":134,"hubris:TenFootPole":119,"StrikeDummy":112,"Meat on the Bone":31,"infinitespire:Cupcake":136,"Lantern":83,"Regal Pillow":124,"Yang":154,"Incense Burner":5,"hubris:SlimyHat":17,"hubris:EmptyBottle":153,"Smiling Mask":64,"Empty Cage":115,"Ancient Tea Set":118,"Matryoshka":56,"hubris:Icosahedron":105,"Gambling Chip":67,"Pantograph":132,"hubris:ScarierMask":107,"hubris:CuriousFeather":16,"infinitespire:Eraser":150,"Runic Pyramid":86,"hubris:GlazedTorus":118,"Potion Belt":4,"Lee\u0027s Waffle":75,"NeowsBlessing":0,"Golden Idol":13,"hubris:64BitClover":133,"infinitespire:FocusingShard":142,"Omamori":152,"infinitespire:Lucky Rock":39,"hubris:Towel":28,"MawBank":54,"Medical Kit":127,"Cauldron":125,"Anchor":122,"infinitespire:WardingShard":4,"Ornamental Fan":133,"Turnip":95,"Art of War":104,"Bag of Marbles":148,"Membership Card":17,"Bottled Lightning":98,"PureWater":0,"Toy Ornithopter":153,"hubris:BottledRain":47},{"Calipers":339,"Gremlin Horn":503,"hubris:VirtuousBlindfold":33,"Ginger":584,"Bottled Tornado":312,"hubris:TerracottaHorce":111,"Blood Vial":96,"infinitespire:ShieldingShard":267,"Sundial":106,"infinitespire:Golems Mask":150,"MealTicket":558,"VioletLotus":298,"HandDrill":500,"Toxic Egg 2":4,"hubris:DuctTape":283,"Oddly Smooth Stone":376,"Pen Nib":126,"infinitespire:Beetle Shell":396,"War Paint":283,"Question Card":372,"infinitespire:Lychee Nut":288,"MutagenicStrength":440,"Bird Faced Urn":531,"hubris:TenFootPole":472,"StrikeDummy":434,"Meat on the Bone":122,"infinitespire:Cupcake":541,"Lantern":316,"Regal Pillow":493,"Yang":607,"Incense Burner":20,"hubris:SlimyHat":83,"hubris:EmptyBottle":603,"Smiling Mask":257,"Empty Cage":447,"Ancient Tea Set":468,"Matryoshka":218,"hubris:Icosahedron":400,"Gambling Chip":267,"Pantograph":525,"hubris:ScarierMask":412,"hubris:CuriousFeather":82,"infinitespire:Eraser":587,"Runic Pyramid":328,"hubris:GlazedTorus":468,"Potion Belt":10,"Lee\u0027s Waffle":290,"NeowsBlessing":0,"Golden Idol":61,"hubris:64BitClover":529,"infinitespire:FocusingShard":563,"Omamori":596,"infinitespire:Lucky Rock":153,"hubris:Towel":112,"MawBank":209,"Medical Kit":512,"Cauldron":500,"Anchor":485,"infinitespire:WardingShard":10,"Ornamental Fan":529,"Turnip":369,"Art of War":396,"Bag of Marbles":581,"Membership Card":83,"Bottled Lightning":377,"PureWater":0,"Toy Ornithopter":603,"hubris:BottledRain":181}],"Toy Ornithopter":20},"card_choices":[{"not_picked":["FollowUp","SandsOfTime","BowlingBash"],"picked":"SKIP","floor":1.0},{"not_picked":["Consecrate","Prostrate"],"picked":"Meditate","floor":3.0},{"not_picked":["InnerPeace","EmptyFist"],"picked":"PathToVictory","floor":4.0},{"not_picked":["BowlingBash","LikeWater"],"picked":"Sanctity","floor":5.0},{"not_picked":["JustLucky","EmptyMind"],"picked":"Evaluate","floor":6.0},{"not_picked":["FollowUp","Blasphemy","Perseverance"],"picked":"SKIP","floor":8.0},{"not_picked":["PathToVictory","FollowUp"],"picked":"Vault","floor":10.0},{"not_picked":["Pray","Wireheading","CutThroughFate"],"picked":"SKIP","floor":13.0},{"not_picked":["Pray","Wireheading","CutThroughFate"],"picked":"SKIP","floor":13.0},{"not_picked":["CutThroughFate+1","Evaluate","ReachHeaven"],"picked":"SKIP","floor":18.0},{"not_picked":["CutThroughFate+1","Evaluate","ReachHeaven"],"picked":"SKIP","floor":18.0},{"not_picked":["Adaptation","ClearTheMind","Protect"],"picked":"SKIP","floor":19.0},{"not_picked":["Vengeance","BowlingBash+1"],"picked":"EmptyMind+1","floor":22.0},{"not_picked":["FollowUp","ForeignInfluence+1","Prostrate"],"picked":"SKIP","floor":24.0},{"not_picked":["Wish","Adaptation","Consecrate"],"picked":"SKIP","floor":29.0},{"not_picked":["CrushJoints","ThirdEye","TalkToTheHand"],"picked":"SKIP","floor":30.0},{"not_picked":["SignatureMove","Conclude+1"],"picked":"PathToVictory+1","floor":31.0},{"not_picked":["Brilliance","Alpha"],"picked":"DeusExMachina","floor":33.0},{"not_picked":["EmptyFist","Protect+1","Consecrate"],"picked":"SKIP","floor":35.0},{"not_picked":["CrushJoints","BattleHymn","CarveReality"],"picked":"SKIP","floor":36.0},{"not_picked":["CrushJoints","BattleHymn","CarveReality"],"picked":"SKIP","floor":36.0},{"not_picked":["CrushJoints","BattleHymn","CarveReality"],"picked":"SKIP","floor":36.0},{"not_picked":["Conclude","JustLucky","Protect+1"],"picked":"SKIP","floor":37.0},{"not_picked":["MentalFortress","WheelKick","PathToVictory"],"picked":"SKIP","floor":41},{"not_picked":["BowlingBash+1","Protect","CrushJoints"],"picked":"SKIP","floor":42},{"not_picked":["Meditate+1","ClearTheMind+1","ThirdEye+1"],"picked":"SKIP","floor":44},{"not_picked":["Evaluate","Consecrate","EmptyBody"],"picked":"SKIP","floor":45},{"not_picked":["Evaluate+1","Wallop","Crescendo"],"picked":"SKIP","floor":48},{"not_picked":["Wallop","Crescendo"],"picked":"Evaluate+1","floor":48},{"not_picked":["Weave+1","Halt+1"],"picked":"Vault","floor":54}],"player_experience":876525,"relics_obtained":[{"floor":6.0,"key":"Pantograph"},{"floor":8.0,"key":"Ornamental Fan"},{"floor":9.0,"key":"hubris:64BitClover"},{"floor":10.0,"key":"Bird Faced Urn"},{"floor":29.0,"key":"MealTicket"},{"floor":30.0,"key":"infinitespire:FocusingShard"},{"floor":41,"key":"Bag of Marbles"},{"floor":43,"key":"Ginger"},{"floor":44,"key":"infinitespire:Eraser"},{"floor":48,"key":"Omamori"},{"floor":54,"key":"Yang"}],"event_choices":[{"cards_removed":["Eruption"],"damage_healed":0.0,"max_hp_gain":0.0,"max_hp_loss":0.0,"gold_gain":0.0,"event_name":"The Cleric","player_choice":"Card Removal","floor":2.0,"gold_loss":50.0,"damage_taken":0.0},{"damage_healed":0.0,"max_hp_gain":0.0,"max_hp_loss":0.0,"gold_gain":75.0,"event_name":"betterThird:BetterGoop","player_choice":"Gold","floor":11.0,"gold_loss":0.0,"damage_taken":11.0},{"damage_healed":0.0,"max_hp_gain":0.0,"max_hp_loss":0.0,"gold_gain":0.0,"event_name":"N\u0027loth","player_choice":"Ignored","floor":28.0,"gold_loss":0.0,"damage_taken":0.0},{"damage_healed":0.0,"max_hp_gain":0.0,"max_hp_loss":0.0,"gold_gain":0.0,"event_name":"Winding Halls","player_choice":"Embrace Madness","floor":38.0,"gold_loss":0.0,"damage_taken":9.0,"cards_obtained":["Madness","Madness"]}],"is_beta":false,"boss_relics":[{"not_picked":["Calling Bell","Snecko Eye"],"picked":"infinitespire:Cupcake"},{"not_picked":["Philosopher\u0027s Stone","Tiny House"],"picked":"hubris:VirtuousBlindfold"}],"items_purged_floors":[0,0,0,47],"is_endless":false,"potions_floor_spawned":[3,5,6,8,10,18,24,29,30,33,35,37,42,44,54],"ascension_level":4}}