{"host":"l8lm1goh5xm9tkuw","time":1607500065,"event":{"gold_per_floor":[-1284,-1171,-1171,-1160,-1147,-1117,-1117,-1092,-1092,-1067,-1067,-1055,16,51,51,153,153,153,202,245,245,257,282,282,315,315,427,447,472,489,517,517,614,614,626,646,646,696,314,348,348,373,373,373,408,421,433,408,408,408,408],"floor_reached":52,"playtime":1208,"items_purged":["LightDefense"],"score":2055,"play_id":"cc972fd3-1937-4875-ac8c-783baead2b43","local_time":"20201209154745","is_ascension_mode":true,"campfire_choices":[{"data":"RipSpace","floor":7,"key":"SMITH"},{"data":"SilentMist","floor":15,"key":"SMITH"},{"data":"GutHarvesting","floor":24,"key":"SMITH"},{"data":"EnergyCycle","floor":41,"key":"SMITH"},{"data":"UnforgettableMelody","floor":44,"key":"SMITH"},{"floor":49,"key":"DIG"}],"neow_cost":"NONE","seed_source_timestamp":4637732239497,"circlet_count":0,"master_deck":["Dodge","LightDefense+1","LightDefense","ChargeAndCover","FocusedStrikes","SilentMist+1","RipSpace","Leap_lor","RipSpace+1","Rewind+1","Leap_lor","Rewind+1","EnergyCycle+1","GutHarvesting+1","Unlock1+1","Necronomicurse","CrackOfDawn","UnforgettableMelody+1","CurseOfTheBell"],"special_seed":0,"relics":["PageOfLibrarian","DaveBox","testmod-TestBox","REME_ComplimentaryCards","SynthV:MejaisSoulstealer","testmod-Temperance","Question Card","LetterFromLob","FaceOfCleric","DemoMod:GlassGuonStoneRelic","ReplayFunnel","War Paint","PageOfForsakenMurderer","Divine Protection","vexMod:ConsolationPrize","Replay:Bottled Steam","ImportantClient","PatriotShield","Necronomicon","Toxic Egg 2","Blue Candle","Onion Ring","ThornShield","PageOfWrath","Calling Bell","Smiling Mask","DemoMod:OrangeGuonStone","testmod-D¨¦j¨¤vu","vexMod:CardConverter","vexMod:Dragonfruit","HandDrill","vexMod:BarristanHead","DemoMod:ResourcefulSack","Quantum Egg","PageOfSnowWhitesApple","DemoMod:ChaffGrenade"],"potions_floor_usage":[],"damage_taken":[{"damage":6,"enemies":"Cultist","floor":1,"turns":3},{"damage":0,"enemies":"Jaw Worm","floor":4,"turns":3},{"damage":0,"enemies":"2 Louse","floor":5,"turns":1},{"damage":0,"enemies":"Lagavulin","floor":6,"turns":4},{"damage":0,"enemies":"3 Sentries","floor":8,"turns":4},{"damage":0,"enemies":"Lagavulin","floor":10,"turns":3},{"damage":0,"enemies":"Exordium Thugs","floor":12,"turns":2},{"damage":0,"enemies":"Looter","floor":13,"turns":2},{"damage":0,"enemies":"Gremlin Nob","floor":14,"turns":3},{"damage":0,"enemies":"Slime Boss","floor":16,"turns":3},{"damage":0,"enemies":"Chosen","floor":19,"turns":1},{"damage":0,"enemies":"Spheric Guardian","floor":20,"turns":1},{"damage":0,"enemies":"3 Cultists","floor":22,"turns":3},{"damage":0,"enemies":"Gremlin Leader","floor":23,"turns":2},{"damage":0,"enemies":"Replay:Snechameleon","floor":25,"turns":1},{"damage":0,"enemies":"Slavers","floor":27,"turns":3},{"damage":0,"enemies":"Centurion and Healer","floor":28,"turns":1},{"damage":0,"enemies":"Book of Stabbing","floor":29,"turns":2},{"damage":0,"enemies":"Cultist and Chosen","floor":30,"turns":1},{"damage":0,"enemies":"Gremlin Leader","floor":31,"turns":1},{"damage":0,"enemies":"Automaton","floor":33,"turns":2},{"damage":0,"enemies":"3 Shapes","floor":35,"turns":1},{"damage":0,"enemies":"Orb Walker","floor":36,"turns":1},{"damage":0,"enemies":"2 Orb Walkers","floor":38,"turns":1},{"damage":0,"enemies":"R_Hoarder","floor":40,"turns":2},{"damage":0,"enemies":"Reptomancer","floor":42,"turns":1},{"damage":0,"enemies":"Giant Head","floor":45,"turns":2},{"damage":0,"enemies":"Jaw Worm Horde","floor":46,"turns":1},{"damage":0,"enemies":"Writhing Mass","floor":47,"turns":1},{"damage":0,"enemies":"Awakened One","floor":50,"turns":3},{"damage":0,"enemies":"Awakened One","floor":51,"turns":5}],"seed_played":"-8257059517587687365","potions_obtained":[{"floor":0,"key":"JyouchiReiPotion"},{"floor":0,"key":"Venom Potion"},{"floor":0,"key":"Toxic Potion"},{"floor":14,"key":"Swift Potion"}],"is_trial":false,"path_per_floor":["M","?","?","M","M","E","R","E","T","E","?","M","M","E","R","B",null,"M","M","M","?","M","E","R","E","T","E","M","E","M","E","R_BF","B",null,"M","M","?","?","$","E","R","E","T","R","E","M","M","?","R_BF","B",null,null],"character_chosen":"Librarian","items_purchased":["vexMod:Dragonfruit","HandDrill"],"campfire_rested":0,"item_purchase_floors":[39,39],"current_hp_per_floor":[48,48,48,54,58,68,68,69,69,70,70,71,72,73,73,74,88,88,89,90,74,75,76,76,77,77,78,79,80,81,82,104,105,108,109,110,110,111,116,117,117,118,118,118,119,120,121,121,121,122,123],"gold":408,"neow_bonus":"THREE_SMALL_POTIONS","is_prod":false,"is_daily":false,"chose_seed":false,"campfire_upgraded":5,"win_rate":0,"timestamp":1607500065,"path_taken":["M","?","?","?","M","E","R","E","T","E","?","?","M","E","R","BOSS","M","M","M","?","M","E","R","E","T","E","M","E","M","E","R_BF","BOSS","M","M","?","?","$","E","R","E","T","R","E","M","M","?","R_BF","BOSS"],"build_version":"2020-11-30","purchased_purges":1,"victory":true,"max_hp_per_floor":[76,76,76,77,78,78,78,88,88,89,89,90,91,92,92,93,93,96,97,98,98,99,95,95,96,96,100,101,102,103,104,104,109,109,110,111,111,112,117,118,118,119,119,119,120,121,122,122,122,123,124],"card_choices":[{"not_picked":["FrontalAssault","SunsetBlade","DarkCloud"],"picked":"SilentMist","floor":1},{"not_picked":["BackstreetsDash","EnergyCycle","SuppressingShot","Endure"],"picked":"RipSpace","floor":2},{"not_picked":["DestructiveImpact","SunsetBlade","BiteOff","IllEndYou"],"picked":"Leap_lor","floor":2},{"not_picked":["SunsetBlade","TendonChords","BackAttack","AbsorbImpact"],"picked":"RipSpace","floor":4},{"not_picked":["ShockRound","TrimTheIngredients","Standoff","SuppressingShot","Slice_lor"],"picked":"SKIP","floor":5},{"not_picked":["ClassAndRespect","ChopItOff","FrontalAssault","ForTheFamily"],"picked":"Rewind","floor":6},{"not_picked":["FeelinGood","CookingPrep","Outburst","ChargeUp"],"picked":"Leap_lor","floor":8},{"not_picked":["StartinOutLightly","InnerArdor","IngredientHunt","Leap_lor","Outburst"],"picked":"SKIP","floor":10},{"not_picked":["StartinOutLightly","GuardingStance","UpbeatPerformance","Slice_lor"],"picked":"Rewind","floor":12},{"not_picked":["SharpenedBlade","FlowOfTheSword","RatsGuideToSurvival","FleetEdge","SharpSwipe"],"picked":"SKIP","floor":13},{"not_picked":["BackstreetsDash","GutHarvesting","DarkCloud","Diversion"],"picked":"EnergyCycle","floor":14},{"not_picked":["EmotionalTurbulence","EnergyBeam","Cruelty"],"picked":"GutHarvesting","floor":16},{"not_picked":["WillOfThePrescript","ShockingBlow","IronWall","Diversion+1","DesperateStruggle"],"picked":"SKIP","floor":19},{"not_picked":["Outburst","SilentMist","Track+1","HighKick+1"],"picked":"Unlock1+1","floor":20},{"not_picked":["IllEndYou","Diversion+1","SharpenedBlade","SharpSwipe","CookingPrep"],"picked":"SKIP","floor":22},{"not_picked":["Outburst","YoureAHindrance","Brawl","HandleRequest","Observe+1"],"picked":"SKIP","floor":23},{"not_picked":["YoureAHindrance+1","NightInTheBackstreets","DarkCloud+1","UndertakePrescript+1"],"picked":"CrackOfDawn","floor":25},{"not_picked":["HighKick","DarkCloud+1","Brawl","UnavoidableGaze+1","Zzzzzap+1"],"picked":"SKIP","floor":27},{"not_picked":["NightInTheBackstreets","Retaliate","CookingPrep+1","WillOfThePrescript+1","Faith+1"],"picked":"SKIP","floor":28},{"not_picked":["ShockingBlow","WillOfThePrescript+1","Diversion+1","DarkCloud","Outburst+1"],"picked":"SKIP","floor":29},{"not_picked":["BackAttack+1","Track","Outburst+1","DesperateStruggle","SharpSwipe+1"],"picked":"SKIP","floor":30},{"not_picked":["ForTheFamily","HighKick","HandleRequest+1","ButterflySlash","SunsetBlade"],"picked":"SKIP","floor":31},{"not_picked":["ChargeUp","ScratchThat","TieShanKao"],"picked":"UnforgettableMelody","floor":33},{"not_picked":["DarkCloud","Outburst+1","SharpSwipe+1","Overpower+1","SilentMist+1"],"picked":"SKIP","floor":35},{"not_picked":["Thirst+1","Eject+1","Eliminate","NightInTheBackstreets+1","Endure+1"],"picked":"SKIP","floor":36},{"not_picked":["LawAndOrder+1","DesperateStruggle+1","ExtremeEdge","BindingChains","BlowItUp+1"],"picked":"SKIP","floor":40},{"not_picked":["Multislash+1","Castigation","WillOfThePrescript+1","DriedUp+1","ExtremeEdge"],"picked":"SKIP","floor":42},{"not_picked":["WillOfThePrescript+1","Rampage_lor","Multislash","Decapitation","SunsetBlade+1"],"picked":"SKIP","floor":45},{"not_picked":["FlyingSword+1","Eliminate","Eject","UnavoidableGaze+1","ShockingBlow"],"picked":"SKIP","floor":46},{"not_picked":["OpportunitySpotted+1","Diversion","DarkCloud","StructuralAnalysis+1","NightInTheBackstreets"],"picked":"SKIP","floor":47}],"player_experience":298778,"relics_obtained":[{"floor":1,"key":"Question Card"},{"floor":1,"key":"LetterFromLob"},{"floor":6,"key":"ReplayFunnel"},{"floor":8,"key":"War Paint"},{"floor":9,"key":"PageOfForsakenMurderer"},{"floor":10,"key":"Divine Protection"},{"floor":14,"key":"Replay:Bottled Steam"},{"floor":16,"key":"ImportantClient"},{"floor":21,"key":"Necronomicon"},{"floor":23,"key":"Toxic Egg 2"},{"floor":25,"key":"Blue Candle"},{"floor":27,"key":"Onion Ring"},{"floor":29,"key":"ThornShield"},{"floor":31,"key":"PageOfWrath"},{"floor":34,"key":"Smiling Mask"},{"floor":34,"key":"DemoMod:OrangeGuonStone"},{"floor":34,"key":"testmod-D¨¦j¨¤vu"},{"floor":38,"key":"vexMod:CardConverter"},{"floor":40,"key":"vexMod:BarristanHead"},{"floor":42,"key":"DemoMod:ResourcefulSack"},{"floor":43,"key":"Quantum Egg"},{"floor":45,"key":"PageOfSnowWhitesApple"},{"floor":49,"key":"DemoMod:ChaffGrenade"}],"event_choices":[{"damage_healed":0,"gold_gain":0,"player_choice":"Trade","damage_taken":0,"relics_obtained":["FaceOfCleric"],"max_hp_gain":0,"max_hp_loss":0,"event_name":"FaceTrader","floor":3,"gold_loss":0},{"damage_healed":0,"gold_gain":0,"player_choice":"Gave Potion","damage_taken":0,"relics_obtained":["vexMod:ConsolationPrize"],"max_hp_gain":0,"max_hp_loss":0,"event_name":"WeMeetAgain","floor":11,"gold_loss":0},{"damage_healed":0,"gold_gain":0,"player_choice":"Obtained Book","damage_taken":16,"max_hp_gain":0,"max_hp_loss":0,"event_name":"Cursed Tome","floor":21,"gold_loss":0},{"damage_healed":0,"gold_gain":0,"player_choice":"Memory 1","damage_taken":0,"max_hp_gain":0,"max_hp_loss":0,"event_name":"SensoryStone","floor":37,"gold_loss":0},{"damage_healed":0,"gold_gain":0,"player_choice":"Fight","damage_taken":0,"max_hp_gain":0,"max_hp_loss":0,"event_name":"Mysterious Sphere","floor":38,"gold_loss":0}],"is_beta":false,"boss_relics":[{"not_picked":["Replay:Drink Me","GreenFoldingFan"],"picked":"PatriotShield"},{"not_picked":["BloodWine","testmod-NegativeEmotionEnhancer"],"picked":"Calling Bell"}],"items_purged_floors":[39],"is_endless":false,"potions_floor_spawned":[5,8,14,16,20,22,28,30,33,35,36,47],"ascension_level":8}}