{"host":"wghdsg8ym2wc7ov9","time":1607538393,"event":{"gold_per_floor":[114,114,129,144,159,189,189,219,219,219,78,93,123,138,138,238,238,238,238],"floor_reached":18,"playtime":2036,"items_purged":[],"score":207,"play_id":"51a74909-d0dd-4bc5-9fbe-5d7d2f962e84","local_time":"20201209102633","daily_mods":["SealedDeck","Purple Cards","Elite Swarm"],"is_ascension_mode":false,"campfire_choices":[{"data":"Echo Form","floor":7,"key":"SMITH"},{"floor":15,"key":"REST"}],"neow_cost":"","seed_source_timestamp":0,"circlet_count":0,"master_deck":["EmptyMind","Cold Snap","FlurryOfBlows","Sunder","Protect","PathToVictory","Wallop","ReachHeaven","PathToVictory","TalkToTheHand","CrushJoints","Melter","Echo Form+1","DeceiveReality","Doom and Gloom","Capacitor","Meteor Strike","Creative AI","Self Repair","Streamline","Halt","Crescendo","Judgement","Stack","Adaptation","LessonLearned"],"special_seed":18605,"relics":["Cracked Core","WingedGreaves","Dream Catcher","Orichalcum","Bottled Flame","SlaversCollar"],"potions_floor_usage":[16,16],"damage_taken":[{"damage":0.0,"enemies":"2 Louse","floor":1.0,"turns":1.0},{"damage":2.0,"enemies":"Cultist","floor":3.0,"turns":3.0},{"damage":9.0,"enemies":"Jaw Worm","floor":4.0,"turns":2.0},{"damage":1.0,"enemies":"Lots of Slimes","floor":5.0,"turns":2.0},{"damage":18.0,"enemies":"Lagavulin","floor":6.0,"turns":5.0},{"damage":12,"enemies":"Gremlin Nob","floor":8,"turns":4},{"damage":27,"enemies":"Exordium Thugs","floor":12,"turns":7},{"damage":0,"enemies":"Lagavulin","floor":13,"turns":8},{"damage":16,"enemies":"3 Louse","floor":14,"turns":4},{"damage":4,"enemies":"Hexaghost","floor":16,"turns":7},{"damage":80,"enemies":"3 Byrds","floor":18,"turns":4}],"seed_played":"4494449258677458329","potions_obtained":[{"floor":1.0,"key":"Explosive Potion"},{"floor":5.0,"key":"Swift Potion"},{"floor":12,"key":"PowerPotion"},{"floor":13,"key":"Dexterity Potion"},{"floor":14,"key":"Regen Potion"}],"is_trial":false,"path_per_floor":["M","?","M","M","M","E","R","E","T","?","$","M","E","M","R","B",null,"M"],"character_chosen":"DEFECT","items_purchased":["Self Repair","Streamline","Halt"],"campfire_rested":1,"item_purchase_floors":[11,11,11],"current_hp_per_floor":[75,75,73,64,63,45,45,33,33,33,33,13,27,25,47,58,75,0,0],"gold":238,"neow_bonus":"","is_prod":false,"is_daily":true,"chose_seed":false,"campfire_upgraded":1,"win_rate":0,"timestamp":1607538393,"path_taken":["M","?","M","M","?","E","R","E","T","?","$","?","E","M","R","BOSS","M"],"build_version":"2020-11-30","purchased_purges":0,"victory":false,"max_hp_per_floor":[75,75,75,75,75,75,75,75,75,75,75,75,75,75,75,75,75,75,75],"relic_stats":{"Dream Catcher":1,"counters":[11,47],"Orichalcum":[60],"obtain_stats":[{"SlaversCollar":17,"Dream Catcher":8,"Bottled Flame":13,"WingedGreaves":6,"Orichalcum":9,"Cracked Core":0},{"SlaversCollar":10,"Dream Catcher":6,"Bottled Flame":8,"WingedGreaves":5,"Orichalcum":6,"Cracked Core":0},{"SlaversCollar":43,"Dream Catcher":17,"Bottled Flame":32,"WingedGreaves":13,"Orichalcum":17,"Cracked Core":0}]},"card_choices":[{"not_picked":["ThirdEye","Evaluate"],"picked":"CrushJoints","floor":1.0},{"not_picked":["Auto Shields","Consume"],"picked":"DeceiveReality","floor":3.0},{"not_picked":["FlyingSleeves","Scrape"],"picked":"Doom and Gloom","floor":4.0},{"not_picked":["PathToVictory","FlurryOfBlows"],"picked":"Capacitor","floor":5.0},{"not_picked":["Omniscience","Alpha"],"picked":"Meteor Strike","floor":6.0},{"not_picked":["Omniscience","Scrawl"],"picked":"Creative AI","floor":8},{"not_picked":["Rebound","Conserve Battery"],"picked":"Crescendo","floor":12},{"not_picked":["Brilliance","Hyperbeam"],"picked":"Judgement","floor":13},{"not_picked":["FlurryOfBlows","Hologram"],"picked":"Stack","floor":14},{"not_picked":["BowlingBash","PathToVictory"],"picked":"Adaptation","floor":15},{"not_picked":["Thunder Strike","Scrawl"],"picked":"LessonLearned","floor":16}],"player_experience":287490,"relics_obtained":[{"floor":6.0,"key":"WingedGreaves"},{"floor":8,"key":"Dream Catcher"},{"floor":9,"key":"Orichalcum"},{"floor":13,"key":"Bottled Flame"}],"event_choices":[{"damage_healed":0.0,"max_hp_gain":0.0,"max_hp_loss":0.0,"gold_gain":0.0,"event_name":"Match and Keep!","player_choice":"2 cards matched","floor":2.0,"gold_loss":0.0,"damage_taken":0.0,"cards_obtained":["Melter","Echo Form"]},{"damage_healed":0,"gold_gain":0,"player_choice":"Bought 0 Potions","damage_taken":0,"max_hp_gain":0,"max_hp_loss":0,"event_name":"The Woman in Blue","floor":10,"gold_loss":0}],"is_beta":false,"boss_relics":[{"not_picked":["FrozenCore","Empty Cage"],"picked":"SlaversCollar"}],"items_purged_floors":[],"is_endless":false,"potions_floor_spawned":[1,5,12,13,14],"killed_by":"3 Byrds","ascension_level":0}}