{"host":"d6jq5n191gimxfx1","time":1607545486,"event":{"gold_per_floor":[115,131,146,146,161,196,213,213,213,224,224,270,270,285,285,383,433,448,480,240,255,11,11,30,30,30,30,30],"floor_reached":27,"playtime":1507,"items_purged":["Strike_P","ClearTheMind+1"],"score":247,"play_id":"6ac7e54b-61b2-4281-99fe-605b815f4a00","local_time":"20201209212446","is_ascension_mode":true,"campfire_choices":[{"floor":8,"key":"REST"},{"data":"LikeWater","floor":11,"key":"SMITH"},{"data":"Vigilance","floor":13,"key":"SMITH"},{"data":"ClearTheMind","floor":15,"key":"SMITH"},{"floor":23,"key":"REST"}],"neow_cost":"NONE","seed_source_timestamp":2343242023699400,"circlet_count":0,"master_deck":["Strike_P","Strike_P","Strike_P","Defend_P","Defend_P","Defend_P","Eruption","Vigilance+1","Panacea+1","CrushJoints","LikeWater+1","Conclude","Perseverance","ClearTheMind+1","Blasphemy","SashWhip","Sadistic Nature","InnerPeace","DeusExMachina"],"relics":["PureWater","Dream Catcher","Question Card","Blood Vial","Tiny House","Red Mask","Bronze Scales","HornCleat"],"potions_floor_usage":[16,16,19,21],"damage_taken":[{"damage":3,"enemies":"2 Louse","floor":1,"turns":3},{"damage":5,"enemies":"Cultist","floor":2,"turns":4},{"damage":2,"enemies":"Jaw Worm","floor":3,"turns":5},{"damage":6,"enemies":"Exordium Thugs","floor":5,"turns":4},{"damage":22,"enemies":"3 Sentries","floor":6,"turns":7},{"damage":6,"enemies":"Looter","floor":7,"turns":3},{"damage":6,"enemies":"Lots of Slimes","floor":10,"turns":3},{"damage":4,"enemies":"Blue Slaver","floor":14,"turns":5},{"damage":11,"enemies":"The Guardian","floor":16,"turns":15},{"damage":7,"enemies":"Chosen","floor":18,"turns":7},{"damage":0,"enemies":"Masked Bandits","floor":19,"turns":1},{"damage":37,"enemies":"3 Byrds","floor":21,"turns":7},{"damage":15,"enemies":"Centurion and Healer","floor":24,"turns":10},{"damage":51,"enemies":"Snecko","floor":27,"turns":6}],"seed_played":"-3841048256979556485","potions_obtained":[{"floor":3,"key":"Fire Potion"},{"floor":7,"key":"Dexterity Potion"},{"floor":10,"key":"CultistPotion"},{"floor":16,"key":"DistilledChaos"},{"floor":17,"key":"ColorlessPotion"},{"floor":24,"key":"Weak Potion"}],"is_trial":false,"path_per_floor":["M","M","M","?","M","E","M","R","T","M","R","T","R","M","R","B",null,"M","?","$","M","$","R","M","?","T","M"],"character_chosen":"WATCHER","items_purchased":["Sadistic Nature","Bronze Scales"],"campfire_rested":2,"item_purchase_floors":[20,22],"current_hp_per_floor":[69,64,62,62,56,34,28,49,49,43,43,43,43,41,41,32,77,70,72,72,37,37,60,47,47,47,0,0],"gold":30,"neow_bonus":"RANDOM_COLORLESS","is_prod":false,"is_daily":false,"chose_seed":false,"campfire_upgraded":3,"win_rate":0,"timestamp":1607545486,"path_taken":["M","M","M","?","M","E","?","R","T","M","R","?","R","M","R","BOSS","M","?","?","M","$","R","M","?","T","?"],"build_version":"2020-11-30","purchased_purges":2,"victory":false,"max_hp_per_floor":[72,72,72,72,72,72,72,72,72,72,72,72,72,72,72,72,77,77,77,77,77,77,77,77,77,77,77,77],"card_choices":[{"not_picked":["Good Instincts","Finesse"],"picked":"Panacea","floor":0},{"not_picked":["Sanctity","Crescendo"],"picked":"CrushJoints","floor":1},{"not_picked":["FlyingSleeves","FollowUp"],"picked":"LikeWater","floor":2},{"not_picked":["Worship","EmptyFist"],"picked":"Conclude","floor":3},{"not_picked":["BowlingBash","SashWhip","Prostrate"],"picked":"SKIP","floor":5},{"not_picked":["MentalFortress","Omniscience","MasterReality"],"picked":"SKIP","floor":6},{"not_picked":["JustLucky","FollowUp"],"picked":"Perseverance","floor":7},{"not_picked":["FlyingSleeves","Crescendo","Pray","Consecrate"],"picked":"SKIP","floor":10},{"not_picked":["Evaluate","BowlingBash","Collect"],"picked":"ClearTheMind","floor":14},{"not_picked":["MasterReality","Ragnarok","Vault"],"picked":"Blasphemy","floor":16},{"not_picked":["Pray","EmptyBody","JustLucky"],"picked":"SashWhip","floor":17},{"not_picked":["CutThroughFate","Protect","Evaluate","ThirdEye+1"],"picked":"SKIP","floor":18},{"not_picked":["SashWhip+1","TalkToTheHand","Evaluate"],"picked":"ClearTheMind+1","floor":19},{"not_picked":["Consecrate+1","TalkToTheHand","Halt"],"picked":"InnerPeace","floor":21},{"not_picked":["Indignation","CrushJoints","ClearTheMind"],"picked":"DeusExMachina","floor":23},{"not_picked":["Weave","Tantrum","Perseverance","Consecrate+1"],"picked":"SKIP","floor":24}],"player_experience":568122,"relics_obtained":[{"floor":6,"key":"Dream Catcher"},{"floor":9,"key":"Question Card"},{"floor":12,"key":"Blood Vial"},{"floor":19,"key":"Red Mask"},{"floor":26,"key":"HornCleat"}],"event_choices":[{"damage_healed":0,"gold_gain":0,"player_choice":"Bought 0 Potions","damage_taken":0,"max_hp_gain":0,"max_hp_loss":0,"event_name":"The Woman in Blue","floor":4,"gold_loss":0},{"damage_healed":0,"gold_gain":0,"player_choice":"Fought Bandits","damage_taken":0,"max_hp_gain":0,"max_hp_loss":0,"event_name":"Masked Bandits","floor":19,"gold_loss":0},{"cards_removed":["Defend_P"],"damage_healed":0,"gold_gain":0,"player_choice":"Offered Basic","damage_taken":0,"max_hp_gain":0,"max_hp_loss":0,"event_name":"Bonfire Elementals","floor":25,"gold_loss":0}],"is_beta":false,"boss_relics":[{"not_picked":["SacredBark","Coffee Dripper"],"picked":"Tiny House"}],"items_purged_floors":[20,22],"is_endless":false,"potions_floor_spawned":[3,7,10,16,18,24],"killed_by":"Snecko","ascension_level":3}}