{"host":"m4a4k3ia027windw","time":1607555082,"event":{"gold_per_floor":[117,18,29,29,104,104,119,154,154,154,154,180,199,199,199,273,273,273,273,273,273,115,115,115,115],"floor_reached":24,"playtime":1087,"items_purged":["Strike_R"],"score":408,"play_id":"64ea7128-40b1-4ffc-8379-01089256300c","local_time":"20201210000442","is_ascension_mode":true,"campfire_choices":[{"data":"Whirlwind","floor":6.0,"key":"SMITH"},{"floor":11.0,"key":"REST"},{"floor":15.0,"key":"REST"},{"data":"Rupture","floor":23,"key":"SMITH"}],"neow_cost":"NONE","seed_source_timestamp":54963057864700,"circlet_count":0,"master_deck":["AscendersBane","Strike_R+1","Strike_R+1","Strike_R+1","Strike_R","Defend_R","Defend_R","Defend_R","Defend_R","Bash+1","Combust","Hemokinesis","Whirlwind+1","Shrug It Off","Spot Weakness","Rupture+1","Heavy Blade+1"],"special_seed":0,"relics":["Burning Blood","HornCleat","Whetstone","InkBottle","Ectoplasm"],"potions_floor_usage":[16,24,24],"damage_taken":[{"damage":6.0,"enemies":"Cultist","floor":1.0,"turns":3.0},{"damage":9.0,"enemies":"Small Slimes","floor":3.0,"turns":3.0},{"damage":6.0,"enemies":"2 Louse","floor":7.0,"turns":3.0},{"damage":33.0,"enemies":"Lagavulin","floor":8.0,"turns":6.0},{"damage":16.0,"enemies":"3 Sentries","floor":12.0,"turns":5.0},{"damage":3.0,"enemies":"Exordium Wildlife","floor":13.0,"turns":2.0},{"damage":45,"enemies":"The Guardian","floor":16,"turns":14},{"damage":24,"enemies":"Shell Parasite","floor":18,"turns":4},{"damage":8,"enemies":"3 Byrds","floor":19,"turns":4},{"damage":11,"enemies":"3 Cultists","floor":21,"turns":4},{"damage":45,"enemies":"Slavers","floor":24,"turns":4}],"seed_played":"-4059263074951194576","potions_obtained":[{"floor":1.0,"key":"EssenceOfSteel"},{"floor":8.0,"key":"LiquidMemories"},{"floor":18,"key":"Dexterity Potion"}],"is_trial":false,"path_per_floor":["M","$","M","$","?","R","M","E","T","?","R","E","M","?","R","B",null,"M","M","?","M","$","R","E"],"character_chosen":"IRONCLAD","items_purchased":["Hemokinesis","Fire Potion","LiquidMemories"],"campfire_rested":2,"item_purchase_floors":[2,2,22],"current_hp_per_floor":[75,75,72,72,61,61,61,34,34,39,65,55,58,32,58,19,70,52,50,50,45,45,45,0,0],"gold":115,"neow_bonus":"TEN_PERCENT_HP_BONUS","is_prod":false,"is_daily":false,"chose_seed":false,"campfire_upgraded":2,"win_rate":0,"timestamp":1607555082,"path_taken":["M","$","M","?","?","R","M","E","T","?","R","E","M","?","R","BOSS","M","M","?","M","$","R","E"],"build_version":"2020-11-30","purchased_purges":1,"victory":false,"max_hp_per_floor":[82,82,82,82,82,82,82,82,82,87,87,87,87,87,87,87,87,87,87,87,87,87,87,87,87],"card_choices":[{"not_picked":["Evolve","Shrug It Off"],"picked":"Combust","floor":1.0},{"not_picked":["Body Slam","Twin Strike"],"picked":"Whirlwind","floor":3.0},{"not_picked":["Havoc","Combust","Sword Boomerang"],"picked":"SKIP","floor":7.0},{"not_picked":["Seeing Red","Sever Soul"],"picked":"Shrug It Off","floor":8.0},{"not_picked":["Cleave","Hemokinesis","Feed"],"picked":"SKIP","floor":12.0},{"not_picked":["Burning Pact","Armaments"],"picked":"Spot Weakness","floor":13.0},{"not_picked":["Thunderclap","Power Through","Wild Strike"],"picked":"SKIP","floor":18},{"not_picked":["Havoc","Pommel Strike"],"picked":"Rupture","floor":19},{"not_picked":["Twin Strike","Ghostly Armor"],"picked":"Heavy Blade+1","floor":21}],"player_experience":459121,"relics_obtained":[{"floor":8.0,"key":"HornCleat"},{"floor":9.0,"key":"Whetstone"},{"floor":12.0,"key":"InkBottle"}],"event_choices":[{"damage_healed":0.0,"max_hp_gain":0.0,"max_hp_loss":0.0,"gold_gain":75.0,"event_name":"World of Goop","player_choice":"Gather Gold","floor":5.0,"gold_loss":0.0,"damage_taken":11.0},{"damage_healed":0.0,"max_hp_gain":5.0,"max_hp_loss":0.0,"gold_gain":0.0,"event_name":"Big Fish","player_choice":"Donut","floor":10.0,"gold_loss":0.0,"damage_taken":0.0},{"damage_healed":0.0,"max_hp_gain":0.0,"max_hp_loss":0.0,"gold_gain":0.0,"event_name":"Shining Light","player_choice":"Entered Light","floor":14.0,"gold_loss":0.0,"damage_taken":26.0,"cards_upgraded":["Strike_R","Strike_R"]},{"damage_healed":0,"gold_gain":0,"player_choice":"Ignored","damage_taken":0,"max_hp_gain":0,"max_hp_loss":0,"event_name":"Vampires","floor":20,"gold_loss":0}],"is_beta":false,"boss_relics":[{"not_picked":["Runic Dome","Philosopher\u0027s Stone"],"picked":"Ectoplasm"}],"items_purged_floors":[22],"is_endless":false,"potions_floor_spawned":[1,7,8,18],"killed_by":"Slavers","ascension_level":20}}