{"host":"mvi9b5ih1d2nn41h","time":1607480693,"event":{"gold_per_floor":[113,113,124,124,124,157,157,172,172,182,182,37,47,47,47,152,152,168,183,458,458,476,476,496,496,496],"floor_reached":25,"playtime":2462,"items_purged":[],"score":203,"play_id":"532c8c06-e494-4732-93c2-e9063fc697c4","local_time":"20201208202453","is_ascension_mode":false,"campfire_choices":[{"floor":7,"key":"REST"},{"data":"Catalyst","floor":15,"key":"SMITH"},{"floor":23,"key":"REST"}],"neow_cost":"","seed_source_timestamp":0,"circlet_count":0,"master_deck":["Bouncing Flask","Burst","Catalyst+1","Dagger Spray","Deadly Poison","Endless Agony","Noxious Fumes","Poisoned Stab","Tools of the Trade","Reflex","Backflip","Flying Knee","Calculated Gamble","Dagger Spray","Escape Plan","CurseOfTheBell","Regret"],"relics":["Ring of the Snake","Juzu Bracelet","Strawberry","Mercury Hourglass","Pear","Centennial Puzzle","Orichalcum","Calling Bell","MealTicket","The Courier","Ginger","Enchiridion"],"potions_floor_usage":[6,18,18,24,24],"damage_taken":[{"damage":2,"enemies":"Small Slimes","floor":1,"turns":3},{"damage":6,"enemies":"Cultist","floor":3,"turns":3},{"damage":33,"enemies":"Lagavulin","floor":6,"turns":4},{"damage":3,"enemies":"Jaw Worm","floor":8,"turns":3},{"damage":0,"enemies":"3 Louse","floor":10,"turns":1},{"damage":0,"enemies":"Large Slime","floor":13,"turns":3},{"damage":16,"enemies":"The Guardian","floor":16,"turns":4},{"damage":5,"enemies":"Chosen","floor":18,"turns":3},{"damage":4,"enemies":"Spheric Guardian","floor":19,"turns":3},{"damage":41,"enemies":"Shelled Parasite and Fungi","floor":22,"turns":4},{"damage":19,"enemies":"Cultist and Chosen","floor":24,"turns":4},{"damage":28,"enemies":"Slavers","floor":25,"turns":1}],"seed_played":"3714715169496501506","potions_obtained":[{"floor":1,"key":"SteroidPotion"},{"floor":3,"key":"FearPotion"},{"floor":10,"key":"SteroidPotion"},{"floor":13,"key":"GamblersBrew"},{"floor":16,"key":"LiquidMemories"},{"floor":19,"key":"FearPotion"}],"is_trial":true,"path_per_floor":["M","?","M","?","?","E","R","M","T","M","?","$","M","?","R","B",null,"M","M","?","?","M","R","M","E"],"character_chosen":"THE_SILENT","items_purchased":["Orichalcum"],"campfire_rested":2,"item_purchase_floors":[12],"current_hp_per_floor":[75,75,69,69,69,46,72,69,69,69,87,87,87,80,80,64,84,79,75,75,59,18,43,24,0,0],"gold":496,"neow_bonus":"","is_prod":false,"is_daily":false,"chose_seed":true,"campfire_upgraded":1,"win_rate":0,"timestamp":1607480693,"path_taken":["M","?","M","?","?","E","R","M","T","M","?","?","M","?","R","BOSS","M","M","?","?","M","R","M","E"],"build_version":"2020-11-30","purchased_purges":0,"victory":false,"max_hp_per_floor":[77,77,77,77,77,87,87,87,87,87,87,87,87,84,84,84,84,84,84,84,84,84,84,84,84,84],"card_choices":[],"player_experience":173746,"relics_obtained":[{"floor":6,"key":"Pear"},{"floor":9,"key":"Centennial Puzzle"},{"floor":17,"key":"MealTicket"},{"floor":17,"key":"The Courier"},{"floor":17,"key":"Ginger"},{"floor":21,"key":"Enchiridion"}],"event_choices":[{"damage_healed":0,"gold_gain":0,"player_choice":"Box","damage_taken":0,"relics_obtained":["Mercury Hourglass"],"max_hp_gain":0,"max_hp_loss":0,"event_name":"Big Fish","floor":2,"gold_loss":0,"cards_obtained":["Regret"]},{"cards_removed":["Regret"],"damage_healed":0,"gold_gain":0,"player_choice":"Removed Curses","damage_taken":0,"max_hp_gain":0,"max_hp_loss":0,"event_name":"Fountain of Cleansing","floor":4,"gold_loss":0},{"damage_healed":0,"gold_gain":0,"player_choice":"Leave","damage_taken":0,"max_hp_gain":0,"max_hp_loss":0,"event_name":"The Cleric","floor":5,"gold_loss":0},{"damage_healed":21,"gold_gain":0,"player_choice":"Healed and dodged fight","damage_taken":0,"max_hp_gain":0,"max_hp_loss":0,"event_name":"Mushrooms","floor":11,"gold_loss":0,"cards_obtained":["Parasite"]},{"cards_removed":["Parasite"],"damage_healed":0,"gold_gain":0,"player_choice":"Card Removal","damage_taken":7,"max_hp_gain":0,"max_hp_loss":0,"event_name":"Golden Wing","floor":14,"gold_loss":0},{"damage_healed":0,"gold_gain":275,"player_choice":"Desecrate","damage_taken":0,"max_hp_gain":0,"max_hp_loss":0,"event_name":"Golden Shrine","floor":20,"gold_loss":0,"cards_obtained":["Regret"]},{"damage_healed":0,"gold_gain":0,"player_choice":"Obtained Book","damage_taken":16,"max_hp_gain":0,"max_hp_loss":0,"event_name":"Cursed Tome","floor":21,"gold_loss":0}],"is_beta":false,"boss_relics":[{"not_picked":["Runic Pyramid","Ectoplasm"],"picked":"Calling Bell"}],"items_purged_floors":[],"is_endless":false,"potions_floor_spawned":[1,3,10,13,16,19],"killed_by":"Slavers","ascension_level":0}}