{"host":"d1za9dvx43o9v494","time":1607535803,"event":{"gold_per_floor":[99,113,146,146,158,67,67,81,81,110,110,128,128,143,158,158,158],"floor_reached":16,"playtime":784,"items_purged":[],"score":118,"play_id":"5c4f0c6a-b3a6-4c35-8396-2583cb965f24","local_time":"20201209204323","is_ascension_mode":true,"campfire_choices":[{"data":"champ:Execute","floor":1,"key":"SMITH"},{"data":"champ:RecklessLeap","floor":4,"key":"SMITH"},{"data":"champ:Taunt","floor":9,"key":"SMITH"}],"neow_cost":"NONE","seed_source_timestamp":19420516587673,"circlet_count":0,"master_deck":["champ:Strike","champ:Strike","champ:Strike","champ:Strike","champ:Defend","champ:Defend","champ:Defend","champ:Defend","champ:Execute+1","champ:Taunt+1","champ:RecklessLeap+1","champ:BerserkersShout+1","champ:ArenaPreparation+1","champ:RecklessLeap","champ:Control+1","champ:RapidStrikes","champ:StanceDance+1"],"relics":["champ:ChampionCrownUpgraded","Toxic Egg 2","Juzu Bracelet","Potion Belt","Mummified Hand"],"potions_floor_usage":[16,16],"damage_taken":[{"damage":20,"enemies":"Jaw Worm","floor":2,"turns":5},{"damage":50,"enemies":"Gremlin Nob","floor":3,"turns":4},{"damage":25,"enemies":"Small Slimes","floor":5,"turns":2},{"damage":38,"enemies":"downfall:FleeingMerchant","floor":6,"turns":4},{"damage":25,"enemies":"Cultist","floor":8,"turns":2},{"damage":61,"enemies":"3 Sentries","floor":10,"turns":3},{"damage":35,"enemies":"Blue Slaver","floor":12,"turns":2},{"damage":42,"enemies":"2 Fungi Beasts","floor":14,"turns":2},{"damage":36,"enemies":"Exordium Wildlife","floor":15,"turns":3},{"damage":33,"enemies":"downfall:Ironclad","floor":16,"turns":6}],"seed_played":"2906708451160798363","potions_obtained":[{"floor":5,"key":"PowerPotion"},{"floor":8,"key":"hexamod:EctoCoolerPotion"},{"floor":14,"key":"ColorlessPotion"}],"is_trial":false,"path_per_floor":["R","M","E","R","M","$","T","M","R","E","?","M","?","M","M","B"],"character_chosen":"THE_CHAMP","items_purchased":["champ:RecklessLeap"],"campfire_rested":0,"item_purchase_floors":[6],"current_hp_per_floor":[90,75,50,50,50,50,50,62,62,53,50,43,43,37,29,0,0],"gold":158,"neow_bonus":"BOSS_RELIC","is_prod":false,"is_daily":false,"chose_seed":false,"campfire_upgraded":3,"win_rate":0,"timestamp":1607535803,"path_taken":["R","M","E","R","M","$","T","M","R","E","?","M","?","M","M","BOSS"],"build_version":"2020-11-30","purchased_purges":0,"victory":false,"max_hp_per_floor":[90,90,90,90,90,90,90,90,90,90,90,90,90,90,90,90,90],"card_choices":[{"not_picked":["champ:BladeFlurry","champ:PerfectedStrike"],"picked":"champ:RecklessLeap","floor":2},{"not_picked":["champ:RisingSlash","champ:CrookedStrike","champ:GladiatorsShout+1"],"picked":"SKIP","floor":3},{"not_picked":["champ:PerfectedStrike","champ:Haymaker"],"picked":"champ:BerserkersShout+1","floor":5},{"not_picked":["champ:Haymaker","champ:TornadoPunch"],"picked":"champ:ArenaPreparation+1","floor":6},{"not_picked":["champ:GladiatorsShout+1","champ:Riposte+1"],"picked":"champ:Control+1","floor":8},{"not_picked":["champ:Haymaker","champ:DefensiveShout+1"],"picked":"champ:RapidStrikes","floor":10},{"not_picked":["champ:FocusedGladiator+1","champ:DefensiveShout+1"],"picked":"champ:StanceDance+1","floor":12},{"not_picked":["champ:DefensiveShout+1","champ:FlashCut","champ:BringItOn+1"],"picked":"SKIP","floor":14},{"not_picked":["champ:FanOfKnives","champ:StrikeOfGenius","champ:StanceDance+1"],"picked":"SKIP","floor":15}],"player_experience":534693,"relics_obtained":[{"floor":3,"key":"Toxic Egg 2"},{"floor":7,"key":"Juzu Bracelet"},{"floor":10,"key":"Potion Belt"}],"event_choices":[{"damage_healed":0,"gold_gain":0,"player_choice":"Success","damage_taken":3,"relics_obtained":["Mummified Hand"],"max_hp_gain":0,"max_hp_loss":0,"event_name":"Scrap Ooze","floor":11,"gold_loss":0},{"damage_healed":0,"gold_gain":0,"player_choice":"Ignored","damage_taken":0,"max_hp_gain":0,"max_hp_loss":0,"event_name":"NoteForYourself","floor":13,"gold_loss":0}],"is_beta":false,"boss_relics":[],"items_purged_floors":[],"is_endless":false,"potions_floor_spawned":[5,8,14],"killed_by":"downfall:Ironclad","ascension_level":1}}