{"host":"g1wmg2w41xhsnw8g","time":1607488990,"event":{"gold_per_floor":[113,124,124,140,153,153,153,153],"floor_reached":7,"playtime":579,"items_purged":[],"score":70,"play_id":"2c1b2f53-bfdc-4d71-a4db-aef50e571f5a","local_time":"20201208234310","daily_mods":["Specialized","Heirloom","Cursed Run","Elite Swarm"],"is_ascension_mode":true,"campfire_choices":[{"data":"TheCursedMod:CollectTribute","floor":6,"key":"SMITH"}],"neow_cost":"","seed_source_timestamp":0,"circlet_count":0,"master_deck":["TheCursedMod:CursedWand","TheCursedMod:CleanUpWorkshop","TheCursedMod:CursedAmulet","TheCursedMod:RapidMovement","TheCursedMod:Grudge","TheCursedMod:AshesToAshes","TheCursedMod:DemonicPact","TheCursedMod:LuckyCharm","TheCursedMod:SpitefulPlan","TheCursedMod:CollectTribute+1","TheCursedMod:VoidForm","TheCursedMod:VoidForm","TheCursedMod:VoidForm","TheCursedMod:VoidForm","Gatherer:BalancedGrowth","TheCursedMod:HellfireBreathing","Gatherer:UpgradeBag","TheCursedMod:StingEye","TheCursedMod:SpitefulStrike"],"relics":["TheCursedMod:CrystalBall","TheCursedMod:MagicCandle"],"potions_floor_usage":[4],"damage_taken":[{"damage":18,"enemies":"Cultist","floor":1,"turns":5},{"damage":9,"enemies":"Jaw Worm","floor":2,"turns":5},{"damage":12,"enemies":"Small Slimes","floor":4,"turns":5},{"damage":19,"enemies":"Blue Slaver","floor":5,"turns":5},{"damage":17,"enemies":"3 Sentries","floor":7,"turns":3}],"seed_played":"3582612946360104679","potions_obtained":[{"floor":2,"key":"Swift Potion"}],"is_trial":true,"path_per_floor":["M","M","?","M","M","R","E"],"character_chosen":"THE_CURSED","items_purchased":[],"campfire_rested":0,"item_purchase_floors":[],"current_hp_per_floor":[57,48,48,36,17,17,0,0],"gold":153,"neow_bonus":"","is_prod":false,"is_daily":false,"chose_seed":false,"campfire_upgraded":1,"win_rate":0,"timestamp":1607488990,"path_taken":["M","M","?","?","M","R","E"],"build_version":"2020-11-30","purchased_purges":0,"victory":false,"max_hp_per_floor":[75,75,75,75,75,75,75,75],"card_choices":[{"not_picked":["Gatherer:SaveValuables","Gatherer:SealedBomb"],"picked":"Gatherer:BalancedGrowth","floor":1},{"not_picked":["Gatherer:FeelingFine","TheCursedMod:CircleOfFocus"],"picked":"TheCursedMod:HellfireBreathing","floor":2},{"not_picked":["TheCursedMod:CircleOfFlame","Gatherer:Duality"],"picked":"TheCursedMod:StingEye","floor":4},{"not_picked":["TheCursedMod:SpreadPlague","Gatherer:CarefulStrike"],"picked":"TheCursedMod:SpitefulStrike","floor":5}],"player_experience":1394277,"relics_obtained":[],"event_choices":[{"damage_healed":0,"gold_gain":0,"cards_transformed":["TheCursedMod:VoidForm"],"player_choice":"Transformed","damage_taken":0,"max_hp_gain":0,"max_hp_loss":0,"event_name":"Transmorgrifier","floor":3,"gold_loss":0,"cards_obtained":["Gatherer:UpgradeBag"]}],"is_beta":false,"boss_relics":[],"items_purged_floors":[],"is_endless":false,"potions_floor_spawned":[2],"killed_by":"3 Sentries","ascension_level":1}}