{"host":"y76clbnovzmw9ubx","time":1607475181,"event":{"gold_per_floor":[117,134,6,21,13,13,39,39,39],"floor_reached":8,"playtime":842,"items_purged":["Strike_B"],"score":116,"play_id":"8a91927d-1438-4778-b479-4998298f05b3","local_time":"20201208195301","is_ascension_mode":true,"campfire_choices":[],"neow_cost":"NONE","seed_source_timestamp":2021631211454,"circlet_count":0,"master_deck":["AscendersBane","Strike_B","Strike_B","Strike_B","Defend_B","Defend_B","Defend_B","Defend_B","Zap","Dualcast","Genetic Algorithm","Hologram","Leap","Defragment","Rip and Tear","Leap"],"relics":["Cracked Core","Lantern","Meat on the Bone"],"potions_floor_usage":[5],"damage_taken":[{"damage":8,"enemies":"Small Slimes","floor":1,"turns":4},{"damage":2,"enemies":"2 Louse","floor":2,"turns":4},{"damage":2,"enemies":"Jaw Worm","floor":4,"turns":4},{"damage":5,"enemies":"Exordium Thugs","floor":5,"turns":5},{"damage":61,"enemies":"3 Sentries","floor":7,"turns":10},{"damage":4,"enemies":"Large Slime","floor":8,"turns":4}],"seed_played":"7734687446855969033","potions_obtained":[{"floor":1,"key":"SteroidPotion"},{"floor":2,"key":"DistilledChaos"},{"floor":4,"key":"CultistPotion"}],"is_trial":false,"path_per_floor":["M","M","$","M","M","?","E","M"],"character_chosen":"DEFECT","items_purchased":["Leap"],"campfire_rested":0,"item_purchase_floors":[3],"current_hp_per_floor":[56,54,54,52,47,70,9,5,5],"gold":39,"neow_bonus":"RANDOM_COMMON_RELIC","is_prod":false,"is_daily":false,"chose_seed":false,"campfire_upgraded":0,"win_rate":0,"timestamp":1607475181,"path_taken":["M","M","$","M","M","?","E","M"],"build_version":"2020-11-30","purchased_purges":1,"victory":false,"max_hp_per_floor":[71,71,71,71,71,71,71,71,71],"relic_stats":{"counters":[6,31],"obtain_stats":[{"Lantern":0,"Cracked Core":0,"Meat on the Bone":7},{"Lantern":0,"Cracked Core":0,"Meat on the Bone":5},{"Lantern":0,"Cracked Core":0,"Meat on the Bone":27}],"Meat on the Bone":0},"card_choices":[{"not_picked":["Go for the Eyes","Barrage"],"picked":"Genetic Algorithm","floor":1},{"not_picked":["Conserve Battery","FTL"],"picked":"Hologram","floor":2},{"not_picked":["Compile Driver","Sweeping Beam"],"picked":"Defragment","floor":4},{"not_picked":["Hologram","Stack"],"picked":"Rip and Tear","floor":5},{"not_picked":["Turbo","Compile Driver"],"picked":"Leap","floor":7}],"player_experience":2785297,"relics_obtained":[{"floor":7,"key":"Meat on the Bone"}],"event_choices":[{"damage_healed":23,"gold_gain":0,"player_choice":"Banana","damage_taken":0,"max_hp_gain":0,"max_hp_loss":0,"event_name":"Big Fish","floor":6,"gold_loss":0}],"is_beta":false,"boss_relics":[],"items_purged_floors":[3],"is_endless":false,"potions_floor_spawned":[1,2,4],"killed_by":"Large Slime","ascension_level":20}}