{"host":"m6aaltr68g9tvoay","time":1607496753,"event":{"gold_per_floor":[119,76,76,88,53,53,80,135,135,135,135,150,178,191,191,270,270,282,332,351,351,351],"floor_reached":21,"playtime":802,"items_purged":[],"score":380,"play_id":"34ad63be-7712-48ed-bff8-12bddf7e2813","local_time":"20201208225233","is_ascension_mode":true,"campfire_choices":[{"data":"Blade Dance","floor":6.0,"key":"SMITH"},{"floor":10.0,"key":"REST"},{"floor":15.0,"key":"REST"}],"neow_cost":"CURSE","seed_source_timestamp":276200901606499,"circlet_count":0,"master_deck":["AscendersBane","Strike_G","Strike_G","Strike_G","Strike_G","Strike_G","Defend_G","Defend_G","Defend_G","Defend_G","Defend_G","Survivor","Neutralize","Shame","Blade Dance+1","Choke","Flying Knee","Skewer","Noxious Fumes","Envenom","Backflip"],"special_seed":0,"relics":["Ring of the Serpent","Strawberry","Paper Crane","Pocketwatch","Art of War"],"potions_floor_usage":[21],"damage_taken":[{"damage":0.0,"enemies":"Cultist","floor":1.0,"turns":5.0},{"damage":7.0,"enemies":"Jaw Worm","floor":4.0,"turns":5.0},{"damage":36.0,"enemies":"3 Sentries","floor":7.0,"turns":10.0},{"damage":0.0,"enemies":"2 Louse","floor":12.0,"turns":2.0},{"damage":32.0,"enemies":"Gremlin Nob","floor":13.0,"turns":4.0},{"damage":2.0,"enemies":"Exordium Wildlife","floor":14.0,"turns":3.0},{"damage":45.0,"enemies":"The Guardian","floor":16.0,"turns":12.0},{"damage":30.0,"enemies":"3 Byrds","floor":18.0,"turns":5.0},{"damage":38,"enemies":"Spheric Guardian","floor":20,"turns":8},{"damage":23,"enemies":"3 Cultists","floor":21,"turns":3}],"seed_played":"-8217505417263630395","potions_obtained":[{"floor":4.0,"key":"LiquidBronze"},{"floor":7.0,"key":"DistilledChaos"},{"floor":14.0,"key":"Regen Potion"},{"floor":16.0,"key":"Energy Potion"},{"floor":18.0,"key":"Fruit Juice"}],"is_trial":false,"path_per_floor":["M","?","?","M","?","R","E","?","T","R","?","M","E","M","R","B",null,"M","?","M","M"],"character_chosen":"THE_SILENT","items_purchased":[],"campfire_rested":2,"item_purchase_floors":[],"current_hp_per_floor":[71,71,78,71,85,85,49,49,49,74,79,79,47,45,72,42,78,48,48,10,0,0],"gold":351,"neow_bonus":"TWENTY_PERCENT_HP_BONUS","is_prod":false,"is_daily":false,"chose_seed":false,"campfire_upgraded":1,"win_rate":0,"timestamp":1607496753,"path_taken":["M","?","?","?","?","R","E","?","T","R","?","?","E","M","R","BOSS","M","?","?","M"],"build_version":"2020-11-30","purchased_purges":0,"victory":false,"max_hp_per_floor":[78,78,85,85,85,85,85,85,85,85,90,90,90,90,90,90,90,90,90,90,95,95],"card_choices":[{"not_picked":["Escape Plan","Outmaneuver","Bane"],"picked":"SKIP","floor":1.0},{"not_picked":["Sucker Punch","Underhanded Strike"],"picked":"Blade Dance","floor":4.0},{"not_picked":["Outmaneuver","Bouncing Flask"],"picked":"Choke","floor":7.0},{"not_picked":["Dodge and Roll","Backflip"],"picked":"Flying Knee","floor":12.0},{"not_picked":["Dagger Throw","Underhanded Strike"],"picked":"Skewer","floor":13.0},{"not_picked":["Bane","Heel Hook"],"picked":"Noxious Fumes","floor":14.0},{"not_picked":["Unload","Wraith Form v2"],"picked":"Envenom","floor":16.0},{"not_picked":["Concentrate","Deadly Poison","Outmaneuver"],"picked":"SKIP","floor":18.0},{"not_picked":["Heel Hook","Catalyst"],"picked":"Backflip","floor":20}],"player_experience":1203752,"relics_obtained":[{"floor":3.0,"key":"Strawberry"},{"floor":7.0,"key":"Paper Crane"},{"floor":9.0,"key":"Pocketwatch"},{"floor":13.0,"key":"Art of War"}],"event_choices":[{"damage_healed":0.0,"max_hp_gain":0.0,"max_hp_loss":0.0,"gold_gain":0.0,"event_name":"World of Goop","player_choice":"Left Gold","floor":2.0,"gold_loss":43.0,"damage_taken":0.0},{"damage_healed":0.0,"max_hp_gain":0.0,"max_hp_loss":0.0,"gold_gain":0.0,"event_name":"Wheel of Change","player_choice":"Relic","floor":3.0,"gold_loss":0.0,"damage_taken":0.0},{"damage_healed":21.0,"max_hp_gain":0.0,"max_hp_loss":0.0,"gold_gain":0.0,"event_name":"The Cleric","player_choice":"Healed","floor":5.0,"gold_loss":35.0,"damage_taken":0.0},{"damage_healed":0.0,"max_hp_gain":0.0,"max_hp_loss":0.0,"gold_gain":55.0,"event_name":"Golden Wing","player_choice":"Gained Gold","floor":8.0,"gold_loss":0.0,"damage_taken":0.0},{"damage_healed":0.0,"max_hp_gain":5.0,"max_hp_loss":0.0,"gold_gain":0.0,"event_name":"Big Fish","player_choice":"Donut","floor":11.0,"gold_loss":0.0,"damage_taken":0.0},{"damage_healed":0.0,"max_hp_gain":0.0,"max_hp_loss":0.0,"gold_gain":100.0,"event_name":"The Joust","player_choice":"Bet on Murderer","floor":19.0,"gold_loss":50.0,"damage_taken":0.0}],"is_beta":false,"boss_relics":[{"not_picked":["Busted Crown","Snecko Eye"],"picked":"Ring of the Serpent"}],"items_purged_floors":[],"is_endless":false,"potions_floor_spawned":[4,7,14,16,18],"killed_by":"3 Cultists","ascension_level":18}}