{"host":"l4jj3li0klahglqo","time":1607497394,"event":{"gold_per_floor":[12,27,27,44,57,57,67,97,97,113,127,160,174,205,205,310,310,320,339,339,65,84,84,84,95,95,111,111,111,129,146,146,244,244,264,264,0,12,12,46,46,72,72,103,103,129,143,302,302,302,302,302,550,600,655,734,734,373,448,528,528,419,514,514,83,323,438,438,438,438],"floor_reached":69,"playtime":9761,"items_purged":["Shame","Strike_G","Defend_G","Defend_G","Strike_G"],"score":1336,"play_id":"33b3b87d-352d-482d-bca5-c4cbfee6ecb2","local_time":"20201209010314","is_ascension_mode":true,"campfire_choices":[{"data":"Neutralize","floor":6,"key":"SMITH"},{"floor":15,"key":"REST"},{"floor":23,"key":"REST"},{"floor":29,"key":"REST"},{"floor":32,"key":"REST"},{"floor":41,"key":"RECALL"},{"data":"Distraction","floor":45,"key":"SMITH"},{"data":"Defend_G","floor":52,"key":"PURGE"},{"data":"Prepared","floor":68,"key":"SMITH"}],"neow_cost":"NO_GOLD","seed_source_timestamp":12368723907400,"circlet_count":0,"master_deck":["Strike_G+1","Defend_G","Survivor+1","Neutralize+1","Cloak And Dagger+1","Poisoned Stab+1","animator:HigakiRinne+1","Poisoned Stab+1","Quick Slash+1","Leg Sweep+1","Distraction+1","Terror+1","Night Terror+1","Blur+1","Pot Of Greed+1","Pot Of Greed+1","Flying Knee","Poison Darts+1","Draining Mist+1","Dagger Spray+1","Pot Of Greed+1","Outmaneuver+1","Acrobatics+1","Acrobatics+1","Flying Knee+1","Die Die Die+1","Toxin Wave+1","Machine Learning+1","PiercingWail+1","PiercingWail+1","Venomology+1","Flying Knee+1","Bandage Up+1","Pot Of Greed+1","Terror+1","PiercingWail+1","Adrenaline+1","Poison Darts+1","Atom Bomb+1","Doppelganger+1","Replay:Poison Smokescreen+1","Replay:Poison Smokescreen+1","Dagger Spray+1","Quick Slash+1","Catalyst+1","Blind+1","Pot Of Greed+1","Chrysalis+1","Underhanded Strike+1","Catalyst+1","Sneak Up+1","Sneak Up+1","Cloak And Dagger+1","Cloak And Dagger+1","Flechettes+1","Dagger Throw+1","ReplayTheSpireMod:Tripwire+1","Accuracy+1","Good Instincts+1","Sadistic Nature+1","ReplayTheSpireMod:Scrap Shanks+1","Bouncing Flask+1","Heel Hook+1","Underhanded Strike+1","ReplayTheSpireMod:The Works+1","Acrobatics+1","Footwork+1","Flash of Steel+1","Poisoned Strike+1","Prepared+1","Infinite Blades+1","Infinite Blades+1","Backstab+1","Riddle With Holes+1","Hidden Blade+1","Escape Plan+1","ReplayTheSpireMod:Uncanny Aura+1","Transmutation+1","Storm of Steel+1"],"relics":["animator:TheEgnaroPiece","Ring of the Snake","animator:AncientMedallion"],"potions_floor_usage":[8,8,10,14,22,27,33,38,38,42,42,47,48,48,48,50,50,50,50,55,55,55,58,59,59,59,59,60,62,63,63,63,63,66,66,67,67,67,67,69,69],"damage_taken":[{"damage":1,"enemies":"conspire:RoseBush","floor":1,"turns":4},{"damage":2,"enemies":"Cultist","floor":2,"turns":5},{"damage":0,"enemies":"2 Louse","floor":4,"turns":4},{"damage":4,"enemies":"conspire:2 RoseBushes","floor":5,"turns":7},{"damage":0,"enemies":"Blue Slaver","floor":7,"turns":3},{"damage":9,"enemies":"Replay:BlueRogue","floor":8,"turns":4},{"damage":0,"enemies":"Gremlin Gang","floor":10,"turns":5},{"damage":0,"enemies":"Looter","floor":11,"turns":3},{"damage":12,"enemies":"Lagavulin","floor":12,"turns":8},{"damage":0,"enemies":"Exordium Thugs","floor":13,"turns":5},{"damage":24,"enemies":"3 Sentries","floor":14,"turns":9},{"damage":36,"enemies":"Fading Forest","floor":16,"turns":11},{"damage":44,"enemies":"2 Thieves","floor":18,"turns":4},{"damage":0,"enemies":"3 Byrds","floor":19,"turns":6},{"damage":0,"enemies":"Centurion and Healer","floor":22,"turns":6},{"damage":17,"enemies":"Cultist and Chosen","floor":25,"turns":7},{"damage":8,"enemies":"Snake Plant","floor":27,"turns":3},{"damage":0,"enemies":"Sentry and Sphere","floor":30,"turns":2},{"damage":0,"enemies":"Chosen and Byrds","floor":31,"turns":4},{"damage":15,"enemies":"Collector","floor":33,"turns":7},{"damage":4,"enemies":"3 Shapes","floor":35,"turns":3},{"damage":15,"enemies":"3 Darklings","floor":38,"turns":4},{"damage":3,"enemies":"Giant Head","floor":40,"turns":5},{"damage":21,"enemies":"Reptomancer","floor":42,"turns":7},{"damage":8,"enemies":"Giant Head","floor":44,"turns":7},{"damage":0,"enemies":"Reptomancer","floor":46,"turns":2},{"damage":0,"enemies":"Transient","floor":47,"turns":5},{"damage":0,"enemies":"hubris:Merchant","floor":48,"turns":4},{"damage":11,"enemies":"hubris:GrandSnecko","floor":50,"turns":7},{"damage":0,"enemies":"animator:TRIPLE_SHAPES_WEAK","floor":54,"turns":12},{"damage":5,"enemies":"animator:UNNAMED_HAT","floor":55,"turns":20},{"damage":0,"enemies":"hubris:Merchant","floor":58,"turns":9},{"damage":57,"enemies":"animator:UNNAMED_CULTIST_2","floor":59,"turns":14},{"damage":1,"enemies":"animator:TRIPLE_LAGAVULIN","floor":60,"turns":4},{"damage":12,"enemies":"hubris:Merchant","floor":62,"turns":7},{"damage":59,"enemies":"animator:ULTIMATE_WISP","floor":63,"turns":10},{"damage":0,"enemies":"hubris:Merchant","floor":66,"turns":4},{"damage":39,"enemies":"animator:ULTIMATE_CRYSTAL","floor":67,"turns":6},{"damage":112,"enemies":"animator:TheUnnamed","floor":69,"turns":8}],"seed_played":"1944392675728185652","potions_obtained":[{"floor":4,"key":"DuplicationPotion"},{"floor":5,"key":"Venom Potion"},{"floor":8,"key":"BlessingOfTheForge"},{"floor":13,"key":"Energy Potion"},{"floor":18,"key":"GamblersBrew"},{"floor":25,"key":"Strength Potion"},{"floor":27,"key":"CunningPotion"},{"floor":38,"key":"Milkshake"},{"floor":40,"key":"Reflective Coating"},{"floor":46,"key":"ColorlessPotion"},{"floor":48,"key":"SpeedPotion"},{"floor":48,"key":"Dexterity Potion"},{"floor":48,"key":"Doom Potion"},{"floor":54,"key":"animator:FalseLifePotion"},{"floor":55,"key":"animator:FalseLifePotion"},{"floor":58,"key":"animator:FalseLifePotion"},{"floor":58,"key":"animator:FalseLifePotion"},{"floor":58,"key":"animator:FalseLifePotion"},{"floor":59,"key":"animator:FalseLifePotion"},{"floor":60,"key":"animator:FalseLifePotion"},{"floor":62,"key":"animator:FalseLifePotion"},{"floor":62,"key":"animator:FalseLifePotion"},{"floor":63,"key":"animator:FalseLifePotion"},{"floor":66,"key":"animator:FalseLifePotion"},{"floor":66,"key":"animator:FalseLifePotion"},{"floor":66,"key":"animator:FalseLifePotion"},{"floor":67,"key":"animator:FalseLifePotion"}],"is_trial":false,"path_per_floor":["M","M","?","M","M","R","M","E","T","M","M","E","M","E","R","B",null,"M","M","?","$","M","R","?","M","T","M","AVR","R","M","M","R","B",null,"M","?","?","M","?","E","R","E","T","E","R","E","M","$","R","B",null,"R","??","M","M","T","?","$","M","M","?","$","E","T","?","$","E","R","B"],"character_chosen":"THE_SILENT","items_purchased":["Anchor","Outmaneuver+1","Acrobatics","Replay:Poison Smokescreen","Cloak And Dagger","animator:AncientMedallion","animator:AncientMedallion","animator:AncientMedallion","Infinite Blades"],"campfire_rested":4,"item_purchase_floors":[21,21,21,48,58,58,58,62,66],"current_hp_per_floor":[69,67,67,67,63,63,63,54,54,54,54,42,42,18,39,21,58,14,14,14,14,14,35,35,18,18,10,10,31,31,31,52,37,62,58,40,40,50,50,57,57,60,60,62,62,62,70,70,70,59,67,67,92,92,87,87,87,92,35,56,56,70,37,37,37,87,53,53,0,0],"gold":438,"neow_bonus":"REMOVE_TWO","is_prod":false,"is_daily":false,"chose_seed":false,"campfire_upgraded":3,"win_rate":0,"timestamp":1607497394,"path_taken":["M","M","?","M","?","R","M","E","T","M","M","E","M","E","R","BOSS","M","M","?","$","M","R","?","M","T","M","AVR","R","M","M","R","BOSS","M","?","?","M","?","E","R","E","T","E","R","E","M","$","R","BOSS","R","??","M","M","T","?","$","M","M","?","$","E","T","?","$","E","R","BOSS"],"build_version":"2020-11-30","purchased_purges":5,"victory":false,"max_hp_per_floor":[70,70,70,70,70,70,70,70,70,70,70,70,70,70,70,70,70,70,70,70,70,70,70,70,70,70,70,70,70,70,70,70,70,70,70,70,70,70,70,70,70,70,70,70,70,70,70,70,70,70,70,70,92,92,92,92,92,92,92,92,92,92,92,92,92,92,92,92,92,92],"card_choices":[{"not_picked":["Dodge and Roll","Dagger Throw"],"picked":"Cloak And Dagger","floor":1},{"not_picked":["PiercingWail","Dagger Throw"],"picked":"Poisoned Stab","floor":2},{"not_picked":["Backflip","Bane"],"picked":"ReplayTheSpireMod:Speed Training","floor":4},{"not_picked":["Quick Slash","conspire:PoisonWeapons"],"picked":"Poisoned Stab","floor":5},{"not_picked":["Accuracy","conspire:DoublingDagger"],"picked":"Quick Slash","floor":7},{"not_picked":["Backflip","PiercingWail"],"picked":"Leg Sweep","floor":8},{"not_picked":["Deflect","Bouncing Flask"],"picked":"Distraction","floor":10},{"not_picked":["Dagger Spray","hubris:SlightOfHand"],"picked":"Terror","floor":11},{"not_picked":["Slice","Setup"],"picked":"Night Terror","floor":12},{"not_picked":["Quick Slash","Dodge and Roll"],"picked":"Blur","floor":13},{"not_picked":["Concentrate","Night Terror"],"picked":"Flying Knee","floor":14},{"not_picked":["A Thousand Cuts","ReplayTheSpireMod:From All Sides"],"picked":"Poison Darts","floor":16},{"not_picked":["Deadly Poison","Poisoned Stab"],"picked":"Draining Mist","floor":18},{"not_picked":["Deadly Poison","Concentrate"],"picked":"Dagger Spray","floor":19},{"not_picked":["Underhanded Strike","Deflect"],"picked":"Flying Knee","floor":22},{"not_picked":["Deadly Poison","Dagger Spray"],"picked":"Die Die Die","floor":25},{"not_picked":["ReplayTheSpireMod:Tripwire","Masterful Stab"],"picked":"Toxin Wave","floor":27},{"not_picked":["Outmaneuver","conspire:PoisonWeapons"],"picked":"PiercingWail+1","floor":30},{"not_picked":["Grand Finale","All Out Attack"],"picked":"PiercingWail+1","floor":31},{"not_picked":["Poison Darts","ReplayTheSpireMod:From All Sides"],"picked":"Venomology","floor":33},{"not_picked":["Poisoned Stab","Outmaneuver+1","Choke"],"picked":"Flying Knee+1","floor":35},{"not_picked":["infinitespire:FutureSight","infinitespire:SealOfDarkness+"],"picked":"infinitespire:Starlight","floor":36},{"not_picked":["PiercingWail","Hidden Blade","Outmaneuver"],"picked":"Terror+1","floor":38},{"not_picked":["Flechettes+1","ReplayTheSpireMod:Shiv Toss+1","Endless Agony+1"],"picked":"PiercingWail+1","floor":40},{"not_picked":["Well Laid Plans","Cloak And Dagger","hubris:SlightOfHand"],"picked":"Adrenaline","floor":42},{"not_picked":["Dodge and Roll","hubris:SlightOfHand","Backflip+1"],"picked":"Poison Darts","floor":44},{"not_picked":["Poisoned Stab+1","Leg Sweep","Endless Agony+1"],"picked":"Atom Bomb","floor":46},{"not_picked":["Cloak And Dagger+1","Blade Dance","hubris:SlightOfHand+1"],"picked":"Doppelganger","floor":47},{"not_picked":[],"picked":"Dagger Spray+1","floor":48},{"not_picked":[],"picked":"Quick Slash","floor":48},{"not_picked":[],"picked":"Catalyst","floor":48},{"not_picked":[],"picked":"Well Laid Plans","floor":48},{"not_picked":[],"picked":"Blind","floor":48},{"not_picked":[],"picked":"Chrysalis","floor":48},{"not_picked":["Dodge and Roll","conspire:PoisonWeapons+1"],"picked":"Catalyst","floor":54},{"not_picked":["Backflip","Acrobatics"],"picked":"Sneak Up+1","floor":55},{"not_picked":[],"picked":"Flechettes","floor":58},{"not_picked":[],"picked":"Dagger Throw","floor":58},{"not_picked":[],"picked":"ReplayTheSpireMod:Tripwire","floor":58},{"not_picked":[],"picked":"Accuracy","floor":58},{"not_picked":[],"picked":"Good Instincts","floor":58},{"not_picked":[],"picked":"Sadistic Nature","floor":58},{"not_picked":["Flying Knee","Bane"],"picked":"ReplayTheSpireMod:Scrap Shanks+1","floor":59},{"not_picked":["Blade Dance+1","Poisoned Stab"],"picked":"Bouncing Flask+1","floor":60},{"not_picked":[],"picked":"Heel Hook","floor":62},{"not_picked":[],"picked":"Underhanded Strike","floor":62},{"not_picked":[],"picked":"ReplayTheSpireMod:The Works","floor":62},{"not_picked":[],"picked":"Acrobatics","floor":62},{"not_picked":[],"picked":"Footwork","floor":62},{"not_picked":[],"picked":"Flash of Steel","floor":62},{"not_picked":[],"picked":"Poisoned Strike","floor":62},{"not_picked":["Deflect","Terror"],"picked":"Prepared","floor":63},{"not_picked":[],"picked":"Backstab","floor":66},{"not_picked":[],"picked":"Riddle With Holes","floor":66},{"not_picked":[],"picked":"Hidden Blade","floor":66},{"not_picked":[],"picked":"Escape Plan","floor":66},{"not_picked":[],"picked":"ReplayTheSpireMod:Uncanny Aura","floor":66},{"not_picked":[],"picked":"Transmutation","floor":66},{"not_picked":["Riddle With Holes","Caltrops+1"],"picked":"Storm of Steel","floor":67}],"player_experience":1147457,"relics_obtained":[{"floor":8,"key":"Blue Doll"},{"floor":9,"key":"Shuriken"},{"floor":12,"key":"Peace Pipe"},{"floor":14,"key":"Grinning Jar"},{"floor":26,"key":"infinitespire:EmpoweringShard"},{"floor":40,"key":"Ice Cream"},{"floor":42,"key":"Lantern"},{"floor":44,"key":"hubris:CrystalStatue"},{"floor":46,"key":"Happy Flower"},{"floor":48,"key":"Akabeko"},{"floor":48,"key":"Medical Kit"},{"floor":48,"key":"Basket Of Snakes"},{"floor":53,"key":"animator:TheEgnaroPiece"},{"floor":56,"key":"animator:AncientMedallion"},{"floor":58,"key":"animator:AncientMedallion"},{"floor":62,"key":"animator:AncientMedallion"},{"floor":62,"key":"animator:AncientMedallion"},{"floor":63,"key":"animator:AncientMedallion"},{"floor":64,"key":"animator:AncientMedallion"},{"floor":65,"key":"animator:AncientMedallion"},{"floor":65,"key":"animator:AncientMedallion"},{"floor":66,"key":"animator:AncientMedallion"},{"floor":66,"key":"animator:AncientMedallion"},{"floor":66,"key":"animator:AncientMedallion"},{"floor":67,"key":"animator:AncientMedallion"}],"event_choices":[{"cards_removed":["Defend_G"],"damage_healed":0,"gold_gain":0,"player_choice":"Offered Basic","damage_taken":0,"max_hp_gain":0,"max_hp_loss":0,"event_name":"Bonfire Elementals","floor":3,"gold_loss":0},{"damage_healed":0,"gold_gain":0,"player_choice":"Stole Relic","damage_taken":0,"relics_obtained":["Omamori"],"max_hp_gain":0,"max_hp_loss":0,"event_name":"Addict","floor":20,"gold_loss":0,"cards_obtained":["Shame"]},{"damage_healed":0,"gold_gain":0,"player_choice":"Paid","damage_taken":0,"relics_obtained":["Red Mask"],"max_hp_gain":0,"max_hp_loss":0,"event_name":"Tomb of Lord Red Mask","floor":37,"gold_loss":264},{"damage_healed":0,"gold_gain":0,"player_choice":"Rummage","damage_taken":0,"relics_obtained":["WarpedTongs"],"max_hp_gain":0,"max_hp_loss":0,"event_name":"Accursed Blacksmith","floor":39,"gold_loss":0,"cards_obtained":["Pain"]}],"is_beta":false,"boss_relics":[{"not_picked":["Philosopher\u0027s Stone","hubris:ScarierMask"],"picked":"Snecko Heart"},{"not_picked":["Replay:Wanted Poster","conspire:SeveredTorchhead"],"picked":"Honey Jar"}],"items_purged_floors":[21,28,48,58,62],"is_endless":false,"potions_floor_spawned":[4,5,8,13,18,25,27,38,40,46,55,59,63],"killed_by":"animator:TheUnnamed","ascension_level":5}}