{"host":"ueef25wtkg2eer3h","time":1607523621,"event":{"gold_per_floor":[117,292,292,292,32,47,67,102,102,102,135,135,151,167,167,263,263,274,27,47,47,47,47],"floor_reached":22,"playtime":784,"items_purged":["Strike_B"],"score":272,"play_id":"305ed6ba-b805-4c71-833c-8472816048e3","local_time":"20201209152021","is_ascension_mode":true,"campfire_choices":[{"floor":10,"key":"REST"},{"floor":12,"key":"REST"},{"data":"Sunder","floor":15,"key":"SMITH"}],"neow_cost":"NONE","seed_source_timestamp":93625203745800,"circlet_count":0,"master_deck":["Strike_B","Strike_B","Strike_B+1","Defend_B","Defend_B+1","Defend_B","Defend_B","Zap","Dualcast","White Noise","Sunder+1","Hologram","Rebound","Beam Cell","Hologram","Self Repair","Stack","Chill","Ball Lightning","Biased Cognition","Consume+1","Rebound","Shame"],"relics":["Cracked Core","NeowsBlessing","Sundial","Smiling Mask","Inserter","Ornamental Fan","Anchor"],"potions_floor_usage":[8,11,16,16,18],"damage_taken":[{"damage":0,"enemies":"Small Slimes","floor":1,"turns":1},{"damage":0,"enemies":"2 Louse","floor":6,"turns":1},{"damage":0,"enemies":"Jaw Worm","floor":7,"turns":1},{"damage":28,"enemies":"3 Sentries","floor":8,"turns":6},{"damage":34,"enemies":"Gremlin Nob","floor":11,"turns":4},{"damage":1,"enemies":"2 Fungi Beasts","floor":13,"turns":4},{"damage":10,"enemies":"3 Louse","floor":14,"turns":3},{"damage":31,"enemies":"Hexaghost","floor":16,"turns":8},{"damage":16,"enemies":"Chosen","floor":18,"turns":5},{"damage":30,"enemies":"Shell Parasite","floor":20,"turns":5},{"damage":30,"enemies":"Snake Plant","floor":22,"turns":2}],"seed_played":"5753120696145237425","potions_obtained":[{"floor":1,"key":"Regen Potion"},{"floor":7,"key":"Explosive Potion"},{"floor":13,"key":"LiquidMemories"},{"floor":14,"key":"Dexterity Potion"},{"floor":16,"key":"SkillPotion"}],"is_trial":false,"path_per_floor":["M","?","?","?","$","M","M","E","T","R","E","R","M","M","R","B",null,"M","$","M","?","M"],"character_chosen":"DEFECT","items_purchased":["Sunder","Hologram","Rebound","Ornamental Fan"],"campfire_rested":2,"item_purchase_floors":[5,5,5,19],"current_hp_per_floor":[68,68,53,46,46,46,46,32,32,54,20,42,48,45,45,21,62,53,53,30,30,0,0],"gold":47,"neow_bonus":"THREE_ENEMY_KILL","is_prod":false,"is_daily":false,"chose_seed":false,"campfire_upgraded":1,"win_rate":0,"timestamp":1607523621,"path_taken":["M","?","?","?","$","M","M","E","T","R","E","R","M","M","R","BOSS","M","$","M","?","M"],"build_version":"2020-11-30","purchased_purges":1,"victory":false,"max_hp_per_floor":[75,75,75,75,75,75,75,75,75,75,75,75,75,75,75,75,75,75,75,75,75,75,75],"card_choices":[{"not_picked":["Steam Power","Darkness"],"picked":"White Noise","floor":1},{"not_picked":["Streamline","Melter"],"picked":"Beam Cell","floor":6},{"not_picked":["Scrape","Loop"],"picked":"Hologram","floor":7},{"not_picked":["Melter","Static Discharge"],"picked":"Self Repair","floor":8},{"not_picked":["Redo","Multi-Cast"],"picked":"Stack","floor":11},{"not_picked":["Conserve Battery","Aggregate"],"picked":"Chill","floor":13},{"not_picked":["Barrage","Go for the Eyes"],"picked":"Ball Lightning","floor":14},{"not_picked":["Rainbow","Reboot"],"picked":"Biased Cognition","floor":16},{"not_picked":["Conserve Battery","Reinforced Body"],"picked":"Consume+1","floor":18},{"not_picked":["Scrape","Hologram"],"picked":"Rebound","floor":20}],"player_experience":210992,"relics_obtained":[{"floor":8,"key":"Sundial"},{"floor":11,"key":"Smiling Mask"}],"event_choices":[{"damage_healed":0,"gold_gain":175,"player_choice":"AGREE","damage_taken":0,"max_hp_gain":0,"max_hp_loss":0,"event_name":"Liars Game","floor":2,"gold_loss":0,"cards_obtained":["Doubt"]},{"damage_healed":0,"gold_gain":0,"player_choice":"Entered Light","damage_taken":15,"max_hp_gain":0,"max_hp_loss":0,"event_name":"Shining Light","floor":3,"gold_loss":0,"cards_upgraded":["Strike_B","Defend_B"]},{"cards_removed":["Doubt"],"damage_healed":0,"gold_gain":0,"player_choice":"Card Removal","damage_taken":7,"max_hp_gain":0,"max_hp_loss":0,"event_name":"Golden Wing","floor":4,"gold_loss":0},{"damage_healed":0,"gold_gain":0,"player_choice":"Stole Relic","damage_taken":0,"relics_obtained":["Anchor"],"max_hp_gain":0,"max_hp_loss":0,"event_name":"Addict","floor":21,"gold_loss":0,"cards_obtained":["Shame"]}],"is_beta":false,"boss_relics":[{"not_picked":["Calling Bell","Fusion Hammer"],"picked":"Inserter"}],"items_purged_floors":[5],"is_endless":false,"potions_floor_spawned":[1,7,13,14,16],"killed_by":"Snake Plant","ascension_level":8}}