{"host":"ktg5lwritr12xyhv","time":1607501113,"event":{"gold_per_floor":[114,114,189,202,218,286,366,397,397,297,363,0,0,0,0,0,0],"floor_reached":16,"playtime":700,"items_purged":["hermit:Strike_Hermit"],"score":106,"play_id":"44ff42a4-12bf-4346-8cc1-1c1eb691ed3d","local_time":"20201209160513","is_ascension_mode":false,"campfire_choices":[{"data":"Apotheosis","floor":15,"key":"SMITH"}],"neow_cost":"NONE","seed_source_timestamp":1223507040190300,"circlet_count":0,"master_deck":["hermit:Strike_Hermit","hermit:Strike_Hermit","hermit:Strike_Hermit","hermit:Defend_Hermit","hermit:Defend_Hermit","hermit:Defend_Hermit","hermit:Defend_Hermit","hermit:Snapshot","hermit:Covet","hermit:Vantage","hermit:SprayPray","hermit:DeadOrAlive","hermit:Scavenge","hermit:Maintenance","Ghostly","hermit:GoldenBullet","hermit:ShadowCloak","hermit:Magnum","hermit:Horror","hermit:FlashPowder","hermit:Dive","hermit:OverwhelmingPower","Midas Touch","Flash of Steel","Apotheosis+1"],"special_seed":0,"relics":["hermit:Momento","NeowsBlessing","MagicDraw2","Replay:Accelerometer","GodSword7","Juzu Bracelet","ReplayTheSpireMod:ShopPack","Orrery"],"potions_floor_usage":[6,8],"damage_taken":[{"damage":0.0,"enemies":"Cultist","floor":1.0,"turns":1.0},{"damage":0,"enemies":"2 Louse","floor":4,"turns":1},{"damage":0,"enemies":"Small Slimes","floor":5,"turns":1},{"damage":24,"enemies":"3 Sentries","floor":6,"turns":10},{"damage":19,"enemies":"Gremlin Nob","floor":8,"turns":4},{"damage":9,"enemies":"conspire:MimicChest","floor":11,"turns":11},{"damage":46,"enemies":"Slime Boss","floor":16,"turns":7}],"seed_played":"6458957584172258885","potions_obtained":[{"floor":4,"key":"Toxic Potion"},{"floor":5,"key":"EssenceOfSteel"},{"floor":11,"key":"Elixir"}],"is_trial":false,"path_per_floor":["M","?","?","M","M","E","?","E","T","?","?","$","R","$","R","B"],"character_chosen":"HERMIT","items_purchased":["hermit:ShadowCloak","ReplayTheSpireMod:ShopPack","Orrery"],"campfire_rested":0,"item_purchase_floors":[12,12,12],"current_hp_per_floor":[75,75,64,64,64,40,40,21,21,21,12,12,12,12,12,0,0],"gold":0,"neow_bonus":"THREE_ENEMY_KILL","is_prod":false,"is_daily":false,"chose_seed":false,"campfire_upgraded":1,"win_rate":0.0,"timestamp":1607501113,"path_taken":["M","?","?","M","M","E","?","E","T","?","?","$","R","?","R","BOSS"],"build_version":"2020-11-30","purchased_purges":1,"victory":false,"max_hp_per_floor":[75,75,75,75,75,75,75,75,75,75,75,75,75,75,75,75,75],"relic_stats":{"counters":[7,35],"Juzu Bracelet":0,"obtain_stats":[{"Replay:Accelerometer":8,"NeowsBlessing":0,"Orrery":12,"GodSword7":9,"Juzu Bracelet":11,"hermit:Momento":0,"MagicDraw2":6,"ReplayTheSpireMod:ShopPack":12},{"Replay:Accelerometer":5,"NeowsBlessing":0,"Orrery":6,"GodSword7":5,"Juzu Bracelet":6,"hermit:Momento":0,"MagicDraw2":4,"ReplayTheSpireMod:ShopPack":6},{"Replay:Accelerometer":17,"NeowsBlessing":0,"Orrery":28,"GodSword7":17,"Juzu Bracelet":28,"hermit:Momento":0,"MagicDraw2":13,"ReplayTheSpireMod:ShopPack":28}]},"card_choices":[{"not_picked":["hermit:Coalescence","hermit:Quickdraw"],"picked":"hermit:Vantage","floor":1.0},{"not_picked":["hermit:HighCaliber","hermit:LoneWolf"],"picked":"hermit:SprayPray","floor":4},{"not_picked":["hermit:Quickdraw","hermit:ItchyTrigger"],"picked":"hermit:DeadOrAlive","floor":5},{"not_picked":["hermit:WideOpen","hermit:HighCaliber"],"picked":"hermit:Scavenge","floor":6},{"not_picked":["hermit:Virtue","hermit:TrackingShot"],"picked":"hermit:Maintenance","floor":8},{"not_picked":["hermit:NoHoldsBarred","hermit:BodyArmor"],"picked":"hermit:GoldenBullet","floor":11},{"not_picked":["hermit:ItchyTrigger","hermit:Gambit"],"picked":"hermit:Magnum","floor":12},{"not_picked":["hermit:SprayPray","hermit:HoleUp"],"picked":"hermit:Horror","floor":12},{"not_picked":["hermit:HighCaliber","hermit:Manifest"],"picked":"hermit:FlashPowder","floor":12},{"not_picked":["hermit:Roulette","hermit:Snipe"],"picked":"hermit:Dive","floor":12},{"not_picked":["hermit:HighCaliber","hermit:DeadMansHand"],"picked":"hermit:OverwhelmingPower","floor":12},{"not_picked":["CMC","vexMod:StairwayStrike"],"picked":"Midas Touch","floor":13},{"not_picked":["Enlightenment","Replay:Sssssssssstrike"],"picked":"Flash of Steel","floor":13},{"not_picked":["Dramatic Entrance","Swift Strike"],"picked":"Apotheosis","floor":13}],"player_experience":124049,"relics_obtained":[{"floor":6,"key":"MagicDraw2"},{"floor":8,"key":"Replay:Accelerometer"},{"floor":9,"key":"GodSword7"},{"floor":11,"key":"Juzu Bracelet"}],"event_choices":[{"damage_healed":0,"gold_gain":75,"player_choice":"Gather Gold","damage_taken":11,"max_hp_gain":0,"max_hp_loss":0,"event_name":"World of Goop","floor":3,"gold_loss":0},{"damage_healed":0,"gold_gain":80,"player_choice":"Gained Gold","damage_taken":0,"max_hp_gain":0,"max_hp_loss":0,"event_name":"Golden Wing","floor":7,"gold_loss":0},{"damage_healed":0,"gold_gain":0,"player_choice":"Argue","damage_taken":0,"max_hp_gain":0,"max_hp_loss":0,"event_name":"conspire:LoneGhost","floor":10,"gold_loss":0}],"is_beta":false,"boss_relics":[],"items_purged_floors":[12],"is_endless":false,"potions_floor_spawned":[4,5,11],"killed_by":"Slime Boss","ascension_level":0}}