{"host":"1bqbj1s4pyvm9utn","time":1607486795,"event":{"gold_per_floor":[109,125,125,136,147,147,165,188,224,4,4,17,32,32,32],"floor_reached":14,"playtime":1168,"items_purged":["beaked:Strike_Y"],"score":84,"play_id":"8118f0d4-2003-4937-b419-a17930d6d246","local_time":"20201208200635","is_ascension_mode":false,"campfire_choices":[{"floor":11,"key":"RECALL"}],"neow_cost":"BASIC_CARDS","seed_source_timestamp":5714525105200,"circlet_count":0,"master_deck":["beaked:Strike_Y","beaked:Strike_Y","beaked:Strike_Y","beaked:Strike_Y","beaked:Strike_Y","beaked:Defend_Y","beaked:Defend_Y","beaked:Defend_Y","beaked:Defend_Y","beaked:Ceremony","beaked:Ceremony","beaked:Ceremony","Shade:Defend_Shade","Shade:Strike_Shade","beaked:Windmill","Pain","beaked:Windmill","Injury","beaked:RitualOfBody","beaked:KnowThyFoe","beaked:Foresight","beaked:MimicWarrior"],"relics":["beaked:MendingPlumage","hubris:CuriousFeather","WarpedTongs","Molten Egg 2","jedi:shrinkray","Runesmith:AutoHammer"],"potions_floor_usage":[5,12,13],"damage_taken":[{"damage":10,"enemies":"Jaw Worm","floor":1,"turns":4},{"damage":18,"enemies":"Cultist","floor":2,"turns":6},{"damage":9,"enemies":"2 Louse","floor":4,"turns":3},{"damage":5,"enemies":"Blue Slaver","floor":5,"turns":3},{"damage":14,"enemies":"Large Slime","floor":7,"turns":6},{"damage":8,"enemies":"Red Slaver","floor":9,"turns":6},{"damage":21,"enemies":"Red Slaver","floor":12,"turns":5},{"damage":29,"enemies":"Lots of Slimes","floor":13,"turns":6},{"damage":61,"enemies":"Gremlin Nob","floor":14,"turns":3}],"seed_played":"6170596509829034709","potions_obtained":[{"floor":2,"key":"GamblersBrew"},{"floor":4,"key":"ColorlessPotion"},{"floor":7,"key":"Regen Potion"}],"is_trial":false,"path_per_floor":["M","M","?","M","M","?","M","T","MIM","$","R","M","M","E"],"character_chosen":"BEAKED_THE_CULTIST","items_purchased":["Runesmith:AutoHammer"],"campfire_rested":0,"item_purchase_floors":[10],"current_hp_per_floor":[48,36,36,35,39,39,42,42,48,48,48,40,39,0,0],"gold":32,"neow_bonus":"ONE_RARE_RELIC","is_prod":false,"is_daily":false,"chose_seed":false,"campfire_upgraded":0,"win_rate":0.0,"timestamp":1607486795,"path_taken":["M","M","?","?","?","?","M","?","MIM","$","R","?","?","E"],"build_version":"2020-11-30","purchased_purges":1,"victory":false,"max_hp_per_floor":[50,50,50,50,50,50,50,50,50,50,50,50,50,50,50],"card_choices":[{"not_picked":["beaked:BounceBack","beaked:RuinSticks","beaked:DigDeeper"],"picked":"SKIP","floor":1},{"not_picked":["beaked:Tradeoff","beaked:FeelMyPain"],"picked":"beaked:Windmill","floor":2},{"not_picked":["beaked:Redirect","beaked:Evade"],"picked":"beaked:Windmill","floor":4},{"not_picked":["beaked:Tradeoff","beaked:Resilience","beaked:SacrificialAttack"],"picked":"SKIP","floor":5},{"not_picked":["beaked:MachineSpirit","beaked:Overpower+1"],"picked":"beaked:RitualOfBody","floor":7},{"not_picked":["beaked:MimicHuntress","beaked:Cower"],"picked":"beaked:KnowThyFoe","floor":9},{"not_picked":["beaked:SurvivalInstinct","beaked:Redirect"],"picked":"beaked:Foresight","floor":12},{"not_picked":["beaked:WarriorEssence+1","beaked:DigDeep"],"picked":"beaked:MimicWarrior","floor":13}],"player_experience":739432,"relics_obtained":[{"floor":9,"key":"jedi:shrinkray"}],"event_choices":[{"damage_healed":0,"gold_gain":0,"player_choice":"Rummage","damage_taken":0,"relics_obtained":["WarpedTongs"],"max_hp_gain":0,"max_hp_loss":0,"event_name":"Accursed Blacksmith","floor":3,"gold_loss":0,"cards_obtained":["Pain"]}],"is_beta":false,"boss_relics":[],"items_purged_floors":[10],"is_endless":false,"potions_floor_spawned":[2,4,7],"killed_by":"Gremlin Nob","ascension_level":0}}