{"host":"nmf3ef2hlramrh1j","time":1607519008,"event":{"gold_per_floor":[131,141,152,170,182,209,209,209,209],"floor_reached":8,"playtime":516,"items_purged":[],"score":58,"play_id":"cbf92797-376c-4b6d-a6b1-b0361368524a","local_time":"20201209220328","is_ascension_mode":false,"campfire_choices":[{"floor":7,"key":"REST"}],"neow_cost":"","seed_source_timestamp":1223348969928800,"circlet_count":0,"master_deck":["animator:Strike_NoGameNoLife","animator:Defend_NoGameNoLife","animator:Strike","animator:Strike","animator:Strike","animator:Defend","animator:Defend","animator:Defend","animator:DolaSchwi","animator:DolaCouronne","WallGazer","animator:Sonic","VoidDream","animator:LizardPriest","Murderer","animator:Albedo","FairyFestival","animator:Megumin","animator:Kyubey","animator:Shion","ShyLook"],"relics":["animator:LivingPicture","animator:TheMissingPiece","animator:PurgingStone","CogitoBucket","infinitespire:Lucky Rock"],"potions_floor_usage":[6,8],"damage_taken":[{"damage":0,"enemies":"Small Slimes","floor":1,"turns":4},{"damage":4,"enemies":"Cultist","floor":2,"turns":4},{"damage":5,"enemies":"Jaw Worm","floor":3,"turns":5},{"damage":24,"enemies":"2 Fungi Beasts","floor":4,"turns":6},{"damage":28,"enemies":"3 Sentries","floor":6,"turns":7},{"damage":26,"enemies":"Gremlin Nob","floor":8,"turns":5}],"seed_played":"2147415341990667327","potions_obtained":[{"floor":1,"key":"Dexterity Potion"},{"floor":2,"key":"ColorlessPotion"}],"is_trial":false,"path_per_floor":["M","M","M","M","?","E","R","E"],"character_chosen":"THE_ANIMATOR","items_purchased":[],"campfire_rested":1,"item_purchase_floors":[],"current_hp_per_floor":[66,62,57,33,33,6,25,0,0],"gold":209,"neow_bonus":"","is_prod":false,"is_daily":false,"chose_seed":false,"campfire_upgraded":0,"win_rate":0.0,"timestamp":1607519008,"path_taken":["M","M","M","M","?","E","R","E"],"build_version":"2020-11-30","purchased_purges":0,"victory":false,"max_hp_per_floor":[66,66,66,66,66,66,66,66,66],"card_choices":[{"not_picked":["VoidDream","Scorched"],"picked":"WallGazer","floor":1},{"not_picked":["animator:Tet","animator:Demiurge"],"picked":"animator:Sonic","floor":1},{"not_picked":["OSAHOGD","GalaxyChild"],"picked":"VoidDream","floor":2},{"not_picked":["animator:Gillette","animator:ShinjiMatou"],"picked":"animator:LizardPriest","floor":2},{"not_picked":["CrumblingArmor","MHz"],"picked":"Murderer","floor":3},{"not_picked":["animator:Shichika","animator:ElricAlphonse"],"picked":"animator:Albedo","floor":3},{"not_picked":["ShyLook","Wellcheers"],"picked":"FairyFestival","floor":4},{"not_picked":["animator:Hans","animator:Kazuma"],"picked":"animator:Megumin","floor":4},{"not_picked":[],"picked":"animator:Kyubey","floor":5},{"not_picked":["animator:RoyMustang","animator:Mitsurugi"],"picked":"animator:Shion","floor":6},{"not_picked":["BeautyBeast","UniverseFragment"],"picked":"ShyLook","floor":6}],"player_experience":133870,"relics_obtained":[{"floor":6,"key":"infinitespire:Lucky Rock"}],"event_choices":[],"is_beta":false,"boss_relics":[],"items_purged_floors":[],"is_endless":false,"potions_floor_spawned":[1,2],"killed_by":"Gremlin Nob","ascension_level":0}}