{"host":"vcrofm1hbk0ziuql","time":1607527265,"event":{"gold_per_floor":[119,119,119,45,45,45,73,73,73,92,124,124,143,15,15,114,114,125,137,154,154,79,108,108,143,143,156,166,166,185,185,185,283,283,302,316,370,420,320,320,352,352,377,104,104,114,114,134,134,134,134],"floor_reached":50,"playtime":3140,"items_purged":["Defend_P","ReplayTheSpireMod:Splinters","Strike_P"],"score":591,"play_id":"3c10c44c-8c61-4496-9d02-c090a707da03","local_time":"20201209152105","is_ascension_mode":false,"campfire_choices":[{"data":"Study","floor":6,"key":"SMITH"},{"floor":8,"key":"REST"},{"data":"FlurryOfBlows","floor":15,"key":"SMITH"},{"floor":24,"key":"REST"},{"floor":29,"key":"REST"},{"data":"1","floor":32,"key":"LIFT"},{"data":"2","floor":40,"key":"LIFT"},{"data":"3","floor":45,"key":"LIFT"},{"data":"DevaForm","floor":49,"key":"SMITH"},{"data":"ConjureBlade","floor":49,"key":"SMITH"}],"neow_cost":"CURSE","seed_source_timestamp":19578385763977,"circlet_count":0,"master_deck":["Strike_P","Strike_P","Defend_P+1","Defend_P","Eruption+1","Vigilance","ReplayTheSpireMod:Necrogeddon","FlurryOfBlows+1","Study+1","Crescendo","FollowUp","DeusExMachina","ForeignInfluence","ClearTheMind","Brilliance","Perseverance","ClearTheMind+1","MentalFortress","Replay:ManipulateFuture","ConjureBlade+1","MasterReality","Adaptation+1","Prostrate+1","Evaluate+1","DevaForm+1","EmptyBody+1","MentalFortress+1"],"relics":["PureWater","Regal Pillow","ReplayTheSpireMod:Shallot","Omamori","Ornamental Fan","Sozu","Girya","Replay:WaspNest","Letter Opener","Ring of Hypnosis","Ring of Fury","Calling Bell","ReplayTheSpireMod:Lightbulb","Replay:Accelerometer","Replay:Arrowhead","Replay:Ringing Soul","Mango","Mirror","Pet Ghost","Sling"],"potions_floor_usage":[16,20,23],"damage_taken":[{"damage":3,"enemies":"Jaw Worm","floor":1,"turns":5},{"damage":29,"enemies":"Gremlin Nob","floor":7,"turns":5},{"damage":0,"enemies":"2 Louse","floor":10,"turns":2},{"damage":13,"enemies":"3 Sentries","floor":11,"turns":6},{"damage":5,"enemies":"Small Slimes","floor":13,"turns":3},{"damage":1,"enemies":"Hexaghost","floor":16,"turns":5},{"damage":0,"enemies":"Spheric Guardian","floor":18,"turns":3},{"damage":0,"enemies":"2 Thieves","floor":19,"turns":2},{"damage":0,"enemies":"3 Cultists","floor":20,"turns":4},{"damage":38,"enemies":"Slavers","floor":23,"turns":4},{"damage":0,"enemies":"Gremlin Leader","floor":25,"turns":7},{"damage":13,"enemies":"Centurion and Healer","floor":27,"turns":4},{"damage":28,"enemies":"Chosen and Byrds","floor":28,"turns":5},{"damage":15,"enemies":"Sentry and Sphere","floor":30,"turns":5},{"damage":23,"enemies":"Champ","floor":33,"turns":5},{"damage":15,"enemies":"3 Darklings","floor":35,"turns":4},{"damage":37,"enemies":"3 Shapes","floor":36,"turns":3},{"damage":3,"enemies":"Mind Bloom Boss Battle","floor":38,"turns":5},{"damage":28,"enemies":"Reptomancer","floor":41,"turns":5},{"damage":0,"enemies":"Spire Growth","floor":46,"turns":3},{"damage":27,"enemies":"Maw","floor":48,"turns":5},{"damage":64,"enemies":"Awakened One","floor":50,"turns":5}],"seed_played":"1454893029945686703","potions_obtained":[{"floor":11,"key":"Swift Potion"},{"floor":13,"key":"Fire Potion"},{"floor":16,"key":"Elixir"}],"is_trial":false,"path_per_floor":["M","?","?","$","?","R","E","R","T","M","E","T","M","$","R","B",null,"M","M","M","?","?","E","R","E","T","M","M","R","M","?","R_BF","B",null,"M","M","?","?","$","R","E","?","T","$","R","M","?","M","R","B"],"character_chosen":"WATCHER","items_purchased":["Study","ClearTheMind","Sling"],"campfire_rested":3,"item_purchase_floors":[4,14,44],"current_hp_per_floor":[69,55,55,55,55,55,26,62,62,62,49,49,44,44,44,43,72,72,72,72,59,59,21,59,59,59,46,18,56,41,41,41,18,77,62,25,28,42,42,42,17,87,87,87,87,90,90,63,63,0,0],"gold":134,"neow_bonus":"RANDOM_COLORLESS_2","is_prod":false,"is_daily":false,"chose_seed":false,"campfire_upgraded":4,"win_rate":0,"timestamp":1607527265,"path_taken":["M","?","?","$","?","R","E","R","T","M","E","?","?","?","R","BOSS","M","?","M","?","?","E","R","E","T","M","M","R","M","?","R_BF","BOSS","M","M","?","?","?","R","E","?","T","$","R","M","?","M","R","BOSS"],"build_version":"2020-11-30","purchased_purges":3,"victory":false,"max_hp_per_floor":[72,72,72,72,72,72,72,72,72,72,72,72,72,72,72,72,72,72,72,72,77,77,77,77,77,77,77,77,77,77,77,77,77,77,77,77,80,97,97,97,100,87,87,87,87,90,90,90,90,90,90],"card_choices":[{"not_picked":["Secret Technique","Thinking Ahead"],"picked":"ReplayTheSpireMod:Necrogeddon","floor":0},{"not_picked":["SandsOfTime","ClearTheMind"],"picked":"FlurryOfBlows","floor":1},{"not_picked":["Prostrate","WreathOfFlame"],"picked":"Crescendo","floor":7},{"not_picked":["WaveOfTheHand","Replay:Anticipation"],"picked":"FollowUp","floor":10},{"not_picked":["FollowUp","SignatureMove"],"picked":"DeusExMachina","floor":11},{"not_picked":["Replay:AtTheReady","Replay:ManipulateFuture"],"picked":"ForeignInfluence","floor":13},{"not_picked":["Blasphemy","Vault"],"picked":"Brilliance","floor":16},{"not_picked":["Wallop","Consecrate"],"picked":"Perseverance","floor":18},{"not_picked":["PathToVictory","Consecrate"],"picked":"ClearTheMind+1","floor":19},{"not_picked":["TalkToTheHand","ClearTheMind"],"picked":"MentalFortress","floor":20},{"not_picked":["Replay:Cycle","SignatureMove"],"picked":"Replay:ManipulateFuture","floor":23},{"not_picked":["Wallop","Protect"],"picked":"ConjureBlade","floor":25},{"not_picked":["Consecrate","CarveReality","Replay:ManipulateFuture+1"],"picked":"SKIP","floor":27},{"not_picked":["ClearTheMind+1","Sanctity","Swivel"],"picked":"SKIP","floor":28},{"not_picked":["BowlingBash","EmptyFist","ClearTheMind"],"picked":"SKIP","floor":30},{"not_picked":["Establishment","DevaForm"],"picked":"MasterReality","floor":33},{"not_picked":["ReachHeaven+1","Replay:ManipulateFuture+1","EmptyFist+1"],"picked":"SKIP","floor":35},{"not_picked":["Worship+1","FlurryOfBlows"],"picked":"Adaptation+1","floor":36},{"not_picked":["ThirdEye+1","BowlingBash+1"],"picked":"Prostrate+1","floor":37},{"not_picked":["TalkToTheHand+1","Replay:Battleflow+1"],"picked":"Evaluate+1","floor":37},{"not_picked":["InnerPeace+1","JustLucky+1"],"picked":"DevaForm","floor":38},{"not_picked":["Halt","Replay:ManipulateFuture+1"],"picked":"EmptyBody+1","floor":41},{"not_picked":["PathToVictory+1","Prostrate"],"picked":"MentalFortress+1","floor":46},{"not_picked":["FlyingSleeves+1","EmptyFist","Evaluate+1"],"picked":"SKIP","floor":48}],"player_experience":521981,"relics_obtained":[{"floor":7,"key":"Regal Pillow"},{"floor":9,"key":"ReplayTheSpireMod:Shallot"},{"floor":11,"key":"Omamori"},{"floor":12,"key":"Ornamental Fan"},{"floor":23,"key":"Girya"},{"floor":25,"key":"Replay:WaspNest"},{"floor":26,"key":"Letter Opener"},{"floor":31,"key":"Ring of Hypnosis"},{"floor":31,"key":"Ring of Fury"},{"floor":34,"key":"ReplayTheSpireMod:Lightbulb"},{"floor":34,"key":"Replay:Accelerometer"},{"floor":34,"key":"Replay:Arrowhead"},{"floor":37,"key":"Replay:Ringing Soul"},{"floor":38,"key":"Mango"},{"floor":41,"key":"Mirror"},{"floor":43,"key":"Pet Ghost"}],"event_choices":[{"damage_healed":0,"gold_gain":0,"player_choice":"Entered Light","damage_taken":14,"max_hp_gain":0,"max_hp_loss":0,"event_name":"Shining Light","floor":2,"gold_loss":0,"cards_upgraded":["Defend_P","Eruption"]},{"cards_removed":["Sickly"],"damage_healed":0,"gold_gain":0,"player_choice":"Forget","damage_taken":0,"max_hp_gain":0,"max_hp_loss":0,"event_name":"Living Wall","floor":3,"gold_loss":0},{"damage_healed":0,"gold_gain":0,"player_choice":"Shed Blood","damage_taken":18,"max_hp_gain":5,"max_hp_loss":0,"event_name":"Forgotten Altar","floor":21,"gold_loss":0},{"cards_removed":["Defend_P"],"damage_healed":0,"gold_gain":0,"player_choice":"Gave Gold","damage_taken":0,"max_hp_gain":0,"max_hp_loss":0,"event_name":"Beggar","floor":22,"gold_loss":75},{"damage_healed":0,"gold_gain":0,"player_choice":"Fight","damage_taken":0,"max_hp_gain":0,"max_hp_loss":0,"event_name":"MindBloom","floor":38,"gold_loss":0},{"damage_healed":87,"gold_gain":0,"player_choice":"Heal","damage_taken":0,"max_hp_gain":0,"max_hp_loss":13,"event_name":"The Moai Head","floor":42,"gold_loss":0},{"damage_healed":0,"gold_gain":0,"player_choice":"Ignored","damage_taken":0,"max_hp_gain":0,"max_hp_loss":0,"event_name":"SecretPortal","floor":47,"gold_loss":0}],"is_beta":false,"boss_relics":[{"not_picked":["Kintsugi","ChewingGum"],"picked":"Sozu"},{"not_picked":["Cursed Key","Painkiller Herb"],"picked":"Calling Bell"}],"items_purged_floors":[14,39,44],"is_endless":false,"potions_floor_spawned":[11,13,16,18,19,28,30,35,36,46,48],"killed_by":"Awakened One","ascension_level":0}}