{"host":"on8rz1ayhhz269sg","time":1607508013,"event":{"gold_per_floor":[109,109,126,139,12,37,37,59,85,97,97,111,124,124,124,129,129],"floor_reached":16,"playtime":1471,"items_purged":[],"score":104,"play_id":"247742e5-e210-4f9a-8428-48ac4ece5874","local_time":"20201209180013","is_ascension_mode":false,"campfire_choices":[{"data":"hermit:CursedWeapon","floor":7,"key":"SMITH"},{"floor":15,"key":"REST"}],"neow_cost":"NONE","seed_source_timestamp":105038380269300,"circlet_count":0,"master_deck":["hermit:Strike_Hermit","hermit:Strike_Hermit","hermit:Strike_Hermit","hermit:Strike_Hermit","hermit:Defend_Hermit","hermit:Defend_Hermit","hermit:Snapshot","hermit:Covet","hermit:Feint","hermit:Scavenge","hermit:GhostlyPresence","hermit:Feint","hermit:CursedWeapon+1","hermit:Snipe","hermit:Glare","hermit:PistolWhip","hermit:Combo","hermit:Maintenance","hermit:BodyArmor"],"relics":["hermit:Momento","NeowsBlessing","Blood Vial","Art of War"],"potions_floor_usage":[6,16,16,16],"damage_taken":[{"damage":0,"enemies":"2 Louse","floor":1,"turns":1},{"damage":0,"enemies":"Cultist","floor":3,"turns":1},{"damage":0,"enemies":"Small Slimes","floor":4,"turns":1},{"damage":18,"enemies":"Lagavulin","floor":6,"turns":9},{"damage":2,"enemies":"Red Slaver","floor":8,"turns":5},{"damage":2,"enemies":"2 Fungi Beasts","floor":10,"turns":3},{"damage":8,"enemies":"Gremlin Gang","floor":12,"turns":6},{"damage":18,"enemies":"Looter","floor":13,"turns":4},{"damage":57,"enemies":"Slime Boss","floor":16,"turns":8}],"seed_played":"4048533529534059370","potions_obtained":[{"floor":4,"key":"Weak Potion"},{"floor":6,"key":"hermit:Tonic"},{"floor":10,"key":"Strength Potion"},{"floor":13,"key":"GamblersBrew"}],"is_trial":false,"path_per_floor":["M","?","M","M","$","E","R","M","T","M","?","M","M","?","R","B"],"character_chosen":"HERMIT","items_purchased":["hermit:CursedWeapon","hermit:Snipe"],"campfire_rested":1,"item_purchase_floors":[5,5],"current_hp_per_floor":[75,75,75,75,75,57,57,57,57,57,50,44,28,28,50,0,0],"gold":129,"neow_bonus":"THREE_ENEMY_KILL","is_prod":false,"is_daily":false,"chose_seed":false,"campfire_upgraded":1,"win_rate":0.0,"timestamp":1607508013,"path_taken":["M","?","?","M","$","E","R","M","T","M","?","M","?","?","R","BOSS"],"build_version":"2020-11-30","purchased_purges":0,"victory":false,"max_hp_per_floor":[75,75,75,75,75,75,75,75,75,75,75,75,75,75,75,75,75],"card_choices":[{"not_picked":["hermit:CalledShot","hermit:Snipe"],"picked":"hermit:Feint","floor":1},{"not_picked":["hermit:Cheat","hermit:FullyLoaded"],"picked":"hermit:GhostlyPresence","floor":3},{"not_picked":["hermit:BodyArmor","hermit:SprayPray"],"picked":"hermit:Feint","floor":4},{"not_picked":["hermit:Midnight","hermit:TakeAim"],"picked":"hermit:Glare","floor":6},{"not_picked":["hermit:Snipe","hermit:Quickdraw"],"picked":"hermit:PistolWhip","floor":8},{"not_picked":["hermit:Vantage","hermit:Spite"],"picked":"hermit:Combo","floor":10},{"not_picked":["hermit:Gestalt","hermit:Snipe"],"picked":"hermit:Maintenance","floor":12},{"not_picked":["hermit:HighCaliber","hermit:Horror"],"picked":"hermit:BodyArmor","floor":13}],"player_experience":89022,"relics_obtained":[{"floor":6,"key":"Blood Vial"},{"floor":9,"key":"Art of War"}],"event_choices":[{"damage_healed":0,"gold_gain":0,"cards_transformed":["hermit:Defend_Hermit"],"player_choice":"Transformed","damage_taken":0,"max_hp_gain":0,"max_hp_loss":0,"event_name":"Transmorgrifier","floor":2,"gold_loss":0,"cards_obtained":["hermit:Scavenge"]},{"damage_healed":0,"gold_gain":0,"player_choice":"Damaged","damage_taken":7,"max_hp_gain":0,"max_hp_loss":0,"event_name":"Wheel of Change","floor":11,"gold_loss":0},{"cards_removed":["hermit:Defend_Hermit"],"damage_healed":0,"gold_gain":0,"player_choice":"Purged","damage_taken":0,"max_hp_gain":0,"max_hp_loss":0,"event_name":"Purifier","floor":14,"gold_loss":0}],"is_beta":false,"boss_relics":[],"items_purged_floors":[],"is_endless":false,"potions_floor_spawned":[4,6,10,13],"killed_by":"Slime Boss","ascension_level":0}}