{"host":"mhzgc0zma59jtmoj","time":1607488715,"event":{"gold_per_floor":[286,286,286,276,325,325,316,316,396,396,396,485,546,592,592,555,555,623,600,600,609,609,584,584,584,610,570,570,570,570,570,570,609,609,746,789,789,812,666,654,654],"floor_reached":40,"playtime":2702,"items_purged":[],"score":1146,"play_id":"9eaa9f14-c7f6-4610-b1bf-ae2a2dac781c","local_time":"20201208233835","daily_mods":["SealedDeck"],"is_ascension_mode":false,"campfire_choices":[{"data":"hierophant:Charity","floor":6,"key":"SMITH"},{"data":"hierophant:CursedGold","floor":8,"key":"SMITH"},{"data":"hierophant:RecallFunds","floor":10,"key":"SMITH"},{"data":"hierophant:Refuge","floor":15,"key":"SMITH"},{"data":"hierophant:CursedGold","floor":24,"key":"SMITH"},{"floor":28,"key":"REST"},{"data":"hierophant:EyeForCoin","floor":32,"key":"SMITH"}],"neow_cost":"","seed_source_timestamp":1664373581378800,"circlet_count":0,"master_deck":["hierophant:Zeal","hierophant:EyeForCoin+1","hierophant:Charity+1","hierophant:Zeal","hierophant:Zeal","hierophant:RecallFunds+1","hierophant:Refuge+1","hierophant:Doubloon","hierophant:RustyCrate","hierophant:Doubloon+1","hierophant:Doubloon+1","hierophant:Doubloon+1","hierophant:Doubloon+1","hierophant:Doubloon","hierophant:Doubloon","hierophant:Doubloon+1","hierophant:Doubloon+1","hierophant:Dazzle","hierophant:Doubloon","hierophant:Doubloon+1","hierophant:CursedGold+1","TH:ArmorSpikes","hierophant:Doubloon","hierophant:Doubloon+1","hierophant:RustyCrate","hierophant:Doubloon+1","hierophant:Doubloon+1","hierophant:Doubloon+1","TH:EnergyPotion","hierophant:DivineIntervention","hierophant:Doubloon","hierophant:Doubloon+1","hierophant:Doubloon+1","hierophant:Doubloon","hierophant:CursedGold+1","TH:Mimic","hierophant:Doubloon+1","hierophant:MintersHammer","hierophant:Doubloon+1","hierophant:Repentance+1","hierophant:Doubloon+1","hierophant:Endure+1"],"relics":["hierophant:PropheticMaskRelic","Art of War","Bottled Lightning","construct:RocketBooster","Runic Pyramid","Anchor","theJungle:WildPear","Strawberry"],"potions_floor_usage":[16],"damage_taken":[{"damage":15,"enemies":"Small Slimes","floor":1,"turns":3},{"damage":0,"enemies":"Jaw Worm","floor":4,"turns":2},{"damage":0,"enemies":"2 Louse","floor":5,"turns":2},{"damage":4,"enemies":"Gremlin Nob","floor":7,"turns":3},{"damage":9,"enemies":"3 Sentries","floor":12,"turns":2},{"damage":6,"enemies":"Exordium Thugs","floor":13,"turns":2},{"damage":12,"enemies":"Blue Slaver","floor":14,"turns":2},{"damage":32,"enemies":"The Guardian","floor":16,"turns":11},{"damage":9,"enemies":"theJungle:MUSHROOMGANG","floor":18,"turns":3},{"damage":16,"enemies":"theJungle:5_Spyders","floor":19,"turns":3},{"damage":0,"enemies":"theJungle:JungleHuntersEncounter","floor":21,"turns":1},{"damage":0,"enemies":"theJungle:Lyon","floor":23,"turns":2},{"damage":5,"enemies":"theJungle:SlimyTreeVines","floor":27,"turns":2},{"damage":1,"enemies":"theJungle:TotemBoss","floor":33,"turns":2},{"damage":30,"enemies":"3 Darklings","floor":35,"turns":3},{"damage":10,"enemies":"Orb Walker","floor":36,"turns":4},{"damage":31,"enemies":"Spire Growth","floor":38,"turns":4},{"damage":22,"enemies":"Nemesis","floor":40,"turns":3}],"seed_played":"-6019659996684961094","potions_obtained":[{"floor":1,"key":"Energy Potion"},{"floor":7,"key":"DeathKnight:BottledBloodEchoes"},{"floor":11,"key":"FairyPotion"},{"floor":11,"key":"AttackPotion"},{"floor":19,"key":"Swift Potion"}],"is_trial":true,"path_per_floor":["M","?","?","M","M","R","E","R","T","R","?","E","M","M","R","B",null,"M","M","?","M","?","M","R","?","T","M","R","?","$","?","R","B",null,"M","M","?","M","$","E"],"character_chosen":"HIEROPHANT","items_purchased":["Strawberry"],"campfire_rested":1,"item_purchase_floors":[39],"current_hp_per_floor":[60,60,60,60,60,60,56,56,56,56,56,47,41,29,29,22,75,66,50,50,50,50,50,50,50,50,45,67,67,67,77,77,76,85,55,45,45,14,21,0,0],"gold":654,"neow_bonus":"","is_prod":false,"is_daily":false,"chose_seed":false,"campfire_upgraded":6,"win_rate":0,"timestamp":1607488715,"path_taken":["M","?","?","M","M","R","E","R","T","R","?","E","?","M","R","BOSS","M","M","?","M","?","M","R","?","T","M","R","?","$","?","R","BOSS","M","M","?","M","$","E"],"build_version":"2020-11-30","purchased_purges":0,"victory":false,"max_hp_per_floor":[75,75,75,75,75,75,75,75,75,75,75,75,75,75,75,75,75,75,75,75,75,75,75,75,75,75,75,75,75,75,85,85,85,85,85,85,85,85,92,92,92],"card_choices":[{"not_picked":["hierophant:PassingBell","hierophant:HammerAndAnvil","hierophant:Doomsaying"],"picked":"SKIP","floor":1},{"not_picked":["hierophant:SealAway","hierophant:OrnateJavelin"],"picked":"hierophant:Dazzle","floor":4},{"not_picked":["hierophant:Batter","hierophant:Prophecy","hierophant:FieryStrike"],"picked":"SKIP","floor":5},{"not_picked":["hierophant:Prophecy","hierophant:MorningPrayer"],"picked":"hierophant:CursedGold","floor":7},{"not_picked":["TH:DeckOfManyThings","TH:BikiniMail"],"picked":"SKIP","floor":7},{"not_picked":["TH:ElvenBoots","TH:DeckOfManyThings"],"picked":"SKIP","floor":9},{"not_picked":["TH:DeckOfManyThings"],"picked":"TH:ArmorSpikes","floor":12},{"not_picked":["hierophant:SecretStash","hierophant:RepressedViolence","hierophant:SolarFlare"],"picked":"SKIP","floor":12},{"not_picked":["hierophant:Smite","hierophant:Doomsaying"],"picked":"hierophant:Doubloon","floor":13},{"not_picked":["hierophant:FieryStrike","hierophant:DisplayOfPower"],"picked":"hierophant:RustyCrate","floor":14},{"not_picked":["TH:DeckOfManyThings"],"picked":"TH:EnergyPotion","floor":16},{"not_picked":["hierophant:WrathOfGod","hierophant:Cornucopia"],"picked":"hierophant:DivineIntervention","floor":16},{"not_picked":["hierophant:MorningPrayer+1","hierophant:HolyVerse+1"],"picked":"hierophant:Doubloon+1","floor":18},{"not_picked":["hierophant:Blessing","hierophant:PristineSoul+1"],"picked":"hierophant:CursedGold","floor":19},{"not_picked":["hierophant:OrnateBuckler","hierophant:Empathy","hierophant:ThreeLashes"],"picked":"SKIP","floor":21},{"not_picked":["hierophant:HammerAndAnvil+1","hierophant:DisplayOfPower","hierophant:OrnateJavelin"],"picked":"SKIP","floor":23},{"not_picked":["TH:DeckOfManyThings"],"picked":"TH:Mimic","floor":26},{"not_picked":["hierophant:MorningPrayer+1","hierophant:Generosity","hierophant:Racketeering"],"picked":"SKIP","floor":27},{"not_picked":["hierophant:LocustPlague","hierophant:Cornucopia"],"picked":"hierophant:MintersHammer","floor":33},{"not_picked":["hierophant:Endure+1","hierophant:MorningPrayer+1"],"picked":"hierophant:Repentance+1","floor":35},{"not_picked":["hierophant:Zeal+1","hierophant:DisplayOfPower+1"],"picked":"hierophant:Endure+1","floor":36},{"not_picked":["hierophant:PassingBell","hierophant:HolyVerse","hierophant:FlamingChariot"],"picked":"SKIP","floor":38}],"player_experience":251411,"relics_obtained":[{"floor":7,"key":"Art of War"},{"floor":9,"key":"Bottled Lightning"},{"floor":12,"key":"construct:RocketBooster"},{"floor":26,"key":"Anchor"}],"event_choices":[{"damage_healed":0,"gold_gain":0,"player_choice":"Ignored","damage_taken":0,"max_hp_gain":0,"max_hp_loss":0,"event_name":"Liars Game","floor":2,"gold_loss":0},{"damage_healed":0,"gold_gain":0,"player_choice":"Fled","damage_taken":0,"max_hp_gain":0,"max_hp_loss":0,"event_name":"Scrap Ooze","floor":3,"gold_loss":0},{"damage_healed":0,"gold_gain":0,"player_choice":"Got Potions","damage_taken":0,"max_hp_gain":0,"max_hp_loss":0,"event_name":"Lab","floor":11,"gold_loss":0},{"damage_healed":0,"gold_gain":0,"player_choice":"Ignored","damage_taken":0,"max_hp_gain":0,"max_hp_loss":0,"event_name":"Tomb of Lord Red Mask","floor":37,"gold_loss":0}],"is_beta":false,"boss_relics":[{"not_picked":["Philosopher\u0027s Stone","Sozu"],"picked":"Runic Pyramid"},{"not_picked":["Empty Cage","Cursed Key","Busted Crown"]}],"items_purged_floors":[],"is_endless":false,"potions_floor_spawned":[1,7,14,18,19,23,36,38],"killed_by":"Nemesis","ascension_level":0}}