{"host":"cjslbtylv9xenywp","time":1607481892,"event":{"gold_per_floor":[113,113,124,124,142,172,172,188,188,198,214,244,6,24,24,129,129,149,164,164,164,179,179,198,230,230,230,243,254,254,354,354,449,449,461,473,157,170,151,151,171,110,110,120,64,64,64,78,78,78],"floor_reached":51,"playtime":3750,"items_purged":["Writhe"],"score":758,"play_id":"ca2f1e16-0ad5-4529-b11f-b3fb4e7e76ae","local_time":"20201208184452","is_ascension_mode":false,"campfire_choices":[{"data":"Infinite Blades","floor":7,"key":"SMITH"},{"floor":15,"key":"REST"},{"data":"Malaise","floor":23,"key":"SMITH"},{"data":"Accuracy","floor":27,"key":"SMITH"},{"data":"Footwork","floor":32,"key":"SMITH"},{"data":"Infinite Blades","floor":40,"key":"SMITH"},{"floor":49,"key":"REST"}],"neow_cost":"","seed_source_timestamp":0,"circlet_count":0,"master_deck":["Accuracy+1","Cloak And Dagger","Choke","Deflect","Footwork+1","Infinite Blades+1","Heel Hook","Defend_G","Malaise+1","Quick Slash","Caltrops","Masterful Stab","Infinite Blades+1","Deflect","Dodge and Roll","CurseOfTheBell","Adrenaline+1","Leg Sweep+1","Backflip+1","Finisher","Accuracy+1","Madness+1","Madness+1"],"relics":["Ring of the Snake","Turnip","Kunai","Mercury Hourglass","Pear","Bottled Flame","The Courier","Orichalcum","Anchor","Calling Bell","Centennial Puzzle","Toxic Egg 2","Ginger","Letter Opener","MealTicket","Happy Flower","Strawberry","WristBlade","Ninja Scroll","Frozen Egg 2"],"potions_floor_usage":[6,19,25,33,33,33,50,50,50,50],"damage_taken":[{"damage":0,"enemies":"Small Slimes","floor":1,"turns":4},{"damage":6,"enemies":"Cultist","floor":3,"turns":3},{"damage":3,"enemies":"Jaw Worm","floor":5,"turns":2},{"damage":11,"enemies":"Lagavulin","floor":6,"turns":4},{"damage":4,"enemies":"3 Louse","floor":8,"turns":2},{"damage":0,"enemies":"Large Slime","floor":10,"turns":3},{"damage":0,"enemies":"Lots of Slimes","floor":11,"turns":3},{"damage":5,"enemies":"3 Sentries","floor":12,"turns":5},{"damage":0,"enemies":"2 Fungi Beasts","floor":14,"turns":2},{"damage":2,"enemies":"The Guardian","floor":16,"turns":8},{"damage":0,"enemies":"Chosen","floor":18,"turns":4},{"damage":0,"enemies":"Spheric Guardian","floor":19,"turns":3},{"damage":8,"enemies":"Shelled Parasite and Fungi","floor":22,"turns":5},{"damage":0,"enemies":"Cultist and Chosen","floor":24,"turns":4},{"damage":8,"enemies":"Slavers","floor":25,"turns":4},{"damage":0,"enemies":"3 Cultists","floor":28,"turns":4},{"damage":2,"enemies":"Shelled Parasite and Fungi","floor":29,"turns":4},{"damage":0,"enemies":"Champ","floor":33,"turns":7},{"damage":6,"enemies":"Orb Walker","floor":35,"turns":3},{"damage":0,"enemies":"3 Shapes","floor":36,"turns":4},{"damage":0,"enemies":"Maw","floor":38,"turns":6},{"damage":0,"enemies":"3 Darklings","floor":41,"turns":4},{"damage":0,"enemies":"Transient","floor":44,"turns":5},{"damage":14,"enemies":"Maw","floor":48,"turns":4},{"damage":0,"enemies":"Donu and Deca","floor":50,"turns":7}],"seed_played":"3714715169496501506","potions_obtained":[{"floor":1,"key":"SteroidPotion"},{"floor":3,"key":"FearPotion"},{"floor":8,"key":"SteroidPotion"},{"floor":12,"key":"Fire Potion"},{"floor":16,"key":"BlessingOfTheForge"},{"floor":28,"key":"DistilledChaos"},{"floor":29,"key":"Ancient Potion"},{"floor":33,"key":"LiquidMemories"},{"floor":35,"key":"CunningPotion"},{"floor":41,"key":"EntropicBrew"}],"is_trial":true,"path_per_floor":["M","?","M","?","M","E","R","M","T","M","M","E","$","M","R","B",null,"M","M","?","T","M","R","M","E","T","R","M","M","?","?","R","B",null,"M","M","$","M","$","R","M","$","T","M","$","?","?","M","R","B",null],"character_chosen":"THE_SILENT","items_purchased":["Orichalcum","Anchor","Ninja Scroll","Leg Sweep+1","Backflip+1","Finisher","Accuracy+1"],"campfire_rested":2,"item_purchase_floors":[13,13,37,37,39,42,45],"current_hp_per_floor":[70,70,64,64,61,60,60,56,56,56,56,51,51,51,75,73,80,80,80,80,80,72,72,72,64,64,64,64,62,69,69,69,69,87,81,81,87,87,87,87,87,87,87,87,87,76,76,62,87,87],"gold":78,"neow_bonus":"","is_prod":false,"is_daily":false,"chose_seed":true,"campfire_upgraded":5,"win_rate":0,"timestamp":1607481892,"path_taken":["M","?","M","?","?","E","R","M","T","M","M","E","$","M","R","BOSS","M","M","?","?","M","R","M","E","T","R","M","M","?","?","R","BOSS","M","M","?","M","$","R","M","$","T","M","$","?","?","M","R","BOSS"],"build_version":"2020-11-30","purchased_purges":1,"victory":true,"max_hp_per_floor":[70,70,70,70,70,80,80,80,80,80,80,80,80,80,80,80,80,80,80,80,80,80,80,80,80,80,80,80,80,87,87,87,87,87,87,87,87,87,87,87,87,87,87,87,87,87,87,87,87,87],"relic_stats":{"Centennial Puzzle":[15],"Happy Flower":[16],"counters":[25,101],"MealTicket":6,"Turnip":[15],"Kunai":[60],"Ginger":[13],"Letter Opener":[155],"Orichalcum":[6],"obtain_stats":[{"Pear":6,"Happy Flower":26,"Circlet":0,"Hammer of Thor":0,"The Courier":12,"Seething Fire":0,"Ginger":0,"Letter Opener":21,"Orichalcum":13,"Frozen Egg 2":43,"Mercury Hourglass":2,"Calling Bell":17,"Bottled Flame":9,"Anchor":13,"Centennial Puzzle":17,"WristBlade":34,"Anvil of the Gods":0,"Ninja Scroll":37,"Strawberry":30,"MealTicket":25,"Turnip":0,"Kunai":0,"Toxic Egg 2":17,"Ring of the Snake":0},{"Pear":4,"Happy Flower":15,"Circlet":0,"Hammer of Thor":0,"The Courier":8,"Seething Fire":0,"Ginger":0,"Letter Opener":12,"Orichalcum":8,"Frozen Egg 2":22,"Mercury Hourglass":1,"Calling Bell":10,"Bottled Flame":5,"Anchor":8,"Centennial Puzzle":10,"WristBlade":18,"Anvil of the Gods":0,"Ninja Scroll":20,"Strawberry":17,"MealTicket":15,"Turnip":0,"Kunai":0,"Toxic Egg 2":10,"Ring of the Snake":0},{"Pear":12,"Happy Flower":53,"Circlet":0,"Hammer of Thor":0,"The Courier":23,"Seething Fire":0,"Ginger":0,"Letter Opener":40,"Orichalcum":23,"Frozen Egg 2":85,"Mercury Hourglass":4,"Calling Bell":33,"Bottled Flame":14,"Anchor":23,"Centennial Puzzle":33,"WristBlade":68,"Anvil of the Gods":0,"Ninja Scroll":75,"Strawberry":61,"MealTicket":53,"Turnip":0,"Kunai":0,"Toxic Egg 2":33,"Ring of the Snake":0}],"Ring of the Snake":[50],"Mercury Hourglass":[355]},"card_choices":[],"player_experience":111512,"relics_obtained":[{"floor":6,"key":"Pear"},{"floor":9,"key":"Bottled Flame"},{"floor":12,"key":"The Courier"},{"floor":17,"key":"Centennial Puzzle"},{"floor":17,"key":"Toxic Egg 2"},{"floor":17,"key":"Ginger"},{"floor":21,"key":"Letter Opener"},{"floor":25,"key":"MealTicket"},{"floor":26,"key":"Happy Flower"},{"floor":43,"key":"Frozen Egg 2"}],"event_choices":[{"damage_healed":0,"gold_gain":0,"player_choice":"Box","damage_taken":0,"relics_obtained":["Mercury Hourglass"],"max_hp_gain":0,"max_hp_loss":0,"event_name":"Big Fish","floor":2,"gold_loss":0,"cards_obtained":["Regret"]},{"cards_removed":["Regret"],"damage_healed":0,"gold_gain":0,"player_choice":"Removed Curses","damage_taken":0,"max_hp_gain":0,"max_hp_loss":0,"event_name":"Fountain of Cleansing","floor":4,"gold_loss":0},{"damage_healed":0,"gold_gain":0,"player_choice":"Read","damage_taken":0,"max_hp_gain":0,"max_hp_loss":0,"event_name":"The Library","floor":20,"gold_loss":0,"cards_obtained":["Adrenaline"]},{"damage_healed":0,"gold_gain":0,"player_choice":"Opened","damage_taken":0,"relics_obtained":["Strawberry"],"max_hp_gain":0,"max_hp_loss":0,"event_name":"The Mausoleum","floor":30,"gold_loss":0,"cards_obtained":["Writhe"]},{"damage_healed":0,"gold_gain":100,"player_choice":"Pray","damage_taken":0,"max_hp_gain":0,"max_hp_loss":0,"event_name":"Golden Shrine","floor":31,"gold_loss":0},{"damage_healed":0,"gold_gain":0,"player_choice":"Embrace Madness","damage_taken":11,"max_hp_gain":0,"max_hp_loss":0,"event_name":"Winding Halls","floor":46,"gold_loss":0,"cards_obtained":["Madness","Madness"]},{"damage_healed":0,"gold_gain":0,"player_choice":"Memory 1","damage_taken":0,"max_hp_gain":0,"max_hp_loss":0,"event_name":"SensoryStone","floor":47,"gold_loss":0}],"is_beta":false,"boss_relics":[{"not_picked":["Runic Pyramid","Ectoplasm"],"picked":"Calling Bell"},{"not_picked":["SlaversCollar","Fusion Hammer"],"picked":"WristBlade"}],"items_purged_floors":[37],"is_endless":false,"potions_floor_spawned":[1,3,8,12,16,18,28,29,33,35,41,44,48],"ascension_level":0}}