{"host":"woah5shdh5xsovm3","time":1607546924,"event":{"gold_per_floor":[113,288,308,308,323,353,428,428,428,428,440,455,155,168,168,273,273,273],"floor_reached":17,"playtime":709,"items_purged":[],"score":157,"play_id":"09dec36c-dd97-48e7-803b-8de81520717a","local_time":"20201209144844","is_ascension_mode":false,"campfire_choices":[{"floor":8,"key":"REST"},{"floor":10,"key":"REST"},{"data":"HollowMod:BaldurShell","floor":15,"key":"SMITH"}],"neow_cost":"PERCENT_DAMAGE","seed_source_timestamp":666017018056500,"circlet_count":0,"master_deck":["HollowMod:NailStrikeStart","HollowMod:NailStrikeStart","HollowMod:NailStrikeStart","HollowMod:NailStrikeStart","HollowMod:QuickDashStart","HollowMod:QuickDashStart","HollowMod:QuickDashStart","HollowMod:QuickDashStart","HollowMod:FocusHealStart","HollowMod:PogoStrike","HollowMod:SoulSplash","Doubt","HollowMod:SoulShaman+1","HollowMod:RecoilStrike","HollowMod:GoodIntentions","HollowMod:BaldurShell+1","HollowMod:ChannelNail","HollowMod:NewLastStag","HollowMod:VengefulSpirit","HollowMod:SlysStrikes","CurseOfTheBell"],"relics":["HollowMod:VesselMask","construct:BoolHorns","ReplayTheSpireMod:TigerMarble","HollowMod:KingsBrand","Calling Bell","hubris:TenFootPole","HollowMod:LumaflyLanternRelic","infinitespire:Lychee Nut"],"potions_floor_usage":[6,16],"damage_taken":[{"damage":6,"enemies":"Jaw Worm","floor":1,"turns":4},{"damage":5,"enemies":"Small Slimes","floor":3,"turns":3},{"damage":2,"enemies":"2 Louse","floor":5,"turns":3},{"damage":21,"enemies":"3 Sentries","floor":6,"turns":8},{"damage":0,"enemies":"Red Slaver","floor":11,"turns":1},{"damage":0,"enemies":"3 Louse","floor":12,"turns":5},{"damage":11,"enemies":"Looter","floor":14,"turns":4},{"damage":71,"enemies":"HollowMod:FalseKnight","floor":16,"turns":16}],"seed_played":"634583688497193032","potions_obtained":[{"floor":1,"key":"Fire Potion"},{"floor":6,"key":"Weak Potion"},{"floor":12,"key":"Fire Potion"}],"is_trial":false,"path_per_floor":["M","?","M","?","M","E","?","R","T","R","M","M","?","M","R","B",null],"character_chosen":"THE_BUGKNIGHT","items_purchased":[],"campfire_rested":2,"item_purchase_floors":[],"current_hp_per_floor":[54,54,55,55,53,32,21,43,43,65,65,71,71,63,63,4,56,56],"gold":273,"neow_bonus":"ONE_RARE_RELIC","is_prod":false,"is_daily":false,"chose_seed":false,"campfire_upgraded":1,"win_rate":0,"timestamp":1607546924,"path_taken":["M","?","M","?","M","E","?","R","T","R","M","?","?","M","R","BOSS"],"build_version":"2020-11-30","purchased_purges":0,"victory":false,"max_hp_per_floor":[75,75,75,75,75,75,75,75,75,75,75,75,75,75,75,75,56,56],"card_choices":[{"not_picked":["HollowMod:SiblingsSouls","HollowMod:TaintedHusks"],"picked":"HollowMod:SoulSplash","floor":1},{"not_picked":["HollowMod:VengefulVoid","HollowMod:SharpenedShadows"],"picked":"HollowMod:SoulShaman","floor":3},{"not_picked":["HollowMod:SiblingsShadow","HollowMod:CycloneSlash"],"picked":"HollowMod:RecoilStrike","floor":5},{"not_picked":["HollowMod:SharpenedNail","HollowMod:NewInfectedGuardian"],"picked":"HollowMod:GoodIntentions","floor":6},{"not_picked":["HollowMod:LifebloodCocoon","HollowMod:SiblingsSouls"],"picked":"HollowMod:BaldurShell","floor":11},{"not_picked":["HollowMod:LifebloodCocoon","HollowMod:WraithStrike"],"picked":"HollowMod:ChannelNail","floor":12},{"not_picked":["HollowMod:NewLittleFool","HollowMod:MonarchWings"],"picked":"HollowMod:VengefulSpirit","floor":14},{"not_picked":["HollowMod:LifebloodCore","HollowMod:ZotesMagnificence"],"picked":"HollowMod:SlysStrikes","floor":16}],"player_experience":365522,"relics_obtained":[{"floor":6,"key":"ReplayTheSpireMod:TigerMarble"},{"floor":9,"key":"HollowMod:KingsBrand"},{"floor":17,"key":"hubris:TenFootPole"},{"floor":17,"key":"HollowMod:LumaflyLanternRelic"},{"floor":17,"key":"infinitespire:Lychee Nut"}],"event_choices":[{"damage_healed":0,"gold_gain":175,"player_choice":"AGREE","damage_taken":0,"max_hp_gain":0,"max_hp_loss":0,"event_name":"Liars Game","floor":2,"gold_loss":0,"cards_obtained":["Doubt"]},{"damage_healed":0,"gold_gain":75,"player_choice":"Gather Gold","damage_taken":11,"max_hp_gain":0,"max_hp_loss":0,"event_name":"World of Goop","floor":7,"gold_loss":0}],"is_beta":false,"boss_relics":[{"not_picked":["hubris:HollowSoul","Tiny House"],"picked":"Calling Bell"}],"items_purged_floors":[],"is_endless":false,"potions_floor_spawned":[1,6,12],"ascension_level":0}}