{"host":"d8hh7rr4yzitjeuj","time":1607530532,"event":{"gold_per_floor":[113,130,305,305,323,348,348,378,425,425,390,452,66,84,84,183,183,198,218,229,229,239,239,250,250,331,331,350,367,367,383,383,383,383,383],"floor_reached":33,"playtime":1518,"items_purged":["Doubt"],"score":334,"play_id":"8be0027a-dd0c-40cd-90bf-b5d85a7a9971","local_time":"20201210011532","is_ascension_mode":false,"metric_token":991,"campfire_choices":[{"data":"DTMod:FlameSlash","floor":7.0,"key":"SMITH"},{"floor":15.0,"key":"REST"},{"data":"DTMod:SealedStrike+2","floor":23.0,"key":"SMITH"},{"floor":25,"key":"REST"},{"floor":30,"key":"REST"},{"data":"DTMod:CrossStep","floor":32,"key":"SMITH"}],"neow_cost":"NONE","dtmod_dragon_data":[2,50,1,-1,8,0],"seed_source_timestamp":21923011921500,"circlet_count":0,"master_deck":["DTMod:Strike","DTMod:Strike+1","DTMod:Strike","DTMod:Strike","DTMod:DoubleHit","DTMod:TargetDefense","DTMod:TargetDefense","DTMod:TargetDefense","DTMod:TargetDefense","DTMod:SwitchingTactic+1","DTMod:BlazingStrike","DTMod:BuildUp","DTMod:ComboAttack","DTMod:FlameSlash+1","DTMod:CrossStep+1","DTMod:SealedStrike+3","DTMod:ComboAttack+1","DTMod:MagicField","DTMod:FierySynthesis+1","DTMod:Training","DTMod:Feint+1","DTMod:CrossStep","DTMod:DeepFocus","DTMod:QuickFly+1","DTMod:Shift","DTMod:ForkedFire+1","DTMod:RecklessFlurry+1"],"special_seed":0,"relics":["DTMod:PactStone","Molten Egg 2","Blood Vial","Potion Belt","Kunai","DTMod:SwitchButton","Omamori","DTMod:TheChair","Frozen Egg 2","Bag of Marbles"],"potions_floor_usage":[24,29,31,33],"damage_taken":[{"damage":0.0,"enemies":"Jaw Worm","floor":1.0,"turns":3.0},{"damage":0.0,"enemies":"2 Louse","floor":2.0,"turns":1.0},{"damage":0.0,"enemies":"Small Slimes","floor":5.0,"turns":3.0},{"damage":8.0,"enemies":"3 Sentries","floor":6.0,"turns":6.0},{"damage":0.0,"enemies":"Gremlin Nob","floor":8.0,"turns":4.0},{"damage":31.0,"enemies":"Lagavulin Event","floor":12.0,"turns":5.0},{"damage":0.0,"enemies":"2 Fungi Beasts","floor":14.0,"turns":2.0},{"damage":0.0,"enemies":"Slime Boss","floor":16.0,"turns":7.0},{"damage":0.0,"enemies":"Chosen","floor":18.0,"turns":5.0},{"damage":0.0,"enemies":"Spheric Guardian","floor":19.0,"turns":3.0},{"damage":0.0,"enemies":"Snecko","floor":20.0,"turns":5.0},{"damage":19.0,"enemies":"Chosen and Byrds","floor":22.0,"turns":5.0},{"damage":0,"enemies":"Snake Plant","floor":24,"turns":4},{"damage":3,"enemies":"Snecko","floor":28,"turns":6},{"damage":17,"enemies":"Centurion and Healer","floor":29,"turns":5},{"damage":0,"enemies":"3 Cultists","floor":31,"turns":3},{"damage":49,"enemies":"Collector","floor":33,"turns":7}],"seed_played":"7834732879749202128","potions_obtained":[{"floor":2.0,"key":"SteroidPotion"},{"floor":5.0,"key":"BlessingOfTheForge"},{"floor":8.0,"key":"SmokeBomb"},{"floor":14.0,"key":"DuplicationPotion"},{"floor":19.0,"key":"Regen Potion"},{"floor":20.0,"key":"BlessingOfTheForge"},{"floor":24,"key":"Strength Potion"},{"floor":29,"key":"ColorlessPotion"},{"floor":31,"key":"EssenceOfSteel"}],"is_trial":false,"path_per_floor":["M","M","?","?","M","E","R","E","T","?","?","?","$","M","R","B",null,"M","M","M","?","M","R","M","R","T","?","M","M","R","M","R","B"],"character_chosen":"THE_DT","items_purchased":["DTMod:SwitchButton","Omamori"],"campfire_rested":3,"item_purchase_floors":[13,13],"current_hp_per_floor":[45,45,45,36,36,28,28,28,28,28,39,10,10,12,25,27,45,45,45,45,45,26,26,28,41,41,41,40,25,38,40,40,0,0,0],"gold":383,"neow_bonus":"THREE_CARDS","is_prod":false,"is_daily":false,"chose_seed":false,"campfire_upgraded":3,"win_rate":0.0,"timestamp":1607530532,"path_taken":["M","M","?","?","M","E","R","E","T","?","?","?","?","M","R","BOSS","M","M","M","?","?","R","?","R","T","?","M","M","R","M","R","BOSS"],"build_version":"2020-11-30","purchased_purges":1,"victory":false,"max_hp_per_floor":[45,45,45,45,45,45,45,45,45,45,45,45,45,45,45,45,45,45,45,45,45,45,45,45,45,45,45,45,45,45,45,45,45,45,45],"card_choices":[{"not_picked":["DTMod:Observe","DTMod:MagicField"],"picked":"DTMod:BlazingStrike","floor":0.0},{"not_picked":["DTMod:BurningEnergy","DTMod:CrossStep"],"picked":"DTMod:BuildUp","floor":1.0},{"not_picked":["DTMod:MagicField","DTMod:MasterPlan"],"picked":"DTMod:ComboAttack","floor":2.0},{"not_picked":["DTMod:MagicField","DTMod:Training"],"picked":"DTMod:FlameSlash","floor":5.0},{"not_picked":["DTMod:BizarreTactic","DTMod:Conduct"],"picked":"DTMod:CrossStep","floor":6.0},{"not_picked":["DTMod:CleansingStrike+1","DTMod:GhostSkin"],"picked":"DTMod:SealedStrike+1","floor":8.0},{"not_picked":["DTMod:BalancedStrike+1","DTMod:Adaptation"],"picked":"DTMod:ComboAttack+1","floor":12.0},{"not_picked":["DTMod:BuildUp+1","DTMod:BreakAttack+1"],"picked":"DTMod:MagicField","floor":14.0},{"not_picked":["DTMod:Multitask","DTMod:Safeguard"],"picked":"DTMod:FierySynthesis+1","floor":16.0},{"not_picked":["DTMod:BurningEnergy","DTMod:Observe"],"picked":"DTMod:Training","floor":18.0},{"not_picked":["DTMod:StarRain+1","DTMod:Hide"],"picked":"DTMod:Feint+1","floor":19.0},{"not_picked":["DTMod:MasterPlan+1","DTMod:CleansingStrike+1","DTMod:HeatWave+1"],"picked":"SKIP","floor":20.0},{"not_picked":["DTMod:Weaken","DTMod:DarkBreath+1"],"picked":"DTMod:DeepFocus","floor":22.0},{"not_picked":["DTMod:MagiciansMark+1","DTMod:CleansingStrike+1"],"picked":"DTMod:QuickFly+1","floor":24},{"not_picked":["DTMod:HeatWave+1","DTMod:Cover"],"picked":"DTMod:Shift","floor":28},{"not_picked":["DTMod:BlazingStrike+1","DTMod:StarRain+1"],"picked":"DTMod:ForkedFire+1","floor":29},{"not_picked":["DTMod:FlameSlash+1","DTMod:Haste"],"picked":"DTMod:RecklessFlurry+1","floor":31}],"player_experience":1313502,"relics_obtained":[{"floor":6.0,"key":"Molten Egg 2"},{"floor":8.0,"key":"Blood Vial"},{"floor":9.0,"key":"Potion Belt"},{"floor":12.0,"key":"Kunai"},{"floor":26,"key":"Frozen Egg 2"}],"event_choices":[{"damage_healed":0.0,"max_hp_gain":0.0,"max_hp_loss":0.0,"gold_gain":175.0,"event_name":"Liars Game","player_choice":"AGREE","floor":3.0,"gold_loss":0.0,"damage_taken":0.0,"cards_obtained":["Doubt"]},{"damage_healed":0.0,"max_hp_gain":0.0,"max_hp_loss":0.0,"gold_gain":0.0,"event_name":"Shining Light","player_choice":"Entered Light","floor":4.0,"gold_loss":0.0,"damage_taken":9.0,"cards_upgraded":["DTMod:SwitchingTactic","DTMod:Strike"]},{"damage_healed":0.0,"max_hp_gain":0.0,"max_hp_loss":0.0,"gold_gain":0.0,"event_name":"Living Wall","player_choice":"Grow","floor":10.0,"gold_loss":0.0,"damage_taken":0.0,"cards_upgraded":["DTMod:SealedStrike"]},{"damage_healed":11.0,"max_hp_gain":0.0,"max_hp_loss":0.0,"gold_gain":0.0,"event_name":"The Cleric","player_choice":"Healed","floor":11.0,"gold_loss":35.0,"damage_taken":0.0},{"damage_healed":0.0,"max_hp_gain":0.0,"max_hp_loss":0.0,"gold_gain":30.0,"event_name":"Dead Adventurer","player_choice":"Searched \u00273\u0027 times","floor":12.0,"gold_loss":0.0,"damage_taken":0.0},{"damage_healed":0.0,"max_hp_gain":0.0,"max_hp_loss":0.0,"gold_gain":0.0,"event_name":"Duplicator","player_choice":"Copied","floor":21.0,"gold_loss":0.0,"damage_taken":0.0,"cards_obtained":["DTMod:CrossStep"]},{"damage_healed":0,"gold_gain":0,"player_choice":"Opened","damage_taken":0,"relics_obtained":["Bag of Marbles"],"max_hp_gain":0,"max_hp_loss":0,"event_name":"The Mausoleum","floor":27,"gold_loss":0}],"is_beta":false,"boss_relics":[{"not_picked":["Astrolabe","Velvet Choker"],"picked":"DTMod:TheChair"}],"items_purged_floors":[13],"is_endless":false,"potions_floor_spawned":[2,5,8,14,19,20,24,29,31],"killed_by":"Collector","ascension_level":0}}