{"host":"y89x8uui45kcjy42","time":1607488874,"event":{"gold_per_floor":[115,40,5,5,5,5,5,5,60,131,149,149,184,203,203,306,306,318,334,334,334,334,334,334],"floor_reached":23,"playtime":498,"items_purged":["Strike_MRS"],"score":278,"play_id":"954f38e8-8fce-4d00-af15-0a0572c1c627","local_time":"20201209134114","is_ascension_mode":true,"campfire_choices":[{"data":"MasterSpark","floor":6,"key":"SMITH"},{"data":"EnergyRecoil","floor":8,"key":"SMITH"},{"data":"ShootingEcho","floor":12,"key":"SMITH"},{"data":"Singularity","floor":15,"key":"SMITH"}],"neow_cost":"NONE","seed_source_timestamp":1013655567453700,"circlet_count":0,"master_deck":["AscendersBane","Strike_MRS","Strike_MRS","Defend_MRS","Defend_MRS","Defend_MRS","Defend_MRS","MasterSpark+1","UpSweep","EnergyRecoil+1","ShootingEcho+1","Singularity+1","PowerUp","EnergyRecoil"],"relics":["MiniHakkero","Vajra","Akabeko","Darkstone Periapt","Mercury Hourglass","Sozu","Nilry\u0027s Codex","Ice Cream"],"potions_floor_usage":[13],"damage_taken":[{"damage":1,"enemies":"Cultist","floor":1,"turns":3},{"damage":1,"enemies":"Small Slimes","floor":11,"turns":2},{"damage":6,"enemies":"Lagavulin","floor":13,"turns":6},{"damage":0,"enemies":"2 Louse","floor":14,"turns":1},{"damage":21,"enemies":"Slime Boss","floor":16,"turns":8},{"damage":0,"enemies":"Chosen","floor":18,"turns":3},{"damage":16,"enemies":"3 Byrds","floor":19,"turns":5},{"damage":42,"enemies":"Book of Stabbing","floor":23,"turns":4}],"seed_played":"-2390160842743549059","potions_obtained":[{"floor":1,"key":"ShroomBrew"}],"is_trial":false,"path_per_floor":["M","$","?","$","?","R","?","R","T","T","M","R","E","M","R","B",null,"M","M","?","?","T","E"],"character_chosen":"MARISA","items_purchased":[],"campfire_rested":0,"item_purchase_floors":[],"current_hp_per_floor":[67,67,75,75,68,68,73,73,73,73,72,72,66,66,66,45,71,71,55,39,39,39,0,0],"gold":334,"neow_bonus":"REMOVE_CARD","is_prod":false,"is_daily":false,"chose_seed":false,"campfire_upgraded":4,"win_rate":0,"timestamp":1607488874,"path_taken":["M","?","?","$","?","R","?","R","T","?","?","R","E","?","R","BOSS","M","?","?","?","?","E"],"build_version":"2020-11-30","purchased_purges":1,"victory":false,"max_hp_per_floor":[75,75,75,75,75,75,80,80,80,80,80,80,80,80,80,80,80,80,80,80,80,80,80,80],"card_choices":[{"not_picked":["GasGiant","MilkyWay"],"picked":"EnergyRecoil","floor":1},{"not_picked":["GravityBeat","NonDirectionalLaser"],"picked":"ShootingEcho","floor":11},{"not_picked":["ShootingEcho","MeteoricShower","WitchOfGreed"],"picked":"SKIP","floor":13},{"not_picked":["NonDirectionalLaser","IllusionStar"],"picked":"Singularity","floor":14},{"not_picked":["MysteriousBeam","UnstableBomb+1"],"picked":"PowerUp","floor":18},{"not_picked":["NonDirectionalLaser","SporeBomb+1"],"picked":"EnergyRecoil","floor":19}],"player_experience":539929,"relics_obtained":[{"floor":9,"key":"Akabeko"},{"floor":10,"key":"Darkstone Periapt"},{"floor":13,"key":"Mercury Hourglass"},{"floor":20,"key":"Nilry\u0027s Codex"},{"floor":22,"key":"Ice Cream"}],"event_choices":[{"damage_healed":18,"gold_gain":0,"player_choice":"Healed","damage_taken":0,"max_hp_gain":0,"max_hp_loss":0,"event_name":"The Cleric","floor":3,"gold_loss":35},{"damage_healed":0,"gold_gain":0,"player_choice":"Success","damage_taken":7,"relics_obtained":["Vajra"],"max_hp_gain":0,"max_hp_loss":0,"event_name":"Scrap Ooze","floor":5,"gold_loss":0},{"damage_healed":0,"gold_gain":0,"player_choice":"Donut","damage_taken":0,"max_hp_gain":5,"max_hp_loss":0,"event_name":"Big Fish","floor":7,"gold_loss":0},{"damage_healed":0,"gold_gain":0,"player_choice":"Obtained Book","damage_taken":16,"max_hp_gain":0,"max_hp_loss":0,"event_name":"Cursed Tome","floor":20,"gold_loss":0},{"damage_healed":0,"gold_gain":0,"player_choice":"Ignored","damage_taken":0,"max_hp_gain":0,"max_hp_loss":0,"event_name":"Vampires","floor":21,"gold_loss":0}],"is_beta":false,"boss_relics":[{"not_picked":["SlaversCollar","Pandora\u0027s Box"],"picked":"Sozu"}],"items_purged_floors":[2],"is_endless":false,"potions_floor_spawned":[1,19],"killed_by":"Book of Stabbing","ascension_level":10}}