{"host":"raai0vtvcfkt8csp","time":1607486763,"event":{"gold_per_floor":[115,115,115,45,45,88,111,154,181,204,204,13,13,49,49,170,170,190,289,289,302,315,315,315],"floor_reached":23,"playtime":1199,"items_purged":[],"score":217,"play_id":"1c37cf4e-8b58-4c15-bbf1-ea4428b37cde","local_time":"20201209050603","is_ascension_mode":true,"campfire_choices":[{"floor":11,"key":"REST"},{"floor":13,"key":"REST"},{"floor":15,"key":"RECALL"}],"neow_cost":"NONE","seed_source_timestamp":24843139373675,"circlet_count":0,"master_deck":["Strike_G","Strike_G","Strike_G","Strike_G","Strike_G","Defend_G","Defend_G","Defend_G","Defend_G","Defend_G","Survivor","Neutralize","Storm of Steel","All Out Attack","Noxious Fumes","Tactician","Jack Of All Trades","Infinite Blades","Catalyst","Blur","Bouncing Flask","Skewer","Prepared","Envenom+1","CurseOfTheBell","Poisoned Stab+1","Infinite Blades+1","Slice","Well Laid Plans+1"],"relics":["Ring of the Snake","Golden Idol","Bag of Preparation","Ice Cream","Pen Nib","Strange Spoon","Frozen Egg 2","Calling Bell","Lantern","Kunai","Bird Faced Urn"],"potions_floor_usage":[14,18,23,23],"damage_taken":[{"damage":0,"enemies":"2 Louse","floor":1,"turns":2},{"damage":13,"enemies":"3 Sentries","floor":6,"turns":7},{"damage":9,"enemies":"Jaw Worm","floor":7,"turns":4},{"damage":25,"enemies":"Gremlin Nob","floor":8,"turns":4},{"damage":0,"enemies":"Small Slimes","floor":10,"turns":3},{"damage":8,"enemies":"3 Sentries","floor":14,"turns":6},{"damage":36,"enemies":"The Guardian","floor":16,"turns":9},{"damage":8,"enemies":"3 Byrds","floor":18,"turns":4},{"damage":51,"enemies":"2 Thieves","floor":21,"turns":4},{"damage":12,"enemies":"Snake Plant","floor":22,"turns":5},{"damage":27,"enemies":"Book of Stabbing","floor":23,"turns":3}],"seed_played":"-8355835666267422286","potions_obtained":[{"floor":1,"key":"Strength Potion"},{"floor":8,"key":"DistilledChaos"},{"floor":14,"key":"Strength Potion"},{"floor":16,"key":"Explosive Potion"},{"floor":22,"key":"FearPotion"}],"is_trial":false,"path_per_floor":["M","?","?","$","?","E","M","E","T","M","R","$","R","E","R","B",null,"M","?","?","M","M","E"],"character_chosen":"THE_SILENT","items_purchased":["Noxious Fumes","Strange Spoon","Skewer"],"campfire_rested":2,"item_purchase_floors":[4,12,12],"current_hp_per_floor":[70,53,58,58,58,45,36,11,11,11,33,33,55,47,47,11,75,67,67,67,24,20,0,0],"gold":315,"neow_bonus":"ONE_RANDOM_RARE_CARD","is_prod":false,"is_daily":false,"chose_seed":false,"campfire_upgraded":0,"win_rate":0,"timestamp":1607486763,"path_taken":["M","?","?","?","?","E","M","E","T","M","R","$","R","E","R","BOSS","M","?","?","M","M","E"],"build_version":"2020-11-30","purchased_purges":0,"victory":false,"max_hp_per_floor":[70,70,75,75,75,75,75,75,75,75,75,75,75,75,75,75,75,75,75,75,75,75,75,75],"card_choices":[{"not_picked":["Cloak And Dagger","Skewer"],"picked":"All Out Attack","floor":1},{"not_picked":["Dagger Throw","Cloak And Dagger"],"picked":"Infinite Blades","floor":6},{"not_picked":["Setup","Dagger Spray"],"picked":"Catalyst","floor":7},{"not_picked":["Expertise","Escape Plan"],"picked":"Blur","floor":8},{"not_picked":["Slice","Eviscerate"],"picked":"Bouncing Flask","floor":10},{"not_picked":["Heel Hook","Escape Plan"],"picked":"Prepared","floor":14},{"not_picked":["Venomology","Storm of Steel"],"picked":"Envenom+1","floor":16},{"not_picked":["Outmaneuver","Glass Knife"],"picked":"Poisoned Stab+1","floor":18},{"not_picked":["PiercingWail","Dodge and Roll"],"picked":"Slice","floor":21},{"not_picked":["Calculated Gamble","Concentrate"],"picked":"Well Laid Plans+1","floor":22}],"player_experience":396120,"relics_obtained":[{"floor":6,"key":"Bag of Preparation"},{"floor":8,"key":"Ice Cream"},{"floor":9,"key":"Pen Nib"},{"floor":14,"key":"Frozen Egg 2"},{"floor":17,"key":"Lantern"},{"floor":17,"key":"Kunai"},{"floor":17,"key":"Bird Faced Urn"}],"event_choices":[{"damage_healed":0,"gold_gain":0,"player_choice":"Take Damage","damage_taken":17,"relics_obtained":["Golden Idol"],"max_hp_gain":0,"max_hp_loss":0,"event_name":"Golden Idol","floor":2,"gold_loss":0},{"damage_healed":0,"gold_gain":0,"player_choice":"Donut","damage_taken":0,"max_hp_gain":5,"max_hp_loss":0,"event_name":"Big Fish","floor":3,"gold_loss":0},{"damage_healed":0,"gold_gain":0,"player_choice":"2 cards matched","damage_taken":0,"max_hp_gain":0,"max_hp_loss":0,"event_name":"Match and Keep!","floor":5,"gold_loss":0,"cards_obtained":["Tactician","Jack Of All Trades"]},{"damage_healed":0,"gold_gain":99,"player_choice":"Stole From Cult","damage_taken":0,"max_hp_gain":0,"max_hp_loss":0,"event_name":"Nest","floor":19,"gold_loss":0},{"damage_healed":0,"gold_gain":0,"player_choice":"Read","damage_taken":0,"max_hp_gain":0,"max_hp_loss":0,"event_name":"The Library","floor":20,"gold_loss":0,"cards_obtained":["Infinite Blades"]}],"is_beta":false,"boss_relics":[{"not_picked":["Ring of the Serpent","SacredBark"],"picked":"Calling Bell"}],"items_purged_floors":[],"is_endless":false,"potions_floor_spawned":[1,8,14,16,22],"killed_by":"Book of Stabbing","ascension_level":1}}