{"host":"lreod2rejfd0az5i","time":1607477625,"event":{"gold_per_floor":[113,113,34,49,49,49,49,69,69,140,254,286,120,238,238,188,188],"floor_reached":16,"playtime":604,"items_purged":["Strike_B"],"score":185,"play_id":"f248e03b-b127-4d72-b3b7-76b402c514fc","local_time":"20201208183345","is_ascension_mode":true,"campfire_choices":[{"data":"Mirror Shield","floor":6,"key":"SMITH"},{"floor":15,"key":"REST"}],"neow_cost":"BASIC_CARDS","seed_source_timestamp":450573775620800,"circlet_count":0,"master_deck":["AscendersBane","Strike_B","Strike_B","Strike_B","Defend_B","Defend_B","Defend_B","Defend_B","Zap","Dualcast","hexamod:Defend","Strike_B","Mirror Shield+1","White Noise","Chill","Cold Snap","infinitespire:Fortify","Hologram","ReplayTheSpireMod:Private Reserves","Loop"],"relics":["Cracked Core","hubris:Towel","hubris:Icosahedron","Bottled Lightning","ReplayTheSpireMod:Shallot","aspiration:DSix"],"potions_floor_usage":[14,16],"damage_taken":[{"damage":0,"enemies":"Cultist","floor":1,"turns":4},{"damage":0,"enemies":"Jaw Worm","floor":4,"turns":4},{"damage":2,"enemies":"Small Slimes","floor":8,"turns":5},{"damage":0,"enemies":"Looter","floor":11,"turns":3},{"damage":17,"enemies":"Replay:BlueRogue","floor":12,"turns":10},{"damage":4,"enemies":"2 Fungi Beasts","floor":14,"turns":5},{"damage":45,"enemies":"Fading Forest","floor":16,"turns":9}],"seed_played":"-2391735406062324310","potions_obtained":[{"floor":8,"key":"sneckomod:MuddlingPotion"},{"floor":11,"key":"Languid Potion"},{"floor":14,"key":"Venom Potion"}],"is_trial":false,"path_per_floor":["M","?","$","M","?","R","?","M","T","T","M","E","$","M","R","B"],"character_chosen":"DEFECT","items_purchased":["Chill","ReplayTheSpireMod:Private Reserves"],"campfire_rested":1,"item_purchase_floors":[3,13],"current_hp_per_floor":[64,64,64,64,47,47,47,45,45,45,45,28,28,24,45,0,0],"gold":188,"neow_bonus":"THREE_RARE_CARDS","is_prod":false,"is_daily":false,"chose_seed":false,"campfire_upgraded":1,"win_rate":0,"timestamp":1607477625,"path_taken":["M","?","$","M","?","R","?","M","T","?","M","E","$","M","R","BOSS"],"build_version":"2020-11-30","purchased_purges":1,"victory":false,"max_hp_per_floor":[71,71,71,71,71,71,71,71,71,71,71,71,71,71,71,71,71],"relic_stats":{"counters":[7,40],"obtain_stats":[{"hubris:Icosahedron":7,"ReplayTheSpireMod:Shallot":10,"Bottled Lightning":9,"hubris:Towel":2,"Cracked Core":0,"aspiration:DSix":12},{"hubris:Icosahedron":2,"ReplayTheSpireMod:Shallot":3,"Bottled Lightning":3,"hubris:Towel":1,"Cracked Core":0,"aspiration:DSix":5},{"hubris:Icosahedron":8,"ReplayTheSpireMod:Shallot":13,"Bottled Lightning":13,"hubris:Towel":4,"Cracked Core":0,"aspiration:DSix":26}]},"card_choices":[{"not_picked":["Reboot","Biased Cognition"],"picked":"Mirror Shield","floor":0},{"not_picked":["Skim","conspire:Rain"],"picked":"White Noise","floor":1},{"not_picked":["Beam Cell","Hologram"],"picked":"Cold Snap","floor":4},{"not_picked":["infinitespire:Execution","infinitespire:SealOfDarkness+"],"picked":"infinitespire:Fortify","floor":5},{"not_picked":["Time Bomb","Beam Cell","Gash"],"picked":"SKIP","floor":8},{"not_picked":["conspire:Rain","Hello World","Gash"],"picked":"SKIP","floor":11},{"not_picked":["Streamline","Compile Driver"],"picked":"Hologram","floor":12},{"not_picked":["Hologram","ReplayTheSpireMod:System Scan"],"picked":"Loop","floor":14}],"player_experience":829570,"relics_obtained":[{"floor":9,"key":"Bottled Lightning"},{"floor":10,"key":"ReplayTheSpireMod:Shallot"},{"floor":12,"key":"aspiration:DSix"}],"event_choices":[],"is_beta":false,"boss_relics":[],"items_purged_floors":[13],"is_endless":false,"potions_floor_spawned":[8,11,14],"killed_by":"Fading Forest","ascension_level":17}}