{"host":"uzcks4yhskks9i02","time":1607556265,"event":{"gold_per_floor":[119,139,104,123,123,148,148,173,173,173,79,79,92,131,131,244,244,263,283,22,67,96,96,136,136,159,203,228,228,255,278,278,384,384,399,422,443,452,478,478,489,67,91,91,127,136,27,27,27,27],"floor_reached":51,"playtime":3002,"items_purged":[],"score":920,"play_id":"1baeb700-c552-4853-9d9f-19986b6c2fd1","local_time":"20201209162425","is_ascension_mode":true,"campfire_choices":[{"data":"Corpse Explosion","floor":7.0,"key":"SMITH"},{"data":"Noxious Fumes","floor":12.0,"key":"SMITH"},{"floor":15.0,"key":"REST"},{"floor":23.0,"key":"REST"},{"floor":32.0,"key":"REST"},{"floor":40,"key":"REST"},{"data":"Tools of the Trade","floor":44,"key":"SMITH"},{"data":"Adrenaline","floor":49,"key":"SMITH"}],"neow_cost":"PERCENT_DAMAGE","seed_source_timestamp":56248669065300,"circlet_count":0,"master_deck":["Strike_G+1","Strike_G","Strike_G","Strike_G","Strike_G","Defend_G","Defend_G","Defend_G","Defend_G","Survivor","Neutralize+1","Dagger Spray","Poisoned Stab","Well Laid Plans","Corpse Explosion+1","Poisoned Stab","Noxious Fumes+1","PiercingWail","Blade Dance","Dagger Spray","Tools of the Trade+1","Blade Dance+1","Slice+1","Storm of Steel","Adrenaline+1","Ghostly","Ghostly","Ghostly","Ghostly","Ghostly","Calculated Gamble","Escape Plan+1","Envenom+1","Bane","Concentrate","Caltrops+1","Glass Knife","Masterful Stab","Eviscerate+1","Choke","Accuracy+1","Sadistic Nature+1","Poisoned Stab+1","Sadistic Nature+1","Terror","Blade Dance"],"special_seed":0,"relics":["Ring of the Serpent","Lizard Tail","MealTicket","White Beast Statue","Boot","Potion Belt","Incense Burner","CeramicFish","Frozen Egg 2","Enchiridion","Whetstone","Du-Vu Doll","HoveringKite","Kunai","Toy Ornithopter","Darkstone Periapt","Bag of Marbles"],"potions_floor_usage":[45,50,50],"damage_taken":[{"damage":1.0,"enemies":"Small Slimes","floor":1.0,"turns":4.0},{"damage":0.0,"enemies":"Cultist","floor":2.0,"turns":4.0},{"damage":0.0,"enemies":"Jaw Worm","floor":4.0,"turns":4.0},{"damage":20.0,"enemies":"Gremlin Nob","floor":6.0,"turns":4.0},{"damage":17.0,"enemies":"3 Sentries","floor":8.0,"turns":5.0},{"damage":0.0,"enemies":"Large Slime","floor":13.0,"turns":4.0},{"damage":14.0,"enemies":"Lagavulin","floor":14.0,"turns":5.0},{"damage":26.0,"enemies":"Slime Boss","floor":16.0,"turns":8.0},{"damage":16.0,"enemies":"Spheric Guardian","floor":18.0,"turns":5.0},{"damage":22.0,"enemies":"2 Thieves","floor":19.0,"turns":2.0},{"damage":18.0,"enemies":"Snake Plant","floor":22.0,"turns":4.0},{"damage":3.0,"enemies":"Slavers","floor":24.0,"turns":3.0},{"damage":0.0,"enemies":"Gremlin Leader","floor":27.0,"turns":6.0},{"damage":7.0,"enemies":"Shelled Parasite and Fungi","floor":28.0,"turns":7.0},{"damage":1.0,"enemies":"Centurion and Healer","floor":30.0,"turns":3.0},{"damage":3.0,"enemies":"Sentry and Sphere","floor":31.0,"turns":4.0},{"damage":15.0,"enemies":"Collector","floor":33.0,"turns":7.0},{"damage":1.0,"enemies":"3 Shapes","floor":35.0,"turns":5.0},{"damage":0.0,"enemies":"3 Darklings","floor":36.0,"turns":4.0},{"damage":41.0,"enemies":"Spire Growth","floor":37.0,"turns":5.0},{"damage":9,"enemies":"Sphere and 2 Shapes","floor":39,"turns":6},{"damage":0,"enemies":"4 Shapes","floor":41,"turns":3},{"damage":10,"enemies":"Giant Head","floor":45,"turns":7},{"damage":10,"enemies":"Donu and Deca","floor":50,"turns":7}],"seed_played":"2633587655472939575","potions_obtained":[{"floor":4.0,"key":"FearPotion"},{"floor":6.0,"key":"Block Potion"},{"floor":8.0,"key":"SpeedPotion"},{"floor":13.0,"key":"CunningPotion"},{"floor":14.0,"key":"Weak Potion"},{"floor":16.0,"key":"SteroidPotion"},{"floor":18.0,"key":"Energy Potion"},{"floor":19.0,"key":"FairyPotion"},{"floor":24.0,"key":"CultistPotion"},{"floor":27.0,"key":"Block Potion"},{"floor":30.0,"key":"Fire Potion"},{"floor":31.0,"key":"Strength Potion"},{"floor":33.0,"key":"DuplicationPotion"},{"floor":37.0,"key":"GamblersBrew"},{"floor":39,"key":"LiquidMemories"},{"floor":45,"key":"SpeedPotion"}],"is_trial":false,"path_per_floor":["M","M","?","M","?","E","R","E","T","?","$","R","M","E","R","B",null,"M","M","$","?","M","R","E","?","T","E","M","?","M","M","R","B",null,"M","M","M","?","M","R","M","$","T","R","E","?","$","T","R","B",null],"character_chosen":"THE_SILENT","items_purchased":["Noxious Fumes","PiercingWail","Storm of Steel","Adrenaline","Sadistic Nature+1","Kunai","Terror","Blade Dance"],"campfire_rested":4,"item_purchase_floors":[11,11,20,20,42,42,47,47],"current_hp_per_floor":[48,48,65,65,62,42,42,25,25,25,40,40,40,26,47,21,70,54,32,47,35,17,27,24,8,8,8,1,12,11,8,20,5,40,39,39,20,20,11,23,23,38,38,38,33,33,40,40,40,38],"gold":27,"neow_bonus":"ONE_RARE_RELIC","is_prod":false,"is_daily":false,"chose_seed":false,"campfire_upgraded":4,"win_rate":0,"timestamp":1607556265,"path_taken":["M","M","?","M","?","E","R","E","T","?","$","R","M","E","R","BOSS","M","?","$","?","M","R","E","?","T","E","M","?","M","M","R","BOSS","M","M","M","?","?","R","M","$","T","R","E","?","$","?","R","BOSS"],"build_version":"2020-11-30","purchased_purges":0,"victory":true,"max_hp_per_floor":[70,70,70,70,70,70,70,70,70,70,70,70,70,70,70,70,70,70,70,70,35,35,35,35,35,35,35,35,40,40,40,40,40,40,40,40,40,40,40,40,40,40,40,40,40,40,40,40,40,40],"card_choices":[{"not_picked":["Skewer","Quick Slash"],"picked":"Dagger Spray","floor":1.0},{"not_picked":["Bane","Well Laid Plans"],"picked":"Poisoned Stab","floor":2.0},{"not_picked":["Flechettes","Deflect"],"picked":"Well Laid Plans","floor":4.0},{"not_picked":["Catalyst","Terror"],"picked":"Corpse Explosion","floor":6.0},{"not_picked":["Leg Sweep","Cloak And Dagger"],"picked":"Poisoned Stab","floor":8.0},{"not_picked":["Acrobatics","Finisher"],"picked":"Blade Dance","floor":13.0},{"not_picked":["Sucker Punch","Underhanded Strike"],"picked":"Dagger Spray","floor":14.0},{"not_picked":["Doppelganger","Burst"],"picked":"Tools of the Trade","floor":16.0},{"not_picked":["Tactician","Leg Sweep"],"picked":"Blade Dance+1","floor":18.0},{"not_picked":["Backflip","Well Laid Plans+1"],"picked":"Slice+1","floor":19.0},{"not_picked":["Well Laid Plans","Distraction"],"picked":"Calculated Gamble","floor":22.0},{"not_picked":["PiercingWail","Sucker Punch"],"picked":"Escape Plan+1","floor":24.0},{"not_picked":["Storm of Steel","Endless Agony"],"picked":"Envenom+1","floor":27.0},{"not_picked":["Outmaneuver","Underhanded Strike"],"picked":"Bane","floor":28.0},{"not_picked":["Flying Knee","Choke"],"picked":"Concentrate","floor":30.0},{"not_picked":["Calculated Gamble","Backstab"],"picked":"Caltrops+1","floor":31.0},{"not_picked":["Doppelganger","Bullet Time"],"picked":"Glass Knife","floor":33.0},{"not_picked":["Deflect","Sucker Punch","Outmaneuver"],"picked":"SKIP","floor":35.0},{"not_picked":["Sucker Punch","Quick Slash"],"picked":"Masterful Stab","floor":36.0},{"not_picked":["Heel Hook","Flechettes"],"picked":"Eviscerate+1","floor":37.0},{"not_picked":["Riddle With Holes+1","Blur"],"picked":"Accuracy+1","floor":39},{"not_picked":["Quick Slash","Deflect","Poisoned Stab"],"picked":"SKIP","floor":41},{"not_picked":["Quick Slash","Skewer"],"picked":"Poisoned Stab+1","floor":45}],"player_experience":419627,"relics_obtained":[{"floor":6.0,"key":"White Beast Statue"},{"floor":8.0,"key":"Boot"},{"floor":9.0,"key":"Potion Belt"},{"floor":10.0,"key":"Incense Burner"},{"floor":14.0,"key":"CeramicFish"},{"floor":24.0,"key":"Frozen Egg 2"},{"floor":25.0,"key":"Enchiridion"},{"floor":26.0,"key":"Whetstone"},{"floor":27.0,"key":"Du-Vu Doll"},{"floor":43,"key":"Toy Ornithopter"},{"floor":45,"key":"Darkstone Periapt"},{"floor":48,"key":"Bag of Marbles"}],"event_choices":[{"damage_healed":17.0,"max_hp_gain":0.0,"max_hp_loss":0.0,"gold_gain":0.0,"event_name":"The Cleric","player_choice":"Healed","floor":3.0,"gold_loss":35.0,"damage_taken":0.0},{"damage_healed":0.0,"max_hp_gain":0.0,"max_hp_loss":0.0,"gold_gain":0.0,"event_name":"Scrap Ooze","player_choice":"Success","floor":5.0,"gold_loss":0.0,"damage_taken":3.0,"relics_obtained":["MealTicket"]},{"damage_healed":0.0,"max_hp_gain":0.0,"max_hp_loss":0.0,"gold_gain":0.0,"event_name":"Wheel of Change","player_choice":"Relic","floor":10.0,"gold_loss":0.0,"damage_taken":0.0},{"damage_healed":0.0,"max_hp_gain":0.0,"max_hp_loss":35.0,"gold_gain":0.0,"event_name":"Ghosts","player_choice":"Became a Ghost","floor":21.0,"gold_loss":0.0,"damage_taken":0.0,"cards_obtained":["Ghostly","Ghostly","Ghostly","Ghostly","Ghostly"]},{"damage_healed":0.0,"max_hp_gain":0.0,"max_hp_loss":0.0,"gold_gain":0.0,"event_name":"Cursed Tome","player_choice":"Obtained Book","floor":25.0,"gold_loss":0.0,"damage_taken":16.0},{"damage_healed":0.0,"max_hp_gain":5.0,"max_hp_loss":0.0,"gold_gain":0.0,"event_name":"Forgotten Altar","player_choice":"Shed Blood","floor":29.0,"gold_loss":0.0,"damage_taken":9.0},{"damage_healed":0.0,"max_hp_gain":0.0,"max_hp_loss":0.0,"gold_gain":0.0,"cards_transformed":["Defend_G"],"event_name":"Transmorgrifier","player_choice":"Transformed","floor":38.0,"gold_loss":0.0,"damage_taken":0.0,"cards_obtained":["Choke"]},{"damage_healed":0,"gold_gain":0,"player_choice":"Copied","damage_taken":0,"max_hp_gain":0,"max_hp_loss":0,"event_name":"Duplicator","floor":46,"gold_loss":0,"cards_obtained":["Sadistic Nature"]}],"is_beta":false,"boss_relics":[{"not_picked":["Velvet Choker","Fusion Hammer"],"picked":"Ring of the Serpent"},{"not_picked":["Runic Dome","Empty Cage"],"picked":"HoveringKite"}],"items_purged_floors":[],"is_endless":false,"potions_floor_spawned":[4,6,8,13,14,16,18,19,22,24,27,28,30,31,33,35,36,37,39,41,45],"ascension_level":3}}