{"host":"z26j60ycepuqi9th","time":1607531549,"event":{"gold_per_floor":[118,118,131,531,205,155,171,171,171,186,207,245,265,296,296,421,421,435,456,456,456,477,511,542,554,566,613,625,637,335,368,368,487,487,507,532,532,532,595,631,543,557,584,609,628,642,656,680,680,680,680,453,148,183,183],"floor_reached":56,"playtime":1503,"items_purged":["alterego_mod:Impale","alterego_mod:Strike","alterego_mod:BrynhildrsRune","alterego_mod:Defend","alterego_mod:Strike","alterego_mod:Defend","alterego_mod:Defend","alterego_mod:Strike"],"score":1624,"play_id":"90cee1c7-4fb1-4fb0-b19f-3f12041f4292","local_time":"20201210003229","is_ascension_mode":false,"campfire_choices":[{"data":"REME_AllRoundStrike","floor":15.0,"key":"SMITH"},{"data":"alterego_mod:ClassAdvantage","floor":25.0,"key":"SMITH"},{"data":"alterego_mod:TrashNCrash","floor":28.0,"key":"SMITH"},{"data":"alterego_mod:Birthday","floor":32.0,"key":"SMITH"},{"floor":49.0,"key":"RECALL"}],"neow_cost":"NONE","seed_source_timestamp":24145025382600,"circlet_count":0,"master_deck":["alterego_mod:Strike","alterego_mod:BigMeatyClaws","REME_AllRoundStrike+1","alterego_mod:TrashNCrash+1","alterego_mod:Birthday","alterego_mod:SakuraLabyrinth","alterego_mod:Birthday+1","alterego_mod:ClassAdvantage+1","alterego_mod:Birthday","Madness"],"special_seed":0,"relics":["alterego_mod:MasochisticConstitution","Hammer of Thor","Seething Fire","Anvil of the Gods","testmod-TestBox","REME_ComplimentaryCards","testmod-ChristmasGift","SentryEyes","NeowsBlessing","Question Card","ChiLing","Chi","Ling","Golden Idol","Dota2Spire:EchoSabre","testmod-LifeArmor","Gremlin Horn","ImportantClient","Philosopher\u0027s Stone","MawBank","testmod-AssaultLearning","Dota2Spire:HeartOfTarrasque","Membership Card","Bag of Marbles","White Beast Statue","Transparent","BionicSphere","Lantern","Happy Flower","REME_LimitBreaker","Strawberry"],"potions_floor_usage":[55,55],"damage_taken":[{"damage":0.0,"enemies":"Small Slimes","floor":1.0,"turns":1.0},{"damage":0.0,"enemies":"Jaw Worm","floor":3.0,"turns":1.0},{"damage":0.0,"enemies":"Cultist","floor":7.0,"turns":1.0},{"damage":0.0,"enemies":"3 Louse","floor":10.0,"turns":1.0},{"damage":2.0,"enemies":"Looter","floor":11.0,"turns":1.0},{"damage":1.0,"enemies":"3 Sentries","floor":12.0,"turns":2.0},{"damage":0.0,"enemies":"Blue Slaver","floor":13.0,"turns":2.0},{"damage":3.0,"enemies":"Lagavulin","floor":14.0,"turns":2.0},{"damage":18.0,"enemies":"The Guardian","floor":16.0,"turns":4.0},{"damage":2.0,"enemies":"2 Thieves","floor":18.0,"turns":1.0},{"damage":4.0,"enemies":"Chosen","floor":19.0,"turns":2.0},{"damage":1.0,"enemies":"Centurion and Healer","floor":22.0,"turns":2.0},{"damage":1.0,"enemies":"Gremlin Leader","floor":23.0,"turns":1.0},{"damage":2.0,"enemies":"Chosen and Byrds","floor":24.0,"turns":1.0},{"damage":14.0,"enemies":"Slavers","floor":27.0,"turns":2.0},{"damage":1.0,"enemies":"Gremlin Leader","floor":31.0,"turns":1.0},{"damage":19.0,"enemies":"Champ","floor":33.0,"turns":2.0},{"damage":11.0,"enemies":"Orb Walker","floor":35.0,"turns":1.0},{"damage":12.0,"enemies":"3 Darklings","floor":36.0,"turns":1.0},{"damage":12.0,"enemies":"Mind Bloom Boss Battle","floor":39.0,"turns":1.0},{"damage":12.0,"enemies":"Reptomancer","floor":40.0,"turns":1.0},{"damage":12.0,"enemies":"Jaw Worm Horde","floor":42.0,"turns":1.0},{"damage":12.0,"enemies":"Sphere and 2 Shapes","floor":45.0,"turns":1.0},{"damage":12.0,"enemies":"Transient","floor":46.0,"turns":1.0},{"damage":11.0,"enemies":"3 Darklings","floor":47.0,"turns":1.0},{"damage":12.0,"enemies":"4 Shapes","floor":48.0,"turns":1.0},{"damage":20.0,"enemies":"Donu and Deca","floor":50.0,"turns":2.0},{"damage":13,"enemies":"Shield and Spear","floor":54,"turns":1},{"damage":32,"enemies":"The Heart","floor":55,"turns":3}],"seed_played":"-4655467133458734703","potions_obtained":[{"floor":11.0,"key":"Fire Potion"},{"floor":13.0,"key":"Strength Potion"},{"floor":14.0,"key":"BlessingOfTheForge"},{"floor":18.0,"key":"EssenceOfSteel"},{"floor":45.0,"key":"testmod-TimePotion"},{"floor":47.0,"key":"SteroidPotion"}],"is_trial":false,"path_per_floor":["M","?","M","?","$","?","M","?","T","M","M","E","M","E","R","B",null,"M","M","?","?","M","E","M","R","T","E","R","?","$","E","R","B",null,"M","M","?","?","?","E","R","M","T","T","M","M","M","M","R","B",null,"R","$","E","B",null],"character_chosen":"The_Alterego","items_purchased":["ChiLing","Membership Card","Bag of Marbles","REME_LimitBreaker"],"campfire_rested":0,"item_purchase_floors":[5,30,30,52],"current_hp_per_floor":[70,70,70,70,70,70,70,53,53,57,61,64,67,73,73,62,74,74,76,76,76,77,78,79,79,79,75,75,75,75,89,89,83,90,91,92,82,82,93,94,94,95,95,95,96,97,98,99,99,100,100,100,100,108,109],"gold":183,"neow_bonus":"THREE_ENEMY_KILL","is_prod":false,"is_daily":false,"chose_seed":false,"campfire_upgraded":4,"win_rate":0.0,"timestamp":1607531549,"path_taken":["M","?","M","?","$","?","M","?","T","M","M","E","M","E","R","BOSS","M","M","?","?","M","E","?","R","T","E","R","?","$","E","R","BOSS","M","M","?","?","?","E","R","M","T","?","M","M","M","M","R","BOSS","R","$","E","BOSS"],"build_version":"2020-11-30","purchased_purges":8,"victory":true,"max_hp_per_floor":[70,70,70,70,70,70,70,70,70,70,71,72,72,73,73,74,74,75,76,76,76,77,78,79,79,79,88,88,88,88,89,89,90,90,91,92,92,92,93,94,94,95,95,95,96,97,98,99,99,100,100,100,100,108,109],"relic_stats":{"Gremlin Horn":[12,18],"Happy Flower":[3],"counters":[29,39],"Golden Idol":216,"Question Card":29,"MawBank":84,"obtain_stats":[{"Dota2Spire:EchoSabre":9,"Lantern":40,"DaveBox":0,"Gremlin Horn":14,"Chi":5,"Hammer of Thor":0,"testmod-LifeArmor":12,"Strawberry":54,"Philosopher\u0027s Stone":17,"testmod-ChristmasGift":0,"ImportantClient":16,"alterego_mod:MasochisticConstitution":0,"testmod-TestBox":0,"NeowsBlessing":0,"Happy Flower":43,"Golden Idol":8,"Dota2Spire:HeartOfTarrasque":27,"Seething Fire":0,"REME_LimitBreaker":52,"Question Card":1,"MawBank":23,"White Beast Statue":31,"Ling":5,"Transparent":34,"Anvil of the Gods":0,"testmod-AssaultLearning":26,"BionicSphere":39,"SentryEyes":0,"Bag of Marbles":30,"Membership Card":30,"REME_ComplimentaryCards":0,"ChiLing":5},{"Dota2Spire:EchoSabre":3,"Lantern":21,"DaveBox":0,"Gremlin Horn":8,"Chi":2,"Hammer of Thor":0,"testmod-LifeArmor":6,"Strawberry":28,"Philosopher\u0027s Stone":9,"testmod-ChristmasGift":0,"ImportantClient":9,"alterego_mod:MasochisticConstitution":0,"testmod-TestBox":0,"NeowsBlessing":0,"Happy Flower":22,"Golden Idol":3,"Dota2Spire:HeartOfTarrasque":15,"Seething Fire":0,"REME_LimitBreaker":27,"Question Card":1,"MawBank":13,"White Beast Statue":16,"Ling":2,"Transparent":17,"Anvil of the Gods":0,"testmod-AssaultLearning":14,"BionicSphere":20,"SentryEyes":0,"Bag of Marbles":15,"Membership Card":15,"REME_ComplimentaryCards":0,"ChiLing":2},{"Dota2Spire:EchoSabre":3,"Lantern":28,"DaveBox":0,"Gremlin Horn":9,"Chi":2,"Hammer of Thor":0,"testmod-LifeArmor":6,"Strawberry":36,"Philosopher\u0027s Stone":13,"testmod-ChristmasGift":0,"ImportantClient":13,"alterego_mod:MasochisticConstitution":0,"testmod-TestBox":0,"NeowsBlessing":0,"Happy Flower":29,"Golden Idol":3,"Dota2Spire:HeartOfTarrasque":21,"Seething Fire":0,"REME_LimitBreaker":35,"Question Card":1,"MawBank":18,"White Beast Statue":22,"Ling":2,"Transparent":24,"Anvil of the Gods":0,"testmod-AssaultLearning":19,"BionicSphere":27,"SentryEyes":0,"Bag of Marbles":21,"Membership Card":21,"REME_ComplimentaryCards":0,"ChiLing":2}]},"card_choices":[{"not_picked":["alterego_mod:BoobPocket","alterego_mod:BiFurious"],"picked":"alterego_mod:TrashNCrash","floor":1.0},{"not_picked":["alterego_mod:Bounce","alterego_mod:Punishment","alterego_mod:Maid"],"picked":"alterego_mod:Birthday","floor":3.0},{"not_picked":["alterego_mod:ChallengeComplete","alterego_mod:Cycle","alterego_mod:TrashNCrash","alterego_mod:Valentines"],"picked":"SKIP","floor":7.0},{"not_picked":["alterego_mod:PurpleHair","alterego_mod:PerceptionDisorder","alterego_mod:Bounce"],"picked":"alterego_mod:SakuraLabyrinth","floor":10.0},{"not_picked":["alterego_mod:Santa","alterego_mod:Undulate","alterego_mod:Nekomimi","alterego_mod:Cooking"],"picked":"SKIP","floor":11.0},{"not_picked":["alterego_mod:InsideBaseball","alterego_mod:Stockings","alterego_mod:DiscoLights","alterego_mod:Support"],"picked":"SKIP","floor":12.0},{"not_picked":["alterego_mod:Mirror","alterego_mod:Cycle","alterego_mod:BusterCard","alterego_mod:Complex"],"picked":"SKIP","floor":13.0},{"not_picked":["alterego_mod:BustOut","alterego_mod:PerceptionDisorder","alterego_mod:Smother"],"picked":"alterego_mod:Birthday","floor":14.0},{"not_picked":["alterego_mod:BeGentle","alterego_mod:DiscoLights+1","alterego_mod:Cycle","alterego_mod:Punishment+1"],"picked":"SKIP","floor":18.0},{"not_picked":["alterego_mod:Mirror+1","alterego_mod:Collar","alterego_mod:SakuraFive+1","alterego_mod:Bounce"],"picked":"SKIP","floor":19.0},{"not_picked":["alterego_mod:Schoolgirl","alterego_mod:GoddessCore","alterego_mod:DeftHands+1","alterego_mod:InsideBaseball"],"picked":"SKIP","floor":22.0},{"not_picked":["alterego_mod:Nekomimi","alterego_mod:Swimsuit+1","alterego_mod:Maid+1"],"picked":"alterego_mod:ClassAdvantage","floor":23.0},{"not_picked":["alterego_mod:Valentines+1","alterego_mod:Schoolgirl+1","alterego_mod:SakuraPetals","alterego_mod:Clap"],"picked":"SKIP","floor":24.0},{"not_picked":["alterego_mod:DustData","alterego_mod:HighServant+1","alterego_mod:Cycle","alterego_mod:PurpleHair"],"picked":"SKIP","floor":27.0},{"not_picked":["alterego_mod:Pet+1","alterego_mod:SakuraLabyrinth","alterego_mod:Swimsuit+1","alterego_mod:PurpleHair"],"picked":"SKIP","floor":31.0},{"not_picked":["alterego_mod:Bounce+1","alterego_mod:Undulate+1","alterego_mod:SakuraLabyrinth+1","alterego_mod:Schoolgirl"],"picked":"SKIP","floor":35.0},{"not_picked":["alterego_mod:1TonWallop+1","alterego_mod:GoddessCore","alterego_mod:Mirror+1","alterego_mod:MagicResistance+1"],"picked":"SKIP","floor":36.0},{"not_picked":["testmod-RepeatForm","testmod-LimitFlipper","testmod-AdversityCounterattack"],"picked":"Madness","floor":37.0},{"not_picked":["alterego_mod:HighServant","alterego_mod:SakuraFive+1","alterego_mod:Cooking+1","alterego_mod:Bounce"],"picked":"SKIP","floor":40.0},{"not_picked":["alterego_mod:Cycle+1","alterego_mod:Exercise","alterego_mod:Cooking","alterego_mod:SideboobHour"],"picked":"SKIP","floor":42.0},{"not_picked":["alterego_mod:Maid+1","alterego_mod:DeftHands+1","alterego_mod:Valentines+1","alterego_mod:Rip"],"picked":"SKIP","floor":45.0},{"not_picked":["alterego_mod:Rip+1","alterego_mod:Undulate+1","alterego_mod:DeftHands+1","alterego_mod:TrashNCrash"],"picked":"SKIP","floor":46.0},{"not_picked":["alterego_mod:Cooking+1","alterego_mod:Complex+1","alterego_mod:PresenceConcealment+1","alterego_mod:SakuraLabyrinth"],"picked":"SKIP","floor":47.0},{"not_picked":["alterego_mod:Bunnysuit+1","alterego_mod:Skirt","alterego_mod:BiFurious","alterego_mod:Cushion"],"picked":"SKIP","floor":48.0},{"not_picked":["alterego_mod:Cooking","alterego_mod:TrashNCrash+1","alterego_mod:MagicResistance","alterego_mod:SuperDuperMasochism+1"],"picked":"SKIP","floor":54}],"player_experience":94509,"relics_obtained":[{"floor":1.0,"key":"Question Card"},{"floor":9.0,"key":"Dota2Spire:EchoSabre"},{"floor":12.0,"key":"testmod-LifeArmor"},{"floor":14.0,"key":"Gremlin Horn"},{"floor":16.0,"key":"ImportantClient"},{"floor":23.0,"key":"MawBank"},{"floor":26.0,"key":"testmod-AssaultLearning"},{"floor":27.0,"key":"Dota2Spire:HeartOfTarrasque"},{"floor":31.0,"key":"White Beast Statue"},{"floor":39.0,"key":"BionicSphere"},{"floor":40.0,"key":"Lantern"},{"floor":43.0,"key":"Happy Flower"},{"floor":54,"key":"Strawberry"}],"event_choices":[{"damage_healed":0.0,"max_hp_gain":0.0,"max_hp_loss":0.0,"gold_gain":400.0,"event_name":"¶÷ÂåË¹µÄÅÌ×Ó","player_choice":"Sell","floor":4.0,"relics_lost":["DaveBox"],"gold_loss":0.0,"damage_taken":0.0},{"cards_removed":["alterego_mod:Defend"],"damage_healed":0.0,"max_hp_gain":0.0,"max_hp_loss":0.0,"gold_gain":0.0,"event_name":"The Cleric","player_choice":"Card Removal","floor":6.0,"gold_loss":50.0,"damage_taken":0.0},{"damage_healed":0.0,"max_hp_gain":0.0,"max_hp_loss":0.0,"gold_gain":0.0,"event_name":"Golden Idol","player_choice":"Take Damage","floor":8.0,"gold_loss":0.0,"damage_taken":17.0,"relics_obtained":["Golden Idol"]},{"damage_healed":0.0,"max_hp_gain":0.0,"max_hp_loss":0.0,"gold_gain":0.0,"event_name":"Cursed Tome","player_choice":"Ignored","floor":20.0,"gold_loss":0.0,"damage_taken":0.0},{"damage_healed":0.0,"max_hp_gain":0.0,"max_hp_loss":0.0,"gold_gain":0.0,"event_name":"NoteForYourself","player_choice":"Ignored","floor":21.0,"gold_loss":0.0,"damage_taken":0.0},{"damage_healed":0.0,"max_hp_gain":0.0,"max_hp_loss":0.0,"gold_gain":0.0,"event_name":"The Library","player_choice":"Read","floor":29.0,"gold_loss":0.0,"damage_taken":0.0,"cards_obtained":["alterego_mod:Birthday"]},{"damage_healed":0.0,"max_hp_gain":0.0,"max_hp_loss":0.0,"gold_gain":0.0,"event_name":"SensoryStone","player_choice":"Memory 3","floor":37.0,"gold_loss":0.0,"damage_taken":10.0},{"damage_healed":0.0,"max_hp_gain":0.0,"max_hp_loss":0.0,"gold_gain":0.0,"event_name":"Tomb of Lord Red Mask","player_choice":"Ignored","floor":38.0,"gold_loss":0.0,"damage_taken":0.0},{"damage_healed":0.0,"max_hp_gain":0.0,"max_hp_loss":0.0,"gold_gain":0.0,"event_name":"MindBloom","player_choice":"Fight","floor":39.0,"gold_loss":0.0,"damage_taken":0.0}],"is_beta":false,"boss_relics":[{"not_picked":["Sozu","ExusiaiGun"],"picked":"Philosopher\u0027s Stone"},{"not_picked":["RhineSuit","testmod-Nine"],"picked":"Transparent"}],"items_purged_floors":[5,5,30,30,41,52,53,53],"is_endless":false,"potions_floor_spawned":[11,13,14,16,18,31,33,35,36,39,40,42,45,46,47,48,54],"ascension_level":0}}