{"host":"do5be0rrwzdbe7ng","time":1607513728,"event":{"gold_per_floor":[115,115,131,150,163,163,203,203,203,221,221,371,446,51,51,51,51],"floor_reached":16,"playtime":401,"items_purged":["Doubt"],"score":190,"play_id":"d0468e1f-57d4-4f53-9523-3db653d5c56e","local_time":"20201209203528","is_ascension_mode":true,"campfire_choices":[{"data":"Blizzard","floor":6.0,"key":"SMITH"},{"data":"Zap","floor":8.0,"key":"SMITH"},{"data":"Go for the Eyes","floor":11.0,"key":"SMITH"},{"data":"Capacitor","floor":15.0,"key":"SMITH"}],"neow_cost":"TEN_PERCENT_HP_LOSS","seed_source_timestamp":5798460535825800,"circlet_count":0,"master_deck":["AscendersBane","Strike_B","Strike_B","Defend_B","Defend_B","Defend_B","Defend_B","Zap+1","Dualcast","Reinforced Body","Blizzard+1","Cold Snap","Self Repair","Go for the Eyes+1","Turbo","Capacitor+1"],"special_seed":0,"relics":["Cracked Core","Golden Idol","Blue Candle","Letter Opener","Membership Card","Turnip"],"potions_floor_usage":[16,16],"damage_taken":[{"damage":13.0,"enemies":"Cultist","floor":1.0,"turns":5.0},{"damage":4.0,"enemies":"Small Slimes","floor":3.0,"turns":3.0},{"damage":1.0,"enemies":"2 Louse","floor":4.0,"turns":4.0},{"damage":6.0,"enemies":"Blue Slaver","floor":5.0,"turns":5.0},{"damage":17.0,"enemies":"Lagavulin","floor":7.0,"turns":8.0},{"damage":4.0,"enemies":"Looter","floor":10.0,"turns":3.0},{"damage":22,"enemies":"The Guardian","floor":16,"turns":2}],"seed_played":"4948348455820378226","potions_obtained":[{"floor":1.0,"key":"Energy Potion"},{"floor":3.0,"key":"Block Potion"},{"floor":7.0,"key":"LiquidMemories"}],"is_trial":false,"path_per_floor":["M","?","M","M","M","R","E","R","T","M","R","?","?","$","R","B"],"character_chosen":"DEFECT","items_purchased":["Membership Card","Capacitor","Turnip"],"campfire_rested":0,"item_purchase_floors":[14,14,14],"current_hp_per_floor":[51,51,47,46,40,40,30,30,30,33,33,33,22,22,22,0,0],"gold":51,"neow_bonus":"REMOVE_TWO","is_prod":false,"is_daily":false,"chose_seed":false,"campfire_upgraded":4,"win_rate":0,"timestamp":1607513728,"path_taken":["M","?","M","M","M","R","E","R","T","M","R","?","?","?","R","BOSS"],"build_version":"2020-11-30","purchased_purges":1,"victory":false,"max_hp_per_floor":[64,58,58,58,58,58,58,58,58,58,58,58,58,58,58,58,58],"card_choices":[{"not_picked":["Tempest","Recycle"],"picked":"Reinforced Body","floor":1.0},{"not_picked":["Barrage","Rebound"],"picked":"Blizzard","floor":3.0},{"not_picked":["Tempest","Storm"],"picked":"Cold Snap","floor":4.0},{"not_picked":["Ball Lightning","Stack"],"picked":"Self Repair","floor":5.0},{"not_picked":["Ball Lightning","Barrage"],"picked":"Go for the Eyes","floor":7.0},{"not_picked":["Loop","Compile Driver"],"picked":"Turbo","floor":10.0}],"player_experience":334284,"relics_obtained":[{"floor":7.0,"key":"Blue Candle"},{"floor":9.0,"key":"Letter Opener"}],"event_choices":[{"damage_healed":0.0,"max_hp_gain":0.0,"max_hp_loss":6.0,"gold_gain":0.0,"event_name":"Golden Idol","player_choice":"Lose Max HP","floor":2.0,"gold_loss":0.0,"damage_taken":0.0,"relics_obtained":["Golden Idol"]},{"damage_healed":0.0,"max_hp_gain":0.0,"max_hp_loss":0.0,"gold_gain":150.0,"event_name":"Liars Game","player_choice":"AGREE","floor":12.0,"gold_loss":0.0,"damage_taken":0.0,"cards_obtained":["Doubt"]},{"damage_healed":0.0,"max_hp_gain":0.0,"max_hp_loss":0.0,"gold_gain":75.0,"event_name":"World of Goop","player_choice":"Gather Gold","floor":13.0,"gold_loss":0.0,"damage_taken":11.0}],"is_beta":false,"boss_relics":[],"items_purged_floors":[14],"is_endless":false,"potions_floor_spawned":[1,3,7,10],"killed_by":"The Guardian","ascension_level":18}}