{"host":"u0f5uy314yz7olfc","time":1607535457,"event":{"gold_per_floor":[21,21,96,46,60,60,135,135,135,155,155,155,155,173,173,173,173],"floor_reached":16,"playtime":508,"items_purged":[],"score":138,"play_id":"a64dc495-2ecf-4412-879c-c82d9adcaf6c","local_time":"20201210003737","is_ascension_mode":false,"campfire_choices":[{"floor":6.0,"key":"REST"},{"floor":8.0,"key":"REST"},{"floor":11.0,"key":"RECALL"},{"floor":15,"key":"REST"}],"neow_cost":"","seed_source_timestamp":0,"circlet_count":0,"master_deck":["Strike_P","Strike_P","Strike_P","Strike_P","Defend_P","Defend_P","Defend_P","Defend_P+1","Eruption","Vigilance","Replay:BasicMightCard","Scrape","Outmaneuver","MentalFortress","MarkedMod:GentlePulse+1","ReachHeaven"],"special_seed":0,"relics":["PureWater","MerchantsRug","aspiration:FrozenJewel"],"potions_floor_usage":[16],"damage_taken":[{"damage":13.0,"enemies":"Small Slimes","floor":1.0,"turns":5.0},{"damage":3.0,"enemies":"Jaw Worm","floor":5.0,"turns":3.0},{"damage":0.0,"enemies":"Cultist","floor":10.0,"turns":2.0},{"damage":31,"enemies":"Exordium Thugs","floor":14,"turns":6},{"damage":93,"enemies":"Hexaghost","floor":16,"turns":7}],"seed_played":"-4812093968839238454","potions_obtained":[{"floor":10.0,"key":"Dota2Spire:HealingSalve"}],"is_trial":false,"path_per_floor":["M","?","?","$","M","R","?","R","T","M","R","T","?","M","R_BF","B"],"character_chosen":"WATCHER","items_purchased":["MerchantsRug","Replay:BasicMightCard","Outmaneuver"],"campfire_rested":3,"item_purchase_floors":[0,0,4],"current_hp_per_floor":[52,52,52,52,49,70,63,72,72,72,72,72,72,41,62,0,0],"gold":173,"neow_bonus":"","is_prod":false,"is_daily":false,"chose_seed":false,"campfire_upgraded":0,"win_rate":0,"timestamp":1607535457,"path_taken":["M","?","?","$","M","R","?","R","T","?","R","?","?","?","R_BF","BOSS"],"build_version":"2020-11-30","purchased_purges":0,"victory":false,"max_hp_per_floor":[72,72,72,72,72,72,72,72,72,72,72,72,72,72,72,72,72],"relic_stats":{"counters":[392,1661],"obtain_stats":[{"Replay:Accelerometer":6,"Golden Egg":3,"Whetstone":53,"Ginger":0,"hubris:MysteriousPyramids":4,"Ring of Searing":9,"Blood Vial":3,"Replay:Ringing Soul":17,"infinitespire:ShieldingShard":13,"hubris:HerbalPaste":40,"MealTicket":3,"hubris:DeckOfHolding":13,"HandDrill":53,"Replay:Wax Seal":3,"Replay:Bottled Steam":42,"MerchantsRug":3,"hubris:MobiusCoin":17,"Pear":16,"Counterbalance":0,"ReplayTheSpireMod:Ring of Addiction":13,"hubris:SphereOfDissonance":44,"Eternal Feather":0,"ReplayTheSpireMod:SealedPack":17,"Pen Nib":6,"infinitespire:Magic Flask":9,"Akabeko":5,"aspiration:FrozenJewel":12,"infinitespire:EvilPickle":33,"infinitespire:Lychee Nut":4,"ReplayTheSpireMod:Ring of Collecting":3,"Bird Faced Urn":11,"aspiration:SilentSkillbook":22,"Pandora\u0027s Box":34,"hubris:TenFootPole":54,"Kintsugi":17,"StrikeDummy":10,"Abe\u0027s Treasure":19,"infinitespire:PuzzleCube":28,"hubris:Reverence":3,"Lantern":10,"Regal Pillow":20,"aspiration:Lifesprig":27,"Torii":17,"Singing Bowl":10,"Blue Doll":2,"hubris:EmptyBottle":2,"Ancient Tea Set":29,"Smiling Mask":19,"Pet Ghost":17,"Burning Blood":22,"Replay:Rubber Ducky":0,"BranchBurnRelic":24,"Matryoshka":7,"hubris:Backtick":22,"Shovel":0,"Ring of Fangs":7,"Toolbox":7,"hubris:ScarierMask":34,"hubris:CuriousFeather":9,"Replay:Lucky Slots":7,"Chemical X":3,"Replay:Bottled Eggs":11,"infinitespire:Eraser":6,"Ring of Panic":12,"Potion Belt":7,"Lee\u0027s Waffle":0,"Golden Idol":16,"hubris:64BitClover":7,"Damaru":17,"Circlet":0,"Thread and Needle":0,"infinitespire:Joker Card":13,"PreservedInsect":12,"betterThird:NestCultRelic":22,"The Courier":26,"Ring of Greed":3,"infinitespire:CheckeredPen":24,"infinitespire:Lucky Rock":22,"hubris:Towel":14,"GoldenEye":0,"Replay:Arrowhead":36,"Ornamental Fan":21,"betterThird:SlimedRelic":12,"Ring of Misfortune":13,"Orrery":32,"Art of War":12,"Garlic":53,"Durian":0,"ReplayTheSpireMod:Ring of Challenge":0,"ReplayTheSpireMod:Lightbulb":26,"Toy Ornithopter":13,"hubris:BottledRain":0,"infinitespire:Midas Blood":3,"Ice Cream":0,"hubris:CrystalStatue":4,"Calipers":0,"Tiny House":17,"CeramicFish":5,"MarkedMod:AcupunctureKit":3,"Sozu":34,"HornCleat":3,"Strawberry":2,"Prayer Wheel":3,"Toxic Egg 2":7,"Happy Flower":0,"Ring of Hypnosis":6,"hubris:DuctTape":3,"ReplayTheSpireMod:CursedCoin":3,"Astrolabe":22,"Dead Branch":17,"Oddly Smooth Stone":17,"hubris:FruitBowl":3,"infinitespire:Beetle Shell":6,"hubris:HollowSoul":17,"Letter Opener":0,"War Paint":21,"Question Card":6,"WarpedTongs":21,"Du-Vu Doll":21,"Bottled Flame":13,"Replay:Baseball":19,"Shuriken":2,"hubris:PeanutButter":12,"Simple Rune":0,"Molten Egg 2":0,"ReplayTheSpireMod:TigerMarble":3,"hubris:ToyBattleship":27,"Black Star":17,"Grinning Jar":8,"ReplayFunnel":3,"Darkstone Periapt":2,"Replay:PocketPolymizer":30,"SacredBark":19,"Melange":2,"Yang":4,"hubris:SlimyHat":2,"Incense Burner":0,"CloakClasp":11,"Replay:Mystery Machine":43,"hubris:RunicObelisk":17,"Empty Cage":45,"aspiration:StickyExplosives_weak":9,"Nunchaku":2,"Replay:Bandana":3,"Dream Catcher":3,"hubris:Icosahedron":2,"TheAbacus":2,"Mummified Hand":4,"hubris:Stopwatch":17,"Pantograph":3,"Tiny Chest":2,"Replay:Bottled Snecko":11,"Runic Pyramid":34,"Gremlin Food":4,"hubris:KleinBottle":10,"Replay:Towering Pillar of Hats":9,"infinitespire:CursedDice":22,"Guide Book":53,"Replay:WaspNest":14,"infinitespire:FocusingShard":9,"Orichalcum":12,"Medical Kit":0,"White Beast Statue":9,"Calling Bell":21,"Strange Spoon":2,"Anchor":7,"infinitespire:WardingShard":9,"HolyWater":17,"infinitespire:Satchel":28,"ChewingGum":19,"Ring of Fury":9,"Snack Pack":11,"Membership Card":16,"PureWater":0,"hubris:OldNail":2,"FossilizedHelix":29,"ReplayTheSpireMod:ShopPack":29},{"Replay:Accelerometer":141,"Golden Egg":231,"Whetstone":119,"Ginger":214,"hubris:MysteriousPyramids":134,"Ring of Searing":245,"Blood Vial":11,"Replay:Ringing Soul":103,"infinitespire:ShieldingShard":7,"hubris:HerbalPaste":61,"MealTicket":162,"hubris:DeckOfHolding":316,"HandDrill":119,"Replay:Wax Seal":77,"Replay:Bottled Steam":115,"MerchantsRug":11,"hubris:MobiusCoin":93,"Pear":53,"Counterbalance":121,"ReplayTheSpireMod:Ring of Addiction":123,"hubris:SphereOfDissonance":283,"Eternal Feather":233,"ReplayTheSpireMod:SealedPack":43,"Pen Nib":260,"infinitespire:Magic Flask":358,"Akabeko":140,"aspiration:FrozenJewel":390,"infinitespire:EvilPickle":111,"infinitespire:Lychee Nut":77,"ReplayTheSpireMod:Ring of Collecting":77,"Bird Faced Urn":377,"aspiration:SilentSkillbook":273,"Pandora\u0027s Box":277,"hubris:TenFootPole":120,"Kintsugi":125,"StrikeDummy":352,"Abe\u0027s Treasure":18,"infinitespire:PuzzleCube":304,"hubris:Reverence":156,"Lantern":40,"Regal Pillow":45,"aspiration:Lifesprig":384,"Torii":93,"Singing Bowl":150,"Blue Doll":162,"hubris:EmptyBottle":97,"Ancient Tea Set":57,"Smiling Mask":340,"Pet Ghost":93,"Burning Blood":153,"Replay:Rubber Ducky":356,"BranchBurnRelic":226,"Matryoshka":127,"hubris:Backtick":153,"Shovel":233,"Ring of Fangs":375,"Toolbox":127,"hubris:ScarierMask":227,"hubris:CuriousFeather":245,"Replay:Lucky Slots":350,"Chemical X":48,"Replay:Bottled Eggs":14,"infinitespire:Eraser":28,"Ring of Panic":336,"Potion Belt":315,"Lee\u0027s Waffle":203,"Golden Idol":17,"hubris:64BitClover":244,"Damaru":103,"Circlet":0,"Thread and Needle":327,"infinitespire:Joker Card":16,"PreservedInsect":85,"betterThird:NestCultRelic":239,"The Courier":343,"Ring of Greed":77,"infinitespire:CheckeredPen":106,"infinitespire:Lucky Rock":273,"hubris:Towel":92,"GoldenEye":121,"Replay:Arrowhead":112,"Ornamental Fan":45,"betterThird:SlimedRelic":66,"Ring of Misfortune":123,"Orrery":57,"Art of War":85,"Garlic":119,"Durian":356,"ReplayTheSpireMod:Ring of Challenge":19,"ReplayTheSpireMod:Lightbulb":107,"Toy Ornithopter":123,"hubris:BottledRain":230,"infinitespire:Midas Blood":349,"Ice Cream":62,"hubris:CrystalStatue":156,"Calipers":210,"Tiny House":238,"CeramicFish":213,"MarkedMod:AcupunctureKit":71,"Sozu":111,"HornCleat":48,"Strawberry":122,"Prayer Wheel":290,"Toxic Egg 2":122,"Happy Flower":35,"Ring of Hypnosis":243,"hubris:DuctTape":255,"ReplayTheSpireMod:CursedCoin":11,"Astrolabe":56,"Dead Branch":222,"Oddly Smooth Stone":222,"hubris:FruitBowl":127,"infinitespire:Beetle Shell":65,"hubris:HollowSoul":318,"Letter Opener":233,"War Paint":45,"Question Card":326,"WarpedTongs":94,"Du-Vu Doll":45,"Bottled Flame":52,"Replay:Baseball":94,"Shuriken":146,"hubris:PeanutButter":101,"Simple Rune":183,"Molten Egg 2":214,"ReplayTheSpireMod:TigerMarble":48,"hubris:ToyBattleship":107,"Black Star":131,"Grinning Jar":218,"ReplayFunnel":26,"Darkstone Periapt":63,"Replay:PocketPolymizer":386,"SacredBark":54,"Melange":122,"Yang":357,"hubris:SlimyHat":179,"Incense Burner":197,"CloakClasp":260,"Replay:Mystery Machine":309,"hubris:RunicObelisk":339,"Empty Cage":283,"aspiration:StickyExplosives_weak":351,"Nunchaku":63,"Replay:Bandana":77,"Dream Catcher":127,"hubris:Icosahedron":216,"TheAbacus":248,"Mummified Hand":180,"hubris:Stopwatch":169,"Pantograph":290,"Tiny Chest":97,"Replay:Bottled Snecko":129,"Runic Pyramid":306,"Gremlin Food":134,"hubris:KleinBottle":175,"Replay:Towering Pillar of Hats":127,"infinitespire:CursedDice":56,"Guide Book":286,"Replay:WaspNest":42,"infinitespire:FocusingShard":65,"Orichalcum":129,"Medical Kit":19,"White Beast Statue":99,"Calling Bell":45,"Strange Spoon":262,"Anchor":75,"infinitespire:WardingShard":127,"HolyWater":32,"infinitespire:Satchel":57,"ChewingGum":152,"Ring of Fury":336,"Snack Pack":92,"Membership Card":53,"PureWater":0,"hubris:OldNail":122,"FossilizedHelix":275,"ReplayTheSpireMod:ShopPack":57},{"Replay:Accelerometer":613,"Golden Egg":957,"Whetstone":521,"Ginger":883,"hubris:MysteriousPyramids":591,"Ring of Searing":1020,"Blood Vial":45,"Replay:Ringing Soul":453,"infinitespire:ShieldingShard":25,"hubris:HerbalPaste":259,"MealTicket":700,"hubris:DeckOfHolding":1295,"HandDrill":521,"Replay:Wax Seal":328,"Replay:Bottled Steam":505,"MerchantsRug":45,"hubris:MobiusCoin":387,"Pear":213,"Counterbalance":531,"ReplayTheSpireMod:Ring of Addiction":536,"hubris:SphereOfDissonance":1160,"Eternal Feather":965,"ReplayTheSpireMod:SealedPack":174,"Pen Nib":1064,"infinitespire:Magic Flask":1497,"Akabeko":610,"aspiration:FrozenJewel":1648,"infinitespire:EvilPickle":492,"infinitespire:Lychee Nut":328,"ReplayTheSpireMod:Ring of Collecting":328,"Bird Faced Urn":1574,"aspiration:SilentSkillbook":1119,"Pandora\u0027s Box":1138,"hubris:TenFootPole":528,"Kintsugi":555,"StrikeDummy":1463,"Abe\u0027s Treasure":73,"infinitespire:PuzzleCube":1246,"hubris:Reverence":680,"Lantern":160,"Regal Pillow":186,"aspiration:Lifesprig":1616,"Torii":387,"Singing Bowl":648,"Blue Doll":700,"hubris:EmptyBottle":412,"Ancient Tea Set":236,"Smiling Mask":1402,"Pet Ghost":387,"Burning Blood":672,"Replay:Rubber Ducky":1484,"BranchBurnRelic":934,"Matryoshka":561,"hubris:Backtick":672,"Shovel":965,"Ring of Fangs":1563,"Toolbox":561,"hubris:ScarierMask":939,"hubris:CuriousFeather":1020,"Replay:Lucky Slots":1455,"Chemical X":193,"Replay:Bottled Eggs":53,"infinitespire:Eraser":109,"Ring of Panic":1378,"Potion Belt":1291,"Lee\u0027s Waffle":844,"Golden Idol":64,"hubris:64BitClover":1018,"Damaru":453,"Circlet":0,"Thread and Needle":1346,"infinitespire:Joker Card":60,"PreservedInsect":355,"betterThird:NestCultRelic":992,"The Courier":1416,"Ring of Greed":328,"infinitespire:CheckeredPen":465,"infinitespire:Lucky Rock":1119,"hubris:Towel":376,"GoldenEye":531,"Replay:Arrowhead":495,"Ornamental Fan":186,"betterThird:SlimedRelic":275,"Ring of Misfortune":536,"Orrery":236,"Art of War":355,"Garlic":521,"Durian":1484,"ReplayTheSpireMod:Ring of Challenge":77,"ReplayTheSpireMod:Lightbulb":468,"Toy Ornithopter":536,"hubris:BottledRain":955,"infinitespire:Midas Blood":1452,"Ice Cream":261,"hubris:CrystalStatue":680,"Calipers":869,"Tiny House":986,"CeramicFish":879,"MarkedMod:AcupunctureKit":297,"Sozu":492,"HornCleat":193,"Strawberry":534,"Prayer Wheel":1189,"Toxic Egg 2":534,"Happy Flower":145,"Ring of Hypnosis":1009,"hubris:DuctTape":1049,"ReplayTheSpireMod:CursedCoin":45,"Astrolabe":231,"Dead Branch":915,"Oddly Smooth Stone":915,"hubris:FruitBowl":561,"infinitespire:Beetle Shell":272,"hubris:HollowSoul":1306,"Letter Opener":965,"War Paint":186,"Question Card":1345,"WarpedTongs":396,"Du-Vu Doll":186,"Bottled Flame":208,"Replay:Baseball":396,"Shuriken":631,"hubris:PeanutButter":431,"Simple Rune":782,"Molten Egg 2":883,"ReplayTheSpireMod:TigerMarble":193,"hubris:ToyBattleship":468,"Black Star":579,"Grinning Jar":897,"ReplayFunnel":100,"Darkstone Periapt":263,"Replay:PocketPolymizer":1632,"SacredBark":221,"Melange":534,"Yang":1488,"hubris:SlimyHat":769,"Incense Burner":829,"CloakClasp":1064,"Replay:Mystery Machine":1264,"hubris:RunicObelisk":1396,"Empty Cage":1160,"aspiration:StickyExplosives_weak":1459,"Nunchaku":263,"Replay:Bandana":328,"Dream Catcher":561,"hubris:Icosahedron":889,"TheAbacus":1029,"Mummified Hand":773,"hubris:Stopwatch":731,"Pantograph":1189,"Tiny Chest":412,"Replay:Bottled Snecko":568,"Runic Pyramid":1255,"Gremlin Food":591,"hubris:KleinBottle":754,"Replay:Towering Pillar of Hats":561,"infinitespire:CursedDice":231,"Guide Book":1175,"Replay:WaspNest":169,"infinitespire:FocusingShard":272,"Orichalcum":568,"Medical Kit":77,"White Beast Statue":423,"Calling Bell":186,"Strange Spoon":1071,"Anchor":321,"infinitespire:WardingShard":561,"HolyWater":131,"infinitespire:Satchel":236,"ChewingGum":664,"Ring of Fury":1378,"Snack Pack":376,"Membership Card":213,"PureWater":0,"hubris:OldNail":534,"FossilizedHelix":1127,"ReplayTheSpireMod:ShopPack":236}]},"card_choices":[{"not_picked":["Clash","ClearTheMind"],"picked":"Scrape","floor":1.0},{"not_picked":["Sentinel","CutThroughFate"],"picked":"MentalFortress","floor":5.0},{"not_picked":["Clash","Tantrum"],"picked":"MarkedMod:GentlePulse","floor":10.0},{"not_picked":["MarkedMod:Acupuncture","Outmaneuver"],"picked":"ReachHeaven","floor":14}],"player_experience":287677,"relics_obtained":[{"floor":12.0,"key":"aspiration:FrozenJewel"}],"event_choices":[{"damage_healed":0.0,"max_hp_gain":0.0,"max_hp_loss":0.0,"gold_gain":75.0,"event_name":"FaceTrader","player_choice":"Touch","floor":7.0,"gold_loss":0.0,"damage_taken":7.0},{"damage_healed":0.0,"max_hp_gain":0.0,"max_hp_loss":0.0,"gold_gain":0.0,"event_name":"Upgrade Shrine","player_choice":"Upgraded","floor":13.0,"gold_loss":0.0,"damage_taken":0.0,"cards_upgraded":["MarkedMod:GentlePulse"]}],"is_beta":false,"boss_relics":[],"items_purged_floors":[],"is_endless":false,"potions_floor_spawned":[10],"killed_by":"Hexaghost","ascension_level":0}}