{"host":"w6ebodudjlk2jwu4","time":1607497490,"event":{"gold_per_floor":[117,117,146,158,190,230,242,254,316,359,384,27,27,37,37,132,132,132],"floor_reached":17,"playtime":1859,"items_purged":[],"score":165,"play_id":"32b0a0e8-6d82-4083-8eaf-dd85478170c7","local_time":"20201208230450","is_ascension_mode":false,"campfire_choices":[{"floor":8,"key":"REST"},{"data":"ReplayTheSpireMod:Tripwire","floor":13,"key":"SMITH"},{"data":"Finisher","floor":15,"key":"SMITH"}],"neow_cost":"NONE","seed_source_timestamp":2189251935164200,"circlet_count":0,"master_deck":["Defend_G","Defend_G","Defend_G","Defend_G","Survivor","Neutralize","Well Laid Plans","Blade Dance","Hallucinations","Flying Knee","Dagger Throw","ReplayTheSpireMod:Tripwire+1","Masterful Stab","Finisher+1","Hidden Blade","Dagger Spray","After Image"],"relics":["Sozu","MawBank","ReplayTheSpireMod:Ring of Challenge","Pear","Bronze Scales","Chameleon Ring","Meat on the Bone","Kintsugi"],"potions_floor_usage":[],"damage_taken":[{"damage":2,"enemies":"2 Louse","floor":1,"turns":4},{"damage":2,"enemies":"Small Slimes","floor":3,"turns":5},{"damage":0,"enemies":"Jaw Worm","floor":5,"turns":4},{"damage":22,"enemies":"3 Sentries","floor":6,"turns":8},{"damage":29,"enemies":"Lagavulin","floor":10,"turns":8},{"damage":0,"enemies":"3 Louse","floor":11,"turns":3},{"damage":0,"enemies":"Large Slime","floor":14,"turns":3},{"damage":23,"enemies":"Hexaghost","floor":16,"turns":10}],"seed_played":"1694883797616196988","potions_obtained":[],"is_trial":false,"path_per_floor":["M","?","M","?","M","E","?","R","T","E","M","$","R","M","R","B",null],"character_chosen":"THE_SILENT","items_purchased":["Finisher","Hidden Blade","Meat on the Bone"],"campfire_rested":1,"item_purchase_floors":[12,12,12],"current_hp_per_floor":[68,68,66,66,66,54,47,71,71,42,42,42,42,42,42,31,31,31],"gold":132,"neow_bonus":"BOSS_RELIC","is_prod":false,"is_daily":false,"chose_seed":false,"campfire_upgraded":2,"win_rate":0.0,"timestamp":1607497490,"path_taken":["M","?","M","?","M","E","?","R","T","E","?","$","R","M","R","BOSS"],"build_version":"2020-11-30","purchased_purges":0,"victory":false,"max_hp_per_floor":[70,70,70,70,70,80,80,80,80,80,80,80,80,80,80,80,80,80],"relic_stats":{"Sozu":2,"counters":[8,45],"Bronze Scales":[57],"MawBank":120,"obtain_stats":[{"Sozu":0,"Pear":6,"Chameleon Ring":10,"Bronze Scales":9,"ReplayTheSpireMod:Ring of Challenge":4,"Kintsugi":17,"MawBank":2,"Ring of the Snake":0,"Meat on the Bone":12},{"Sozu":0,"Pear":4,"Chameleon Ring":5,"Bronze Scales":4,"ReplayTheSpireMod:Ring of Challenge":2,"Kintsugi":8,"MawBank":1,"Ring of the Snake":0,"Meat on the Bone":6},{"Sozu":0,"Pear":21,"Chameleon Ring":29,"Bronze Scales":21,"ReplayTheSpireMod:Ring of Challenge":9,"Kintsugi":45,"MawBank":4,"Ring of the Snake":0,"Meat on the Bone":32}],"Meat on the Bone":12},"card_choices":[{"not_picked":["ReplayTheSpireMod:Scrap Shanks","Dodge and Roll"],"picked":"Well Laid Plans","floor":1},{"not_picked":["Fluid Movement","Choke"],"picked":"Blade Dance","floor":3},{"not_picked":["Slice","Reflex"],"picked":"Flying Knee","floor":5},{"not_picked":["Die Die Die","Outmaneuver"],"picked":"Dagger Throw","floor":6},{"not_picked":["Prepared","Sucker Punch"],"picked":"ReplayTheSpireMod:Tripwire","floor":10},{"not_picked":["ReplayTheSpireMod:Exploit Weakness","Calculated Gamble"],"picked":"Masterful Stab","floor":11},{"not_picked":["Dodge and Roll","Fluid Movement"],"picked":"Dagger Spray","floor":14},{"not_picked":["infinitespire:Neurotoxin","Glass Knife"],"picked":"After Image","floor":16}],"player_experience":11547,"relics_obtained":[{"floor":2,"key":"MawBank"},{"floor":4,"key":"ReplayTheSpireMod:Ring of Challenge"},{"floor":6,"key":"Pear"},{"floor":9,"key":"Bronze Scales"},{"floor":10,"key":"Chameleon Ring"}],"event_choices":[{"cards_removed":["Strike_G"],"damage_healed":0,"gold_gain":0,"player_choice":"Card Removal","damage_taken":7,"max_hp_gain":0,"max_hp_loss":0,"event_name":"Golden Wing","floor":7,"gold_loss":0}],"is_beta":false,"boss_relics":[{"not_picked":["Tiny House","ChewingGum"],"picked":"Kintsugi"}],"items_purged_floors":[],"is_endless":false,"potions_floor_spawned":[1,5],"ascension_level":0}}