{"host":"ek3xvuouaw6vk9if","time":1607488321,"event":{"gold_per_floor":[10,23,43,61,80,180,180,190,215,215,245,262,262,262,262,359,359,377,389,167,167,180,180,180,180],"floor_reached":24,"playtime":1195,"items_purged":["Strike_P"],"score":270,"play_id":"6c5735c4-bce9-435a-9fd9-fa89d94aa9b3","local_time":"20201208233201","is_ascension_mode":true,"campfire_choices":[{"data":"Poisoned Strike","floor":7,"key":"SMITH"},{"data":"Replay:Battleflow","floor":10,"key":"SMITH"},{"data":"WheelKick","floor":13,"key":"SMITH"},{"floor":15,"key":"REST"},{"floor":23,"key":"REST"}],"neow_cost":"NO_GOLD","seed_source_timestamp":17850838181000,"circlet_count":0,"master_deck":["Strike_P","Strike_P","Strike_P","Defend_P","Defend_P","Defend_P","Defend_P","Eruption","Vigilance","Poisoned Strike+1","Adaptation+1","EmptyMind","ThirdEye","Halt","Replay:Battleflow+1","FollowUp","WheelKick+1","Devotion+1","EmptyBody","Indignation"],"relics":["PureWater","ReplayTheSpireMod:TigerMarble","Potion Belt","Replay:WaspNest","Replay:Bronze Core","Guide Book"],"potions_floor_usage":[4,11,16,16,24],"damage_taken":[{"damage":3,"enemies":"2 Louse","floor":1,"turns":3},{"damage":0,"enemies":"Cultist","floor":2,"turns":3},{"damage":0,"enemies":"Small Slimes","floor":3,"turns":2},{"damage":2,"enemies":"Gremlin Gang","floor":4,"turns":5},{"damage":22,"enemies":"Lots of Slimes","floor":5,"turns":8},{"damage":1,"enemies":"Blue Slaver","floor":8,"turns":6},{"damage":3,"enemies":"Lagavulin","floor":11,"turns":7},{"damage":15,"enemies":"2 Fungi Beasts","floor":12,"turns":4},{"damage":57,"enemies":"Fading Forest","floor":16,"turns":11},{"damage":18,"enemies":"Chosen","floor":18,"turns":6},{"damage":13,"enemies":"Shell Parasite","floor":19,"turns":5},{"damage":13,"enemies":"Centurion and Healer","floor":22,"turns":5},{"damage":43,"enemies":"Book of Stabbing","floor":24,"turns":4}],"seed_played":"2172428839574018887","potions_obtained":[{"floor":1,"key":"LiquidBronze"},{"floor":3,"key":"Explosive Potion"},{"floor":4,"key":"LiquidBronze"},{"floor":8,"key":"Block Potion"},{"floor":16,"key":"Elixir"},{"floor":22,"key":"FearPotion"}],"is_trial":false,"path_per_floor":["M","M","M","M","M","?","R","M","T","R","E","M","R","T","R","B",null,"M","M","$","?","M","R","E"],"character_chosen":"WATCHER","items_purchased":["Guide Book"],"campfire_rested":2,"item_purchase_floors":[20],"current_hp_per_floor":[62,62,62,60,38,38,38,37,37,37,34,19,19,19,40,3,55,37,24,24,24,11,32,0,0],"gold":180,"neow_bonus":"RANDOM_COLORLESS_2","is_prod":false,"is_daily":false,"chose_seed":false,"campfire_upgraded":3,"win_rate":0,"timestamp":1607488321,"path_taken":["M","M","M","M","M","?","R","?","T","R","E","M","R","?","R","BOSS","M","M","?","?","M","R","E"],"build_version":"2020-11-30","purchased_purges":1,"victory":false,"max_hp_per_floor":[72,72,72,72,72,72,72,72,72,72,72,72,72,72,72,72,72,72,72,72,72,72,72,72,72],"card_choices":[{"not_picked":["ReplayTheSpireMod:Necrogeddon","ReplayUltimateDefense"],"picked":"Poisoned Strike","floor":0},{"not_picked":["CrushJoints","Replay:DivineShield"],"picked":"Adaptation","floor":1},{"not_picked":["Swivel","WindmillStrike","SashWhip"],"picked":"SKIP","floor":2},{"not_picked":["Adaptation","Replay:BluntJabs"],"picked":"EmptyMind","floor":3},{"not_picked":["BattleHymn","Worship"],"picked":"ThirdEye","floor":4},{"not_picked":["CrushJoints","JustLucky"],"picked":"Halt","floor":5},{"not_picked":["Consecrate","SashWhip"],"picked":"Replay:Battleflow","floor":8},{"not_picked":["Replay:Anticipation","ClearTheMind"],"picked":"FollowUp","floor":11},{"not_picked":["ClearTheMind","FearNoEvil"],"picked":"WheelKick","floor":12},{"not_picked":["Omniscience","Judgement"],"picked":"Devotion","floor":16},{"not_picked":["ClearTheMind","CrushJoints","Halt"],"picked":"SKIP","floor":18},{"not_picked":["FlyingSleeves+1","JustLucky"],"picked":"EmptyBody","floor":19},{"not_picked":["Nirvana","CutThroughFate+1"],"picked":"Indignation","floor":22}],"player_experience":456843,"relics_obtained":[{"floor":9,"key":"ReplayTheSpireMod:TigerMarble"},{"floor":11,"key":"Potion Belt"},{"floor":14,"key":"Replay:WaspNest"}],"event_choices":[{"damage_healed":0,"gold_gain":100,"player_choice":"Pray","damage_taken":0,"max_hp_gain":0,"max_hp_loss":0,"event_name":"Golden Shrine","floor":6,"gold_loss":0}],"is_beta":false,"boss_relics":[{"not_picked":["Calling Bell","Pandora\u0027s Box"],"picked":"Replay:Bronze Core"}],"items_purged_floors":[20],"is_endless":false,"potions_floor_spawned":[1,3,4,8,16,22],"killed_by":"Book of Stabbing","ascension_level":7}}