{"host":"dekhxjxhillho72f","time":1607545890,"event":{"gold_per_floor":[112,112,112,131,131,155,168,168,168,168,168,202,227,227,227,227,227],"floor_reached":16,"playtime":595,"items_purged":[],"score":100,"play_id":"696c94e4-009b-44b4-824b-19482e04bb1a","local_time":"20201209213130","is_ascension_mode":false,"campfire_choices":[{"data":"hermit:FlashPowder","floor":8,"key":"SMITH"},{"data":"hermit:HighCaliber","floor":11,"key":"SMITH"},{"data":"hermit:HighCaliber","floor":15,"key":"SMITH"}],"neow_cost":"NONE","seed_source_timestamp":22372643888748,"circlet_count":0,"master_deck":["hermit:Strike_Hermit+1","hermit:Strike_Hermit","hermit:Strike_Hermit","hermit:Strike_Hermit","hermit:Defend_Hermit","hermit:Defend_Hermit","hermit:Defend_Hermit+1","hermit:Defend_Hermit+1","hermit:Snapshot","hermit:Covet","Injury","hermit:HighCaliber+1","hermit:HighCaliber+1","hermit:FlashPowder+1","hermit:HighCaliber+1","hermit:FullyLoaded"],"relics":["hermit:Momento","Golden Idol","Mummified Hand","Pear","Regal Pillow"],"potions_floor_usage":[16,16,16],"damage_taken":[{"damage":1,"enemies":"Cultist","floor":1,"turns":3},{"damage":1,"enemies":"Jaw Worm","floor":4,"turns":3},{"damage":0,"enemies":"2 Louse","floor":6,"turns":3},{"damage":0,"enemies":"2 Fungi Beasts","floor":7,"turns":2},{"damage":22,"enemies":"3 Sentries","floor":12,"turns":7},{"damage":7,"enemies":"3 Louse","floor":13,"turns":3},{"damage":41,"enemies":"The Guardian","floor":16,"turns":11}],"seed_played":"7991764109521316068","potions_obtained":[{"floor":6,"key":"hermit:Tonic"},{"floor":7,"key":"hermit:BlackBile"},{"floor":12,"key":"SteroidPotion"}],"is_trial":false,"path_per_floor":["M","?","T","M","?","M","M","R","T","?","R","E","M","?","R","B"],"character_chosen":"HERMIT","items_purchased":[],"campfire_rested":0,"item_purchase_floors":[],"current_hp_per_floor":[74,74,74,73,58,58,58,58,68,68,68,46,39,39,39,0,0],"gold":227,"neow_bonus":"UPGRADE_CARD","is_prod":false,"is_daily":false,"chose_seed":false,"campfire_upgraded":3,"win_rate":0.0,"timestamp":1607545890,"path_taken":["M","?","?","?","?","M","M","R","T","?","R","E","?","?","R","BOSS"],"build_version":"2020-11-30","purchased_purges":0,"victory":false,"max_hp_per_floor":[75,75,75,75,75,75,75,75,85,85,85,85,85,85,85,85,85],"relic_stats":{"Regal Pillow":0,"counters":[7,32],"Golden Idol":24,"Mummified Hand":[0],"obtain_stats":[{"Regal Pillow":12,"Pear":9,"Golden Idol":2,"Mummified Hand":3,"hermit:Momento":0},{"Regal Pillow":5,"Pear":4,"Golden Idol":1,"Mummified Hand":1,"hermit:Momento":0},{"Regal Pillow":18,"Pear":11,"Golden Idol":3,"Mummified Hand":3,"hermit:Momento":0}]},"card_choices":[{"not_picked":["hermit:Roulette","hermit:BodyArmor","hermit:Cheat"],"picked":"SKIP","floor":1},{"not_picked":["hermit:Vantage","hermit:Snipe"],"picked":"hermit:HighCaliber","floor":4},{"not_picked":["hermit:DeadMansHand","hermit:Feint"],"picked":"hermit:HighCaliber","floor":6},{"not_picked":["hermit:Quickdraw","hermit:Gestalt"],"picked":"hermit:FlashPowder","floor":7},{"not_picked":["hermit:LowProfile","hermit:Scavenge","hermit:Vantage"],"picked":"SKIP","floor":12},{"not_picked":["hermit:GhostlyPresence","hermit:BodyArmor"],"picked":"hermit:FullyLoaded","floor":13}],"player_experience":247877,"relics_obtained":[{"floor":3,"key":"Mummified Hand"},{"floor":9,"key":"Pear"},{"floor":12,"key":"Regal Pillow"}],"event_choices":[{"damage_healed":0,"gold_gain":0,"player_choice":"Take Wound","damage_taken":0,"relics_obtained":["Golden Idol"],"max_hp_gain":0,"max_hp_loss":0,"event_name":"Golden Idol","floor":2,"gold_loss":0,"cards_obtained":["Injury"]},{"damage_healed":73,"gold_gain":0,"player_choice":"Upgrade","damage_taken":15,"max_hp_gain":0,"max_hp_loss":75,"event_name":"betterThird:BetterShining","floor":5,"gold_loss":0,"cards_upgraded":["hermit:Defend_Hermit","hermit:Defend_Hermit"]},{"damage_healed":0,"gold_gain":0,"player_choice":"1 cards matched","damage_taken":0,"max_hp_gain":0,"max_hp_loss":0,"event_name":"Match and Keep!","floor":10,"gold_loss":0,"cards_obtained":["hermit:HighCaliber"]},{"damage_healed":0,"gold_gain":0,"player_choice":"1 cards matched","damage_taken":0,"max_hp_gain":0,"max_hp_loss":0,"event_name":"Match and Keep!","floor":10,"gold_loss":0,"cards_obtained":["hermit:HighCaliber"]},{"damage_healed":0,"gold_gain":0,"player_choice":"Grow","damage_taken":0,"max_hp_gain":0,"max_hp_loss":0,"event_name":"Living Wall","floor":14,"gold_loss":0,"cards_upgraded":["hermit:HighCaliber"]}],"is_beta":false,"boss_relics":[],"items_purged_floors":[],"is_endless":false,"potions_floor_spawned":[6,7,12],"killed_by":"The Guardian","ascension_level":0}}