{"host":"r53pw7z744tg3fxg","time":1607473156,"event":{"gold_per_floor":[111,122,133,83,83,83,116,116,116,116,81,81,99,124,124,227,227,237,152,152,152,1,1,16,48,48,48,64,64,76,28,28,28,28],"floor_reached":33,"playtime":1853,"items_purged":[],"score":410,"play_id":"559a930c-dec9-41c8-b4e9-2cbbe6655e03","local_time":"20201208171916","is_ascension_mode":true,"campfire_choices":[{"data":"Eruption","floor":6.0,"key":"SMITH"},{"floor":8.0,"key":"REST"},{"data":"MasterReality","floor":10.0,"key":"SMITH"},{"data":"1","floor":15.0,"key":"LIFT"},{"floor":23.0,"key":"REST"},{"floor":27.0,"key":"REST"},{"floor":32,"key":"REST"}],"neow_cost":"NONE","seed_source_timestamp":0,"circlet_count":0,"master_deck":["Strike_P","Strike_P","Strike_P","Strike_P","Defend_P","Defend_P+1","Defend_P","Defend_P","Eruption+1","Vigilance","ThirdEye","CutThroughFate","BowlingBash","ReachHeaven","PathToVictory","JustLucky","MasterReality+1","Swivel","Impatience","Judgement","BattleHymn","CarveReality","Consecrate","LessonLearned","CurseOfTheBell","Study","JustLucky+1","ConjureBlade","Prostrate+1","WreathOfFlame","Evaluate"],"special_seed":0,"relics":["PureWater","Calipers","Bottled Flame","Girya","FossilizedHelix","Calling Bell","Damaru","Blue Candle","Mango","Bird Faced Urn","Strawberry","Omamori","Ginger","Meat on the Bone"],"potions_floor_usage":[33],"damage_taken":[{"damage":0.0,"enemies":"2 Louse","floor":1.0,"turns":4.0},{"damage":0.0,"enemies":"Cultist","floor":2.0,"turns":4.0},{"damage":0.0,"enemies":"Jaw Worm","floor":3.0,"turns":2.0},{"damage":26.0,"enemies":"Lagavulin","floor":7.0,"turns":6.0},{"damage":16.0,"enemies":"Exordium Wildlife","floor":13.0,"turns":4.0},{"damage":15.0,"enemies":"3 Sentries","floor":14.0,"turns":6.0},{"damage":0.0,"enemies":"Slime Boss","floor":16.0,"turns":2.0},{"damage":26.0,"enemies":"3 Byrds","floor":18.0,"turns":4.0},{"damage":0.0,"enemies":"2 Thieves","floor":24.0,"turns":2.0},{"damage":70.0,"enemies":"Slavers","floor":25.0,"turns":7.0},{"damage":44,"enemies":"Shelled Parasite and Fungi","floor":28,"turns":7},{"damage":0,"enemies":"3 Cultists","floor":30,"turns":3},{"damage":48,"enemies":"Collector","floor":33,"turns":4}],"seed_played":"5256235088615495618","potions_obtained":[{"floor":1.0,"key":"AttackPotion"},{"floor":3.0,"key":"Ancient Potion"},{"floor":13.0,"key":"ColorlessPotion"},{"floor":14.0,"key":"Strength Potion"},{"floor":24.0,"key":"ColorlessPotion"},{"floor":30,"key":"LiquidMemories"}],"is_trial":false,"path_per_floor":["M","M","M","$","?","R","E","R","T","R","$","T","M","E","R","B",null,"M","?","?","?","$","R","M","E","T","R","M","T","M","$","R","B"],"character_chosen":"WATCHER","items_purchased":["PathToVictory","BattleHymn","Strawberry","Evaluate"],"campfire_rested":4,"item_purchase_floors":[4,11,22,31],"current_hp_per_floor":[72,72,72,72,72,72,46,67,67,67,67,67,51,36,36,36,86,60,60,60,43,50,79,79,13,13,42,2,2,16,16,45,0,0],"gold":28,"neow_bonus":"THREE_CARDS","is_prod":false,"is_daily":false,"chose_seed":false,"campfire_upgraded":2,"win_rate":0,"timestamp":1607473156,"path_taken":["M","M","M","$","?","R","E","R","T","R","$","?","M","E","R","BOSS","M","?","?","?","$","R","?","E","T","R","M","?","M","$","R","BOSS"],"build_version":"2020-11-30","purchased_purges":0,"victory":false,"max_hp_per_floor":[72,72,72,72,72,72,72,72,72,72,72,72,72,72,72,72,86,86,86,86,91,98,98,98,98,98,98,98,98,98,98,98,98,98],"card_choices":[{"not_picked":["FlyingSleeves","CrushJoints"],"picked":"ThirdEye","floor":0.0},{"not_picked":["Pray","Weave"],"picked":"CutThroughFate","floor":1.0},{"not_picked":["CrushJoints","FlurryOfBlows"],"picked":"BowlingBash","floor":2.0},{"not_picked":["ClearTheMind","CrushJoints"],"picked":"ReachHeaven","floor":3.0},{"not_picked":["Protect","CrushJoints"],"picked":"Judgement","floor":7.0},{"not_picked":["Fasting2","SashWhip"],"picked":"CarveReality","floor":13.0},{"not_picked":["BowlingBash","PathToVictory"],"picked":"Consecrate","floor":14.0},{"not_picked":["Omniscience","Brilliance"],"picked":"LessonLearned","floor":16.0},{"not_picked":["JustLucky+1","CutThroughFate"],"picked":"Study","floor":18.0},{"not_picked":["Vengeance","InnerPeace"],"picked":"JustLucky+1","floor":24.0},{"not_picked":["SashWhip","FlurryOfBlows"],"picked":"ConjureBlade","floor":25.0},{"not_picked":["FlyingSleeves","ClearTheMind"],"picked":"Prostrate+1","floor":28},{"not_picked":["Halt","MasterReality"],"picked":"WreathOfFlame","floor":30}],"player_experience":1086038,"relics_obtained":[{"floor":7.0,"key":"Calipers"},{"floor":9.0,"key":"Bottled Flame"},{"floor":12.0,"key":"Girya"},{"floor":14.0,"key":"FossilizedHelix"},{"floor":17.0,"key":"Damaru"},{"floor":17.0,"key":"Blue Candle"},{"floor":17.0,"key":"Mango"},{"floor":25.0,"key":"Omamori"},{"floor":26.0,"key":"Ginger"},{"floor":29,"key":"Meat on the Bone"}],"event_choices":[{"damage_healed":0.0,"max_hp_gain":0.0,"max_hp_loss":0.0,"gold_gain":0.0,"event_name":"Match and Keep!","player_choice":"4 cards matched","floor":5.0,"gold_loss":0.0,"damage_taken":0.0,"cards_obtained":["JustLucky","MasterReality","Swivel","Impatience"]},{"damage_healed":0.0,"max_hp_gain":0.0,"max_hp_loss":0.0,"gold_gain":0.0,"event_name":"Addict","player_choice":"Obtained Relic","floor":19.0,"gold_loss":85.0,"damage_taken":0.0,"relics_obtained":["Bird Faced Urn"]},{"damage_healed":0.0,"max_hp_gain":0.0,"max_hp_loss":0.0,"gold_gain":0.0,"event_name":"Vampires","player_choice":"Ignored","floor":20.0,"gold_loss":0.0,"damage_taken":0.0},{"damage_healed":0.0,"max_hp_gain":5.0,"max_hp_loss":0.0,"gold_gain":0.0,"event_name":"Forgotten Altar","player_choice":"Shed Blood","floor":21.0,"gold_loss":0.0,"damage_taken":22.0}],"is_beta":false,"boss_relics":[{"not_picked":["Ectoplasm","Astrolabe"],"picked":"Calling Bell"}],"items_purged_floors":[],"is_endless":false,"potions_floor_spawned":[1,3,13,14,24,30],"killed_by":"Collector","ascension_level":4}}