{"host":"3b17aq70dxje2yp4","time":1607483097,"event":{"gold_per_floor":[15,32,32,47,67,67,77,89,89,54,83,83,98,108,108,210,210,227,254,273,19,30,30,30,42,42,42,42,42,55,55,55,156,156,171,183,193,49,49,49],"floor_reached":39,"playtime":32059,"items_purged":[],"score":407,"play_id":"c2dcb1bc-0bb0-417e-ab08-a5be56a9d12a","local_time":"20201208190457","is_ascension_mode":false,"campfire_choices":[{"floor":6.0,"key":"RECALL"},{"floor":15.0,"key":"REST"},{"floor":24,"key":"REST"},{"floor":28,"key":"REST"},{"floor":32,"key":"REST"}],"neow_cost":"NO_GOLD","seed_source_timestamp":0,"circlet_count":0,"master_deck":["TheCursedMod:CursedWand","TheCursedMod:CleanUpWorkshop","TheCursedMod:Dregs","TheCursedMod:StunningStrike","TheCursedMod:CursedArmor","TheCursedMod:VoidForm","Regret","TheCursedMod:Stretching","TheCursedMod:CursedShiv","TheCursedMod:CursedBlade","TheCursedMod:CursedMace","TheCursedMod:FuryStrike","TheCursedMod:RapidMovement","TheCursedMod:VoidForm","TheCursedMod:ParallelWorld","TheCursedMod:StingEye","TheCursedMod:WearCloak","TheCursedMod:CursedBlade","TheCursedMod:Stigma","TheCursedMod:BlessingInDisguise","TheCursedMod:Stigma","TheCursedMod:Hemoplague","TheCursedMod:FleshFromBone","TheCursedMod:TroublousMinions","TheCursedMod:TacticalStrike","TheCursedMod:CursedMace+1","TheCursedMod:CursedBlade+1","Apotheosis+1","Shame","TheCursedMod:CursedBoomerang","TheCursedMod:ShockAndAwe","TheCursedMod:TroublousMinions+1","TheCursedMod:ReleasedStrength+1","TheCursedMod:ShockAndAwe"],"special_seed":0,"relics":["TheCursedMod:BlackMagic101","Anchor","Kunai","Pandora\u0027s Box","Oddly Smooth Stone","PreservedInsect","Gambling Chip","InkBottle","TheCursedMod:FourLeafCloverCharm","Ancient Tea Set"],"potions_floor_usage":[23,33,33,39],"damage_taken":[{"damage":0.0,"enemies":"Cultist","floor":1.0,"turns":3.0},{"damage":5.0,"enemies":"2 Louse","floor":2.0,"turns":3.0},{"damage":5.0,"enemies":"Small Slimes","floor":4.0,"turns":4.0},{"damage":11.0,"enemies":"Exordium Wildlife","floor":5.0,"turns":4.0},{"damage":4.0,"enemies":"Red Slaver","floor":7.0,"turns":3.0},{"damage":13.0,"enemies":"2 Fungi Beasts","floor":8.0,"turns":3.0},{"damage":19.0,"enemies":"Lagavulin","floor":11.0,"turns":5.0},{"damage":0.0,"enemies":"Exordium Wildlife","floor":13.0,"turns":2.0},{"damage":0.0,"enemies":"Lots of Slimes","floor":14.0,"turns":2.0},{"damage":21.0,"enemies":"Slime Boss","floor":16.0,"turns":9.0},{"damage":20,"enemies":"Chosen","floor":18,"turns":5},{"damage":12,"enemies":"3 Byrds","floor":20,"turns":4},{"damage":20,"enemies":"Snake Plant","floor":22,"turns":6},{"damage":0,"enemies":"Book of Stabbing","floor":23,"turns":1},{"damage":17,"enemies":"Snecko","floor":25,"turns":7},{"damage":4,"enemies":"Centurion and Healer","floor":30,"turns":5},{"damage":30,"enemies":"Automaton","floor":33,"turns":6},{"damage":18,"enemies":"Orb Walker","floor":35,"turns":3},{"damage":29,"enemies":"3 Darklings","floor":36,"turns":5},{"damage":26,"enemies":"Maw","floor":37,"turns":7}],"seed_played":"5801105434664266765","potions_obtained":[{"floor":2.0,"key":"PowerPotion"},{"floor":4.0,"key":"LiquidMemories"},{"floor":8.0,"key":"Weak Potion"},{"floor":11.0,"key":"SpeedPotion"},{"floor":16.0,"key":"PowerPotion"},{"floor":20,"key":"SmokeBomb"},{"floor":22,"key":"CultistPotion"},{"floor":30,"key":"LiquidMemories"},{"floor":33,"key":"SteroidPotion"},{"floor":36,"key":"Swift Potion"}],"is_trial":false,"path_per_floor":["M","M","?","M","M","R","M","M","T","?","E","$","M","M","R","B",null,"M","T","M","$","M","E","R","M","T","?","R","?","M","?","R","B",null,"M","M","M","$","M"],"character_chosen":"THE_CURSED","items_purchased":["PreservedInsect","FairyPotion","Ancient Tea Set"],"campfire_rested":4,"item_purchase_floors":[21,21,38],"current_hp_per_floor":[75,70,70,65,54,54,50,37,37,55,36,36,36,36,58,37,75,55,55,43,43,23,23,45,28,28,28,50,50,46,46,68,38,75,57,28,2,2,0,0],"gold":49,"neow_bonus":"THREE_RARE_CARDS","is_prod":false,"is_daily":false,"chose_seed":false,"campfire_upgraded":0,"win_rate":0,"timestamp":1607483097,"path_taken":["M","?","?","M","M","R","M","M","T","?","E","?","M","M","R","BOSS","M","?","M","$","M","E","R","M","T","?","R","?","M","?","R","BOSS","M","?","M","?","?"],"build_version":"2020-11-30","purchased_purges":0,"victory":false,"max_hp_per_floor":[75,75,75,75,75,75,75,75,75,75,75,75,75,75,75,75,75,75,75,75,75,75,75,75,75,75,75,75,75,75,75,75,75,75,75,75,75,75,75,75],"card_choices":[{"not_picked":["TheCursedMod:Neurasthenia","TheCursedMod:DemonicPact"],"picked":"TheCursedMod:StunningStrike","floor":0.0},{"not_picked":["TheCursedMod:Wield","TheCursedMod:FleshFromBone"],"picked":"TheCursedMod:CursedArmor","floor":1.0},{"not_picked":["TheCursedMod:Stigma","TheCursedMod:CursedAmulet"],"picked":"TheCursedMod:VoidForm","floor":2.0},{"not_picked":["TheCursedMod:BloodBarrier","TheCursedMod:FleshFromBone"],"picked":"TheCursedMod:Stretching","floor":4.0},{"not_picked":["TheCursedMod:DoubleShield","TheCursedMod:CircleOfFocus"],"picked":"TheCursedMod:CursedShiv","floor":5.0},{"not_picked":["TheCursedMod:Stretching","TheCursedMod:CursedAmulet"],"picked":"TheCursedMod:CursedBlade","floor":7.0},{"not_picked":["TheCursedMod:VitalStrike","TheCursedMod:CircleOfBlood"],"picked":"TheCursedMod:CursedMace","floor":8.0},{"not_picked":["TheCursedMod:SoulCrush","TheCursedMod:CircleOfFlame"],"picked":"TheCursedMod:FuryStrike","floor":11.0},{"not_picked":["TheCursedMod:Stigma","TheCursedMod:SpreadPlague"],"picked":"TheCursedMod:RapidMovement","floor":13.0},{"not_picked":["TheCursedMod:CircleOfFocus","TheCursedMod:Hemoplague"],"picked":"TheCursedMod:VoidForm","floor":14.0},{"not_picked":["TheCursedMod:UltimatePain","TheCursedMod:Neurasthenia"],"picked":"TheCursedMod:ParallelWorld","floor":16.0},{"not_picked":["TheCursedMod:AbyssShockwave","TheCursedMod:FleshFromBone"],"picked":"TheCursedMod:TroublousMinions","floor":18},{"not_picked":["TheCursedMod:PrepareRite+1","TheCursedMod:CircleOfFocus"],"picked":"TheCursedMod:TacticalStrike","floor":20},{"not_picked":["TheCursedMod:BloodBarrier","TheCursedMod:RavingStaff"],"picked":"TheCursedMod:CursedMace+1","floor":22},{"not_picked":["TheCursedMod:VitalStrike+1","TheCursedMod:CollectTribute"],"picked":"TheCursedMod:CursedBlade+1","floor":25},{"not_picked":["TheCursedMod:VitalStrike+1","TheCursedMod:RapidMovement"],"picked":"TheCursedMod:CursedBoomerang","floor":30},{"not_picked":["TheCursedMod:CircleOfAbyss","TheCursedMod:ManaCirculation"],"picked":"TheCursedMod:ShockAndAwe","floor":33},{"not_picked":["TheCursedMod:RapidMovement+1","TheCursedMod:Torture"],"picked":"TheCursedMod:TroublousMinions+1","floor":35},{"not_picked":["TheCursedMod:SmokeScreen","TheCursedMod:ManaBullet+1"],"picked":"TheCursedMod:ReleasedStrength+1","floor":36},{"not_picked":["TheCursedMod:Torture+1","TheCursedMod:CircleOfCorruption"],"picked":"TheCursedMod:ShockAndAwe","floor":37}],"player_experience":1000098,"relics_obtained":[{"floor":11.0,"key":"Kunai"},{"floor":19,"key":"Oddly Smooth Stone"},{"floor":26,"key":"Gambling Chip"}],"event_choices":[{"damage_healed":0.0,"max_hp_gain":0.0,"max_hp_loss":0.0,"gold_gain":0.0,"event_name":"Big Fish","player_choice":"Box","floor":3.0,"gold_loss":0.0,"damage_taken":0.0,"relics_obtained":["Anchor"],"cards_obtained":["Regret"]},{"damage_healed":18.0,"max_hp_gain":0.0,"max_hp_loss":0.0,"gold_gain":0.0,"event_name":"The Cleric","player_choice":"Healed","floor":10.0,"gold_loss":35.0,"damage_taken":0.0},{"cards_removed":["Apotheosis"],"damage_healed":0,"gold_gain":0,"player_choice":"Take \u0026 Give","damage_taken":0,"max_hp_gain":0,"max_hp_loss":0,"event_name":"betterNote:BetterNote","floor":27,"gold_loss":0,"cards_obtained":["Apotheosis"]},{"damage_healed":0,"gold_gain":0,"player_choice":"Stole Relic","damage_taken":0,"relics_obtained":["InkBottle"],"max_hp_gain":0,"max_hp_loss":0,"event_name":"Addict","floor":29,"gold_loss":0,"cards_obtained":["Shame"]},{"damage_healed":0,"gold_gain":0,"player_choice":"Bought 0 Potions","damage_taken":0,"max_hp_gain":0,"max_hp_loss":0,"event_name":"The Woman in Blue","floor":31,"gold_loss":0}],"is_beta":false,"boss_relics":[{"not_picked":["Busted Crown","Sozu"],"picked":"Pandora\u0027s Box"},{"not_picked":["Philosopher\u0027s Stone","Snecko Eye"],"picked":"TheCursedMod:FourLeafCloverCharm"}],"items_purged_floors":[],"is_endless":false,"potions_floor_spawned":[2,4,8,11,16,20,22,30,33,36,37],"killed_by":"Sphere and 2 Shapes","ascension_level":0}}