{"host":"jm9833yuloeli2yd","time":1607537713,"event":{"gold_per_floor":[119,119,129,149,161,190,190,223,223,32,51,51,51,51,51,51,51],"floor_reached":16,"playtime":323,"items_purged":[],"score":220,"play_id":"fa07cb12-5f2c-465a-b2f1-4e27dfce7f7d","local_time":"20201209131513","is_ascension_mode":true,"campfire_choices":[{"floor":7.0,"key":"REST"},{"floor":12.0,"key":"REST"},{"data":"Apotheosis","floor":15.0,"key":"SMITH"}],"neow_cost":"NONE","seed_source_timestamp":763873910534800,"circlet_count":0,"master_deck":["AscendersBane","Strike_B","Strike_B","Strike_B","Defend_B","Defend_B","Defend_B","Defend_B","Zap","Dualcast","Static Discharge","Capacitor","Amplify","Undo","Conserve Battery","Leap","Apotheosis+1"],"special_seed":0,"relics":["Cracked Core","The Courier","Centennial Puzzle","Gremlin Horn","Frozen Egg 2"],"potions_floor_usage":[16],"damage_taken":[{"damage":4.0,"enemies":"2 Louse","floor":1.0,"turns":3.0},{"damage":1.0,"enemies":"Cultist","floor":3.0,"turns":3.0},{"damage":7.0,"enemies":"Jaw Worm","floor":4.0,"turns":3.0},{"damage":7.0,"enemies":"2 Fungi Beasts","floor":5.0,"turns":4.0},{"damage":72.0,"enemies":"Gremlin Nob","floor":6.0,"turns":5.0},{"damage":34.0,"enemies":"Lagavulin","floor":8.0,"turns":8.0},{"damage":10.0,"enemies":"Exordium Wildlife","floor":11.0,"turns":5.0},{"damage":0,"enemies":"Slime Boss","floor":16,"turns":3}],"seed_played":"2755085474019714419","potions_obtained":[{"floor":0.0,"key":"LiquidMemories"},{"floor":0.0,"key":"FairyPotion"},{"floor":11.0,"key":"LiquidBronze"}],"is_trial":false,"path_per_floor":["M","?","M","M","M","E","R","E","T","$","M","R","?","T","R","B"],"character_chosen":"DEFECT","items_purchased":["Conserve Battery","Fruit Juice","Fire Potion","Fire Potion"],"campfire_rested":2,"item_purchase_floors":[10,10,10,10],"current_hp_per_floor":[60,60,59,52,45,21,42,8,8,13,3,25,25,25,25,25,25],"gold":51,"neow_bonus":"THREE_SMALL_POTIONS","is_prod":false,"is_daily":false,"chose_seed":false,"campfire_upgraded":1,"win_rate":0,"timestamp":1607537713,"path_taken":["M","?","M","M","?","E","R","E","T","$","M","R","?","?","R","BOSS"],"build_version":"2020-11-30","purchased_purges":0,"victory":false,"max_hp_per_floor":[71,71,71,71,71,71,71,71,71,76,76,76,76,76,76,76,76],"card_choices":[{"not_picked":["Chaos","Stack","Leap"],"picked":"SKIP","floor":1.0},{"not_picked":["Conserve Battery","Fusion","Aggregate"],"picked":"SKIP","floor":3.0},{"not_picked":["Stack","Reprogram"],"picked":"Static Discharge","floor":4.0},{"not_picked":["Turbo","Streamline"],"picked":"Capacitor","floor":5.0},{"not_picked":["Chaos","Sunder"],"picked":"Amplify","floor":6.0},{"not_picked":["Lockon","Turbo"],"picked":"Undo","floor":8.0},{"not_picked":["Coolheaded","Reprogram"],"picked":"Leap","floor":11.0},{"not_picked":["Purity","Madness"],"picked":"Apotheosis","floor":13.0}],"player_experience":982883,"relics_obtained":[{"floor":6.0,"key":"The Courier"},{"floor":8.0,"key":"Centennial Puzzle"},{"floor":9.0,"key":"Gremlin Horn"},{"floor":14.0,"key":"Frozen Egg 2"}],"event_choices":[{"cards_removed":["Strike_B"],"damage_healed":0.0,"max_hp_gain":0.0,"max_hp_loss":0.0,"gold_gain":0.0,"event_name":"Purifier","player_choice":"Purged","floor":2.0,"gold_loss":0.0,"damage_taken":0.0},{"damage_healed":0.0,"max_hp_gain":0.0,"max_hp_loss":0.0,"gold_gain":1.0,"event_name":"betterStone:BetterStone","player_choice":"1","floor":13.0,"gold_loss":0.0,"damage_taken":0.0}],"is_beta":false,"boss_relics":[],"items_purged_floors":[],"is_endless":false,"potions_floor_spawned":[5,11],"killed_by":"Slime Boss","ascension_level":20}}