{"host":"y5gwkyp54bvo4ymw","time":1607533991,"event":{"gold_per_floor":[805,880,830,34,34,34,54,89,89,193,222,315,331,331,331,426,426,444,462,462,15,35,35,0,12,37,145,160,160,9,28,28,125,125,140,140,140,116,132,132,152,152,152,162,179,179,195,195,195,195],"floor_reached":51,"playtime":2228,"items_purged":["TheCursedMod:Strike_TheCursed","TheCursedMod:Defend_TheCursed","TheCursedMod:Defend_TheCursed"],"score":854,"play_id":"ca5e68f4-6c0d-4cfc-bcab-44a3c096e5db","local_time":"20201209121311","is_ascension_mode":false,"campfire_choices":[{"data":"TheCursedMod:Hemoplague","floor":6.0,"key":"SMITH"},{"data":"TheCursedMod:CircleOfAbyss","floor":15.0,"key":"SMITH"},{"data":"TheCursedMod:Mangle","floor":23.0,"key":"SMITH"},{"data":"TheCursedMod:CleanUpWorkshop","floor":32.0,"key":"SMITH"},{"data":"Secret Technique","floor":40,"key":"SMITH"},{"data":"TheCursedMod:SurpriseAttack","floor":42,"key":"SMITH"},{"data":"hubris:InfiniteBlow+1","floor":49,"key":"SMITH"}],"neow_cost":"NONE","seed_source_timestamp":0,"circlet_count":0,"master_deck":["TheCursedMod:Strike_TheCursed","TheCursedMod:Strike_TheCursed","TheCursedMod:Defend_TheCursed","TheCursedMod:Defend_TheCursed","TheCursedMod:CleanUpWorkshop+1","TheCursedMod:Dregs","conspire:Banana+1","Secret Technique+1","TheCursedMod:VitalStrike","TheCursedMod:Mangle+1","TheCursedMod:CircleOfAbyss+1","TheCursedMod:SurpriseAttack+1","TheCursedMod:SaltUponWound+1","FollowUp","Dramatic Entrance+1","TheCursedMod:TacticalStrike+1","TheCursedMod:SurpriseAttack+1","infinitespire:Gouge+1","Brilliance+1","TheCursedMod:CursedWand","Prostrate+1","TheCursedMod:Stigma+1","Consecrate+1","hubris:InfiniteBlow+2"],"special_seed":0,"relics":["TheCursedMod:BlackMagic101","Nunchaku","conspire:Boomerang","StuffTheSpire:TintedRock","infinitespire:BottledMercury","vexMod:BarristanHead","aspiration:WatcherSkillbook","halation:PinkSoulGem","Molten Egg 2","Juzu Bracelet","StuffTheSpire:Mouthbags","halation:TrafficLight","StuffTheSpire:Kangaroo","Oddly Smooth Stone","Bag of Marbles","StuffTheSpire:Expresso"],"potions_floor_usage":[41,50,50,50],"damage_taken":[{"damage":1.0,"enemies":"2 Louse","floor":1.0,"turns":3.0},{"damage":5.0,"enemies":"Small Slimes","floor":7.0,"turns":3.0},{"damage":5.0,"enemies":"3 Sentries","floor":8.0,"turns":6.0},{"damage":20.0,"enemies":"Gremlin Nob","floor":10.0,"turns":5.0},{"damage":0.0,"enemies":"conspire:RoseBush","floor":11.0,"turns":3.0},{"damage":0.0,"enemies":"2 Fungi Beasts","floor":12.0,"turns":6.0},{"damage":13.0,"enemies":"Exordium Thugs","floor":13.0,"turns":4.0},{"damage":0.0,"enemies":"Hexaghost","floor":16.0,"turns":5.0},{"damage":9.0,"enemies":"Shell Parasite","floor":18.0,"turns":4.0},{"damage":3.0,"enemies":"3 Byrds","floor":19.0,"turns":3.0},{"damage":7.0,"enemies":"Centurion and Healer","floor":22.0,"turns":5.0},{"damage":21.0,"enemies":"Snake Plant","floor":25.0,"turns":3.0},{"damage":15.0,"enemies":"Book of Stabbing","floor":27.0,"turns":3.0},{"damage":9.0,"enemies":"Shelled Parasite and Fungi","floor":28.0,"turns":4.0},{"damage":0.0,"enemies":"Snecko","floor":31.0,"turns":2.0},{"damage":18.0,"enemies":"hubris:MusketHawk","floor":33.0,"turns":5.0},{"damage":0,"enemies":"Orb Walker","floor":35,"turns":1},{"damage":0,"enemies":"3 Darklings","floor":39,"turns":1},{"damage":0,"enemies":"Jaw Worm Horde","floor":41,"turns":2},{"damage":0,"enemies":"Writhing Mass","floor":44,"turns":1},{"damage":0,"enemies":"3 Darklings","floor":45,"turns":1},{"damage":0,"enemies":"Spire Growth","floor":47,"turns":1},{"damage":0,"enemies":"Awakened One","floor":50,"turns":3}],"seed_played":"-8501361688886725300","potions_obtained":[{"floor":7.0,"key":"Fire Potion"},{"floor":10.0,"key":"blueLaboratory:BubblePotion"},{"floor":12.0,"key":"Dexterity Potion"},{"floor":13.0,"key":"ColorlessPotion"},{"floor":25.0,"key":"LiquidMemories"},{"floor":31.0,"key":"blueLaboratory:BottleOfVodka"},{"floor":41,"key":"blueLaboratory:Moonshine"},{"floor":44,"key":"blueLaboratory:FruitPunch"}],"is_trial":false,"path_per_floor":["M","?","?","$","?","R","M","E","T","E","M","M","M","?","R","B",null,"M","M","?","$","M","R","?","M","T","E","M","AVR","$","M","R","B",null,"M","?","?","$","M","R","M","R","T","M","M","AVR","M","?","R","B",null],"character_chosen":"THE_CURSED","items_purchased":["conspire:Boomerang","conspire:Banana","Secret Technique","TheCursedMod:Hemoplague","TheCursedMod:VitalStrike","TheCursedMod:Mangle","Molten Egg 2","Dramatic Entrance+1","Oddly Smooth Stone","TheCursedMod:Stigma+1"],"campfire_rested":0,"item_purchase_floors":[4,4,4,4,4,4,21,21,30,38],"current_hp_per_floor":[74,63,63,63,63,63,60,57,57,39,41,43,32,32,32,34,89,82,81,81,81,76,76,76,57,57,44,37,37,37,39,39,23,105,105,100,100,100,100,100,100,100,100,102,104,104,104,104,104,106],"gold":195,"neow_bonus":"RANDOM_COMMON_RELIC","is_prod":false,"is_daily":false,"chose_seed":false,"campfire_upgraded":7,"win_rate":0.0,"timestamp":1607533991,"path_taken":["M","?","?","$","?","R","M","E","T","E","M","?","M","?","R","BOSS","M","M","?","$","M","R","?","M","T","E","M","AVR","?","M","R","BOSS","M","?","?","?","M","R","M","R","T","M","M","AVR","M","?","R","BOSS"],"build_version":"2020-11-30","purchased_purges":3,"victory":true,"max_hp_per_floor":[75,75,75,75,75,75,77,79,79,81,83,85,87,87,87,89,89,91,93,93,93,95,95,95,97,97,99,101,101,101,103,103,105,105,105,100,100,100,100,100,100,100,100,102,104,104,104,104,104,106],"card_choices":[{"not_picked":["TheCursedMod:CircleOfFocus","TheCursedMod:SmokeScreen","TheCursedMod:Wield"],"picked":"SKIP","floor":1.0},{"not_picked":["TheCursedMod:Wield","TheCursedMod:RavingStaff","TheCursedMod:AntiAging"],"picked":"SKIP","floor":7.0},{"not_picked":["TheCursedMod:BlessingInDisguise","TheCursedMod:WearCloak","TheCursedMod:DoubleShield"],"picked":"SKIP","floor":8.0},{"not_picked":["TheCursedMod:VitalStrike","TheCursedMod:AbyssShockwave"],"picked":"TheCursedMod:CircleOfAbyss","floor":10.0},{"not_picked":["TheCursedMod:TacticalStrike","TheCursedMod:CursedShiv"],"picked":"TheCursedMod:SurpriseAttack","floor":11.0},{"not_picked":["TheCursedMod:VitalStrike","TheCursedMod:CursedMace"],"picked":"TheCursedMod:SaltUponWound","floor":12.0},{"not_picked":["TheCursedMod:BlessingInDisguise","TheCursedMod:VitalStrike","TheCursedMod:SpitefulStrike"],"picked":"SKIP","floor":13.0},{"not_picked":["Nirvana","Crescendo","TheCursedMod:WearCloak"],"picked":"FollowUp","floor":18.0},{"not_picked":["PathToVictory","TheCursedMod:Stigma","TheCursedMod:FleshFromBone+1","Vengeance"],"picked":"SKIP","floor":19.0},{"not_picked":["Collect","Consecrate+1","TheCursedMod:SpitefulStrike+1"],"picked":"TheCursedMod:TacticalStrike+1","floor":22.0},{"not_picked":["Omniscience","TheCursedMod:SpitefulPray","EmptyMind"],"picked":"TheCursedMod:SurpriseAttack+1","floor":25.0},{"not_picked":["Vengeance","PathToVictory","ClearTheMind","Protect+1"],"picked":"SKIP","floor":27.0},{"not_picked":["TheCursedMod:Grudge","CrushJoints+1","FollowUp+1","TheCursedMod:Stigma+1"],"picked":"SKIP","floor":28.0},{"not_picked":["TheCursedMod:SpreadPlague","Swivel","TalkToTheHand+1","Evaluate"],"picked":"SKIP","floor":31.0},{"not_picked":["TheCursedMod:ShockAndAwe+1","Blasphemy","TheCursedMod:DemonicPact"],"picked":"Brilliance+1","floor":33.0},{"not_picked":["TheCursedMod:LuckyCharm","EmptyBody+1","TheCursedMod:CircleOfAmplification+1"],"picked":"Prostrate+1","floor":35},{"not_picked":["WheelKick+1","JustLucky+1","TheCursedMod:Obscuration","FlurryOfBlows+1"],"picked":"SKIP","floor":39},{"not_picked":["PathToVictory+1","TheCursedMod:ReleasedStrength+1","CarveReality+1"],"picked":"Consecrate+1","floor":41},{"not_picked":["FollowUp+1","TheCursedMod:Stigma+1","TheCursedMod:CursedAmulet","ConjureBlade"],"picked":"SKIP","floor":44},{"not_picked":["FollowUp+1","CutThroughFate+1","TheCursedMod:CircleOfWindfury+1","CarveReality+1"],"picked":"SKIP","floor":45},{"not_picked":["TheCursedMod:CircleOfFlame","Crescendo+1","Adaptation+1","TheCursedMod:CircleOfCorruption"],"picked":"SKIP","floor":47}],"player_experience":566144,"relics_obtained":[{"floor":8.0,"key":"StuffTheSpire:TintedRock"},{"floor":9.0,"key":"infinitespire:BottledMercury"},{"floor":10.0,"key":"vexMod:BarristanHead"},{"floor":26.0,"key":"Juzu Bracelet"},{"floor":27.0,"key":"StuffTheSpire:Mouthbags"},{"floor":43,"key":"Bag of Marbles"}],"event_choices":[{"damage_healed":0.0,"max_hp_gain":0.0,"max_hp_loss":0.0,"gold_gain":75.0,"event_name":"betterThird:BetterGoop","player_choice":"Gold","floor":2.0,"gold_loss":0.0,"damage_taken":11.0},{"cards_removed":["TheCursedMod:Strike_TheCursed"],"damage_healed":0.0,"max_hp_gain":0.0,"max_hp_loss":0.0,"gold_gain":0.0,"event_name":"The Cleric","player_choice":"Card Removal","floor":3.0,"gold_loss":50.0,"damage_taken":0.0},{"damage_healed":0.0,"max_hp_gain":0.0,"max_hp_loss":0.0,"gold_gain":0.0,"event_name":"Accursed Blacksmith","player_choice":"Forge","floor":5.0,"gold_loss":0.0,"damage_taken":0.0,"cards_upgraded":["conspire:Banana"]},{"damage_healed":0.0,"max_hp_gain":0.0,"max_hp_loss":0.0,"gold_gain":0.0,"event_name":"Upgrade Shrine","player_choice":"Upgraded","floor":14.0,"gold_loss":0.0,"damage_taken":0.0,"cards_upgraded":["TheCursedMod:SaltUponWound"]},{"damage_healed":0.0,"max_hp_gain":0.0,"max_hp_loss":0.0,"gold_gain":0.0,"event_name":"Masked Bandits","player_choice":"Paid Fearfully","floor":24.0,"gold_loss":35.0,"damage_taken":0.0},{"damage_healed":0,"gold_gain":0,"player_choice":"Max HP","damage_taken":0,"max_hp_gain":0,"max_hp_loss":5,"event_name":"Winding Halls","floor":36,"gold_loss":0},{"damage_healed":0,"gold_gain":0,"player_choice":"Leave","damage_taken":0,"max_hp_gain":0,"max_hp_loss":0,"event_name":"conspire:Investor","floor":37,"gold_loss":0},{"cards_removed":["TheCursedMod:Hemoplague"],"damage_healed":0,"gold_gain":0,"player_choice":"Removed Power","damage_taken":0,"max_hp_gain":0,"max_hp_loss":0,"event_name":"Falling","floor":48,"gold_loss":0}],"is_beta":false,"boss_relics":[{"not_picked":["halation:Risk","energizedSpire:OgreHead"],"picked":"aspiration:WatcherSkillbook"},{"not_picked":[]}],"items_purged_floors":[4,21,29],"is_endless":false,"potions_floor_spawned":[7,10,12,13,25,27,31,39,41,44,47],"ascension_level":0}}