{"host":"6yklbc9za0aylqsj","time":1607542420,"event":{"gold_per_floor":[216,230,230,230,249,249,265,298,298,365,161,126,186,197,197,197,197],"floor_reached":16,"playtime":376,"items_purged":[],"score":200,"play_id":"7a242571-c313-461d-a868-e51574aa01ef","local_time":"20201209203340","is_ascension_mode":true,"campfire_choices":[{"data":"Neutralize","floor":6.0,"key":"SMITH"},{"data":"Accuracy","floor":15,"key":"SMITH"}],"neow_cost":"NONE","seed_source_timestamp":867638569300,"circlet_count":0,"master_deck":["AscendersBane","Strike_G","Strike_G","Strike_G","Strike_G","Strike_G","Defend_G","Defend_G","Defend_G","Defend_G","Defend_G","Survivor","Neutralize+1","Riddle With Holes","Poisoned Stab","Finisher","Unload","Accuracy+1","Blade Dance","Blade Dance"],"special_seed":0,"relics":["Ring of the Snake","Bag of Preparation","Nunchaku","Vajra","HornCleat"],"potions_floor_usage":[],"damage_taken":[{"damage":0.0,"enemies":"Small Slimes","floor":1.0,"turns":4.0},{"damage":1.0,"enemies":"2 Louse","floor":2.0,"turns":3.0},{"damage":0.0,"enemies":"Cultist","floor":5.0,"turns":3.0},{"damage":4.0,"enemies":"Exordium Thugs","floor":7.0,"turns":4.0},{"damage":53,"enemies":"Lagavulin","floor":8,"turns":10},{"damage":6,"enemies":"Gremlin Nob","floor":13,"turns":3},{"damage":1,"enemies":"Looter","floor":14,"turns":2},{"damage":16,"enemies":"Slime Boss","floor":16,"turns":6}],"seed_played":"1109335480426743237","potions_obtained":[{"floor":2.0,"key":"SteroidPotion"},{"floor":8,"key":"Ancient Potion"},{"floor":14,"key":"Energy Potion"}],"is_trial":false,"path_per_floor":["M","M","?","?","M","R","M","E","T","?","$","?","?","M","R","B"],"character_chosen":"THE_SILENT","items_purchased":["Vajra","Accuracy"],"campfire_rested":0,"item_purchase_floors":[11,11],"current_hp_per_floor":[59,58,63,63,63,63,59,6,6,6,6,23,17,16,16,0,0],"gold":197,"neow_bonus":"HUNDRED_GOLD","is_prod":false,"is_daily":false,"chose_seed":false,"campfire_upgraded":2,"win_rate":0,"timestamp":1607542420,"path_taken":["M","M","?","?","M","R","M","E","T","?","$","?","?","M","R","BOSS"],"build_version":"2020-11-30","purchased_purges":0,"victory":false,"max_hp_per_floor":[66,66,71,71,71,71,71,71,71,71,71,71,71,71,71,71,71],"relic_stats":{"Nunchaku":[3],"counters":[8,35],"Bag of Preparation":[6],"obtain_stats":[{"Nunchaku":9,"HornCleat":13,"Vajra":11,"Bag of Preparation":8,"Ring of the Snake":0},{"Nunchaku":5,"HornCleat":6,"Vajra":5,"Bag of Preparation":5,"Ring of the Snake":0},{"Nunchaku":24,"HornCleat":27,"Vajra":24,"Bag of Preparation":24,"Ring of the Snake":0}],"Ring of the Snake":[16]},"card_choices":[{"not_picked":["Acrobatics","Accuracy","Dodge and Roll"],"picked":"SKIP","floor":1.0},{"not_picked":["Backflip","Skewer"],"picked":"Riddle With Holes","floor":2.0},{"not_picked":["Deflect","Choke"],"picked":"Poisoned Stab","floor":5.0},{"not_picked":["Bane","Terror"],"picked":"Finisher","floor":7.0},{"not_picked":["Tactician","Blur"],"picked":"Unload","floor":8},{"not_picked":["Slice","Blur"],"picked":"Blade Dance","floor":13},{"not_picked":["Dagger Throw","Poisoned Stab"],"picked":"Blade Dance","floor":14}],"player_experience":664936,"relics_obtained":[{"floor":8,"key":"Bag of Preparation"},{"floor":9,"key":"Nunchaku"},{"floor":13,"key":"HornCleat"}],"event_choices":[{"damage_healed":0.0,"max_hp_gain":5.0,"max_hp_loss":0.0,"gold_gain":0.0,"event_name":"Big Fish","player_choice":"Donut","floor":3.0,"gold_loss":0.0,"damage_taken":0.0},{"damage_healed":0.0,"max_hp_gain":0.0,"max_hp_loss":0.0,"gold_gain":0.0,"event_name":"Scrap Ooze","player_choice":"Fled","floor":4.0,"gold_loss":0.0,"damage_taken":0.0},{"damage_healed":0,"gold_gain":67,"player_choice":"Gained Gold","damage_taken":0,"max_hp_gain":0,"max_hp_loss":0,"event_name":"Golden Wing","floor":10,"gold_loss":0},{"damage_healed":17,"gold_gain":0,"player_choice":"Healed","damage_taken":0,"max_hp_gain":0,"max_hp_loss":0,"event_name":"The Cleric","floor":12,"gold_loss":35},{"damage_healed":0,"gold_gain":30,"player_choice":"Searched \u00272\u0027 times","damage_taken":0,"max_hp_gain":0,"max_hp_loss":0,"event_name":"Dead Adventurer","floor":13,"gold_loss":0}],"is_beta":false,"boss_relics":[],"items_purged_floors":[],"is_endless":false,"potions_floor_spawned":[2,8,14],"killed_by":"Slime Boss","ascension_level":20}}