{"host":"h2i40m4bo7ruu9qj","time":1607484980,"event":{"gold_per_floor":[117,132,148,160,170,170,184,199,199,199,56,56,67,67,67,169,169,186,111,11,11,23,23],"floor_reached":22,"playtime":2517,"items_purged":["HollowMod:WraithStrike","Sickly"],"score":180,"play_id":"d3c740de-dd06-41af-8f30-b52b67fb4dc3","local_time":"20201208193620","is_ascension_mode":false,"campfire_choices":[{"data":"HollowMod:Hiveblood","floor":6,"key":"SMITH"},{"data":"HollowMod:DoubleDash","floor":10,"key":"SMITH"},{"data":"HollowMod:BaldurShell","floor":12,"key":"SMITH"},{"data":"HollowMod:FocusHealStart","floor":15,"key":"SMITH"}],"neow_cost":"NONE","seed_source_timestamp":62210176326900,"circlet_count":0,"master_deck":["HollowMod:NailStrikeStart","HollowMod:NailStrikeStart","HollowMod:NailStrikeStart","HollowMod:NailStrikeStart","HollowMod:QuickDashStart","HollowMod:QuickDashStart","HollowMod:QuickDashStart","HollowMod:QuickDashStart","HollowMod:FocusHealStart+1","HollowMod:PogoStrike","HollowMod:GoodIntentions","HollowMod:DashSlash","HollowMod:SoulEater","HollowMod:Hiveblood+1","HollowMod:PureNailStrike","HollowMod:DoubleDash+1","HollowMod:BaldurShell+1","HollowMod:HowlingWraiths","HollowMod:Weaversong","Slimebound:Icky","HollowMod:NewGlowingWomb+1"],"relics":["HollowMod:VesselMask","Eternal Feather","Replay:Ancient Bell","Bag of Preparation","Pantograph","Thread and Needle","Nilry\u0027s Codex"],"potions_floor_usage":[16,18,22],"damage_taken":[{"damage":0,"enemies":"Small Slimes","floor":1,"turns":3},{"damage":6,"enemies":"2 Louse","floor":2,"turns":2},{"damage":3,"enemies":"Cultist","floor":3,"turns":4},{"damage":21,"enemies":"Blue Slaver","floor":4,"turns":5},{"damage":17,"enemies":"Gremlin Gang","floor":5,"turns":8},{"damage":6,"enemies":"2 Fungi Beasts","floor":7,"turns":3},{"damage":36,"enemies":"Exordium Thugs","floor":8,"turns":5},{"damage":18,"enemies":"Exordium Wildlife","floor":13,"turns":5},{"damage":71,"enemies":"HollowMod:FalseKnight","floor":16,"turns":17},{"damage":47,"enemies":"Chosen","floor":18,"turns":8},{"damage":14,"enemies":"Spheric Guardian","floor":22,"turns":5}],"seed_played":"-8937788130240881069","potions_obtained":[{"floor":4,"key":"SteroidPotion"},{"floor":5,"key":"Fire Potion"},{"floor":8,"key":"SpeedPotion"},{"floor":16,"key":"PowerPotion"},{"floor":18,"key":"Fruit Juice"}],"is_trial":false,"path_per_floor":["M","M","M","M","M","R","M","M","T","R","$","R","M","?","R","B",null,"M","?","$","?","M"],"character_chosen":"THE_BUGKNIGHT","items_purchased":["HollowMod:BaldurShell"],"campfire_rested":0,"item_purchase_floors":[11],"current_hp_per_floor":[82,76,73,58,51,51,45,31,31,40,40,49,53,53,62,29,82,60,60,60,44,35,35],"gold":23,"neow_bonus":"TEN_PERCENT_HP_BONUS","is_prod":false,"is_daily":false,"chose_seed":false,"campfire_upgraded":4,"win_rate":0.0,"timestamp":1607484980,"path_taken":["M","M","M","M","M","R","M","M","T","R","$","R","M","?","R","BOSS","M","?","$","?","M"],"build_version":"2020-11-30","purchased_purges":2,"victory":false,"max_hp_per_floor":[82,82,82,82,82,82,82,82,82,82,82,82,82,82,82,82,82,82,82,82,82,87,87],"card_choices":[{"not_picked":["HollowMod:SiblingsSouls","HollowMod:VengefulVoid"],"picked":"HollowMod:WraithStrike","floor":1},{"not_picked":["HollowMod:SoulSplash","HollowMod:DoubleDash"],"picked":"HollowMod:GoodIntentions","floor":2},{"not_picked":["HollowMod:SoulSplash","HollowMod:NewLittleFool"],"picked":"HollowMod:DashSlash","floor":3},{"not_picked":["HollowMod:SiblingsShadow","HollowMod:GreatSlash"],"picked":"HollowMod:SoulEater","floor":4},{"not_picked":["HollowMod:CycloneSlash","HollowMod:Grubsong"],"picked":"HollowMod:Hiveblood","floor":5},{"not_picked":["HollowMod:ChannelNail","HollowMod:VengefulVoid"],"picked":"HollowMod:PureNailStrike","floor":7},{"not_picked":["HollowMod:HeavyBlow","HollowMod:PureNailStrike"],"picked":"HollowMod:DoubleDash","floor":8},{"not_picked":["HollowMod:CornifersMapStart","HollowMod:SoulEater"],"picked":"HollowMod:HowlingWraiths","floor":13},{"not_picked":["HollowMod:MidwifesHunger","HollowMod:ElderbugsWisdom"],"picked":"HollowMod:Weaversong","floor":16},{"not_picked":["Overencumbered","ReplayTheSpireMod:IOU"],"picked":"Slimebound:Icky","floor":17},{"not_picked":["ReplayTheSpireMod:Doomed","Delirium"],"picked":"Sickly","floor":17},{"not_picked":["Guardian:Aged","ReplayTheSpireMod:Doomed"],"picked":"ReplayTheSpireMod:Splinters","floor":17},{"not_picked":["HollowMod:InfectionAssault","HollowMod:MawleksShell"],"picked":"HollowMod:NewGlowingWomb+1","floor":18}],"player_experience":115177,"relics_obtained":[{"floor":9,"key":"Eternal Feather"},{"floor":21,"key":"Nilry\u0027s Codex"}],"event_choices":[{"damage_healed":0,"gold_gain":0,"player_choice":"Ignored","damage_taken":0,"max_hp_gain":0,"max_hp_loss":0,"event_name":"Golden Idol","floor":14,"gold_loss":0},{"cards_removed":["ReplayTheSpireMod:Splinters"],"damage_healed":0,"gold_gain":0,"player_choice":"Gave Gold","damage_taken":0,"max_hp_gain":0,"max_hp_loss":0,"event_name":"Beggar","floor":19,"gold_loss":75},{"damage_healed":0,"gold_gain":0,"player_choice":"Obtained Book","damage_taken":16,"max_hp_gain":0,"max_hp_loss":0,"event_name":"Cursed Tome","floor":21,"gold_loss":0}],"is_beta":false,"boss_relics":[{"not_picked":["Runic Dome","Pandora\u0027s Box"],"picked":"Replay:Ancient Bell"},{"not_picked":["HollowMod:KingsBrand","Tiny Chest"],"picked":"Bag of Preparation"},{"not_picked":["Replay:Bottled Snecko","Sundial"],"picked":"Pantograph"},{"not_picked":["FossilizedHelix","Gambling Chip"],"picked":"Thread and Needle"}],"items_purged_floors":[11,20],"is_endless":false,"potions_floor_spawned":[4,5,8,16,18],"killed_by":"Spheric Guardian","ascension_level":0}}