{"host":"fq9q35as5g8xdsoo","time":1607483768,"event":{"gold_per_floor":[110,127,127,140,140,140,154,154,154,172,172,613,493,504,504,602,602,619,637,637,637,654,685,685,705,705,740,586,596,524,524,524,621,621,635,651,84,84,84,84,110,110,110,128,128,128,157,172,172,172,192,212,55,55,55,72,72,372,372,372],"floor_reached":61,"playtime":4022,"items_purged":[],"score":1845,"play_id":"8e38dedc-6d2a-4143-8337-759dad8c26fc","local_time":"20201208191608","is_ascension_mode":true,"campfire_choices":[{"data":"rmod:generalist","floor":6.0,"key":"SMITH"},{"data":"rmod:intelligenceanalysis","floor":8.0,"key":"SMITH"},{"data":"rmod:fuelsupply","floor":11.0,"key":"SMITH"},{"data":"rmod:selfconfidence","floor":32.0,"key":"SMITH"},{"floor":40.0,"key":"RECALL"},{"floor":42.0,"key":"REST"},{"floor":46.0,"key":"REST"},{"floor":49.0,"key":"REST"},{"floor":55,"key":"REST"},{"floor":57,"key":"REST"}],"neow_cost":"BASIC_CARDS","seed_source_timestamp":0,"circlet_count":0,"master_deck":["rmod:selfconfidence+1","rmod:fuelsupply+1","rmod:acesubmarine+1","rmod:generalist+1","rmod:firesupport+1"],"special_seed":0,"relics":["rmod:firstchargereward","Hammer of Thor","Seething Fire","Anvil of the Gods","hubris:GlazedTorus","Pear","Dota2Spire:Satanic","trackpad:Mousetrap","Mirror","Sozu","halation:EternalFortune","Gensokyo:SongOfSouls","Ginger","Mango","Tiny Chest","vexMod:DeviousBotling","ReplayFunnel","trackpad:BottledShadow","hubris:FunFungus","trackpad:ByrdCharm","Quantum Egg","Dota2Spire:ShivaGuard","WizardHat","paleoftheancients:Timepiece","paleoftheancients:KeyRelic","Meat on the Bone","paleoftheancients:SoulOfTheWatcher","Dota2Spire:PowerTreads","halation:SwordOfLegend","hubris:NiceRug","StrikeDummy","Thread and Needle","halation:Sosunser","Dota2Spire:EyeOfSkadi"],"potions_floor_usage":[60],"damage_taken":[{"damage":11.0,"enemies":"Gensokyo:Python","floor":1.0,"turns":3.0},{"damage":3.0,"enemies":"Gensokyo:Gryphon","floor":2.0,"turns":3.0},{"damage":0.0,"enemies":"Gensokyo:3_Fairies","floor":4.0,"turns":3.0},{"damage":0.0,"enemies":"Gensokyo:Gryphon_and_Rabbit","floor":7.0,"turns":3.0},{"damage":0.0,"enemies":"Gensokyo:Python_and_Kodama","floor":10.0,"turns":1.0},{"damage":0.0,"enemies":"Gensokyo:5_Fairies","floor":14.0,"turns":2.0},{"damage":0.0,"enemies":"Gensokyo:Kokoro","floor":16.0,"turns":4.0},{"damage":0.0,"enemies":"Gensokyo:3_Dogs","floor":18.0,"turns":1.0},{"damage":0.0,"enemies":"Gensokyo:Chomper","floor":19.0,"turns":1.0},{"damage":0.0,"enemies":"Gensokyo:3_Gloops","floor":22.0,"turns":1.0},{"damage":27.0,"enemies":"Gensokyo:Koishi","floor":23.0,"turns":4.0},{"damage":0.0,"enemies":"Gensokyo:Chomper_and_Gloop","floor":25.0,"turns":2.0},{"damage":27.0,"enemies":"Gensokyo:Tenshi","floor":27.0,"turns":3.0},{"damage":0.0,"enemies":"Gensokyo:Mirror_and_Dog","floor":29.0,"turns":2.0},{"damage":33.0,"enemies":"Gensokyo:Kaguya","floor":33.0,"turns":6.0},{"damage":0.0,"enemies":"3 Shapes","floor":35.0,"turns":1.0},{"damage":0.0,"enemies":"Orb Walker","floor":36.0,"turns":1.0},{"damage":0.0,"enemies":"Giant Head","floor":41.0,"turns":2.0},{"damage":0.0,"enemies":"Jaw Worm Horde","floor":44.0,"turns":1.0},{"damage":0.0,"enemies":"R_Hoarder","floor":47.0,"turns":2.0},{"damage":0.0,"enemies":"Transient","floor":48.0,"turns":6.0},{"damage":0.0,"enemies":"Donu and Deca","floor":50.0,"turns":2.0},{"damage":0.0,"enemies":"Donu and Deca","floor":51.0,"turns":2.0},{"damage":0,"enemies":"","floor":52,"turns":7},{"damage":0,"enemies":"","floor":56,"turns":3},{"damage":0,"enemies":"hubris:Merchant","floor":58,"turns":2},{"damage":0,"enemies":"paleoftheancients:N","floor":60,"turns":2}],"seed_played":"4469315003506375022","potions_obtained":[{"floor":1.0,"key":"blueLaboratory:EnragingPotion"},{"floor":4.0,"key":"Dexterity Potion"}],"is_trial":false,"path_per_floor":["M","M","?","M","?","R","M","R","T","M","R","?","$","M","R_BF","B",null,"M","M","?","?","M","E","?","M","T","E","$","M","$","?","R","B",null,"M","M","$","?","T","R","E","R","T","M","?","R","E","M","R","B","M","M","$","T","R","M","R","$","?","B",null],"character_chosen":"PRAEFECT","items_purchased":["Mirror","Tiny Chest","rmod:generalist+1","ReplayFunnel","trackpad:BottledShadow","hubris:FunFungus","Dota2Spire:PowerTreads"],"campfire_rested":5,"item_purchase_floors":[13,28,30,37,37,37,53],"current_hp_per_floor":[64,61,56,56,56,56,56,56,56,56,56,5,5,5,30,30,85,85,85,88,88,88,61,61,61,61,48,48,48,48,48,48,40,102,102,102,102,102,102,102,102,102,102,105,105,105,105,108,108,108,108,108,108,108,108,108,108,113,113,113],"gold":372,"neow_bonus":"ONE_RARE_RELIC","is_prod":false,"is_daily":false,"chose_seed":false,"campfire_upgraded":4,"win_rate":0,"timestamp":1607483768,"path_taken":["M","M","?","M","?","R","?","R","T","?","R","?","$","M","R_BF","BOSS","M","?","?","?","M","E","?","M","T","E","?","?","$","?","R","BOSS","M","M","$","?","?","R","E","R","T","M","?","R","E","?","R","BOSS","M","M","?","T","R","M","R","$","?","BOSS"],"build_version":"2020-11-30","purchased_purges":0,"victory":true,"max_hp_per_floor":[75,75,85,85,85,85,85,85,85,85,85,85,85,85,85,85,85,85,85,88,88,88,88,88,88,88,102,102,102,102,102,102,102,102,102,102,102,102,102,102,102,102,102,105,105,105,105,108,108,108,108,108,108,108,108,108,108,113,113,113],"card_choices":[{"not_picked":["rmod:diamondstrike","rmod:ammunitionsupply"],"picked":"rmod:generalist","floor":1.0},{"not_picked":["rmod:capitalist","rmod:wife"],"picked":"rmod:firesupport","floor":2.0},{"not_picked":["rmod:firesupport","rmod:circuitoustactics"],"picked":"rmod:intelligenceanalysis","floor":4.0},{"not_picked":[],"picked":"rmod:selfconfidence","floor":5.0},{"not_picked":["rmod:ammunitionsupply","rmod:diamondstrike"],"picked":"rmod:fuelsupply","floor":7.0},{"not_picked":["rmod:spoils","rmod:firesupport","rmod:circuitoustactics"],"picked":"SKIP","floor":10.0},{"not_picked":["rmod:highspeedmaneuver","rmod:supportescort","rmod:fuelsupply"],"picked":"SKIP","floor":14.0},{"not_picked":["rmod:firesupport","rmod:unsinkable+1","rmod:fletcherpendant"],"picked":"SKIP","floor":18.0},{"not_picked":["rmod:guardianhero","rmod:diamondstrike+1","rmod:luckystar"],"picked":"SKIP","floor":19.0},{"not_picked":["rmod:circuitoustactics","rmod:steelsupply","rmod:advancebysurprise"],"picked":"SKIP","floor":22.0},{"not_picked":["rmod:wife","rmod:aggressivemary+1","rmod:unsinkable"],"picked":"SKIP","floor":23.0},{"not_picked":["rmod:fuelsupply","rmod:aluminumsupply","rmod:launchingtorpedo+1"],"picked":"SKIP","floor":25.0},{"not_picked":["rmod:aluminumsupply+1","rmod:circuitoustactics"],"picked":"rmod:goodfighter","floor":27.0},{"not_picked":["rmod:heivgo","rmod:spoils","rmod:u235"],"picked":"SKIP","floor":29.0},{"not_picked":["rmod:aluminumsupply+1","rmod:fletcherpendant","rmod:heivgo"],"picked":"SKIP","floor":35.0},{"not_picked":["rmod:openingtorpedo+1","rmod:unsinkable","rmod:supportescort"],"picked":"SKIP","floor":36.0},{"not_picked":["rmod:slowdown","rmod:ammunitionsupply+1","rmod:steelsupply+1"],"picked":"SKIP","floor":41.0},{"not_picked":["rmod:aluminumsupply+1","rmod:fuelsupply+1","rmod:robin+1"],"picked":"SKIP","floor":44.0},{"not_picked":["rmod:selfconfidence","rmod:saltedfish","rmod:lonelyqueen"],"picked":"SKIP","floor":47.0},{"not_picked":["rmod:intelligenceanalysis","rmod:fuelsupply"],"picked":"rmod:firesupport+1","floor":48.0},{"not_picked":["rmod:diamondstrike","rmod:intelligenceanalysis+1","rmod:fuelsupply+1"],"picked":"SKIP","floor":51},{"not_picked":["rmod:gendarmerie+1","rmod:wife","rmod:supportescort"],"picked":"SKIP","floor":52},{"not_picked":["rmod:fletcherpendant","rmod:aluminumsupply","rmod:launchingtorpedo"],"picked":"SKIP","floor":56},{"not_picked":["rmod:intelligenceanalysis"],"picked":"SKIP","floor":58},{"not_picked":["rmod:openingtorpedo"],"picked":"SKIP","floor":58},{"not_picked":["rmod:aviationdawn"],"picked":"SKIP","floor":58},{"not_picked":["rmod:unsinkable"],"picked":"SKIP","floor":58},{"not_picked":["rmod:chargemoney"],"picked":"SKIP","floor":58},{"not_picked":["Blind"],"picked":"SKIP","floor":58},{"not_picked":["Thinking Ahead"],"picked":"SKIP","floor":58}],"player_experience":775791,"relics_obtained":[{"floor":9.0,"key":"Dota2Spire:Satanic"},{"floor":23.0,"key":"Ginger"},{"floor":27.0,"key":"Mango"},{"floor":39.0,"key":"trackpad:ByrdCharm"},{"floor":41.0,"key":"Quantum Egg"},{"floor":43.0,"key":"Dota2Spire:ShivaGuard"},{"floor":44.0,"key":"halation:EternalFortune"},{"floor":47.0,"key":"WizardHat"},{"floor":48.0,"key":"halation:EternalFortune"},{"floor":52,"key":"paleoftheancients:SoulOfTheWatcher"},{"floor":54,"key":"halation:SwordOfLegend"},{"floor":56,"key":"paleoftheancients:SoulOfTheShrineMaiden"},{"floor":58,"key":"StrikeDummy"},{"floor":58,"key":"Thread and Needle"},{"floor":58,"key":"halation:Sosunser"},{"floor":58,"key":"Dota2Spire:EyeOfSkadi"}],"event_choices":[{"damage_healed":0.0,"max_hp_gain":0.0,"max_hp_loss":0.0,"gold_gain":441.0,"event_name":"betterSkull:BetterSkull","player_choice":"GO GO GO GO RE ","floor":12.0,"gold_loss":0.0,"damage_taken":57.0,"cards_upgraded":[],"relics_obtained":["trackpad:Mousetrap"]},{"damage_healed":26.0,"max_hp_gain":0.0,"max_hp_loss":0.0,"gold_gain":0.0,"event_name":"Winding Halls","player_choice":"Writhe","floor":38.0,"gold_loss":0.0,"damage_taken":0.0,"cards_obtained":["Writhe"]},{"damage_healed":0.0,"max_hp_gain":0.0,"max_hp_loss":0.0,"gold_gain":0.0,"event_name":"Transmorgrifier","player_choice":"Ignored","floor":45.0,"gold_loss":0.0,"damage_taken":0.0}],"is_beta":false,"boss_relics":[{"not_picked":["trackpad:StolenKidneys","vexMod:FluxCapacitor"],"picked":"Sozu"},{"not_picked":["conspire:SeveredTorchhead","hubris:VirtuousBlindfold"],"picked":"vexMod:DeviousBotling"}],"items_purged_floors":[],"is_endless":false,"potions_floor_spawned":[1,4,19,23,29,35,44,48,51,56,60],"ascension_level":1}}