{"host":"ep8kbvo88bv3k2ot","time":1607549332,"event":{"gold_per_floor":[111,186,186,204,11,40,40,40,40,55,80,92,103,118,118,118,118],"floor_reached":16,"playtime":715,"items_purged":["Strike_B"],"score":133,"play_id":"d6d3a71b-1d12-4b51-9d52-e71e2d69f2a6","local_time":"20201209222852","is_ascension_mode":true,"campfire_choices":[{"floor":7,"key":"REST"},{"floor":15,"key":"REST"}],"neow_cost":"NONE","seed_source_timestamp":53346636230322,"circlet_count":0,"master_deck":["Strike_B+1","Strike_B","Defend_B+1","Defend_B","Defend_B","Defend_B","Zap","Dualcast","Loop","Leap","Melter"],"relics":["Cracked Core","Membership Card","Potion Belt","MealTicket","Boot"],"potions_floor_usage":[6,16],"damage_taken":[{"damage":0,"enemies":"Small Slimes","floor":1,"turns":4},{"damage":2,"enemies":"Jaw Worm","floor":4,"turns":3},{"damage":26,"enemies":"Gremlin Nob","floor":6,"turns":5},{"damage":0,"enemies":"Cultist","floor":10,"turns":3},{"damage":6,"enemies":"2 Fungi Beasts","floor":12,"turns":4},{"damage":8,"enemies":"Blue Slaver","floor":13,"turns":3},{"damage":10,"enemies":"3 Louse","floor":14,"turns":3},{"damage":28,"enemies":"Slime Boss","floor":16,"turns":8}],"seed_played":"8535033992455020617","potions_obtained":[{"floor":1,"key":"Dexterity Potion"},{"floor":12,"key":"BlessingOfTheForge"}],"is_trial":false,"path_per_floor":["M","?","?","M","$","E","R","?","T","M","T","M","M","M","R","B"],"character_chosen":"DEFECT","items_purchased":["Membership Card"],"campfire_rested":2,"item_purchase_floors":[5],"current_hp_per_floor":[68,57,42,40,40,14,36,33,33,33,33,27,19,9,31,3,3],"gold":118,"neow_bonus":"REMOVE_CARD","is_prod":false,"is_daily":false,"chose_seed":false,"campfire_upgraded":0,"win_rate":0,"timestamp":1607549332,"path_taken":["M","?","?","?","?","E","R","?","T","M","?","M","M","M","R","BOSS"],"build_version":"2020-11-30","purchased_purges":1,"victory":false,"max_hp_per_floor":[75,75,75,75,75,75,75,75,75,75,75,75,75,75,75,75,75],"card_choices":[{"not_picked":["Undo","Rebound","Beam Cell"],"picked":"SKIP","floor":1},{"not_picked":["Doom and Gloom","Gash"],"picked":"Loop","floor":4},{"not_picked":["Hologram","Compile Driver","Cold Snap"],"picked":"SKIP","floor":6},{"not_picked":["Aggregate","Sweeping Beam","Streamline"],"picked":"SKIP","floor":10},{"not_picked":["Auto Shields","Beam Cell"],"picked":"Leap","floor":12},{"not_picked":["Cold Snap","Genetic Algorithm"],"picked":"Melter","floor":13},{"not_picked":["Glacier","Hyperbeam","Rip and Tear"],"picked":"SKIP","floor":14}],"player_experience":442890,"relics_obtained":[{"floor":6,"key":"Potion Belt"},{"floor":11,"key":"Boot"}],"event_choices":[{"damage_healed":0,"gold_gain":75,"player_choice":"Gather Gold","damage_taken":11,"max_hp_gain":0,"max_hp_loss":0,"event_name":"World of Goop","floor":2,"gold_loss":0},{"damage_healed":0,"gold_gain":0,"player_choice":"Entered Light","damage_taken":15,"max_hp_gain":0,"max_hp_loss":0,"event_name":"Shining Light","floor":3,"gold_loss":0,"cards_upgraded":["Strike_B","Defend_B"]},{"damage_healed":0,"gold_gain":0,"player_choice":"Success","damage_taken":3,"relics_obtained":["MealTicket"],"max_hp_gain":0,"max_hp_loss":0,"event_name":"Scrap Ooze","floor":8,"gold_loss":0}],"is_beta":false,"boss_relics":[],"items_purged_floors":[5],"is_endless":false,"potions_floor_spawned":[1,12],"killed_by":"Slime Boss","ascension_level":6}}