{"host":"7gewg82ormp6yt4e","time":1607516284,"event":{"gold_per_floor":[20,38,38,188,188,188,208,236,236,236,15,40,40,315,315,389,389,409,434,444,444,444,444,476,476,501,81,94,94,94,107,107,181,181,191,191,191,191,205,205,221,256,256,271,301,301,78,88,88,88,88,88],"floor_reached":51,"playtime":3490,"items_purged":["Strike_G","Strike_G"],"score":1458,"play_id":"0702554c-b3a6-4bbd-a2eb-fc5a7a73346c","local_time":"20201209211804","is_ascension_mode":true,"campfire_choices":[{"data":"Neutralize","floor":6,"key":"SMITH"},{"floor":10,"key":"REST"},{"data":"Poisoned Stab","floor":13,"key":"SMITH"},{"data":"Predator","floor":15,"key":"SMITH"},{"data":"RitualDagger","floor":23,"key":"SMITH"},{"floor":25,"key":"REST"},{"data":"After Image","floor":30,"key":"SMITH"},{"floor":32,"key":"REST"},{"floor":40,"key":"REST"},{"floor":49,"key":"RECALL"}],"neow_cost":"NO_GOLD","seed_source_timestamp":939221763751200,"circlet_count":0,"master_deck":["AscendersBane","Strike_G+1","Defend_G","Defend_G","Survivor","Neutralize+1","Dagger Spray+1","Backstab","Doubt","Predator+1","Tools of the Trade","Poisoned Stab+1","Regret","After Image+1","Skewer+1","Deadly Poison+1","RitualDagger+1","Riddle With Holes","Acrobatics+1","Adrenaline","Bane","Footwork","Unload","Deadly Poison+1","Metamorphosis","Enlightenment","Bandage Up","Sucker Punch+1","Slice+1","Prepared","Madness","Madness","Footwork","Terror+1"],"relics":["Ring of the Snake","Dead Branch","Du-Vu Doll","Nunchaku","Gremlin Horn","Runic Pyramid","Regal Pillow","Darkstone Periapt","Blood Vial","Membership Card","MealTicket","Bronze Scales","HoveringKite","Boot","Art of War","Shuriken"],"potions_floor_usage":[8,12,16,24,33,33,42,50,51],"damage_taken":[{"damage":8,"enemies":"Jaw Worm","floor":1,"turns":4},{"damage":4,"enemies":"2 Louse","floor":2,"turns":3},{"damage":6,"enemies":"Small Slimes","floor":7,"turns":3},{"damage":6,"enemies":"Gremlin Nob","floor":8,"turns":3},{"damage":2,"enemies":"3 Sentries","floor":12,"turns":5},{"damage":17,"enemies":"The Guardian","floor":16,"turns":11},{"damage":0,"enemies":"Chosen","floor":18,"turns":3},{"damage":4,"enemies":"3 Byrds","floor":20,"turns":4},{"damage":45,"enemies":"Book of Stabbing","floor":24,"turns":5},{"damage":5,"enemies":"Snecko","floor":28,"turns":5},{"damage":10,"enemies":"Centurion and Healer","floor":31,"turns":4},{"damage":54,"enemies":"Champ","floor":33,"turns":11},{"damage":27,"enemies":"3 Darklings","floor":35,"turns":3},{"damage":7,"enemies":"Orb Walker","floor":39,"turns":3},{"damage":0,"enemies":"Sphere and 2 Shapes","floor":41,"turns":2},{"damage":1,"enemies":"Reptomancer","floor":42,"turns":2},{"damage":24,"enemies":"Jaw Worm Horde","floor":44,"turns":2},{"damage":10,"enemies":"Giant Head","floor":45,"turns":5},{"damage":0,"enemies":"3 Darklings","floor":48,"turns":3},{"damage":43,"enemies":"Donu and Deca","floor":50,"turns":5},{"damage":17,"enemies":"Awakened One","floor":51,"turns":2}],"seed_played":"8815371072846331512","potions_obtained":[{"floor":2,"key":"DistilledChaos"},{"floor":12,"key":"Dexterity Potion"},{"floor":16,"key":"GamblersBrew"},{"floor":24,"key":"Energy Potion"},{"floor":35,"key":"DuplicationPotion"},{"floor":44,"key":"Explosive Potion"},{"floor":45,"key":"LiquidMemories"}],"is_trial":false,"path_per_floor":["M","M","?","?","?","R","M","E","T","R","$","E","R","?","R","B",null,"M","T","M","?","?","R","E","R","T","$","M","?","R","M","R","B",null,"M","?","?","?","M","R","M","E","T","M","E","?","$","M","R","B","B"],"character_chosen":"THE_SILENT","items_purchased":["BlessingOfTheForge","Nunchaku","Membership Card","MealTicket","Bronze Scales","CultistPotion","Footwork","Shuriken"],"campfire_rested":4,"item_purchase_floors":[11,11,27,27,27,27,47,47],"current_hp_per_floor":[51,47,27,27,32,32,26,20,20,41,41,39,39,39,39,22,59,59,59,55,49,49,49,4,40,40,40,37,37,37,29,65,13,57,32,22,22,22,17,53,59,64,64,46,42,29,44,46,46,9,0,0],"gold":88,"neow_bonus":"REMOVE_TWO","is_prod":false,"is_daily":false,"chose_seed":false,"campfire_upgraded":5,"win_rate":0,"timestamp":1607516284,"path_taken":["M","M","?","?","?","R","M","E","T","R","?","E","R","?","R","BOSS","M","?","M","?","?","R","E","R","T","$","M","?","R","M","R","BOSS","M","?","?","?","M","R","M","E","T","M","E","?","$","M","R","BOSS","BOSS"],"build_version":"2020-11-30","purchased_purges":2,"victory":false,"max_hp_per_floor":[66,66,66,66,71,71,71,71,71,71,71,71,71,71,71,71,71,71,71,71,71,71,71,71,71,71,71,71,71,71,71,71,71,71,71,71,71,71,71,71,71,71,71,71,71,71,71,71,71,71,71,71],"relic_stats":{"Darkstone Periapt":0,"Regal Pillow":45,"Gremlin Horn":[18,19],"counters":[21,88],"Dead Branch":[91],"HoveringKite":[21],"Boot":[6],"Blood Vial":24,"Nunchaku":[20],"Shuriken":[12],"Bronze Scales":[94],"MealTicket":15,"Art of War":[0],"obtain_stats":[{"Darkstone Periapt":24,"Regal Pillow":19,"Gremlin Horn":12,"Dead Branch":8,"HoveringKite":34,"Boot":42,"Du-Vu Doll":9,"Blood Vial":26,"Nunchaku":11,"Shuriken":47,"Bronze Scales":27,"MealTicket":27,"Art of War":45,"Membership Card":27,"Ring of the Snake":0,"Runic Pyramid":17},{"Darkstone Periapt":9,"Regal Pillow":7,"Gremlin Horn":5,"Dead Branch":4,"HoveringKite":12,"Boot":16,"Du-Vu Doll":4,"Blood Vial":9,"Nunchaku":4,"Shuriken":18,"Bronze Scales":9,"MealTicket":9,"Art of War":18,"Membership Card":9,"Ring of the Snake":0,"Runic Pyramid":6},{"Darkstone Periapt":41,"Regal Pillow":32,"Gremlin Horn":18,"Dead Branch":13,"HoveringKite":61,"Boot":71,"Du-Vu Doll":13,"Blood Vial":41,"Nunchaku":13,"Shuriken":78,"Bronze Scales":41,"MealTicket":41,"Art of War":78,"Membership Card":41,"Ring of the Snake":0,"Runic Pyramid":29}],"Ring of the Snake":[42]},"card_choices":[{"not_picked":["Prepared","Underhanded Strike"],"picked":"Dagger Spray","floor":1},{"not_picked":["Crippling Poison","Expertise"],"picked":"Backstab","floor":2},{"not_picked":["Poisoned Stab","Sucker Punch"],"picked":"Predator","floor":7},{"not_picked":["Dagger Spray","Prepared"],"picked":"Tools of the Trade","floor":8},{"not_picked":["Underhanded Strike","Finisher"],"picked":"Poisoned Stab","floor":12},{"not_picked":["Storm of Steel","Wraith Form v2"],"picked":"After Image","floor":16},{"not_picked":["Backflip","Flying Knee"],"picked":"Skewer+1","floor":18},{"not_picked":["Quick Slash+1","Acrobatics"],"picked":"Deadly Poison+1","floor":20},{"not_picked":["Dagger Throw","Doppelganger"],"picked":"Acrobatics+1","floor":24},{"not_picked":["Bouncing Flask","Bane","Quick Slash"],"picked":"SKIP","floor":28},{"not_picked":["Predator+1","Finisher"],"picked":"Footwork","floor":31},{"not_picked":["Corpse Explosion","Glass Knife"],"picked":"Unload","floor":33},{"not_picked":["Infinite Blades","Poisoned Stab+1"],"picked":"Deadly Poison+1","floor":35},{"not_picked":["Deep Breath","Trip"],"picked":"Metamorphosis","floor":36},{"not_picked":["Good Instincts","Dark Shackles"],"picked":"Enlightenment","floor":36},{"not_picked":["Blind","Swift Strike"],"picked":"Bandage Up","floor":36},{"not_picked":["Eviscerate+1","Dagger Spray"],"picked":"Sucker Punch+1","floor":39},{"not_picked":["Accuracy","Sucker Punch+1","Backstab+1"],"picked":"SKIP","floor":41},{"not_picked":["Flying Knee","Underhanded Strike"],"picked":"Slice+1","floor":42},{"not_picked":["Endless Agony","Bane"],"picked":"Prepared","floor":44},{"not_picked":["Die Die Die","Predator","Poisoned Stab+1"],"picked":"SKIP","floor":45},{"not_picked":["Choke","Masterful Stab"],"picked":"Terror+1","floor":48}],"player_experience":2287242,"relics_obtained":[{"floor":8,"key":"Dead Branch"},{"floor":9,"key":"Du-Vu Doll"},{"floor":12,"key":"Gremlin Horn"},{"floor":19,"key":"Regal Pillow"},{"floor":24,"key":"Darkstone Periapt"},{"floor":26,"key":"Blood Vial"},{"floor":42,"key":"Boot"},{"floor":45,"key":"Art of War"}],"event_choices":[{"damage_healed":0,"gold_gain":0,"player_choice":"Entered Light","damage_taken":20,"max_hp_gain":0,"max_hp_loss":0,"event_name":"Shining Light","floor":3,"gold_loss":0,"cards_upgraded":["Dagger Spray","Strike_G"]},{"damage_healed":0,"gold_gain":150,"player_choice":"AGREE","damage_taken":0,"max_hp_gain":0,"max_hp_loss":0,"event_name":"Liars Game","floor":4,"gold_loss":0,"cards_obtained":["Doubt"]},{"damage_healed":0,"gold_gain":0,"player_choice":"Donut","damage_taken":0,"max_hp_gain":5,"max_hp_loss":0,"event_name":"Big Fish","floor":5,"gold_loss":0},{"damage_healed":0,"gold_gain":275,"player_choice":"Desecrate","damage_taken":0,"max_hp_gain":0,"max_hp_loss":0,"event_name":"Golden Shrine","floor":14,"gold_loss":0,"cards_obtained":["Regret"]},{"damage_healed":0,"gold_gain":0,"player_choice":"Joined the Cult","damage_taken":6,"max_hp_gain":0,"max_hp_loss":0,"event_name":"Nest","floor":21,"gold_loss":0,"cards_obtained":["RitualDagger"]},{"damage_healed":0,"gold_gain":0,"player_choice":"Read","damage_taken":0,"max_hp_gain":0,"max_hp_loss":0,"event_name":"The Library","floor":22,"gold_loss":0,"cards_obtained":["Riddle With Holes"]},{"damage_healed":0,"gold_gain":0,"cards_transformed":["Strike_G","Defend_G"],"player_choice":"Became Test Subject","damage_taken":0,"max_hp_gain":0,"max_hp_loss":0,"event_name":"Drug Dealer","floor":29,"gold_loss":0,"cards_obtained":["Adrenaline","Bane"]},{"damage_healed":0,"gold_gain":0,"player_choice":"Memory 3","damage_taken":10,"max_hp_gain":0,"max_hp_loss":0,"event_name":"SensoryStone","floor":36,"gold_loss":0},{"cards_removed":["Defend_G"],"damage_healed":0,"gold_gain":0,"player_choice":"Removed Skill","damage_taken":0,"max_hp_gain":0,"max_hp_loss":0,"event_name":"Falling","floor":37,"gold_loss":0},{"damage_healed":0,"gold_gain":0,"player_choice":"Ignored","damage_taken":0,"max_hp_gain":0,"max_hp_loss":0,"event_name":"Tomb of Lord Red Mask","floor":38,"gold_loss":0},{"damage_healed":0,"gold_gain":0,"player_choice":"Embrace Madness","damage_taken":13,"max_hp_gain":0,"max_hp_loss":0,"event_name":"Winding Halls","floor":46,"gold_loss":0,"cards_obtained":["Madness","Madness"]}],"is_beta":false,"boss_relics":[{"not_picked":["Coffee Dripper","WristBlade"],"picked":"Runic Pyramid"},{"not_picked":["SacredBark","Black Star"],"picked":"HoveringKite"}],"items_purged_floors":[27,47],"is_endless":false,"potions_floor_spawned":[2,12,16,24,31,35,44,45],"killed_by":"Awakened One","ascension_level":20}}