{"host":"u2dm6glrpyjr66v9","time":1607496835,"event":{"gold_per_floor":[116,135,135,148,175,175,210,210,233,233,252,252,281,101,101,101,101,101],"floor_reached":16,"playtime":650,"items_purged":[],"score":108,"play_id":"0d60b3fb-bcfa-4e49-b718-2f092164f2c5","local_time":"20201209155355","is_ascension_mode":false,"campfire_choices":[{"floor":6,"key":"RECALL"},{"floor":8,"key":"REST"},{"floor":10,"key":"REST"},{"data":"MokouMod:FusionFlare","floor":15,"key":"SMITH"}],"neow_cost":"NONE","seed_source_timestamp":1177207336680500,"circlet_count":0,"master_deck":["MokouMod:Strike","MokouMod:Strike","MokouMod:Strike","MokouMod:Strike","MokouMod:Strike","MokouMod:Defend","MokouMod:Defend","MokouMod:Defend","MokouMod:Defend","MokouMod:HeatSpark","MokouMod:RoaringFlare","MokouMod:FlickeringFlame","MokouMod:BlazingComet","MokouMod:HeatCyclone+1","MokouMod:FusionFlare+1","MokouMod:ExplosiveFlame","MokouMod:RisingSunBarrier"],"relics":["MokouMod:PhoenixFeather","NeowsBlessing","Pen Nib","Toxic Egg 2","Matryoshka","MealTicket","Lantern"],"potions_floor_usage":[16,16],"damage_taken":[{"damage":0,"enemies":"Jaw Worm","floor":1,"turns":1},{"damage":0,"enemies":"Cultist","floor":2,"turns":1},{"damage":0,"enemies":"Small Slimes","floor":4,"turns":1},{"damage":47,"enemies":"3 Sentries","floor":7,"turns":12},{"damage":10,"enemies":"Exordium Wildlife","floor":11,"turns":5},{"damage":15,"enemies":"Gremlin Nob","floor":13,"turns":4},{"damage":119,"enemies":"Hexaghost","floor":16,"turns":16}],"seed_played":"-5984573102687946783","potions_obtained":[{"floor":7,"key":"FearPotion"},{"floor":11,"key":"Weak Potion"}],"is_trial":false,"path_per_floor":["M","M","?","M","T","R","E","R","T","R","M","T","E","$","R","B"],"character_chosen":"MKU","items_purchased":["MokouMod:RisingSunBarrier","Lantern"],"campfire_rested":2,"item_purchase_floors":[14,14],"current_hp_per_floor":[75,75,75,75,75,75,28,50,50,72,62,62,47,62,62,0,0,0],"gold":101,"neow_bonus":"THREE_ENEMY_KILL","is_prod":false,"is_daily":false,"chose_seed":false,"campfire_upgraded":1,"win_rate":0.0,"timestamp":1607496835,"path_taken":["M","M","?","M","?","R","E","R","T","R","?","?","E","$","R","BOSS"],"build_version":"2020-11-30","purchased_purges":0,"victory":false,"max_hp_per_floor":[75,75,75,75,75,75,75,75,75,75,75,75,75,75,75,75,75,75],"card_choices":[{"not_picked":["MokouMod:Ember","MokouMod:SubterraneanCore"],"picked":"MokouMod:RoaringFlare","floor":1},{"not_picked":["MokouMod:FlareStarter","MokouMod:EternalBurstReactor"],"picked":"MokouMod:FlickeringFlame","floor":2},{"not_picked":["MokouMod:ResoluteFlare","MokouMod:IllusoryBattlefield"],"picked":"MokouMod:BlazingComet","floor":4},{"not_picked":["MokouMod:Meltdown","MokouMod:BlazingComet"],"picked":"MokouMod:HeatCyclone+1","floor":7},{"not_picked":["MokouMod:Burn+1","MokouMod:IgnitionBarrier+1"],"picked":"MokouMod:FusionFlare","floor":11},{"not_picked":["MokouMod:Sear+1","MokouMod:Burn+1"],"picked":"MokouMod:ExplosiveFlame","floor":13}],"player_experience":31866,"relics_obtained":[{"floor":5,"key":"Pen Nib"},{"floor":7,"key":"Toxic Egg 2"},{"floor":12,"key":"Matryoshka"},{"floor":13,"key":"MealTicket"}],"event_choices":[{"damage_healed":0,"gold_gain":0,"player_choice":"Leave","damage_taken":0,"max_hp_gain":0,"max_hp_loss":0,"event_name":"The Cleric","floor":3,"gold_loss":0}],"is_beta":false,"boss_relics":[],"items_purged_floors":[],"is_endless":false,"potions_floor_spawned":[7,11],"killed_by":"Hexaghost","ascension_level":0}}