{"host":"qljq6nt1bltq73k9","time":1607521434,"event":{"gold_per_floor":[99999,99168,99185,99185,98188,98188,97230,97230,97298,97298,97332,97332,96260,96276,96276,96382,96382,96408,96433,95313,95336,95361,95361,94602,94602,94626,94667,94667,94607,94654,94674,94674,94775,94775,94797,94797,93691,93691,93744,93818,93930,93930,93930,93036,93103,93130,93154,93154,93154,93241],"floor_reached":51,"playtime":2350,"items_purged":["Defend_B","Strike_B","Defend_B","Defend_B","Strike_B","Strike_B","Looming Evil","Defend_B"],"score":918,"play_id":"272b974c-9fb0-4275-b6b0-9ca0935d45b6","local_time":"20201209214354","is_ascension_mode":false,"campfire_choices":[{"data":"Heatsinks","floor":6.0,"key":"SMITH"},{"data":"Fusion","floor":8.0,"key":"SMITH"},{"data":"Static Discharge","floor":10.0,"key":"SMITH"},{"data":"Double Energy","floor":15.0,"key":"SMITH"},{"data":"Apotheosis","floor":23.0,"key":"SMITH"},{"data":"White Noise","floor":25.0,"key":"SMITH"},{"data":"Creative AI","floor":32.0,"key":"SMITH"},{"floor":49,"key":"DIG"}],"neow_cost":"","seed_source_timestamp":799203833615300,"circlet_count":0,"master_deck":["Zap+1","Dualcast","OSAHOGD","Capacitor+1","Hello World","Hyperbeam+1","VoidDream","Self Repair","Master of Strategy+1","Melter","Heatsinks+1","The Bomb","Replay:Parry","Finesse","Panache+1","Compile Driver","Fusion+1","Rainbow","Static Discharge+1","Doom and Gloom","LongBird","Double Energy+1","Defragment","Meteor Strike","WallGazer","Violence","RedShoes","Wingbeat+1","Apotheosis+1","White Noise+1","Replay:LoomingThreat","Creative AI+1","Scarecrow","Guardian:PiercingHide","SomewhereSpear+1","Alpha","CurseOfTheBell","Storm","expansioncontent:StudyTheSpire","FieryBird","Madness","Madness","Heatsinks","Rampage+1","ReplayGash+1"],"special_seed":0,"relics":["Cracked Core","CogitoBucket","RabbitCall","Blood Vial","Toy Ornithopter","Guide Book","GremlinMask","Du-Vu Doll","MealTicket","ReplayTheSpireMod:ShopPack","Iron Hammer","Replay:Bottled Eggs","Orrery","HornCleat","Replay:Bandana","Mango","Oddly Smooth Stone","PrismaticShard","sneckomod:SneckoTalon","AspirationHeart","Emotion Chip","Molten Egg 2","ClockworkSouvenir","Gremlin Food","Strange Spoon","War Paint","Solar Panel","sneckomod:BabySnecko","Replay:Wax Seal","LuminousBracelet","Calling Bell","PreservedInsect","Gremlin Horn","Calipers","ReplayTheSpireMod:Ring of Challenge","Replay:Baseball","Counterbalance","Chemical X","Bird Faced Urn","SkinProphecy","Happy Flower","AtMidnight","Nunchaku","Omamori","Orichalcum","Runic Capacitor","Blue Doll"],"potions_floor_usage":[45,50,51],"damage_taken":[{"damage":2.0,"enemies":"2 Louse","floor":1.0,"turns":3.0},{"damage":0.0,"enemies":"Cultist","floor":3.0,"turns":2.0},{"damage":0.0,"enemies":"Gremlin Nob","floor":11.0,"turns":3.0},{"damage":2.0,"enemies":"Small Slimes","floor":14.0,"turns":4.0},{"damage":9.0,"enemies":"Fading Forest","floor":16.0,"turns":11.0},{"damage":17.0,"enemies":"3 Byrds","floor":18.0,"turns":3.0},{"damage":12.0,"enemies":"Chosen","floor":19.0,"turns":3.0},{"damage":21.0,"enemies":"Centurion and Healer","floor":21.0,"turns":5.0},{"damage":31.0,"enemies":"Chosen and Byrds","floor":22.0,"turns":4.0},{"damage":15.0,"enemies":"Replay:Snechameleon","floor":27.0,"turns":3.0},{"damage":20.0,"enemies":"Shelled Parasite and Fungi","floor":31.0,"turns":2.0},{"damage":37.0,"enemies":"Automaton","floor":33.0,"turns":6.0},{"damage":3.0,"enemies":"3 Shapes","floor":35.0,"turns":2.0},{"damage":12.0,"enemies":"Orb Walker","floor":39.0,"turns":3.0},{"damage":19.0,"enemies":"Reptomancer","floor":40.0,"turns":4.0},{"damage":16.0,"enemies":"Jaw Worm Horde","floor":41.0,"turns":8.0},{"damage":12,"enemies":"Writhing Mass","floor":45,"turns":3},{"damage":2,"enemies":"3 Darklings","floor":46,"turns":1},{"damage":23,"enemies":"4 Shapes","floor":47,"turns":2},{"damage":15,"enemies":"Awakened One","floor":50,"turns":5},{"damage":62,"enemies":"Malkuth","floor":51,"turns":5},{"damage":89,"enemies":"Yesod","floor":51,"turns":7},{"damage":153,"enemies":"Chesed","floor":51,"turns":6},{"damage":168,"enemies":"Binah","floor":51,"turns":13},{"damage":174,"enemies":"Angela","floor":51,"turns":7}],"seed_played":"816451946932899387","potions_obtained":[{"floor":3.0,"key":"Swift Potion"},{"floor":18.0,"key":"Fire Potion"},{"floor":27.0,"key":"FocusPotion"},{"floor":35.0,"key":"PowerPotion"},{"floor":40.0,"key":"Explosive Potion"},{"floor":45,"key":"Regen Potion"},{"floor":46,"key":"Strength Potion"}],"is_trial":false,"path_per_floor":["M","$","M","?","$","R","$","R","T","R","E","?","$","M","R","B",null,"M","M","$","M","M","R","$","R","T","E","?","?","T","M","R_BF","B",null,"M","?","$","?","M","E","M","?","T","$","M","M","M","?","R_BF","B",null],"character_chosen":"DEFECT","items_purchased":["Blood Vial","Toy Ornithopter","Hello World","Hyperbeam","DuplicationPotion","Guide Book","Du-Vu Doll","MealTicket","Master of Strategy","Melter","Heatsinks","Energy Potion","ReplayTheSpireMod:ShopPack","Iron Hammer","Panache","Replay:Bottled Eggs","Orrery","Mango","Oddly Smooth Stone","PrismaticShard","Defragment","Meteor Strike","BlessingOfTheForge","SteroidPotion","Emotion Chip","Molten Egg 2","ClockworkSouvenir","Apotheosis","White Noise","Gremlin Food","Strange Spoon","Creative AI","Adrenaline Potion","BlessingOfTheForge","Replay:Baseball","Counterbalance","Chemical X","Storm","expansioncontent:StudyTheSpire","Omamori","Orichalcum","Runic Capacitor","Heatsinks","Slimebound:ThreeZeroPotion"],"campfire_rested":0,"item_purchase_floors":[2,2,2,2,2,2,5,5,5,5,5,5,5,7,7,7,7,13,13,13,13,13,13,13,20,20,20,20,20,24,24,24,24,24,37,37,37,37,37,44,44,44,44,44],"current_hp_per_floor":[73,73,75,75,75,75,75,75,75,75,75,75,89,87,87,87,89,89,86,99,90,73,73,88,88,88,90,90,90,90,114,114,114,114,114,114,114,114,111,114,114,100,100,114,116,118,120,120,120,124],"gold":93305,"neow_bonus":"","is_prod":false,"is_daily":false,"chose_seed":false,"campfire_upgraded":7,"win_rate":0,"timestamp":1607521434,"path_taken":["M","$","M","?","$","R","?","R","T","R","E","?","$","M","R","BOSS","M","M","$","?","M","R","$","R","T","E","?","?","?","M","R_BF","BOSS","M","?","$","?","?","E","M","?","T","?","?","M","M","?","R_BF","BOSS"],"build_version":"2020-11-30","purchased_purges":8,"victory":true,"max_hp_per_floor":[75,75,75,75,75,75,75,75,75,75,75,75,89,89,89,89,89,99,99,99,99,99,99,99,99,99,99,99,99,99,114,114,114,114,114,114,114,114,114,114,114,114,114,114,116,118,120,120,120,124],"card_choices":[{"not_picked":["Yin","UniverseFragment","FairyFestival"],"picked":"Singing Bowl","floor":1.0},{"not_picked":["WallGazer","LittleHelper"],"picked":"OSAHOGD","floor":1.0},{"not_picked":["FTL","Panic Button"],"picked":"Capacitor","floor":1.0},{"not_picked":["GreedKing","PunishingBird","MeatLantern"],"picked":"Singing Bowl","floor":3.0},{"not_picked":["DespairKnight","MeatLantern"],"picked":"VoidDream","floor":3.0},{"not_picked":["Steam Power","ReplayTheSpireMod:GoodbyeWorld"],"picked":"Self Repair","floor":3.0},{"not_picked":["Secret Weapon","Transmutation"],"picked":"The Bomb","floor":5.0},{"not_picked":["Poisoned Strike","expansioncontent:Hexaburn"],"picked":"Replay:Parry","floor":5.0},{"not_picked":["expansioncontent:DarkVoid","ReplayTheSpireMod:Trickstab"],"picked":"Finesse","floor":5.0},{"not_picked":["Turbo","ReplayTheSpireMod:Reroute Power"],"picked":"Compile Driver","floor":7.0},{"not_picked":["Leap","Scrape"],"picked":"Fusion","floor":7.0},{"not_picked":["Sweeping Beam","Blizzard"],"picked":"Rainbow","floor":7.0},{"not_picked":["Gash","ReplayTheSpireMod:System Scan"],"picked":"Static Discharge","floor":7.0},{"not_picked":["Steam","Coolheaded"],"picked":"Doom and Gloom","floor":7.0},{"not_picked":["Wellcheers","Bloodbath"],"picked":"LongBird","floor":11.0},{"not_picked":["Conserve Battery","Turbo"],"picked":"Double Energy","floor":11.0},{"not_picked":["OldLady","FairyFestival","Scorched"],"picked":"Singing Bowl","floor":14.0},{"not_picked":["Guardian:Suspension","Beak","Redo"],"picked":"SKIP","floor":14.0},{"not_picked":["HappyTeddy","FairyFestival"],"picked":"WallGazer","floor":16.0},{"not_picked":["hexamod:SearingWound","Guardian:GemFire"],"picked":"Violence","floor":16.0},{"not_picked":["Bloodbath","PunishingBird","BigBird"],"picked":"Singing Bowl","floor":18.0},{"not_picked":["MHz","Porccubus"],"picked":"RedShoes","floor":18.0},{"not_picked":["Blade Dance","sneckomod:SoulDraw"],"picked":"Wingbeat+1","floor":18.0},{"not_picked":["WhitesApple","MeatLantern","SpiderBud"],"picked":"Singing Bowl","floor":19.0},{"not_picked":["SashWhip","Wingbeat","sneckomod:UnknownClassAngela"],"picked":"SKIP","floor":19.0},{"not_picked":["Porccubus","CherryBlossoms","GalaxyChild"],"picked":"Singing Bowl","floor":21.0},{"not_picked":["Guardian:ChargeUp","ReplaySolidLightProjector"],"picked":"Replay:LoomingThreat","floor":21.0},{"not_picked":["UniverseFragment","BodiesMountain","Scorched"],"picked":"Singing Bowl","floor":22.0},{"not_picked":["Guardian:Gem_Fragmented","Halt","Guardian:Suspension"],"picked":"SKIP","floor":22.0},{"not_picked":["LittlePrince","QueenBee"],"picked":"Scarecrow","floor":27.0},{"not_picked":["Guardian:CrystalBeam+1","hexamod:GhostOfSpirePast+1"],"picked":"Guardian:PiercingHide","floor":27.0},{"not_picked":["BlackArmy","LittlePrince","FairyFestival"],"picked":"Singing Bowl","floor":31.0},{"not_picked":["Discord","Deadly Poison"],"picked":"SomewhereSpear+1","floor":31.0},{"not_picked":["BeautyBeast","QueenOfHatred","MeatLantern"],"picked":"Singing Bowl","floor":33.0},{"not_picked":["DeusExMachina","hexamod:TimeWarp+1"],"picked":"Alpha","floor":33.0},{"not_picked":["BeautyBeast","BigBird","BodiesMountain"],"picked":"Singing Bowl","floor":35.0},{"not_picked":["Run Through+1","Sanctity+1","hexamod:FastForward"],"picked":"SKIP","floor":35.0},{"not_picked":["CherryBlossoms","LittlePrince","Funeral"],"picked":"Singing Bowl","floor":39.0},{"not_picked":["Slimebound:LeechEnergy+1","Grand Finale+1","expansioncontent:PrepareCrush"],"picked":"SKIP","floor":39.0},{"not_picked":["QueenBee","SnowQueen","Alriune"],"picked":"Singing Bowl","floor":40.0},{"not_picked":["Guardian:PrimingBeam+1","sneckomod:UnknownStrength","EmptyFist+1"],"picked":"SKIP","floor":40.0},{"not_picked":["CENSORED","MeltingLove","BlackSwan"],"picked":"Singing Bowl","floor":41.0},{"not_picked":["Variant","NakedNest"],"picked":"FieryBird","floor":41.0},{"not_picked":["sneckomod:Unknown1Cost+1","Guardian:WalkerClaw+1","Slimebound:Overexert"],"picked":"SKIP","floor":41.0},{"not_picked":["Variant","BlackSwan","BigBadWolf"],"picked":"Singing Bowl","floor":45},{"not_picked":["TodaysExpression+1","Guardian:Gem_Fragmented"],"picked":"Rampage+1","floor":45},{"not_picked":["LaLuna","BlackArmy","LittleHelper"],"picked":"Singing Bowl","floor":46},{"not_picked":["PiercingWail+1","MagicBullet+1","FlurryOfBlows+1"],"picked":"SKIP","floor":46},{"not_picked":["Laetitia","GreedKing","BigBird"],"picked":"Singing Bowl","floor":47},{"not_picked":["sneckomod:WideSting+1","Hidden Blade","RedEyes+1"],"picked":"SKIP","floor":47}],"player_experience":346041,"relics_obtained":[{"floor":9.0,"key":"HornCleat"},{"floor":11.0,"key":"Replay:Bandana"},{"floor":26.0,"key":"War Paint"},{"floor":27.0,"key":"Solar Panel"},{"floor":30.0,"key":"Replay:Wax Seal"},{"floor":34.0,"key":"PreservedInsect"},{"floor":34.0,"key":"Gremlin Horn"},{"floor":34.0,"key":"Calipers"},{"floor":36.0,"key":"ReplayTheSpireMod:Ring of Challenge"},{"floor":40.0,"key":"Bird Faced Urn"},{"floor":41.0,"key":"Happy Flower"},{"floor":41.0,"key":"AtMidnight"},{"floor":43.0,"key":"Nunchaku"},{"floor":49,"key":"Blue Doll"}],"event_choices":[{"damage_healed":0.0,"max_hp_gain":0.0,"max_hp_loss":0.0,"gold_gain":0.0,"event_name":"FaceTrader","player_choice":"Trade","floor":4.0,"gold_loss":0.0,"damage_taken":0.0,"relics_obtained":["GremlinMask"]},{"damage_healed":0.0,"max_hp_gain":0.0,"max_hp_loss":0.0,"gold_gain":0.0,"event_name":"Liars Game","player_choice":"Ignored","floor":12.0,"gold_loss":0.0,"damage_taken":0.0},{"cards_removed":["sneckomod:Bewildered"],"damage_healed":0.0,"max_hp_gain":0.0,"max_hp_loss":0.0,"gold_gain":0.0,"event_name":"Fountain of Cleansing","player_choice":"Removed Curses","floor":38.0,"gold_loss":0.0,"damage_taken":0.0},{"damage_healed":0.0,"max_hp_gain":0.0,"max_hp_loss":0.0,"gold_gain":0.0,"event_name":"Winding Halls","player_choice":"Embrace Madness","floor":42.0,"gold_loss":0.0,"damage_taken":14.0,"cards_obtained":["Madness","Madness"]},{"damage_healed":0,"gold_gain":0,"cards_transformed":["Strike_B"],"player_choice":"Transformed","damage_taken":0,"max_hp_gain":0,"max_hp_loss":0,"event_name":"Transmorgrifier","floor":48,"gold_loss":0,"cards_obtained":["ReplayGash"]}],"is_beta":false,"boss_relics":[{"not_picked":["Velvet Choker","Philosopher\u0027s Stone"],"picked":"sneckomod:SneckoTalon"},{"not_picked":["Cursed Key","Empty Cage"],"picked":"Calling Bell"}],"items_purged_floors":[2,5,7,13,20,24,37,44],"is_endless":false,"potions_floor_spawned":[3,14,18,27,31,35,40,45,46],"ascension_level":0}}