{"host":"wl5kcyk3ocgwii71","time":1607497519,"event":{"gold_per_floor":[111,111,111,124,299,299,299,340,410,410,410,410],"floor_reached":11,"playtime":322,"items_purged":[],"score":86,"play_id":"927f9924-67ff-4f5b-928d-7b6ff0a2ce04","local_time":"20201208230519","is_ascension_mode":true,"campfire_choices":[{"data":"Deadly Poison","floor":6,"key":"SMITH"},{"data":"Neutralize","floor":10,"key":"SMITH"},{"data":"Heel Hook","floor":10,"key":"SMITH"}],"neow_cost":"NONE","seed_source_timestamp":392985159244400,"circlet_count":0,"master_deck":["Strike_G","Strike_G","Strike_G","Strike_G","Strike_G","Defend_G","Defend_G","Defend_G","Defend_G","Defend_G","Survivor","Neutralize+1","Cloak And Dagger","Deadly Poison+1","ReplayTheSpireMod:Doomed","Heel Hook+1"],"relics":["Ring of the Snake","ReplayFunnel","Golden Idol","Replay:Arrowhead","Question Card"],"potions_floor_usage":[8],"damage_taken":[{"damage":10,"enemies":"Jaw Worm","floor":1,"turns":10},{"damage":5,"enemies":"Cultist","floor":4,"turns":5},{"damage":11,"enemies":"3 Sentries","floor":8,"turns":15},{"damage":34,"enemies":"Gremlin Nob","floor":11,"turns":6}],"seed_played":"-5345429591059309427","potions_obtained":[{"floor":1,"key":"Weak Potion"}],"is_trial":false,"path_per_floor":["M","?","?","M","?","R","?","E","T","R","E"],"character_chosen":"THE_SILENT","items_purchased":[],"campfire_rested":0,"item_purchase_floors":[],"current_hp_per_floor":[60,43,47,42,42,42,42,31,31,31,0,0],"gold":410,"neow_bonus":"RANDOM_COMMON_RELIC","is_prod":false,"is_daily":false,"chose_seed":false,"campfire_upgraded":3,"win_rate":0,"timestamp":1607497519,"path_taken":["M","?","?","?","?","R","?","E","T","R","E"],"build_version":"2020-11-30","purchased_purges":0,"victory":false,"max_hp_per_floor":[70,70,70,70,70,70,70,70,70,70,70,70],"card_choices":[{"not_picked":["Distraction","Noxious Fumes"],"picked":"Cloak And Dagger","floor":1},{"not_picked":["Hidden Blade","Acrobatics"],"picked":"Deadly Poison","floor":4},{"not_picked":["Skewer","Deflect"],"picked":"Heel Hook","floor":8}],"player_experience":338014,"relics_obtained":[{"floor":8,"key":"Replay:Arrowhead"},{"floor":9,"key":"Question Card"}],"event_choices":[{"damage_healed":0,"gold_gain":0,"player_choice":"Take Damage","damage_taken":17,"relics_obtained":["Golden Idol"],"max_hp_gain":0,"max_hp_loss":0,"event_name":"Golden Idol","floor":2,"gold_loss":0},{"damage_healed":4,"gold_gain":0,"player_choice":"LEAVE ","damage_taken":0,"relics_obtained":[],"max_hp_gain":0,"max_hp_loss":0,"event_name":"betterSkull:BetterSkull","floor":3,"gold_loss":0,"cards_upgraded":[]},{"damage_healed":0,"gold_gain":175,"player_choice":"AGREE","damage_taken":124,"max_hp_gain":0,"max_hp_loss":0,"event_name":"betterThird:BetterSerpent","floor":5,"gold_loss":0},{"damage_healed":0,"gold_gain":0,"cards_transformed":["Doubt"],"player_choice":"Transformed","damage_taken":0,"max_hp_gain":0,"max_hp_loss":0,"event_name":"Transmorgrifier","floor":7,"gold_loss":0,"cards_obtained":["ReplayTheSpireMod:Doomed"]}],"is_beta":false,"boss_relics":[],"items_purged_floors":[],"is_endless":false,"potions_floor_spawned":[1],"killed_by":"Gremlin Nob","ascension_level":5}}