{"host":"pgiw9wkmtk74e1ic","time":1607486899,"event":{"gold_per_floor":[214,214,233,251,266,301,266,280,280,321,88,149,149,209,209,340,340,342,342,368,401,445,445,385,385,385,429,474,37,37,66,66,185,185,214,35,80,105,105,130,130,188,259,294,294,319,391,391,391,391,391,391,189,229,229],"floor_reached":56,"playtime":6892,"items_purged":["ReplayTheSpireMod:Doomed","WitchOfGreed"],"score":1417,"play_id":"b70e9a45-e601-4f00-815b-a1097b5b95aa","local_time":"20201208210819","is_ascension_mode":false,"campfire_choices":[{"data":"GasGiant","floor":13.0,"key":"SMITH"},{"floor":15,"key":"REST"},{"data":"EnergyFlow","floor":23,"key":"SMITH"},{"floor":25,"key":"REST"},{"floor":30,"key":"REST"},{"data":"EnergyFlow","floor":32,"key":"SMITH"},{"data":"EnergyFlow","floor":41,"key":"SMITH"},{"floor":49,"key":"RECALL"},{"data":"UltimateShortwave","floor":52,"key":"SMITH"}],"neow_cost":"NONE","seed_source_timestamp":20776499197700,"circlet_count":0,"master_deck":["Defend_MRS","Defend_MRS","Defend_MRS","Defend_MRS","GasGiant+1","PowerUp","6A+1","Acceleration","SprinkleStarSeal","EnergyFlow+1","AbsoluteMagnitude","ChargingUp","WitchOfGreed","EnergyFlow+1","Clumsy","Acceleration","Ghostly","Ghostly","Ghostly","Ghostly","Ghostly","MagicAbsorber","GasGiant","AsteroidBelt","AsteroidBelt","AbsoluteMagnitude","AsteroidBelt+1","EarthLightRay","MagicChant+1","AsteroidBelt+1","Replay:Sssssssssshield","The Bomb","Replay:Sssssssssshield","EnergyFlow+1","UltimateShortwave+1","AsteroidBelt+1","WitchOfGreed+1","ChargingUp","Madness","Madness","ChargingUp"],"special_seed":0,"relics":["MiniHakkero","PreservedInsect","Replay:Bottled Snecko","BreadOfAWashokuLover","Bronze Scales","Ice Cream","Kintsugi","Mercury Hourglass","Red Mask","Thread and Needle","Black Star","Blood Vial","Replay:Bottled Flurry","Question Card","Mummified Hand","Whetstone","Bottled Flame","Toy Ornithopter","Durian","Anchor","Replay:PocketPolymizer"],"potions_floor_usage":[14,16,37,50,54,54,55],"damage_taken":[{"damage":5.0,"enemies":"2 Louse","floor":1.0,"turns":3.0},{"damage":0.0,"enemies":"Small Slimes","floor":3.0,"turns":4.0},{"damage":0.0,"enemies":"Jaw Worm","floor":4.0,"turns":3.0},{"damage":0.0,"enemies":"2 Fungi Beasts","floor":5.0,"turns":3.0},{"damage":10.0,"enemies":"3 Sentries","floor":6.0,"turns":5.0},{"damage":3.0,"enemies":"Exordium Wildlife","floor":8.0,"turns":6.0},{"damage":2.0,"enemies":"Lagavulin","floor":10.0,"turns":7.0},{"damage":6.0,"enemies":"Replay:BlueRogue","floor":12.0,"turns":9.0},{"damage":24,"enemies":"Gremlin Nob","floor":14,"turns":5},{"damage":12,"enemies":"Fading Forest","floor":16,"turns":7},{"damage":27,"enemies":"2 Thieves","floor":18,"turns":4},{"damage":5,"enemies":"Shell Parasite","floor":20,"turns":6},{"damage":18,"enemies":"Shelled Parasite and Fungi","floor":21,"turns":7},{"damage":4,"enemies":"Centurion and Healer","floor":22,"turns":9},{"damage":10,"enemies":"Snake Plant","floor":27,"turns":7},{"damage":10,"enemies":"Masked Bandits","floor":28,"turns":6},{"damage":0,"enemies":"Chosen and Byrds","floor":31,"turns":3},{"damage":0,"enemies":"Champ","floor":33,"turns":6},{"damage":0,"enemies":"3 Darklings","floor":35,"turns":7},{"damage":0,"enemies":"3 Shapes","floor":37,"turns":9},{"damage":8,"enemies":"Sphere and 2 Shapes","floor":38,"turns":6},{"damage":0,"enemies":"Reptomancer","floor":40,"turns":4},{"damage":0,"enemies":"Nemesis","floor":42,"turns":5},{"damage":0,"enemies":"4 Shapes","floor":44,"turns":7},{"damage":2,"enemies":"Spire Growth","floor":46,"turns":5},{"damage":5,"enemies":"Giant Head","floor":47,"turns":8},{"damage":41,"enemies":"Time Eater","floor":50,"turns":10},{"damage":20,"enemies":"Shield and Spear","floor":54,"turns":9},{"damage":55,"enemies":"The Heart","floor":55,"turns":11}],"seed_played":"-6576806252656635618","potions_obtained":[{"floor":1.0,"key":"Elixir"},{"floor":3.0,"key":"Block Potion"},{"floor":5.0,"key":"Energy Potion"},{"floor":10.0,"key":"FearPotion"},{"floor":12.0,"key":"LifebloodPotion"},{"floor":14,"key":"Adrenaline Potion"},{"floor":16,"key":"DuplicationPotion"},{"floor":21,"key":"ColorlessPotion"},{"floor":22,"key":"Energy Potion"},{"floor":37,"key":"PowerPotion"}],"is_trial":false,"path_per_floor":["M","?","M","M","M","E","?","M","T","E","$","E","R","E","R","B",null,"M","?","M","M","M","R","?","R","T","M","?","$","R","M","R","B",null,"M","$","M","M","?","E","R","E","T","M","?","M","E","?","R","B",null,"R","$","E","B",null],"character_chosen":"MARISA","items_purchased":["AbsoluteMagnitude","ChargingUp","WitchOfGreed","Thread and Needle","AsteroidBelt","Blood Vial","EarthLightRay","Fruit Juice"],"campfire_rested":3,"item_purchase_floors":[11,11,11,29,29,36,36,53],"current_hp_per_floor":[70,63,63,63,63,53,71,68,68,66,66,60,60,36,58,56,75,49,37,33,17,15,15,15,26,26,18,9,9,20,21,21,35,50,50,50,50,46,36,44,44,50,50,50,50,48,54,47,47,17,55,55,55,45,1],"gold":229,"neow_bonus":"HUNDRED_GOLD","is_prod":false,"is_daily":false,"chose_seed":false,"campfire_upgraded":5,"win_rate":0,"timestamp":1607486899,"path_taken":["M","?","M","M","M","E","?","M","T","E","$","E","R","E","R","BOSS","M","?","M","M","M","R","?","R","T","?","?","$","R","M","R","BOSS","M","$","M","M","?","E","R","E","T","M","?","?","E","?","R","BOSS","R","$","E","BOSS"],"build_version":"2020-11-30","purchased_purges":2,"victory":true,"max_hp_per_floor":[75,75,75,75,75,75,75,75,75,75,75,75,75,75,75,75,75,75,37,37,37,37,37,37,37,37,37,37,37,37,37,37,50,50,50,50,50,50,50,50,50,50,50,50,50,50,55,55,55,55,55,55,55,60,60],"card_choices":[{"not_picked":["BlazeAway","RefractionSpark"],"picked":"GasGiant","floor":1.0},{"not_picked":["ShootingEcho","DoubleSpark"],"picked":"PowerUp","floor":3.0},{"not_picked":["MysteriousBeam","NonDirectionalLaser"],"picked":"6A","floor":4.0},{"not_picked":["ChargeUpSpray","MysteriousBeam"],"picked":"Acceleration","floor":5.0},{"not_picked":["SporeBomb","BlazeAway"],"picked":"SprinkleStarSeal","floor":6.0},{"not_picked":["GrandCross","NonDirectionalLaser"],"picked":"WitchOfGreed","floor":8.0},{"not_picked":["SprinkleStarSeal","WitchLeyline"],"picked":"EnergyFlow","floor":10.0},{"not_picked":["CasketOfStar","GravityBeat","DC"],"picked":"SKIP","floor":12.0},{"not_picked":["GalacticHalo","Acceleration"],"picked":"EnergyFlow","floor":14},{"not_picked":["ShootingEcho","DC"],"picked":"Acceleration","floor":18},{"not_picked":["LuminesStrike","NonDirectionalLaser"],"picked":"MagicAbsorber","floor":20},{"not_picked":["DragonMeteor","DoubleSpark+1"],"picked":"GasGiant","floor":21},{"not_picked":["EventHorizon","ChargeUpSpray+1","StarBarrage+1"],"picked":"SKIP","floor":22},{"not_picked":["WitchLeyline+1","BlazeAway","GrandCross+1"],"picked":"SKIP","floor":27},{"not_picked":["DC","DarkSpark"],"picked":"AsteroidBelt","floor":31},{"not_picked":["CollectingQuirk","EscapeVelocity"],"picked":"AbsoluteMagnitude","floor":33},{"not_picked":["SuperPerseids","Orbital"],"picked":"AsteroidBelt+1","floor":35},{"not_picked":["SuperPerseids+1","DarkMatter"],"picked":"MagicChant+1","floor":37},{"not_picked":["6A+1","MysteriousBeam"],"picked":"AsteroidBelt+1","floor":38},{"not_picked":["Deep Breath","Blind"],"picked":"Replay:Sssssssssshield","floor":39},{"not_picked":["Dramatic Entrance","Mind Blast"],"picked":"The Bomb","floor":39},{"not_picked":["Dark Shackles","Discovery"],"picked":"Replay:Sssssssssshield","floor":39},{"not_picked":["DC+1","DarkSpark"],"picked":"EnergyFlow","floor":40},{"not_picked":["MilkyWay+1","GravityBeat","Robbery+1"],"picked":"UltimateShortwave","floor":42},{"not_picked":["RefractionSpark","UnstableBomb+1","ManaConvection"],"picked":"AsteroidBelt+1","floor":44},{"not_picked":["OrrerysSun+1","PowerUp+1","StarBarrage"],"picked":"WitchOfGreed+1","floor":46},{"not_picked":["CasketOfStar","RefractionSpark","NonDirectionalLaser"],"picked":"ChargingUp","floor":47},{"not_picked":["UnstableBomb","GasGiant","ManaConvection"],"picked":"ChargingUp","floor":54}],"player_experience":228736,"relics_obtained":[{"floor":6.0,"key":"Replay:Bottled Snecko"},{"floor":10.0,"key":"BreadOfAWashokuLover"},{"floor":12.0,"key":"Bronze Scales"},{"floor":14,"key":"Ice Cream"},{"floor":26,"key":"Mercury Hourglass"},{"floor":28,"key":"Red Mask"},{"floor":40,"key":"Replay:Bottled Flurry"},{"floor":40,"key":"Question Card"},{"floor":42,"key":"Mummified Hand"},{"floor":42,"key":"Whetstone"},{"floor":43,"key":"Bottled Flame"},{"floor":47,"key":"Toy Ornithopter"},{"floor":47,"key":"Durian"},{"floor":54,"key":"Anchor"},{"floor":54,"key":"Replay:PocketPolymizer"}],"event_choices":[{"damage_healed":0.0,"max_hp_gain":0.0,"max_hp_loss":0.0,"gold_gain":0.0,"event_name":"Scrap Ooze","player_choice":"Success","floor":2.0,"gold_loss":0.0,"damage_taken":7.0,"relics_obtained":["PreservedInsect"]},{"damage_healed":18.0,"max_hp_gain":0.0,"max_hp_loss":0.0,"gold_gain":0.0,"event_name":"The Cleric","player_choice":"Healed","floor":7.0,"gold_loss":35.0,"damage_taken":0.0},{"damage_healed":0,"gold_gain":0,"player_choice":"Became a Ghost","damage_taken":0,"max_hp_gain":0,"max_hp_loss":38,"event_name":"Ghosts","floor":19,"gold_loss":0,"cards_obtained":["Ghostly","Ghostly","Ghostly","Ghostly","Ghostly"]},{"damage_healed":0,"gold_gain":0,"player_choice":"Fought Bandits","damage_taken":0,"max_hp_gain":0,"max_hp_loss":0,"event_name":"Masked Bandits","floor":28,"gold_loss":0},{"damage_healed":0,"gold_gain":0,"player_choice":"Memory 3","damage_taken":10,"max_hp_gain":0,"max_hp_loss":0,"event_name":"SensoryStone","floor":39,"gold_loss":0},{"cards_removed":["MasterSpark"],"damage_healed":0,"gold_gain":0,"player_choice":"Offered Basic","damage_taken":0,"max_hp_gain":0,"max_hp_loss":0,"event_name":"Bonfire Elementals","floor":45,"gold_loss":0},{"damage_healed":0,"gold_gain":0,"player_choice":"Embrace Madness","damage_taken":7,"max_hp_gain":0,"max_hp_loss":0,"event_name":"Winding Halls","floor":48,"gold_loss":0,"cards_obtained":["Madness","Madness"]}],"is_beta":false,"boss_relics":[{"not_picked":["Fusion Hammer","SacredBark"],"picked":"Kintsugi"},{"not_picked":["ReplayTheSpireMod:DimensionalGlitch","ChewingGum"],"picked":"Black Star"}],"items_purged_floors":[29,53],"is_endless":false,"potions_floor_spawned":[1,3,5,14,16,20,21,27,33,38,46],"ascension_level":0}}