{"host":"p6y17sixyu8q9v1f","time":1607527883,"event":{"gold_per_floor":[115,1,14,14,14,46,66,66,120,133,133,133,165,177,177,281,581,592,592,592,691,231,231,231],"floor_reached":23,"playtime":1112,"items_purged":["Strike_G","Doppelganger"],"score":266,"play_id":"985eec18-8ffc-411e-87cc-71821cc0159b","local_time":"20201209093123","is_ascension_mode":true,"campfire_choices":[{"data":"Caltrops","floor":8,"key":"SMITH"},{"data":"Neutralize","floor":12,"key":"SMITH"},{"floor":15,"key":"REST"}],"neow_cost":"NONE","seed_source_timestamp":245224640024400,"circlet_count":0,"master_deck":["Strike_G","Strike_G","Defend_G","Defend_G","Defend_G","Defend_G","Survivor","Neutralize+1","Blade Dance","Noxious Fumes+1","Caltrops+1","Blade Dance","Backflip","Deadly Poison","Corpse Explosion","CurseOfTheBell","Dagger Throw","Envenom"],"relics":["Ring of the Snake","NeowsBlessing","Tiny Chest","MealTicket","Eternal Feather","Calling Bell","Juzu Bracelet","Mercury Hourglass","Old Coin","Sundial","Peace Pipe"],"potions_floor_usage":[13,14,16,23],"damage_taken":[{"damage":0,"enemies":"2 Louse","floor":1,"turns":1},{"damage":0,"enemies":"Cultist","floor":3,"turns":1},{"damage":0,"enemies":"Lagavulin","floor":6,"turns":1},{"damage":0,"enemies":"Small Slimes","floor":7,"turns":4},{"damage":20,"enemies":"Gremlin Gang","floor":10,"turns":3},{"damage":20,"enemies":"Gremlin Nob","floor":13,"turns":4},{"damage":13,"enemies":"Large Slime","floor":14,"turns":5},{"damage":9,"enemies":"The Guardian","floor":16,"turns":8},{"damage":31,"enemies":"2 Thieves","floor":18,"turns":3},{"damage":55,"enemies":"Slavers","floor":23,"turns":3}],"seed_played":"-6567467486701149656","potions_obtained":[{"floor":1,"key":"BlessingOfTheForge"},{"floor":13,"key":"ColorlessPotion"},{"floor":14,"key":"Poison Potion"},{"floor":18,"key":"Explosive Potion"}],"is_trial":false,"path_per_floor":["M","$","M","?","$","E","M","R","T","M","?","R","E","M","R","B",null,"M","T","?","?","$","E"],"character_chosen":"THE_SILENT","items_purchased":["Noxious Fumes","Peace Pipe","Envenom"],"campfire_rested":1,"item_purchase_floors":[2,22,22],"current_hp_per_floor":[70,70,70,70,70,70,70,70,70,50,50,50,30,17,47,38,70,39,39,39,39,54,0,0],"gold":231,"neow_bonus":"THREE_ENEMY_KILL","is_prod":false,"is_daily":false,"chose_seed":false,"campfire_upgraded":2,"win_rate":0,"timestamp":1607527883,"path_taken":["M","$","M","?","$","E","?","R","T","M","?","R","E","?","R","BOSS","M","?","?","?","$","E"],"build_version":"2020-11-30","purchased_purges":2,"victory":false,"max_hp_per_floor":[70,70,70,70,70,70,70,70,70,70,70,70,70,70,70,70,70,70,70,70,70,70,70,70],"card_choices":[{"not_picked":["Tactician","Prepared"],"picked":"Blade Dance","floor":1},{"not_picked":["Slice","Heel Hook","Acrobatics"],"picked":"SKIP","floor":3},{"not_picked":["Unload","Calculated Gamble"],"picked":"Caltrops","floor":6},{"not_picked":["Dodge and Roll","Slice"],"picked":"Blade Dance","floor":7},{"not_picked":["Underhanded Strike","Sucker Punch"],"picked":"Backflip","floor":10},{"not_picked":["Poisoned Stab","Flying Knee"],"picked":"Deadly Poison","floor":13},{"not_picked":["Prepared","Deflect","Dagger Throw"],"picked":"SKIP","floor":14},{"not_picked":["A Thousand Cuts","Burst"],"picked":"Corpse Explosion","floor":16},{"not_picked":["Predator","Poisoned Stab","Infinite Blades"],"picked":"SKIP","floor":18}],"player_experience":723803,"relics_obtained":[{"floor":6,"key":"Tiny Chest"},{"floor":9,"key":"MealTicket"},{"floor":13,"key":"Eternal Feather"},{"floor":17,"key":"Juzu Bracelet"},{"floor":17,"key":"Mercury Hourglass"},{"floor":17,"key":"Old Coin"},{"floor":19,"key":"Sundial"}],"event_choices":[{"cards_removed":["Defend_G"],"damage_healed":0,"gold_gain":0,"player_choice":"Offered Basic","damage_taken":0,"max_hp_gain":0,"max_hp_loss":0,"event_name":"Bonfire Elementals","floor":4,"gold_loss":0},{"damage_healed":0,"gold_gain":0,"player_choice":"Upgraded","damage_taken":0,"max_hp_gain":0,"max_hp_loss":0,"event_name":"Upgrade Shrine","floor":11,"gold_loss":0,"cards_upgraded":["Noxious Fumes"]},{"damage_healed":0,"gold_gain":0,"cards_transformed":["Strike_G","Strike_G"],"player_choice":"Became Test Subject","damage_taken":0,"max_hp_gain":0,"max_hp_loss":0,"event_name":"Drug Dealer","floor":20,"gold_loss":0,"cards_obtained":["Dagger Throw","Doppelganger"]},{"damage_healed":0,"gold_gain":99,"player_choice":"Stole From Cult","damage_taken":0,"max_hp_gain":0,"max_hp_loss":0,"event_name":"Nest","floor":21,"gold_loss":0}],"is_beta":false,"boss_relics":[{"not_picked":["Ectoplasm","Ring of the Serpent"],"picked":"Calling Bell"}],"items_purged_floors":[2,22],"is_endless":false,"potions_floor_spawned":[1,13,14,18],"killed_by":"Slavers","ascension_level":4}}