{"host":"pletss163z7s8pvv","time":1607475896,"event":{"gold_per_floor":[114,114,129,129,144,174,10,10,10,25,25,55,55,85,85,185,185,200,31,31,31,46,76,76,43,43,43,58,58,73,88,88,188,188,203,203,53,68,68,68],"floor_reached":39,"playtime":1217,"items_purged":[],"score":467,"play_id":"f811c3eb-51ae-43ff-aad3-3637f86f7797","local_time":"20201208190456","daily_mods":["SealedDeck","Purple Cards","Elite Swarm"],"is_ascension_mode":false,"campfire_choices":[{"floor":8.0,"key":"REST"},{"data":"Echo Form","floor":13.0,"key":"SMITH"},{"floor":15.0,"key":"REST"},{"floor":24.0,"key":"REST"},{"floor":27.0,"key":"REST"},{"floor":32.0,"key":"REST"}],"neow_cost":"","seed_source_timestamp":0,"circlet_count":0,"master_deck":["PathToVictory","PathToVictory","Go for the Eyes","Worship","ReachHeaven","TalkToTheHand","EmptyFist","FearNoEvil","Double Energy+1","Sunder","CrushJoints","Echo Form+1","Auto Shields","Doom and Gloom","Wish","WreathOfFlame","BowlingBash","Auto Shields","CutThroughFate","CutThroughFate","Hyperbeam","Judgement","Hologram","Alpha","BattleHymn","Panache","Reprogram","Protect+1","Wish","Crescendo","Doom and Gloom","EmptyFist","Pray","SandsOfTime+1","Prostrate","Stack+1","Seek","CurseOfTheBell","FollowUp+1","Double Energy+1","BootSequence"],"special_seed":18605,"relics":["Cracked Core","InkBottle","Dream Catcher","Orichalcum","Meat on the Bone","Centennial Puzzle","SlaversCollar","WingedGreaves","Pantograph","Calling Bell","Nunchaku","Singing Bowl","Ginger","DollysMirror"],"potions_floor_usage":[39,39],"damage_taken":[{"damage":6.0,"enemies":"2 Louse","floor":1.0,"turns":2.0},{"damage":0.0,"enemies":"Cultist","floor":3.0,"turns":2.0},{"damage":8.0,"enemies":"Jaw Worm","floor":5.0,"turns":2.0},{"damage":16.0,"enemies":"Lagavulin","floor":6.0,"turns":4.0},{"damage":0.0,"enemies":"Lots of Slimes","floor":10.0,"turns":3.0},{"damage":0.0,"enemies":"Gremlin Nob","floor":12.0,"turns":3.0},{"damage":17.0,"enemies":"Lagavulin","floor":14.0,"turns":5.0},{"damage":27.0,"enemies":"Hexaghost","floor":16.0,"turns":4.0},{"damage":16.0,"enemies":"3 Byrds","floor":18.0,"turns":3.0},{"damage":0.0,"enemies":"Spheric Guardian","floor":22.0,"turns":1.0},{"damage":12.0,"enemies":"Gremlin Leader","floor":23.0,"turns":5.0},{"damage":0.0,"enemies":"Snake Plant","floor":28.0,"turns":2.0},{"damage":33.0,"enemies":"Centurion and Healer","floor":30.0,"turns":5.0},{"damage":34.0,"enemies":"Shelled Parasite and Fungi","floor":31.0,"turns":3.0},{"damage":62.0,"enemies":"Automaton","floor":33.0,"turns":8.0},{"damage":21.0,"enemies":"Orb Walker","floor":35.0,"turns":4.0},{"damage":21.0,"enemies":"3 Darklings","floor":38.0,"turns":3.0},{"damage":30,"enemies":"Spire Growth","floor":39,"turns":4}],"seed_played":"4494449258677458329","potions_obtained":[{"floor":1.0,"key":"Energy Potion"},{"floor":5.0,"key":"EssenceOfSteel"},{"floor":6.0,"key":"FearPotion"},{"floor":14.0,"key":"Block Potion"},{"floor":18.0,"key":"Regen Potion"},{"floor":28.0,"key":"Regen Potion"},{"floor":30.0,"key":"LiquidBronze"},{"floor":31.0,"key":"SteroidPotion"},{"floor":35.0,"key":"DistilledChaos"}],"is_trial":false,"path_per_floor":["M","?","M","?","M","E","$","R","T","M","?","E","R","E","R","B",null,"M","$","?","?","M","E","R","$","T","R","M","?","M","M","R","B",null,"M","?","$","M","M"],"character_chosen":"DEFECT","items_purchased":["WreathOfFlame","BowlingBash","Auto Shields","Panache","Doom and Gloom","DollysMirror"],"campfire_rested":5,"item_purchase_floors":[7,7,7,19,25,37],"current_hp_per_floor":[69,69,69,69,61,45,45,67,67,67,67,67,67,50,72,45,75,59,59,59,59,59,47,69,69,69,75,75,75,42,39,61,25,75,54,56,56,47,17,17],"gold":68,"neow_bonus":"","is_prod":false,"is_daily":true,"chose_seed":false,"campfire_upgraded":1,"win_rate":0,"timestamp":1607475896,"path_taken":["M","?","?","?","?","E","?","R","T","M","?","E","R","E","R","BOSS","M","$","?","?","M","E","R","?","T","R","M","?","M","?","R","BOSS","M","?","$","M","M"],"build_version":"2020-11-30","purchased_purges":0,"victory":false,"max_hp_per_floor":[75,75,75,75,75,75,75,75,75,75,75,75,75,75,75,75,75,75,75,75,75,75,75,75,75,75,75,75,75,75,75,75,75,75,75,77,77,77,77,77],"card_choices":[{"not_picked":["ThirdEye","Evaluate"],"picked":"CrushJoints","floor":1.0},{"not_picked":["Consume","DeceiveReality"],"picked":"Auto Shields","floor":3.0},{"not_picked":["FlyingSleeves","Scrape"],"picked":"Doom and Gloom","floor":5.0},{"not_picked":["Thunder Strike","Scrawl"],"picked":"Wish","floor":6.0},{"not_picked":["Evaluate","Collect"],"picked":"CutThroughFate","floor":8.0},{"not_picked":["Streamline","Hologram"],"picked":"CutThroughFate","floor":10.0},{"not_picked":["Seek","SpiritShield"],"picked":"Hyperbeam","floor":12.0},{"not_picked":["Brilliance","Hyperbeam"],"picked":"Judgement","floor":14.0},{"not_picked":["FlurryOfBlows","Stack"],"picked":"Hologram","floor":15.0},{"not_picked":["Machine Learning","ConjureBlade"],"picked":"Alpha","floor":16.0},{"not_picked":["Turbo","Sanctity"],"picked":"BattleHymn","floor":18.0},{"not_picked":["CutThroughFate","FlyingSleeves"],"picked":"Protect+1","floor":22.0},{"not_picked":["ConjureBlade","MasterReality"],"picked":"Wish","floor":23.0},{"not_picked":["EmptyMind","Protect"],"picked":"Crescendo","floor":24.0},{"not_picked":["Tantrum","Ball Lightning"],"picked":"EmptyFist","floor":27.0},{"not_picked":["Halt","Defragment"],"picked":"Pray","floor":28.0},{"not_picked":["JustLucky","Compile Driver+1"],"picked":"SandsOfTime+1","floor":30.0},{"not_picked":["Worship","Nirvana"],"picked":"Prostrate","floor":31.0},{"not_picked":["Halt","Protect"],"picked":"Stack+1","floor":32.0},{"not_picked":["Hyperbeam","Multi-Cast"],"picked":"Seek","floor":33.0},{"not_picked":["Stack","Streamline"],"picked":"FollowUp+1","floor":35.0},{"not_picked":["Swift Strike","Impatience","Madness"],"picked":"Singing Bowl","floor":36.0},{"not_picked":["Multi-Cast","FlurryOfBlows"],"picked":"BootSequence","floor":38.0}],"player_experience":372083,"relics_obtained":[{"floor":4.0,"key":"InkBottle"},{"floor":6.0,"key":"Dream Catcher"},{"floor":9.0,"key":"Orichalcum"},{"floor":12.0,"key":"Meat on the Bone"},{"floor":14.0,"key":"Centennial Puzzle"},{"floor":23.0,"key":"WingedGreaves"},{"floor":26.0,"key":"Pantograph"},{"floor":34.0,"key":"Nunchaku"},{"floor":34.0,"key":"Singing Bowl"},{"floor":34.0,"key":"Ginger"}],"event_choices":[{"damage_healed":0.0,"max_hp_gain":0.0,"max_hp_loss":0.0,"gold_gain":0.0,"event_name":"Match and Keep!","player_choice":"1 cards matched","floor":2.0,"gold_loss":0.0,"damage_taken":0.0,"cards_obtained":["Echo Form"]},{"damage_healed":0.0,"max_hp_gain":0.0,"max_hp_loss":0.0,"gold_gain":0.0,"event_name":"Wheel of Change","player_choice":"Relic","floor":4.0,"gold_loss":0.0,"damage_taken":0.0},{"damage_healed":0.0,"max_hp_gain":0.0,"max_hp_loss":0.0,"gold_gain":0.0,"event_name":"Living Wall","player_choice":"Grow","floor":11.0,"gold_loss":0.0,"damage_taken":0.0,"cards_upgraded":["Double Energy"]},{"damage_healed":0.0,"max_hp_gain":0.0,"max_hp_loss":0.0,"gold_gain":0.0,"event_name":"The Library","player_choice":"Read","floor":20.0,"gold_loss":0.0,"damage_taken":0.0,"cards_obtained":["Reprogram"]},{"damage_healed":0.0,"max_hp_gain":0.0,"max_hp_loss":0.0,"gold_gain":0.0,"event_name":"Ghosts","player_choice":"Ignored","floor":21.0,"gold_loss":0.0,"damage_taken":0.0},{"damage_healed":0.0,"max_hp_gain":0.0,"max_hp_loss":0.0,"gold_gain":0.0,"event_name":"Vampires","player_choice":"Ignored","floor":29.0,"gold_loss":0.0,"damage_taken":0.0},{"damage_healed":0.0,"max_hp_gain":0.0,"max_hp_loss":0.0,"gold_gain":0.0,"event_name":"SensoryStone","player_choice":"Memory 1","floor":36.0,"gold_loss":0.0,"damage_taken":0.0}],"is_beta":false,"boss_relics":[{"not_picked":["FrozenCore","Empty Cage"],"picked":"SlaversCollar"},{"not_picked":["Runic Dome","Coffee Dripper"],"picked":"Calling Bell"}],"items_purged_floors":[],"is_endless":false,"potions_floor_spawned":[1,5,6,14,18,28,30,31,35],"killed_by":"Spire Growth","ascension_level":0}}