{"host":"v9ordiuf4xzdpttp","time":1607488397,"event":{"gold_per_floor":[113,124,124,138,138,138,42,54,54,54,54,66,85,102,102,198,198,216,216,216,234,252,252,286,286,311,331,358,325,309,309,309,309,309],"floor_reached":33,"playtime":2327,"items_purged":[],"score":299,"play_id":"3534083f-1315-4911-9c57-0c5657cf1b13","local_time":"20201208233317","is_ascension_mode":false,"campfire_choices":[{"data":"Noxious Fumes","floor":6,"key":"SMITH"},{"floor":23,"key":"REST"},{"floor":25,"key":"RECALL"},{"floor":32,"key":"REST"}],"neow_cost":"NONE","seed_source_timestamp":13048558033300,"circlet_count":0,"master_deck":["Strike_G","Strike_G","Strike_G","Strike_G","Strike_G","Defend_G","Defend_G","Defend_G","Defend_G","Defend_G","Survivor","Neutralize+1","Burst+1","Noxious Fumes+1","ReplayTheSpireMod:Speed Training","ReplayTheSpireMod:Scrap Shanks","Deadly Poison","ReplayTheSpireMod:Scrap Shanks","Quick Slash","REME_CopyPotion","Dagger Throw","Prepared","ReplayTheSpireMod:From All Sides","REME_GreenPollution","Dagger Throw","Poisoned Stab","Flying Knee+1","Terror+1","Blade Dance","Prepared+1","Dagger Throw"],"relics":["REME_ComplimentaryCards","aspiration:Nostalgia","m_ScarletBlood","relicPack:OneForAll","Runesmith:Nanobots","REME_HourglassOfDeath","Sizzling Blood","hubris:Stopwatch","hubris:Towel","hubris:Icosahedron","HollowMod:PaleOreRelic","infinitespire:Satchel","infinitespire:Lucky Rock","Nunchaku","Replay:Towering Pillar of Hats"],"potions_floor_usage":[16,16,21,27,30,33],"damage_taken":[{"damage":5,"enemies":"Small Slimes","floor":1,"turns":6},{"damage":0,"enemies":"Jaw Worm","floor":2,"turns":6},{"damage":0,"enemies":"2 Louse","floor":4,"turns":4},{"damage":13,"enemies":"Looter","floor":8,"turns":4},{"damage":16,"enemies":"Exordium Thugs","floor":12,"turns":5},{"damage":0,"enemies":"Large Slime","floor":13,"turns":5},{"damage":13,"enemies":"2 Fungi Beasts","floor":14,"turns":4},{"damage":23,"enemies":"Hexaghost","floor":16,"turns":6},{"damage":7,"enemies":"3 Byrds","floor":18,"turns":4},{"damage":24,"enemies":"2 Thieves","floor":21,"turns":4},{"damage":10,"enemies":"Centurion and Healer","floor":22,"turns":5},{"damage":1,"enemies":"Gremlin Leader","floor":24,"turns":6},{"damage":0,"enemies":"Snake Plant","floor":27,"turns":3},{"damage":30,"enemies":"conspire:SneckoGhost","floor":28,"turns":6},{"damage":23,"enemies":"Sentry and Sphere","floor":29,"turns":4},{"damage":25,"enemies":"HollowMod:Nosk","floor":30,"turns":6},{"damage":37,"enemies":"Champ","floor":33,"turns":6}],"seed_played":"-2531351965301562550","potions_obtained":[{"floor":2,"key":"Energy Potion"},{"floor":8,"key":"SteroidPotion"},{"floor":13,"key":"PowerPotion"},{"floor":18,"key":"Poison Potion"},{"floor":27,"key":"Fire Potion"},{"floor":30,"key":"LifebloodPotion"}],"is_trial":false,"path_per_floor":["M","M","?","M","T","R","$","M","T","?","?","M","M","M","R_BF","B",null,"M","?","?","M","M","R","E","R","T","M","E","M","E","T","R","B"],"character_chosen":"THE_SILENT","items_purchased":["Deadly Poison","ReplayTheSpireMod:Scrap Shanks"],"campfire_rested":2,"item_purchase_floors":[7,7],"current_hp_per_floor":[65,65,65,65,65,65,65,52,52,52,56,44,48,39,61,42,74,71,71,71,51,45,67,70,70,70,74,48,29,8,8,30,0,0],"gold":309,"neow_bonus":"NOSTALGIA","is_prod":false,"is_daily":false,"chose_seed":false,"campfire_upgraded":1,"win_rate":0.0,"timestamp":1607488397,"path_taken":["M","M","?","M","?","R","$","?","T","?","?","M","M","M","R_BF","BOSS","M","?","?","?","M","R","E","R","T","M","E","M","E","?","R","BOSS"],"build_version":"2020-11-30","purchased_purges":0,"victory":false,"max_hp_per_floor":[70,70,70,70,70,70,70,70,70,70,74,74,74,74,74,74,74,74,74,74,74,74,74,74,74,74,74,74,74,74,74,74,74,74],"card_choices":[{"not_picked":["Flex","Deadly Poison"],"picked":"Noxious Fumes","floor":1},{"not_picked":["Calculated Gamble","Flex"],"picked":"ReplayTheSpireMod:Speed Training","floor":2},{"not_picked":["Sucker Punch","hubris:Counter"],"picked":"ReplayTheSpireMod:Scrap Shanks","floor":4},{"not_picked":["Sucker Punch","Caltrops"],"picked":"Quick Slash","floor":8},{"not_picked":["Dagger Spray","Skewer"],"picked":"REME_CopyPotion","floor":12},{"not_picked":["Skewer","Tactician"],"picked":"Dagger Throw","floor":13},{"not_picked":["Deflect","Toxin Wave"],"picked":"Prepared","floor":14},{"not_picked":["aspiration:Lunge","Malaise"],"picked":"ReplayTheSpireMod:From All Sides","floor":16},{"not_picked":["hubris:Counter","Poisoned Stab"],"picked":"REME_GreenPollution","floor":18},{"not_picked":["Bullet Time","Deadly Poison"],"picked":"Dagger Throw","floor":21},{"not_picked":["ReplayTheSpireMod:Tripwire","Deadly Poison+1"],"picked":"Poisoned Stab","floor":22},{"not_picked":["Outmaneuver","Slice+1"],"picked":"Flying Knee+1","floor":24},{"not_picked":["Hidden Blade","Deadly Poison+1"],"picked":"Terror+1","floor":27},{"not_picked":["Dodge and Roll","Underhanded Strike+1"],"picked":"Blade Dance","floor":28},{"not_picked":["Sucker Punch","Outmaneuver"],"picked":"Prepared+1","floor":29},{"not_picked":["Acrobatics","REME_SpectralBlade"],"picked":"Dagger Throw","floor":30}],"player_experience":179002,"relics_obtained":[{"floor":5,"key":"Runesmith:Nanobots"},{"floor":9,"key":"REME_HourglassOfDeath"},{"floor":24,"key":"HollowMod:PaleOreRelic"},{"floor":26,"key":"infinitespire:Satchel"},{"floor":28,"key":"infinitespire:Lucky Rock"},{"floor":30,"key":"Nunchaku"},{"floor":31,"key":"Replay:Towering Pillar of Hats"}],"event_choices":[],"is_beta":false,"boss_relics":[{"not_picked":["Replay:Wanted Poster","hubris:VirtuousBlindfold"],"picked":"hubris:Stopwatch"}],"items_purged_floors":[],"is_endless":false,"potions_floor_spawned":[2,8,13,18,27,30],"killed_by":"Champ","ascension_level":0}}