{"host":"lhth1efayex2023z","time":1607544639,"event":{"gold_per_floor":[115,115,131,18,29,29,54,54,54,81,81,81,81,107,107,207,207,224,136,136,136,136],"floor_reached":21,"playtime":719,"items_purged":["Strike_B","Regret"],"score":290,"play_id":"4e54b075-adba-4359-892a-62ee6c31dd44","local_time":"20201209131039","is_ascension_mode":true,"campfire_choices":[{"data":"Zap","floor":6,"key":"SMITH"},{"floor":8,"key":"REST"},{"data":"Genetic Algorithm","floor":15,"key":"SMITH"}],"neow_cost":"NONE","seed_source_timestamp":1386246911294300,"circlet_count":0,"master_deck":["AscendersBane","Strike_B+1","Strike_B+1","Defend_B+1","Defend_B+1","Defend_B+1","Defend_B+1","Zap+1","Dualcast","Chill","Capacitor","Conserve Battery","Ball Lightning","Genetic Algorithm+1","Parasite","Consume","Echo Form","Storm"],"relics":["Cracked Core","NeowsBlessing","Darkstone Periapt","War Paint","Pocketwatch","Smiling Mask","Singing Bowl","Girya","Black Star"],"potions_floor_usage":[7,10,21],"damage_taken":[{"damage":0,"enemies":"Small Slimes","floor":1,"turns":1},{"damage":0,"enemies":"Cultist","floor":3,"turns":1},{"damage":0,"enemies":"Jaw Worm","floor":5,"turns":1},{"damage":19,"enemies":"Lagavulin","floor":7,"turns":10},{"damage":22,"enemies":"Gremlin Nob","floor":10,"turns":4},{"damage":14,"enemies":"Lagavulin","floor":14,"turns":6},{"damage":56,"enemies":"Hexaghost","floor":16,"turns":10},{"damage":52,"enemies":"3 Byrds","floor":18,"turns":5},{"damage":19,"enemies":"Shell Parasite","floor":21,"turns":5}],"seed_played":"8462627603715231400","potions_obtained":[{"floor":3,"key":"FocusPotion"},{"floor":7,"key":"Fire Potion"},{"floor":16,"key":"SneckoOil"}],"is_trial":false,"path_per_floor":["M","?","M","$","M","R","E","R","T","E","?","T","?","E","R","B",null,"M","$","?","M"],"character_chosen":"DEFECT","items_purchased":["Capacitor","Storm"],"campfire_rested":1,"item_purchase_floors":[4,19],"current_hp_per_floor":[68,68,68,68,68,68,49,71,71,49,55,55,81,67,67,11,68,18,18,18,0,0],"gold":136,"neow_bonus":"THREE_ENEMY_KILL","is_prod":false,"is_daily":false,"chose_seed":false,"campfire_upgraded":2,"win_rate":0,"timestamp":1607544639,"path_taken":["M","?","?","$","M","R","E","R","T","E","?","?","?","E","R","BOSS","M","$","?","M"],"build_version":"2020-11-30","purchased_purges":2,"victory":false,"max_hp_per_floor":[75,75,75,75,75,75,75,75,75,75,81,81,87,87,87,87,87,89,89,89,89,89],"card_choices":[{"not_picked":["Streamline","Double Energy"],"picked":"Chill","floor":1},{"not_picked":["Reinforced Body","Stack","Hologram"],"picked":"SKIP","floor":3},{"not_picked":["BootSequence","Reprogram"],"picked":"Conserve Battery","floor":5},{"not_picked":["Hologram","Leap"],"picked":"Ball Lightning","floor":7},{"not_picked":["Cold Snap","Hologram"],"picked":"Genetic Algorithm","floor":10},{"not_picked":["Leap","Aggregate"],"picked":"Consume","floor":14},{"not_picked":["Reboot","All For One"],"picked":"Echo Form","floor":16},{"not_picked":["Fusion","Stack","White Noise"],"picked":"Singing Bowl","floor":18}],"player_experience":342836,"relics_obtained":[{"floor":7,"key":"Darkstone Periapt"},{"floor":9,"key":"War Paint"},{"floor":10,"key":"Pocketwatch"},{"floor":12,"key":"Singing Bowl"},{"floor":14,"key":"Girya"}],"event_choices":[{"cards_removed":["Strike_B"],"damage_healed":0,"gold_gain":0,"player_choice":"Offered Basic","damage_taken":0,"max_hp_gain":0,"max_hp_loss":0,"event_name":"Bonfire Elementals","floor":2,"gold_loss":0},{"damage_healed":0,"gold_gain":0,"player_choice":"Box","damage_taken":0,"relics_obtained":["Smiling Mask"],"max_hp_gain":0,"max_hp_loss":0,"event_name":"Big Fish","floor":11,"gold_loss":0,"cards_obtained":["Regret"]},{"damage_healed":20,"gold_gain":0,"player_choice":"Healed and dodged fight","damage_taken":0,"max_hp_gain":0,"max_hp_loss":0,"event_name":"Mushrooms","floor":13,"gold_loss":0,"cards_obtained":["Parasite"]},{"damage_healed":0,"gold_gain":0,"player_choice":"Simplicity","damage_taken":0,"max_hp_gain":0,"max_hp_loss":0,"event_name":"Back to Basics","floor":20,"gold_loss":0,"cards_upgraded":["Strike_B","Strike_B","Defend_B","Defend_B"]}],"is_beta":false,"boss_relics":[{"not_picked":["SacredBark","Snecko Eye"],"picked":"Black Star"}],"items_purged_floors":[4,19],"is_endless":false,"potions_floor_spawned":[3,7,16],"killed_by":"Shell Parasite","ascension_level":10}}