{"host":"q229ysid750dmjme","time":1607511936,"event":{"gold_per_floor":[113,123,123,137,62,97,97,131,157,157,13,13,13,188,188,312,312,336,336,356,9,25,56,68,101,113,125,152,164,195,82,82,202,202,226,289,289,309,322,322,16,16,16,37,37,56,95,110,110,110,110,110,39,83,83],"floor_reached":56,"playtime":6071,"items_purged":["PrismaMod:MiyuCommonDefend","PrismaMod:MiyuCommonDefend","PrismaMod:MiyuCommonAttack","PrismaMod:MiyuCommonAttack"],"score":1180,"play_id":"6ad5e9d5-fb19-4122-94d7-320fb155d101","local_time":"20201209200536","is_ascension_mode":false,"campfire_choices":[{"data":"PrismaMod:MiyuCheapChannelDefend","floor":7.0,"key":"SMITH"},{"data":"PrismaMod:MiyuCheapChannelAttack","floor":10.0,"key":"SMITH"},{"data":"PrismaMod:MiyuCheapChannelVul","floor":12.0,"key":"SMITH"},{"data":"PrismaMod:MiyuMaid","floor":15.0,"key":"SMITH"},{"floor":24.0,"key":"REST"},{"data":"PrismaMod:MiyuCheapChannelRandom","floor":27.0,"key":"SMITH"},{"data":"PrismaMod:MiyuCarnivalAOEAttack","floor":29.0,"key":"SMITH"},{"floor":32.0,"key":"REST"},{"data":"PrismaMod:MiyuUberAttack","floor":40.0,"key":"SMITH"},{"data":"PrismaMod:MiyuUncommonStrBuff","floor":42.0,"key":"SMITH"},{"floor":49.0,"key":"RECALL"},{"data":"PrismaMod:MiyuEvokeBuffStr","floor":52.0,"key":"SMITH"}],"neow_cost":"NONE","seed_source_timestamp":0,"circlet_count":0,"master_deck":["PrismaMod:MiyuCommonDefend","PrismaMod:MiyuCommonDefend","PrismaMod:MiyuCommonAttack","PrismaMod:MiyuCommonAttack","PrismaMod:MiyuCommonAttack","PrismaMod:MiyuCheapChannelAttack+1","PrismaMod:MiyuCheapChannelDefend+1","PrismaMod:MiyuCheapEvoke","PrismaMod:MiyuUncommonDexBuff","PrismaMod:MiyuDevil","PrismaMod:MiyuEvokeBuffStr+1","PrismaMod:MiyuCheapDefend1","PrismaMod:MiyuCheapChannelVul+1","PrismaMod:MiyuMaid+1","PrismaMod:MiyuChannelAttackEvoke","PrismaMod:MiyuCommonAOEAttack","PrismaMod:MiyuCheapDexBuff","PrismaMod:MiyuCheapAttack1","PrismaMod:MiyuCheapChannelRandom+1","PrismaMod:MiyuCarnivalAOEAttack+1","PrismaMod:MiyuCheapEvoke+1","PrismaMod:MiyuUncommonStrBuff+1","PrismaMod:MiyuUberAttack+1","PrismaMod:MiyuCheapStrBuff+1","PrismaMod:MiyuCheapDefend1","PrismaMod:MiyuCheapDefend1+1","PrismaMod:MiyuCheapDefend1","PrismaMod:MiyuChristmas+1","PrismaMod:MiyuEvokeAllDefend+1","PrismaMod:MiyuChristmas+1"],"special_seed":0,"relics":["PrismaMod:PrismaSapphire","Regal Pillow","Omamori","MealTicket","ClockworkSouvenir","Golden Idol","Black Star","Strange Spoon","MawBank","Happy Flower","Busted Crown","Du-Vu Doll","Anchor","Eternal Feather","Toxic Egg 2","Toy Ornithopter","Sundial","CaptainsWheel"],"potions_floor_usage":[],"damage_taken":[{"damage":3.0,"enemies":"Jaw Worm","floor":1.0,"turns":4.0},{"damage":1.0,"enemies":"Cultist","floor":2.0,"turns":4.0},{"damage":0.0,"enemies":"2 Louse","floor":4.0,"turns":4.0},{"damage":9.0,"enemies":"3 Sentries","floor":6.0,"turns":9.0},{"damage":43.0,"enemies":"Gremlin Nob","floor":8.0,"turns":7.0},{"damage":29.0,"enemies":"Slime Boss","floor":16.0,"turns":10.0},{"damage":6.0,"enemies":"Shell Parasite","floor":18.0,"turns":6.0},{"damage":28.0,"enemies":"3 Byrds","floor":20.0,"turns":4.0},{"damage":18.0,"enemies":"Centurion and Healer","floor":22.0,"turns":5.0},{"damage":62.0,"enemies":"Gremlin Leader","floor":23.0,"turns":9.0},{"damage":9.0,"enemies":"Shelled Parasite and Fungi","floor":25.0,"turns":5.0},{"damage":13.0,"enemies":"3 Cultists","floor":28.0,"turns":6.0},{"damage":9.0,"enemies":"Snake Plant","floor":30.0,"turns":4.0},{"damage":33.0,"enemies":"Collector","floor":33.0,"turns":5.0},{"damage":9.0,"enemies":"Orb Walker","floor":35.0,"turns":3.0},{"damage":0.0,"enemies":"Mind Bloom Boss Battle","floor":36.0,"turns":6.0},{"damage":3.0,"enemies":"3 Shapes","floor":38.0,"turns":3.0},{"damage":19.0,"enemies":"Sphere and 2 Shapes","floor":39.0,"turns":4.0},{"damage":5.0,"enemies":"Spire Growth","floor":44.0,"turns":4.0},{"damage":31.0,"enemies":"3 Darklings","floor":46.0,"turns":4.0},{"damage":7.0,"enemies":"Nemesis","floor":47.0,"turns":3.0},{"damage":21.0,"enemies":"Jaw Worm Horde","floor":48.0,"turns":3.0},{"damage":28.0,"enemies":"Donu and Deca","floor":50.0,"turns":5.0},{"damage":33.0,"enemies":"Shield and Spear","floor":54.0,"turns":5.0},{"damage":36,"enemies":"The Heart","floor":55,"turns":11}],"seed_played":"8071305364428574685","potions_obtained":[{"floor":2.0,"key":"Regen Potion"},{"floor":4.0,"key":"Block Potion"},{"floor":16.0,"key":"GamblersBrew"},{"floor":18.0,"key":"FearPotion"},{"floor":19.0,"key":"EssenceOfSteel"},{"floor":19.0,"key":"FairyPotion"},{"floor":25.0,"key":"Dexterity Potion"},{"floor":33.0,"key":"Block Potion"},{"floor":36.0,"key":"LiquidMemories"},{"floor":39.0,"key":"LiquidBronze"},{"floor":44.0,"key":"EntropicBrew"},{"floor":48.0,"key":"Swift Potion"}],"is_trial":false,"path_per_floor":["M","M","?","M","$","E","R","E","T","R","$","R","?","?","R","B",null,"M","?","M","$","M","E","R","M","T","R","M","R","M","$","R","B",null,"M","?","?","M","M","R","$","R","T","M","$","M","E","M","R","B",null,"R","$","E","B",null],"character_chosen":"MIYU","items_purchased":["ClockworkSouvenir","Strange Spoon","Fruit Juice","Anchor","PrismaMod:MiyuEvokeAllDefend+1"],"campfire_rested":2,"item_purchase_floors":[11,21,21,41,53],"current_hp_per_floor":[72,71,71,71,71,74,74,31,31,31,46,46,46,46,46,17,75,69,69,41,61,43,9,48,39,39,39,26,26,17,32,71,38,80,71,71,71,68,49,49,64,64,64,59,74,43,36,15,30,17,80,80,80,47,11],"gold":83,"neow_bonus":"TRANSFORM_CARD","is_prod":false,"is_daily":false,"chose_seed":false,"campfire_upgraded":9,"win_rate":0,"timestamp":1607511936,"path_taken":["M","M","?","M","?","E","R","E","T","R","$","R","?","?","R","BOSS","M","?","?","$","M","E","R","M","T","R","M","R","M","?","R","BOSS","M","?","?","M","?","R","$","R","T","?","?","M","E","?","R","BOSS","R","$","E","BOSS"],"build_version":"2020-11-30","purchased_purges":4,"victory":true,"max_hp_per_floor":[75,75,75,75,75,75,75,75,75,75,75,75,75,75,75,75,75,75,75,75,80,80,80,80,80,80,80,80,80,80,80,80,80,80,80,80,80,80,80,80,80,80,80,80,80,80,80,80,80,80,80,80,80,80,80],"card_choices":[{"not_picked":["PrismaMod:MiyuUncommonAttack","PrismaMod:MiyuUncommonDexBuff"],"picked":"PrismaMod:MiyuDevil","floor":1.0},{"not_picked":["PrismaMod:MiyuCheapEvoke","PrismaMod:MiyuUncommonDexBuff","PrismaMod:MiyuEvokeAll"],"picked":"SKIP","floor":2.0},{"not_picked":["PrismaMod:MiyuCommonAOEAttack","PrismaMod:MiyuUncommonDefend"],"picked":"PrismaMod:MiyuCheapDefend1","floor":4.0},{"not_picked":["PrismaMod:MiyuCheapAttack1","PrismaMod:MiyuEvokeAll"],"picked":"PrismaMod:MiyuCheapChannelVul","floor":6.0},{"not_picked":["PrismaMod:MiyuCheapAttack1","PrismaMod:MiyuEvokeAll"],"picked":"PrismaMod:MiyuMaid","floor":8.0},{"not_picked":["PrismaMod:MiyuEvokeBuffStr","PrismaMod:MiyuDefenseExplosion"],"picked":"PrismaMod:MiyuChannelAttackEvoke","floor":16.0},{"not_picked":["PrismaMod:MiyuCheapAttack2","PrismaMod:MiyuCheapAttack1"],"picked":"PrismaMod:MiyuCommonAOEAttack","floor":18.0},{"not_picked":["PrismaMod:MiyuMaid","PrismaMod:MiyuEvokeAll+1"],"picked":"PrismaMod:MiyuCheapDexBuff","floor":20.0},{"not_picked":["PrismaMod:MiyuUncommonDefend","PrismaMod:MiyuCheapChannelHeal"],"picked":"PrismaMod:MiyuCheapAttack1","floor":22.0},{"not_picked":["PrismaMod:MiyuCheapEvoke","PrismaMod:MiyuEvokeAll"],"picked":"PrismaMod:MiyuCheapChannelRandom","floor":23.0},{"not_picked":["PrismaMod:MiyuCommonAOEAttack+1","PrismaMod:MiyuUncommonDefend"],"picked":"PrismaMod:MiyuCarnivalAOEAttack","floor":25.0},{"not_picked":["PrismaMod:MiyuCheapStrBuff","PrismaMod:MiyuMaid+1"],"picked":"PrismaMod:MiyuCheapEvoke+1","floor":28.0},{"not_picked":["PrismaMod:MiyuUncommonDefend","PrismaMod:MiyuCheapDefend1"],"picked":"PrismaMod:MiyuUncommonStrBuff","floor":30.0},{"not_picked":["PrismaMod:MiyuUberDefend","PrismaMod:MiyuUberAOEAttack"],"picked":"PrismaMod:MiyuUberAttack","floor":33.0},{"not_picked":[],"picked":"PrismaMod:MiyuCheapStrBuff+1","floor":35.0},{"not_picked":[],"picked":"PrismaMod:MiyuCheapDefend1","floor":36.0},{"not_picked":["PrismaMod:MiyuCheapChannelVul"],"picked":"SKIP","floor":38.0},{"not_picked":["PrismaMod:MiyuEvokeAll"],"picked":"SKIP","floor":39.0},{"not_picked":[],"picked":"PrismaMod:MiyuCheapDefend1+1","floor":44.0},{"not_picked":[],"picked":"PrismaMod:MiyuCheapDefend1","floor":46.0},{"not_picked":[],"picked":"PrismaMod:MiyuChristmas+1","floor":47.0},{"not_picked":["PrismaMod:MiyuCheapEvoke+1"],"picked":"SKIP","floor":48.0},{"not_picked":[],"picked":"PrismaMod:MiyuChristmas+1","floor":54.0}],"player_experience":276289,"relics_obtained":[{"floor":6.0,"key":"Regal Pillow"},{"floor":8.0,"key":"Omamori"},{"floor":9.0,"key":"MealTicket"},{"floor":23.0,"key":"MawBank"},{"floor":23.0,"key":"Happy Flower"},{"floor":36.0,"key":"Du-Vu Doll"},{"floor":43.0,"key":"Eternal Feather"},{"floor":47.0,"key":"Toxic Egg 2"},{"floor":47.0,"key":"Toy Ornithopter"},{"floor":54.0,"key":"Sundial"},{"floor":54.0,"key":"CaptainsWheel"}],"event_choices":[{"damage_healed":0.0,"max_hp_gain":0.0,"max_hp_loss":0.0,"gold_gain":0.0,"event_name":"Match and Keep!","player_choice":"1 cards matched","floor":3.0,"gold_loss":0.0,"damage_taken":0.0,"cards_obtained":["PrismaMod:MiyuEvokeBuffStr"]},{"damage_healed":0.0,"max_hp_gain":0.0,"max_hp_loss":0.0,"gold_gain":0.0,"event_name":"Golden Idol","player_choice":"Take Wound","floor":13.0,"gold_loss":0.0,"damage_taken":0.0,"relics_obtained":["Golden Idol"],"cards_obtained":["Injury"]},{"damage_healed":0.0,"max_hp_gain":0.0,"max_hp_loss":0.0,"gold_gain":175.0,"event_name":"Liars Game","player_choice":"AGREE","floor":14.0,"gold_loss":0.0,"damage_taken":0.0,"cards_obtained":["Doubt"]},{"damage_healed":0.0,"max_hp_gain":0.0,"max_hp_loss":0.0,"gold_gain":0.0,"event_name":"Lab","player_choice":"Got Potions","floor":19.0,"gold_loss":0.0,"damage_taken":0.0},{"damage_healed":0.0,"max_hp_gain":0.0,"max_hp_loss":0.0,"gold_gain":0.0,"event_name":"MindBloom","player_choice":"Fight","floor":36.0,"gold_loss":0.0,"damage_taken":0.0},{"damage_healed":0.0,"max_hp_gain":0.0,"max_hp_loss":0.0,"gold_gain":0.0,"event_name":"SecretPortal","player_choice":"Ignored","floor":37.0,"gold_loss":0.0,"damage_taken":0.0}],"is_beta":false,"boss_relics":[{"not_picked":["PrismaMod:PrismaSapphireUpgrade","SlaversCollar"],"picked":"Black Star"},{"not_picked":["Sozu","Cursed Key"],"picked":"Busted Crown"}],"items_purged_floors":[5,21,31,41],"is_endless":false,"potions_floor_spawned":[2,4,16,18,25,33,36,39,44,48],"ascension_level":0}}