{"host":"vtakxgab1vu2j1nx","time":1607474055,"event":{"gold_per_floor":[110,110,110,130,130,169,169,207,230,255,255,280,280,280,280,389,389,410,432,441,459,481,481,220,229,229,272,295,337,337,337,337,447,447,471,534,534,549,567,567,585,626,653,673,673,673,692,720,720,720,720,720,209,237,237],"floor_reached":56,"playtime":1861,"items_purged":["Writhe"],"score":1791,"play_id":"3e384c32-709f-4e06-8883-3fa25e751221","local_time":"20201208193415","is_ascension_mode":true,"campfire_choices":[{"data":"Barricade","floor":7.0,"key":"SMITH"},{"data":"Body Slam","floor":11.0,"key":"SMITH"},{"data":"Bludgeon","floor":13.0,"key":"SMITH"},{"floor":15.0,"key":"RECALL"},{"data":"Juggernaut","floor":23.0,"key":"SMITH"},{"floor":32.0,"key":"REST"},{"data":"Impervious","floor":40.0,"key":"SMITH"},{"floor":46.0,"key":"REST"},{"floor":49.0,"key":"DIG"},{"floor":52.0,"key":"DIG"}],"neow_cost":"NONE","seed_source_timestamp":709186289800,"circlet_count":0,"master_deck":["AscendersBane","Strike_R","Strike_R","Strike_R","Strike_R","Strike_R","Defend_R","Defend_R","Defend_R","Defend_R","Bash","Metallicize","Rampage+1","Barricade+1","Feed","Body Slam+1","Bludgeon+1","Juggernaut+1","Armaments+1","Iron Wave","Bludgeon+1","Cleave+1","Mayhem","Body Slam","Entrench","Impervious+1","Reaper","Shrug It Off+1","Dual Wield+1","Corruption","Iron Wave+1","Feel No Pain","Entrench"],"special_seed":0,"relics":["Burning Blood","NeowsBlessing","Potion Belt","CeramicFish","Mercury Hourglass","Snecko Eye","Eternal Feather","Turnip","Regal Pillow","Self Forming Clay","White Beast Statue","Velvet Choker","Torii","Shovel","Nunchaku","Bird Faced Urn","Mummified Hand","Membership Card","HornCleat","Happy Flower","Champion Belt"],"potions_floor_usage":[55,55,55,55,55],"damage_taken":[{"damage":0.0,"enemies":"2 Louse","floor":1.0,"turns":1.0},{"damage":0.0,"enemies":"Small Slimes","floor":4.0,"turns":2.0},{"damage":0.0,"enemies":"3 Sentries","floor":6.0,"turns":1.0},{"damage":24.0,"enemies":"Gremlin Nob","floor":8.0,"turns":5.0},{"damage":4.0,"enemies":"Jaw Worm","floor":10.0,"turns":3.0},{"damage":20.0,"enemies":"Lots of Slimes","floor":12.0,"turns":3.0},{"damage":52.0,"enemies":"Slime Boss","floor":16.0,"turns":9.0},{"damage":13.0,"enemies":"Shell Parasite","floor":18.0,"turns":3.0},{"damage":1.0,"enemies":"Spheric Guardian","floor":19.0,"turns":3.0},{"damage":0.0,"enemies":"3 Cultists","floor":21.0,"turns":4.0},{"damage":13.0,"enemies":"Snecko","floor":22.0,"turns":3.0},{"damage":19.0,"enemies":"Book of Stabbing","floor":27.0,"turns":4.0},{"damage":19.0,"enemies":"Snake Plant","floor":28.0,"turns":2.0},{"damage":29.0,"enemies":"Gremlin Leader","floor":29.0,"turns":5.0},{"damage":24.0,"enemies":"Champ","floor":33.0,"turns":7.0},{"damage":23.0,"enemies":"3 Darklings","floor":35.0,"turns":4.0},{"damage":30.0,"enemies":"2 Orb Walkers","floor":36.0,"turns":4.0},{"damage":0.0,"enemies":"Orb Walker","floor":38.0,"turns":3.0},{"damage":31.0,"enemies":"Sphere and 2 Shapes","floor":39.0,"turns":5.0},{"damage":39.0,"enemies":"4 Shapes","floor":41.0,"turns":5.0},{"damage":0.0,"enemies":"Giant Head","floor":42.0,"turns":5.0},{"damage":44.0,"enemies":"Jaw Worm Horde","floor":44.0,"turns":5.0},{"damage":0.0,"enemies":"Maw","floor":47.0,"turns":4.0},{"damage":10.0,"enemies":"3 Darklings","floor":48.0,"turns":3.0},{"damage":65.0,"enemies":"Time Eater","floor":50.0,"turns":8.0},{"damage":1.0,"enemies":"Shield and Spear","floor":54.0,"turns":5.0},{"damage":77,"enemies":"The Heart","floor":55,"turns":7}],"seed_played":"-7903850327871420406","potions_obtained":[{"floor":8.0,"key":"AttackPotion"},{"floor":10.0,"key":"Regen Potion"},{"floor":16.0,"key":"Strength Potion"},{"floor":19.0,"key":"Swift Potion"},{"floor":27.0,"key":"PowerPotion"},{"floor":28.0,"key":"PowerPotion"},{"floor":29.0,"key":"BloodPotion"},{"floor":33.0,"key":"CultistPotion"},{"floor":35.0,"key":"EssenceOfSteel"},{"floor":36.0,"key":"ElixirPotion"},{"floor":38.0,"key":"SkillPotion"},{"floor":39.0,"key":"DistilledChaos"},{"floor":41.0,"key":"SkillPotion"},{"floor":42.0,"key":"Energy Potion"},{"floor":44.0,"key":"ElixirPotion"},{"floor":47.0,"key":"ElixirPotion"},{"floor":48.0,"key":"Dexterity Potion"},{"floor":54.0,"key":"Fire Potion"}],"is_trial":false,"path_per_floor":["M","?","?","M","?","E","R","E","T","M","R","M","R","?","R","B",null,"M","M","?","M","M","R","$","?","T","E","M","E","?","T","R","B",null,"M","?","?","M","M","R","M","E","T","M","?","R","M","M","R","B",null,"R","$","E","B",null],"character_chosen":"IRONCLAD","items_purchased":["Mayhem","HeartOfIron","Membership Card","Feel No Pain","Entrench","HornCleat","Block Potion","Block Potion","BloodPotion","Happy Flower"],"campfire_rested":2,"item_purchase_floors":[24,24,53,53,53,53,53,53,53,53],"current_hp_per_floor":[78,75,75,80,80,80,80,62,62,67,67,56,56,84,84,56,81,77,85,85,91,88,88,88,88,88,75,62,39,39,39,98,80,94,81,80,80,86,69,87,66,73,73,39,39,99,99,95,99,53,90,102,102,102,60],"gold":237,"neow_bonus":"THREE_ENEMY_KILL","is_prod":false,"is_daily":false,"chose_seed":false,"campfire_upgraded":5,"win_rate":0,"timestamp":1607474055,"path_taken":["M","?","?","M","?","E","R","E","T","M","R","M","R","?","R","BOSS","M","M","?","M","?","R","$","?","T","E","M","E","?","?","R","BOSS","M","?","?","?","M","R","M","E","T","M","?","R","?","M","R","BOSS","R","$","E","BOSS"],"build_version":"2020-11-30","purchased_purges":1,"victory":true,"max_hp_per_floor":[80,80,80,80,80,80,80,80,80,83,83,86,86,86,86,89,89,92,95,95,95,99,99,99,99,99,99,99,99,99,99,99,99,99,99,99,99,99,99,99,99,99,99,99,99,99,99,99,99,102,102,102,102,102,105],"card_choices":[{"not_picked":["Shrug It Off","Heavy Blade"],"picked":"Metallicize","floor":1.0},{"not_picked":["Body Slam","Headbutt"],"picked":"Rampage","floor":4.0},{"not_picked":["Wild Strike","Warcry"],"picked":"Barricade","floor":6.0},{"not_picked":["Bloodletting","Twin Strike"],"picked":"Feed","floor":8.0},{"not_picked":["Wild Strike","Clothesline"],"picked":"Body Slam","floor":10.0},{"not_picked":["Shockwave","Sentinel"],"picked":"Bludgeon","floor":12.0},{"not_picked":["Exhume","Bludgeon"],"picked":"Juggernaut","floor":16.0},{"not_picked":["Thunderclap","Wild Strike"],"picked":"Armaments+1","floor":18.0},{"not_picked":["Body Slam","Thunderclap"],"picked":"Iron Wave","floor":19.0},{"not_picked":["Havoc+1","Infernal Blade","Hemokinesis"],"picked":"SKIP","floor":21.0},{"not_picked":["Warcry","Disarm"],"picked":"Cleave+1","floor":22.0},{"not_picked":["Shrug It Off","Sword Boomerang"],"picked":"Body Slam","floor":27.0},{"not_picked":["Searing Blow+1","Body Slam"],"picked":"Entrench","floor":28.0},{"not_picked":["Clash","Burning Pact"],"picked":"Impervious","floor":29.0},{"not_picked":["Bludgeon","Exhume"],"picked":"Reaper","floor":33.0},{"not_picked":["Pummel","True Grit"],"picked":"Shrug It Off+1","floor":35.0},{"not_picked":["Infernal Blade+1","Wild Strike"],"picked":"Dual Wield+1","floor":36.0},{"not_picked":["Warcry","Heavy Blade+1","Battle Trance"],"picked":"SKIP","floor":38.0},{"not_picked":["Twin Strike","Warcry","Pummel+1"],"picked":"SKIP","floor":39.0},{"not_picked":["Evolve+1","Dark Embrace+1","Reckless Charge"],"picked":"SKIP","floor":41.0},{"not_picked":["Bloodletting","Havoc"],"picked":"Corruption","floor":42.0},{"not_picked":["Perfected Strike","Havoc","Wild Strike+1"],"picked":"SKIP","floor":44.0},{"not_picked":["Exhume","Rage","Havoc"],"picked":"SKIP","floor":47.0},{"not_picked":["Twin Strike","Headbutt+1"],"picked":"Iron Wave+1","floor":48.0},{"not_picked":["Havoc","Flex+1","Limit Break"],"picked":"SKIP","floor":54.0}],"player_experience":173046,"relics_obtained":[{"floor":6.0,"key":"CeramicFish"},{"floor":8.0,"key":"Mercury Hourglass"},{"floor":26.0,"key":"Turnip"},{"floor":27.0,"key":"Regal Pillow"},{"floor":29.0,"key":"Self Forming Clay"},{"floor":31.0,"key":"White Beast Statue"},{"floor":36.0,"key":"Torii"},{"floor":42.0,"key":"Shovel"},{"floor":43.0,"key":"Nunchaku"},{"floor":49.0,"key":"Bird Faced Urn"},{"floor":52.0,"key":"Mummified Hand"},{"floor":54.0,"key":"Champion Belt"}],"event_choices":[{"damage_healed":0.0,"max_hp_gain":0.0,"max_hp_loss":0.0,"gold_gain":0.0,"event_name":"Scrap Ooze","player_choice":"Success","floor":2.0,"gold_loss":0.0,"damage_taken":3.0,"relics_obtained":["Potion Belt"]},{"damage_healed":0.0,"max_hp_gain":0.0,"max_hp_loss":0.0,"gold_gain":0.0,"event_name":"The Cleric","player_choice":"Leave","floor":3.0,"gold_loss":0.0,"damage_taken":0.0},{"damage_healed":0.0,"max_hp_gain":0.0,"max_hp_loss":0.0,"gold_gain":0.0,"event_name":"Living Wall","player_choice":"Grow","floor":5.0,"gold_loss":0.0,"damage_taken":0.0,"cards_upgraded":["Rampage"]},{"damage_healed":28.0,"max_hp_gain":0.0,"max_hp_loss":0.0,"gold_gain":0.0,"event_name":"Big Fish","player_choice":"Banana","floor":14.0,"gold_loss":0.0,"damage_taken":0.0},{"damage_healed":0.0,"max_hp_gain":0.0,"max_hp_loss":0.0,"gold_gain":0.0,"event_name":"Duplicator","player_choice":"Copied","floor":20.0,"gold_loss":0.0,"damage_taken":0.0,"cards_obtained":["Bludgeon"]},{"damage_healed":0.0,"max_hp_gain":0.0,"max_hp_loss":0.0,"gold_gain":0.0,"event_name":"The Mausoleum","player_choice":"Opened","floor":25.0,"gold_loss":0.0,"damage_taken":0.0,"relics_obtained":["Eternal Feather"],"cards_obtained":["Writhe"]},{"damage_healed":0.0,"max_hp_gain":0.0,"max_hp_loss":0.0,"gold_gain":0.0,"event_name":"Ghosts","player_choice":"Ignored","floor":30.0,"gold_loss":0.0,"damage_taken":0.0},{"damage_healed":0.0,"max_hp_gain":0.0,"max_hp_loss":0.0,"gold_gain":0.0,"event_name":"Mysterious Sphere","player_choice":"Fight","floor":36.0,"gold_loss":0.0,"damage_taken":0.0},{"damage_healed":0.0,"max_hp_gain":0.0,"max_hp_loss":0.0,"gold_gain":0.0,"event_name":"The Woman in Blue","player_choice":"Bought 0 Potions","floor":37.0,"gold_loss":0.0,"damage_taken":0.0},{"damage_healed":0.0,"max_hp_gain":0.0,"max_hp_loss":0.0,"gold_gain":0.0,"event_name":"SecretPortal","player_choice":"Ignored","floor":45.0,"gold_loss":0.0,"damage_taken":0.0}],"is_beta":false,"boss_relics":[{"not_picked":["SacredBark","Black Star"],"picked":"Snecko Eye"},{"not_picked":["Black Blood","Pandora\u0027s Box"],"picked":"Velvet Choker"}],"items_purged_floors":[53],"is_endless":false,"potions_floor_spawned":[8,10,16,19,27,28,29,33,35,36,38,39,41,42,44,47,48,54],"ascension_level":10}}