{"host":"std4gn17fijhzeq4","time":1607502826,"event":{"gold_per_floor":[116,166,166,180,255,288,288,307,307,71,190,190,207,244,244,344,344,362,382,418,418,195,195,294,6,31,79,91,124,151,206,218,232,232],"floor_reached":33,"playtime":2411,"items_purged":["ReplayTheSpireMod:Doomed","ReplayTheSpireMod:Splinters","Languid"],"score":508,"play_id":"3ccc0efa-d0a3-4577-af22-ad3dc1895afa","local_time":"20201209033346","is_ascension_mode":true,"campfire_choices":[{"data":"Chaos","floor":7,"key":"SMITH"},{"data":"Capacitor","floor":12,"key":"SMITH"},{"floor":15,"key":"REST"},{"floor":23,"key":"REST"},{"data":"Buffer","floor":28,"key":"SMITH"},{"floor":32,"key":"REST"}],"neow_cost":"NONE","seed_source_timestamp":521393078924000,"circlet_count":0,"master_deck":["Strike_B","Defend_B","Defend_B","Defend_B","Zap","Dualcast","Chaos+1","Self Repair","Capacitor+1","Glacier","Ball Lightning","Conserve Battery","Sickly","Buffer+1","Go for the Eyes+1","Fusion+1","Leap","Decay","Mirror Shield+1","Panic Button+1","Doom and Gloom","Pain","Conserve Battery+1","Reboot+1","Machine Learning"],"relics":["Cracked Core","Ring of Shattering","Ring of Greed","Blue Doll","Membership Card","Darkstone Periapt","Replay:Bandana","Matryoshka","ClockworkSouvenir","Orichalcum","DataDisk","Empty Cage","Red Mask","Toxic Egg 2","Replay:PocketPolymizer","MawBank","Chameleon Ring","Durian"],"potions_floor_usage":[13,14,14,20,20,20,27,31],"damage_taken":[{"damage":0,"enemies":"Cultist","floor":1,"turns":2},{"damage":0,"enemies":"Small Slimes","floor":4,"turns":2},{"damage":40,"enemies":"Gremlin Nob","floor":6,"turns":5},{"damage":0,"enemies":"2 Louse","floor":8,"turns":2},{"damage":29,"enemies":"Exordium Wildlife","floor":13,"turns":4},{"damage":4,"enemies":"3 Sentries","floor":14,"turns":8},{"damage":11,"enemies":"Slime Boss","floor":16,"turns":8},{"damage":28,"enemies":"Chosen","floor":18,"turns":6},{"damage":8,"enemies":"Spheric Guardian","floor":19,"turns":6},{"damage":58,"enemies":"Masked Bandits","floor":20,"turns":6},{"damage":0,"enemies":"Replay:Snechameleon","floor":27,"turns":8},{"damage":0,"enemies":"Cultist and Chosen","floor":29,"turns":6},{"damage":12,"enemies":"Snecko","floor":30,"turns":7},{"damage":41,"enemies":"Gremlin Leader","floor":31,"turns":8},{"damage":73,"enemies":"Pondfish","floor":33,"turns":16}],"seed_played":"7249669640636334410","potions_obtained":[{"floor":4,"key":"Dexterity Potion"},{"floor":6,"key":"AttackPotion"},{"floor":11,"key":"CultistPotion"},{"floor":13,"key":"Weak Potion"},{"floor":16,"key":"SkillPotion"},{"floor":18,"key":"LifebloodPotion"},{"floor":20,"key":"SmokeBomb"}],"is_trial":false,"path_per_floor":["M","?","?","M","?","E","R","M","T","$","?","R","M","E","R","B",null,"M","M","?","?","$","R","?","$","T","E","R","M","M","E","R","B"],"character_chosen":"DEFECT","items_purchased":["Matryoshka","ClockworkSouvenir","Toxic Egg 2","Block Potion","Fire Potion","Mirror Shield+1","Replay:PocketPolymizer"],"campfire_rested":3,"item_purchase_floors":[10,10,22,22,22,25,25],"current_hp_per_floor":[68,68,68,68,57,24,24,31,31,31,43,43,21,24,50,52,83,62,61,10,16,16,45,51,51,51,58,58,71,66,37,71,0,0],"gold":232,"neow_bonus":"RANDOM_EVENT","is_prod":false,"is_daily":false,"chose_seed":false,"campfire_upgraded":3,"win_rate":0,"timestamp":1607502826,"path_taken":["M","?","?","M","?","E","R","M","T","$","?","R","M","E","R","BOSS","M","M","?","?","$","R","?","?","T","E","R","M","?","E","R","BOSS"],"build_version":"2020-11-30","purchased_purges":3,"victory":false,"max_hp_per_floor":[75,75,75,75,75,75,75,75,75,75,87,87,87,87,87,93,93,93,93,93,99,99,99,105,105,105,105,105,111,111,116,116,116,116],"card_choices":[{"not_picked":["Leap","Blizzard"],"picked":"Chaos","floor":1},{"not_picked":["Barrage","Amplify"],"picked":"Self Repair","floor":4},{"not_picked":["Coolheaded","Panic Button"],"picked":"Capacitor","floor":6},{"not_picked":["Rip and Tear","Steam"],"picked":"Glacier","floor":8},{"not_picked":["Hologram","Panic Button"],"picked":"Ball Lightning","floor":11},{"not_picked":["Tempest","Rebound"],"picked":"Conserve Battery","floor":13},{"not_picked":["BootSequence","Capacitor","Meteor Strike"],"picked":"SKIP","floor":14},{"not_picked":["Hyperbeam","Amplify"],"picked":"Buffer","floor":16},{"not_picked":["Rip and Tear","BasicCrystalCard"],"picked":"Go for the Eyes+1","floor":18},{"not_picked":["Heatsinks","Chill"],"picked":"Fusion+1","floor":19},{"not_picked":["Gash","ReplayTheSpireMod:GoodbyeWorld"],"picked":"Leap","floor":20},{"not_picked":["Force Field+1","ReplayTheSpireMod:Omega Cannon"],"picked":"Panic Button+1","floor":27},{"not_picked":["Static Discharge","Blizzard+1","Sweeping Beam"],"picked":"SKIP","floor":29},{"not_picked":["Beam Cell","Reprogram+1"],"picked":"Conserve Battery+1","floor":30},{"not_picked":["Rip and Tear","Compile Driver"],"picked":"Reboot+1","floor":31}],"player_experience":326956,"relics_obtained":[{"floor":2,"key":"Ring of Shattering"},{"floor":2,"key":"Ring of Greed"},{"floor":2,"key":"Blue Doll"},{"floor":2,"key":"Membership Card"},{"floor":6,"key":"Darkstone Periapt"},{"floor":9,"key":"Replay:Bandana"},{"floor":11,"key":"Orichalcum"},{"floor":14,"key":"DataDisk"},{"floor":20,"key":"Red Mask"},{"floor":26,"key":"MawBank"},{"floor":27,"key":"Chameleon Ring"},{"floor":31,"key":"Durian"}],"event_choices":[{"cards_removed":["Strike_B"],"damage_healed":0,"gold_gain":0,"player_choice":"Forget","damage_taken":0,"max_hp_gain":0,"max_hp_loss":0,"event_name":"Living Wall","floor":0,"gold_loss":0},{"damage_healed":0,"gold_gain":75,"player_choice":"Gather Gold","damage_taken":11,"max_hp_gain":0,"max_hp_loss":0,"event_name":"World of Goop","floor":5,"gold_loss":0},{"damage_healed":0,"gold_gain":0,"player_choice":"Fought Bandits","damage_taken":0,"max_hp_gain":0,"max_hp_loss":0,"event_name":"Masked Bandits","floor":20,"gold_loss":0},{"damage_healed":0,"gold_gain":0,"player_choice":"Smashed Altar","damage_taken":0,"max_hp_gain":0,"max_hp_loss":0,"event_name":"Forgotten Altar","floor":21,"gold_loss":0,"cards_obtained":["Decay"]},{"damage_healed":0,"gold_gain":99,"player_choice":"Stole From Cult","damage_taken":0,"max_hp_gain":0,"max_hp_loss":0,"event_name":"Nest","floor":24,"gold_loss":0}],"is_beta":false,"boss_relics":[{"not_picked":["Tiny House","Replay:Bronze Core"],"picked":"Empty Cage"}],"items_purged_floors":[10,22,25],"is_endless":false,"potions_floor_spawned":[4,6,13,16,18,20],"killed_by":"Pondfish","ascension_level":9}}