{"host":"8b6x5jh5dgxmxtlw","time":1607520305,"event":{"gold_per_floor":[119,137,147,157,174,174,207,16,41,41,68,92,108,108,108,211,211,224,242,13,38,62,62,87,87,159,159,173,173,23,23],"floor_reached":30,"playtime":2493,"items_purged":[],"score":246,"play_id":"5c0032af-3071-4d2e-8aec-c972d51341c5","local_time":"20201209082505","is_ascension_mode":false,"campfire_choices":[{"floor":6,"key":"REST"},{"data":"hermit:GoldenBullet","floor":15,"key":"SMITH"},{"floor":23,"key":"REST"},{"floor":25,"key":"REST"}],"neow_cost":"NONE","seed_source_timestamp":16705270574800,"circlet_count":0,"master_deck":["hermit:Strike_Hermit","hermit:Strike_Hermit","hermit:Strike_Hermit","hermit:Strike_Hermit","hermit:Defend_Hermit","hermit:Defend_Hermit","hermit:Defend_Hermit","hermit:Defend_Hermit","hermit:Snapshot","hermit:Covet","hermit:ItchyTrigger","ThirdEye","hermit:Enervate","SashWhip","hermit:Desperado","SashWhip","hermit:GoldenBullet+1","hermit:Scavenge+1","hermit:Misfire","Doppelganger","hermit:Snipe","hermit:Misfire","hermit:Horror","hermit:FinalCanter","hermit:Scavenge+1","hermit:Misfire","hermit:Determination+1"],"relics":["hermit:Momento","aspiration:Nostalgia","Replay:M_StaffOfTheSnake","Bag of Preparation","Ancient Tea Set","StuffTheSpire:Gunfinga","hubris:Towel","aspiration:Lifesprig","Philosopher\u0027s Stone","CCEMRelics:GrindingGear","conspire:Dentures","Bag of Marbles"],"potions_floor_usage":[21,30,30],"damage_taken":[{"damage":0,"enemies":"Cultist","floor":1,"turns":3},{"damage":0,"enemies":"conspire:RoseBush","floor":2,"turns":3},{"damage":6,"enemies":"Jaw Worm","floor":3,"turns":3},{"damage":8,"enemies":"Lots of Slimes","floor":4,"turns":4},{"damage":6,"enemies":"Exordium Thugs","floor":5,"turns":4},{"damage":16,"enemies":"Gremlin Nob","floor":7,"turns":4},{"damage":18,"enemies":"3 Sentries","floor":11,"turns":5},{"damage":0,"enemies":"Large Slime","floor":12,"turns":4},{"damage":5,"enemies":"Blue Slaver","floor":13,"turns":2},{"damage":43,"enemies":"Hexaghost","floor":16,"turns":8},{"damage":17,"enemies":"2 Thieves","floor":18,"turns":4},{"damage":7,"enemies":"Shell Parasite","floor":19,"turns":3},{"damage":20,"enemies":"Centurion and Healer","floor":21,"turns":4},{"damage":5,"enemies":"Cultist and Chosen","floor":22,"turns":4},{"damage":7,"enemies":"3 Cultists","floor":24,"turns":4},{"damage":2,"enemies":"Centurion and Healer","floor":28,"turns":5},{"damage":65,"enemies":"hubris:Merchant","floor":30,"turns":5}],"seed_played":"-5181648047391312500","potions_obtained":[{"floor":3,"key":"Swift Potion"},{"floor":4,"key":"BlessingOfTheForge"},{"floor":12,"key":"SteroidPotion"},{"floor":16,"key":"DistilledChaos"},{"floor":21,"key":"Explosive Potion"}],"is_trial":false,"path_per_floor":["M","M","M","M","M","R","E","$","T","?","E","M","M","?","R","B",null,"M","M","$","M","M","R","M","R","T","?","M","?","$"],"character_chosen":"HERMIT","items_purchased":["hermit:GoldenBullet","Ancient Tea Set","CCEMRelics:GrindingGear","hermit:Horror","Bag of Marbles"],"campfire_rested":3,"item_purchase_floors":[8,8,20,20,30],"current_hp_per_floor":[75,75,69,61,55,75,59,59,59,59,41,41,36,75,75,32,75,58,51,51,31,26,48,41,63,63,63,61,61,0,0],"gold":23,"neow_bonus":"NOSTALGIA","is_prod":false,"is_daily":false,"chose_seed":false,"campfire_upgraded":1,"win_rate":0.0,"timestamp":1607520305,"path_taken":["M","?","M","M","M","R","E","$","T","?","E","M","M","?","R","BOSS","M","M","?","?","M","R","M","R","T","?","M","?","$"],"build_version":"2020-11-30","purchased_purges":0,"victory":false,"max_hp_per_floor":[75,75,75,75,75,75,75,75,75,75,75,75,75,75,75,75,75,75,75,75,75,75,75,75,75,75,75,75,75,75,75],"card_choices":[{"not_picked":["Dagger Throw","hermit:Malice"],"picked":"hermit:ItchyTrigger","floor":1},{"not_picked":["Dagger Throw","hermit:Enervate"],"picked":"ThirdEye","floor":2},{"not_picked":["Weave","Acrobatics"],"picked":"hermit:Enervate","floor":3},{"not_picked":["Weave","hermit:EyeOfTheStorm"],"picked":"SashWhip","floor":4},{"not_picked":["hermit:Malice","Dagger Throw"],"picked":"hermit:Desperado","floor":5},{"not_picked":["hermit:WideOpen","Predator"],"picked":"SashWhip","floor":7},{"not_picked":["Predator","hermit:HoleUp"],"picked":"hermit:Scavenge","floor":11},{"not_picked":["hermit:HighCaliber","Dagger Throw"],"picked":"hermit:Misfire","floor":12},{"not_picked":["hermit:FlashPowder","Acrobatics"],"picked":"hermit:Deadeye","floor":13},{"not_picked":["Glass Knife","hermit:OverwhelmingPower"],"picked":"Doppelganger","floor":16},{"not_picked":["hermit:GhostlyPresence+1","hermit:HighCaliber"],"picked":"hermit:Snipe","floor":18},{"not_picked":["hermit:CalledShot","hermit:HoleUp"],"picked":"hermit:Misfire","floor":19},{"not_picked":["hermit:LowProfile+1","hermit:Spite"],"picked":"hermit:FinalCanter","floor":21},{"not_picked":["hermit:WideOpen","hermit:Glare+1"],"picked":"hermit:Scavenge+1","floor":22},{"not_picked":["hermit:HoleUp+1","hermit:BodyArmor+1"],"picked":"hermit:Misfire","floor":24},{"not_picked":["hermit:BodyArmor","hermit:Coalescence+1"],"picked":"hermit:Determination+1","floor":28}],"player_experience":75953,"relics_obtained":[{"floor":7,"key":"Bag of Preparation"},{"floor":9,"key":"StuffTheSpire:Gunfinga"},{"floor":11,"key":"aspiration:Lifesprig"},{"floor":26,"key":"conspire:Dentures"}],"event_choices":[{"cards_removed":["hermit:Deadeye"],"damage_healed":39,"gold_gain":0,"player_choice":"Offered Uncommon","damage_taken":0,"max_hp_gain":0,"max_hp_loss":0,"event_name":"Bonfire Elementals","floor":14,"gold_loss":0},{"damage_healed":0,"gold_gain":0,"player_choice":"Ignored","damage_taken":0,"max_hp_gain":0,"max_hp_loss":0,"event_name":"Purifier","floor":27,"gold_loss":0},{"damage_healed":0,"gold_gain":0,"player_choice":"Upgraded","damage_taken":0,"max_hp_gain":0,"max_hp_loss":0,"event_name":"Upgrade Shrine","floor":29,"gold_loss":0,"cards_upgraded":["hermit:Scavenge"]}],"is_beta":false,"boss_relics":[{"not_picked":["aspiration:SecretTechniqueScroll","aspiration:DefectSkillbook"],"picked":"Philosopher\u0027s Stone"}],"items_purged_floors":[],"is_endless":false,"potions_floor_spawned":[3,4,12,16,19,21,24],"killed_by":"hubris:Merchant","ascension_level":0}}