{"host":"87fdiiwflhrwsj8a","time":1607550047,"event":{"gold_per_floor":[118,118,193,193,193,221,16,45,126,153,153,169,169,169,169],"floor_reached":14,"playtime":241,"items_purged":[],"score":308,"play_id":"6a0005c6-c662-4269-8c3d-04f6d89d787e","local_time":"20201209164047","is_ascension_mode":true,"campfire_choices":[{"floor":11,"key":"REST"},{"data":"Capacitor","floor":13,"key":"SMITH"}],"neow_cost":"NONE","seed_source_timestamp":104814119242800,"circlet_count":0,"master_deck":["AscendersBane","Strike_B","Strike_B","Strike_B","Strike_B","Defend_B","Defend_B","Defend_B","Defend_B","Zap","Dualcast","Regret","Rip and Tear","Barrage+1","StuffTheSpire:ForEach","Capacitor+1","Barrage"],"relics":["Cracked Core","NeowsBlessing","StuffTheSpire:RedRose","Pantograph","Chemical X","MealTicket","Solar Panel","aspiration:MysteriousAuxiliaryCore"],"potions_floor_usage":[10,14],"damage_taken":[{"damage":0,"enemies":"Small Slimes","floor":1,"turns":1},{"damage":0,"enemies":"Lagavulin","floor":6,"turns":1},{"damage":0,"enemies":"Gremlin Nob","floor":8,"turns":1},{"damage":32,"enemies":"3 Sentries","floor":10,"turns":5},{"damage":1,"enemies":"2 Louse","floor":12,"turns":2},{"damage":48,"enemies":"Gremlin Nob","floor":14,"turns":3}],"seed_played":"4095111370677828833","potions_obtained":[{"floor":1,"key":"AttackPotion"},{"floor":12,"key":"ColorlessPotion"}],"is_trial":false,"path_per_floor":["M","$","?","?","?","E","$","E","T","E","R","M","R","E"],"character_chosen":"DEFECT","items_purchased":["Chemical X","Barrage+1"],"campfire_rested":1,"item_purchase_floors":[7,7],"current_hp_per_floor":[64,64,53,57,57,57,57,57,57,25,46,45,45,0,0],"gold":169,"neow_bonus":"THREE_ENEMY_KILL","is_prod":false,"is_daily":false,"chose_seed":false,"campfire_upgraded":1,"win_rate":0,"timestamp":1607550047,"path_taken":["M","$","?","?","?","E","$","E","T","E","R","M","R","E"],"build_version":"2020-11-30","purchased_purges":0,"victory":false,"max_hp_per_floor":[71,71,71,71,71,71,71,71,71,71,71,71,71,71,71],"card_choices":[{"not_picked":["StuffTheSpire:LoadUp","Hologram","Stack"],"picked":"SKIP","floor":1},{"not_picked":["Cold Snap","FIFO Queue"],"picked":"Rip and Tear","floor":6},{"not_picked":["Gash","StuffTheSpire:ShieldGenerator"],"picked":"StuffTheSpire:ForEach","floor":8},{"not_picked":["Coolheaded","Time Bomb"],"picked":"Capacitor","floor":10},{"not_picked":["StuffTheSpire:Plugnplay","Consume"],"picked":"Barrage","floor":12}],"player_experience":2511162,"relics_obtained":[{"floor":6,"key":"Pantograph"},{"floor":8,"key":"MealTicket"},{"floor":9,"key":"Solar Panel"},{"floor":10,"key":"aspiration:MysteriousAuxiliaryCore"}],"event_choices":[{"damage_healed":0,"gold_gain":75,"player_choice":"Gold","damage_taken":11,"max_hp_gain":0,"max_hp_loss":0,"event_name":"betterThird:BetterGoop","floor":3,"gold_loss":0}],"is_beta":false,"boss_relics":[],"items_purged_floors":[],"is_endless":false,"potions_floor_spawned":[1,12],"killed_by":"Gremlin Nob","ascension_level":20}}