{"host":"kos1s9q8ffr8fqos","time":1607484350,"event":{"gold_per_floor":[112,112,112,127,4,30,82,82,134,134,134,151,162,87,87,184,184,194,194,119,147,165,165,180,207,207,222,222,43,55,84,84,179,179,198,54,54,69,291,322,322,351,351,261,296,306,320,334,334,334],"floor_reached":51,"playtime":3835,"items_purged":["TheSimpletonMod:Defend_TheSimpleton","TheSimpletonMod:Defend_TheSimpleton"],"score":837,"play_id":"babb5353-39bc-4038-9ab9-9140c5bd76d0","local_time":"20201208212550","is_ascension_mode":true,"campfire_choices":[{"data":"TheSimpletonMod:GoToMarket","floor":8,"key":"SMITH"},{"data":"TheSimpletonMod:ReapAndSow","floor":15,"key":"SMITH"},{"data":"infinitespire:TheBestDefense","floor":23,"key":"SMITH"},{"data":"TheSimpletonMod:OnionBloom","floor":28,"key":"SMITH"},{"data":"Secret Technique","floor":32,"key":"SMITH"},{"data":"TheSimpletonMod:SoilSample","floor":41,"key":"SMITH"},{"data":"TheSimpletonMod:SpiceUp","floor":49,"key":"SMITH"}],"neow_cost":"NONE","seed_source_timestamp":534084230807299,"circlet_count":0,"master_deck":["TheSimpletonMod:Strike_TheSimpleton+1","TheSimpletonMod:ReapAndSow+1","TheSimpletonMod:Mulch+1","TheSimpletonMod:ToughenUp+1","TheSimpletonMod:Squash+1","TheSimpletonMod:Germinate","TheSimpletonMod:GoToMarket+1","TheSimpletonMod:Squash+1","TheSimpletonMod:ToughenUp","TheSimpletonMod:VolatileFumes+1","TheSimpletonMod:RootDown+1","infinitespire:TheBestDefense+1","TheSimpletonMod:CropRotation+1","TheSimpletonMod:OnionBloom+1","TheSimpletonMod:SoilSample+1","TheSimpletonMod:BirdFeeder+1","TheSimpletonMod:Ferment+1","TheSimpletonMod:SlashAndBurn+1","Secret Technique+1","TheSimpletonMod:KeenEdge+1","TheSimpletonMod:Photosynthesis+1","TheSimpletonMod:Asparagus+1","TheSimpletonMod:BuzzBomb+1","TheSimpletonMod:Biorefinement+1","TheSimpletonMod:Rake+1","TheSimpletonMod:SoilSample+1","Madness","Madness","TheSimpletonMod:Fertilaser","TheSimpletonMod:Swelter+1","TheSimpletonMod:GoToMarket+1","TheSimpletonMod:SpiceUp+1","TheSimpletonMod:Photosynthesis+1","TheSimpletonMod:Swelter+1"],"relics":["TheSimpletonMod:SpudOfTheInnocent","TheSimpletonMod:NightSoil","TheSimpletonMod:TheHarvester","NeowsBlessing","Frozen Egg 2","Incense Burner","Toy Ornithopter","Lantern","Oddly Smooth Stone","Sozu","infinitespire:Joker Card","Red Mask","Prayer Wheel","Calipers","TheSimpletonMod:PicklingJar","Astrolabe","TheAbacus","MealTicket","Bag of Preparation","Whetstone","Strawberry"],"potions_floor_usage":[21],"damage_taken":[{"damage":0,"enemies":"Small Slimes","floor":1,"turns":1},{"damage":0,"enemies":"Jaw Worm","floor":4,"turns":2},{"damage":0,"enemies":"Gremlin Nob","floor":6,"turns":1},{"damage":7,"enemies":"2 Louse","floor":12,"turns":3},{"damage":4,"enemies":"Exordium Wildlife","floor":13,"turns":4},{"damage":18,"enemies":"Slime Boss","floor":16,"turns":16},{"damage":4,"enemies":"Shell Parasite","floor":18,"turns":7},{"damage":0,"enemies":"Masked Bandits","floor":21,"turns":3},{"damage":0,"enemies":"Chosen","floor":22,"turns":6},{"damage":3,"enemies":"3 Cultists","floor":24,"turns":4},{"damage":9,"enemies":"Gremlin Leader","floor":25,"turns":7},{"damage":0,"enemies":"Snake Plant","floor":27,"turns":4},{"damage":0,"enemies":"Chosen and Byrds","floor":30,"turns":2},{"damage":8,"enemies":"Book of Stabbing","floor":31,"turns":4},{"damage":12,"enemies":"Collector","floor":33,"turns":7},{"damage":2,"enemies":"3 Darklings","floor":35,"turns":2},{"damage":3,"enemies":"Orb Walker","floor":38,"turns":3},{"damage":6,"enemies":"Nemesis","floor":40,"turns":7},{"damage":13,"enemies":"Reptomancer","floor":42,"turns":4},{"damage":1,"enemies":"Giant Head","floor":45,"turns":2},{"damage":1,"enemies":"Maw","floor":46,"turns":6},{"damage":20,"enemies":"4 Shapes","floor":47,"turns":3},{"damage":2,"enemies":"Transient","floor":48,"turns":5},{"damage":4,"enemies":"Donu and Deca","floor":50,"turns":7}],"seed_played":"-3777302800218499372","potions_obtained":[{"floor":4,"key":"DistilledChaos"},{"floor":16,"key":"blueLaboratory:NullPotion"}],"is_trial":false,"path_per_floor":["M","?","?","M","$","E","T","R","T","?","?","M","M","$","R","B",null,"M","AVR","?","?","M","R","M","E","T","M","R","$","M","E","R","B",null,"M","$","?","M","?","E","R","E","T","?","E","M","M","M","R","B",null],"character_chosen":"THE_SIMPLETON","items_purchased":["TheSimpletonMod:Squash+1","TheSimpletonMod:Germinate","Secret Technique","TheAbacus"],"campfire_rested":0,"item_purchase_floors":[5,5,29,36],"current_hp_per_floor":[75,68,68,72,72,72,72,72,72,60,60,53,53,53,53,39,75,71,71,71,75,75,75,75,70,70,75,75,75,75,75,75,75,75,73,73,64,75,75,75,75,74,74,74,80,82,62,80,80,82],"gold":334,"neow_bonus":"THREE_ENEMY_KILL","is_prod":false,"is_daily":false,"chose_seed":false,"campfire_upgraded":7,"win_rate":0,"timestamp":1607484350,"path_taken":["M","?","?","M","?","E","?","R","T","?","?","M","?","$","R","BOSS","M","AVR","?","?","M","R","M","E","T","M","R","?","?","E","R","BOSS","M","$","?","M","?","E","R","E","T","?","E","M","?","M","R","BOSS"],"build_version":"2020-11-30","purchased_purges":2,"victory":true,"max_hp_per_floor":[75,75,75,75,75,75,75,75,75,75,75,75,75,75,75,75,75,75,75,75,75,75,75,75,75,75,75,75,75,75,75,75,75,75,75,75,75,75,75,75,75,75,75,75,82,82,82,82,82,82],"card_choices":[{"not_picked":["TheSimpletonMod:Sunseed","TheSimpletonMod:Ferment"],"picked":"TheSimpletonMod:Mulch","floor":1},{"not_picked":["TheSimpletonMod:CloseScrape","TheSimpletonMod:Rototilling"],"picked":"TheSimpletonMod:ToughenUp","floor":4},{"not_picked":["TheSimpletonMod:CullingStrike","TheSimpletonMod:ToughenUp"],"picked":"TheSimpletonMod:GoToMarket","floor":6},{"not_picked":["TheSimpletonMod:Fertilaser","TheSimpletonMod:SaladShooter"],"picked":"TheSimpletonMod:Squash+1","floor":12},{"not_picked":["TheSimpletonMod:SlashAndBurn","TheSimpletonMod:Ferment"],"picked":"TheSimpletonMod:ToughenUp","floor":13},{"not_picked":["TheSimpletonMod:ResearchGrant","TheSimpletonMod:ErosionControl"],"picked":"TheSimpletonMod:VolatileFumes+1","floor":16},{"not_picked":["TheSimpletonMod:Thresh+1","TheSimpletonMod:Fertilaser"],"picked":"TheSimpletonMod:RootDown","floor":18},{"not_picked":["TheSimpletonMod:SpiceUp","TheSimpletonMod:Thresh+1"],"picked":"TheSimpletonMod:CropRotation+1","floor":21},{"not_picked":["TheSimpletonMod:ToughenUp+1","TheSimpletonMod:SoilSample"],"picked":"TheSimpletonMod:OnionBloom","floor":22},{"not_picked":["TheSimpletonMod:PestManagement","TheSimpletonMod:Aerate"],"picked":"TheSimpletonMod:SoilSample","floor":24},{"not_picked":["TheSimpletonMod:DigIn","TheSimpletonMod:Squash+1"],"picked":"TheSimpletonMod:BirdFeeder+1","floor":25},{"not_picked":["TheSimpletonMod:CullingStrike","TheSimpletonMod:PestManagement"],"picked":"TheSimpletonMod:Ferment+1","floor":27},{"not_picked":["TheSimpletonMod:Aerate","TheSimpletonMod:Squash+1"],"picked":"TheSimpletonMod:SlashAndBurn+1","floor":27},{"not_picked":["TheSimpletonMod:BuzzBomb","TheSimpletonMod:SoilSample","TheSimpletonMod:Innovate"],"picked":"SKIP","floor":30},{"not_picked":["TheSimpletonMod:CullingStrike","TheSimpletonMod:StockTheCellar","TheSimpletonMod:Rototilling+1"],"picked":"SKIP","floor":30},{"not_picked":["TheSimpletonMod:Squash+1","TheSimpletonMod:VineRipen"],"picked":"TheSimpletonMod:KeenEdge+1","floor":31},{"not_picked":["TheSimpletonMod:DesperatePlunge","TheSimpletonMod:Biorefinement+1"],"picked":"TheSimpletonMod:Photosynthesis+1","floor":33},{"not_picked":["TheSimpletonMod:CullingStrike","TheSimpletonMod:SlashAndBurn"],"picked":"TheSimpletonMod:Rake+1","floor":35},{"not_picked":["TheSimpletonMod:Mulch+1","TheSimpletonMod:StockTheCellar"],"picked":"TheSimpletonMod:SoilSample+1","floor":35},{"not_picked":["TheSimpletonMod:Aerate+1","TheSimpletonMod:PestManagement+1"],"picked":"TheSimpletonMod:Fertilaser","floor":38},{"not_picked":["TheSimpletonMod:Squash+1","TheSimpletonMod:Pruning+1"],"picked":"TheSimpletonMod:Swelter+1","floor":38},{"not_picked":["TheSimpletonMod:RootDown","TheSimpletonMod:Artichokes+1"],"picked":"TheSimpletonMod:GoToMarket+1","floor":40},{"not_picked":["TheSimpletonMod:Surplus","TheSimpletonMod:KeenEdge"],"picked":"TheSimpletonMod:SpiceUp","floor":42},{"not_picked":["TheSimpletonMod:VineRipen+1","TheSimpletonMod:CullingStrike+1","TheSimpletonMod:Mulch+1"],"picked":"SKIP","floor":45},{"not_picked":["TheSimpletonMod:SeedCoat+1","TheSimpletonMod:Rototilling","TheSimpletonMod:CloseScrape"],"picked":"SKIP","floor":46},{"not_picked":["TheSimpletonMod:SaladShooter","TheSimpletonMod:Mulch+1","TheSimpletonMod:StockTheCellar+1"],"picked":"SKIP","floor":46},{"not_picked":["TheSimpletonMod:GoToMarket","TheSimpletonMod:StockTheCellar+1"],"picked":"TheSimpletonMod:Photosynthesis+1","floor":47},{"not_picked":["TheSimpletonMod:CloseScrape","TheSimpletonMod:ControlledBurn","TheSimpletonMod:PestManagement"],"picked":"SKIP","floor":47},{"not_picked":["TheSimpletonMod:CloseScrape","TheSimpletonMod:ControlledBurn"],"picked":"TheSimpletonMod:Swelter+1","floor":48},{"not_picked":["TheSimpletonMod:CloseScrape+1","TheSimpletonMod:Aerate+1","TheSimpletonMod:Sunseed"],"picked":"SKIP","floor":48}],"player_experience":1186347,"relics_obtained":[{"floor":6,"key":"Incense Burner"},{"floor":7,"key":"Toy Ornithopter"},{"floor":9,"key":"Lantern"},{"floor":21,"key":"Red Mask"},{"floor":25,"key":"Prayer Wheel"},{"floor":26,"key":"Calipers"},{"floor":31,"key":"TheSimpletonMod:PicklingJar"},{"floor":40,"key":"MealTicket"},{"floor":42,"key":"Bag of Preparation"},{"floor":43,"key":"Whetstone"},{"floor":45,"key":"Strawberry"}],"event_choices":[{"cards_removed":["TheSimpletonMod:Strike_TheSimpleton"],"damage_healed":0,"gold_gain":0,"player_choice":"Card Removal","damage_taken":7,"max_hp_gain":0,"max_hp_loss":0,"event_name":"Golden Wing","floor":2,"gold_loss":0},{"damage_healed":0,"gold_gain":1,"player_choice":"Relic ","damage_taken":12,"max_hp_gain":0,"max_hp_loss":0,"event_name":"betterThird:BetterScrap","floor":10,"gold_loss":0,"cards_obtained":["A Thousand Cuts"]},{"cards_removed":["TheSimpletonMod:Strike_TheSimpleton"],"damage_healed":0,"gold_gain":0,"player_choice":"Gave Gold","damage_taken":0,"max_hp_gain":0,"max_hp_loss":0,"event_name":"Beggar","floor":20,"gold_loss":75},{"damage_healed":0,"gold_gain":0,"player_choice":"Fought Bandits","damage_taken":0,"max_hp_gain":0,"max_hp_loss":0,"event_name":"Masked Bandits","floor":21,"gold_loss":0},{"damage_healed":0,"gold_gain":0,"player_choice":"Embrace Madness","damage_taken":9,"max_hp_gain":0,"max_hp_loss":0,"event_name":"Winding Halls","floor":37,"gold_loss":0,"cards_obtained":["Madness","Madness"]},{"damage_healed":0,"gold_gain":222,"player_choice":"Wore Mask","damage_taken":0,"max_hp_gain":0,"max_hp_loss":0,"event_name":"Tomb of Lord Red Mask","floor":39,"gold_loss":0},{"cards_removed":["TheSimpletonMod:Haymaker"],"damage_healed":0,"gold_gain":0,"player_choice":"Upgrade and Remove","damage_taken":0,"max_hp_gain":0,"max_hp_loss":0,"event_name":"Designer","floor":44,"gold_loss":90,"cards_upgraded":["TheSimpletonMod:ToughenUp"]}],"is_beta":false,"boss_relics":[{"not_picked":["Velvet Choker","Coffee Dripper"],"picked":"Sozu"},{"not_picked":["Cursed Key","Empty Cage"],"picked":"Astrolabe"}],"items_purged_floors":[14,19],"is_endless":false,"potions_floor_spawned":[4,16,18,21,25,30,33,45,47,48],"ascension_level":1}}