{"host":"2hea6pl5vmah38iy","time":1607512231,"event":{"gold_per_floor":[116,41,57,57,57,85,85,101,101,176,187,197,228,245,245,341,341,353,373,373,393,146,146,165,165,189,222,241,254,268,284,284,383,383,396,408,283,306,306,306,331,341,341,15,45,60,70,88,88,88,88,88,52,87,87],"floor_reached":56,"playtime":3114,"items_purged":["Defend_P","JustLucky+1","Strike_P"],"score":1972,"play_id":"04df0199-adea-42b0-9394-c8f14523caeb","local_time":"20201209201031","is_ascension_mode":true,"campfire_choices":[{"floor":7.0,"key":"REST"},{"data":"CrushJoints","floor":15.0,"key":"SMITH"},{"data":"Swivel","floor":23.0,"key":"SMITH"},{"floor":25.0,"key":"RECALL"},{"data":"Vigilance","floor":32.0,"key":"SMITH"},{"data":"Defend_P","floor":40.0,"key":"SMITH"},{"floor":49.0,"key":"REST"},{"floor":52.0,"key":"REST"}],"neow_cost":"NONE","seed_source_timestamp":1146554094513000,"circlet_count":0,"master_deck":["AscendersBane","Strike_P","Defend_P+1","Eruption","Vigilance+1","CrushJoints+1","Scrawl+1","Swivel+1","Vault+1","SandsOfTime+1","WheelKick+1","Alpha","Adaptation","Swivel+1","Adaptation"],"special_seed":0,"relics":["Snecko Eye","Dead Branch","Bird Faced Urn","Strawberry","Astrolabe","Centennial Puzzle","Bag of Preparation","Ancient Tea Set","Sozu","Nunchaku","Letter Opener","Sundial","Bag of Marbles","War Paint"],"potions_floor_usage":[],"damage_taken":[{"damage":2.0,"enemies":"Jaw Worm","floor":1.0,"turns":3.0},{"damage":0.0,"enemies":"Small Slimes","floor":3.0,"turns":3.0},{"damage":35.0,"enemies":"Gremlin Nob","floor":6.0,"turns":3.0},{"damage":0.0,"enemies":"Cultist","floor":8.0,"turns":2.0},{"damage":0.0,"enemies":"Gremlin Gang","floor":11.0,"turns":3.0},{"damage":4.0,"enemies":"Exordium Wildlife","floor":12.0,"turns":3.0},{"damage":6.0,"enemies":"3 Sentries","floor":13.0,"turns":9.0},{"damage":4.0,"enemies":"Lots of Slimes","floor":14.0,"turns":3.0},{"damage":0.0,"enemies":"Slime Boss","floor":16.0,"turns":4.0},{"damage":14.0,"enemies":"2 Thieves","floor":18.0,"turns":3.0},{"damage":0.0,"enemies":"3 Byrds","floor":19.0,"turns":2.0},{"damage":0.0,"enemies":"Centurion and Healer","floor":21.0,"turns":2.0},{"damage":0.0,"enemies":"Snake Plant","floor":24.0,"turns":2.0},{"damage":1.0,"enemies":"Book of Stabbing","floor":27.0,"turns":3.0},{"damage":0.0,"enemies":"Snecko","floor":28.0,"turns":2.0},{"damage":0.0,"enemies":"Sentry and Sphere","floor":29.0,"turns":1.0},{"damage":0.0,"enemies":"Centurion and Healer","floor":30.0,"turns":2.0},{"damage":0.0,"enemies":"Cultist and Chosen","floor":31.0,"turns":2.0},{"damage":0.0,"enemies":"Champ","floor":33.0,"turns":4.0},{"damage":0.0,"enemies":"3 Darklings","floor":35.0,"turns":3.0},{"damage":0.0,"enemies":"Orb Walker","floor":36.0,"turns":2.0},{"damage":0.0,"enemies":"Giant Head","floor":41.0,"turns":2.0},{"damage":0.0,"enemies":"Transient","floor":42.0,"turns":6.0},{"damage":39.0,"enemies":"Nemesis","floor":45.0,"turns":4.0},{"damage":0.0,"enemies":"Sphere and 2 Shapes","floor":46.0,"turns":2.0},{"damage":0.0,"enemies":"Writhing Mass","floor":47.0,"turns":3.0},{"damage":0.0,"enemies":"Spire Growth","floor":48.0,"turns":2.0},{"damage":75.0,"enemies":"Awakened One","floor":50.0,"turns":5.0},{"damage":0.0,"enemies":"Shield and Spear","floor":54.0,"turns":2.0},{"damage":83,"enemies":"The Heart","floor":55,"turns":8}],"seed_played":"-4046944661087722876","potions_obtained":[{"floor":3.0,"key":"Regen Potion"},{"floor":6.0,"key":"PowerPotion"},{"floor":14.0,"key":"Strength Potion"},{"floor":24.0,"key":"SteroidPotion"}],"is_trial":false,"path_per_floor":["M","$","M","?","?","E","R","M","T","?","M","M","E","M","R","B",null,"M","M","?","M","$","R","M","R","T","E","M","M","M","M","R","B",null,"M","M","$","T","?","R","E","M","T","$","E","M","M","M","R","B",null,"R","$","E","B",null],"character_chosen":"WATCHER","items_purchased":["Centennial Puzzle","Adaptation","Sundial","Adaptation"],"campfire_rested":3,"item_purchase_floors":[22,44,44,53],"current_hp_per_floor":[63,63,63,56,61,26,49,49,49,42,42,38,45,41,41,41,73,59,59,59,59,59,59,59,59,59,58,58,58,60,60,60,62,79,83,83,83,83,83,83,84,84,84,84,45,49,53,55,80,9,65,84,84,84,5],"gold":87,"neow_bonus":"BOSS_RELIC","is_prod":false,"is_daily":false,"chose_seed":false,"campfire_upgraded":4,"win_rate":0,"timestamp":1607512231,"path_taken":["M","$","M","?","?","E","R","M","T","?","M","?","E","?","R","BOSS","M","?","?","M","$","R","M","R","T","E","M","?","M","M","R","BOSS","M","M","$","?","?","R","E","M","T","?","E","?","M","?","R","BOSS","R","$","E","BOSS"],"build_version":"2020-11-30","purchased_purges":3,"victory":true,"max_hp_per_floor":[72,72,72,72,77,77,77,77,77,77,77,77,84,84,84,84,84,84,84,84,84,84,84,84,84,84,84,84,84,84,84,84,84,84,84,84,84,84,84,84,84,84,84,84,84,84,84,84,84,84,84,84,84,84,84],"card_choices":[{"not_picked":["Tantrum","EmptyBody"],"picked":"CrushJoints","floor":1.0},{"not_picked":["FlyingSleeves","Adaptation"],"picked":"Scrawl","floor":3.0},{"not_picked":["FlyingSleeves","Indignation","FearNoEvil"],"picked":"SKIP","floor":6.0},{"not_picked":["Halt","BowlingBash","MentalFortress"],"picked":"SKIP","floor":8.0},{"not_picked":["ForeignInfluence","DeceiveReality","Nirvana"],"picked":"SKIP","floor":11.0},{"not_picked":["Evaluate","SashWhip","Halt"],"picked":"SKIP","floor":12.0},{"not_picked":["Sanctity","Consecrate","Tantrum"],"picked":"SKIP","floor":13.0},{"not_picked":["CarveReality","Prostrate"],"picked":"Swivel","floor":14.0},{"not_picked":["Judgement","Devotion"],"picked":"Vault","floor":16.0},{"not_picked":["Evaluate+1","EmptyBody","PathToVictory"],"picked":"SKIP","floor":18.0},{"not_picked":["CarveReality","SignatureMove","EmptyBody"],"picked":"SKIP","floor":19.0},{"not_picked":["CrushJoints","Evaluate+1","SashWhip"],"picked":"SKIP","floor":21.0},{"not_picked":["FlurryOfBlows","ClearTheMind+1","ThirdEye"],"picked":"SKIP","floor":24.0},{"not_picked":["Vengeance+1","FearNoEvil","ClearTheMind"],"picked":"SKIP","floor":27.0},{"not_picked":["Conclude","JustLucky+1","ThirdEye"],"picked":"SKIP","floor":28.0},{"not_picked":["Wireheading+1","EmptyBody","BattleHymn"],"picked":"SKIP","floor":29.0},{"not_picked":["Prostrate","Evaluate","Pray"],"picked":"SKIP","floor":30.0},{"not_picked":["Study","ForeignInfluence","EmptyMind"],"picked":"SKIP","floor":31.0},{"not_picked":["ConjureBlade","Scrawl"],"picked":"Alpha","floor":33.0},{"not_picked":["ClearTheMind+1","Sanctity","EmptyBody"],"picked":"SKIP","floor":35.0},{"not_picked":["ThirdEye+1","Study+1","FearNoEvil"],"picked":"SKIP","floor":36.0},{"not_picked":["EmptyFist+1","SashWhip+1","Conclude"],"picked":"SKIP","floor":41.0},{"not_picked":["Prostrate+1","BattleHymn+1","Evaluate"],"picked":"SKIP","floor":42.0},{"not_picked":["TalkToTheHand","ThirdEye","CrushJoints+1"],"picked":"SKIP","floor":45.0},{"not_picked":["Protect+1","InnerPeace","Wireheading+1"],"picked":"SKIP","floor":46.0},{"not_picked":["Protect","EmptyBody+1","Conclude"],"picked":"SKIP","floor":47.0},{"not_picked":["MentalFortress","CrushJoints+1"],"picked":"Swivel+1","floor":48.0},{"not_picked":["Indignation+1","FlurryOfBlows","BowlingBash"],"picked":"SKIP","floor":54.0}],"player_experience":372530,"relics_obtained":[{"floor":6.0,"key":"Dead Branch"},{"floor":9.0,"key":"Bird Faced Urn"},{"floor":13.0,"key":"Strawberry"},{"floor":26.0,"key":"Bag of Preparation"},{"floor":27.0,"key":"Ancient Tea Set"},{"floor":41.0,"key":"Nunchaku"},{"floor":43.0,"key":"Letter Opener"},{"floor":45.0,"key":"Bag of Marbles"},{"floor":54.0,"key":"War Paint"}],"event_choices":[{"cards_removed":["Strike_P"],"damage_healed":0.0,"max_hp_gain":0.0,"max_hp_loss":0.0,"gold_gain":0.0,"event_name":"Golden Wing","player_choice":"Card Removal","floor":4.0,"gold_loss":0.0,"damage_taken":7.0},{"damage_healed":0.0,"max_hp_gain":5.0,"max_hp_loss":0.0,"gold_gain":0.0,"event_name":"Big Fish","player_choice":"Donut","floor":5.0,"gold_loss":0.0,"damage_taken":0.0},{"damage_healed":0.0,"max_hp_gain":0.0,"max_hp_loss":0.0,"gold_gain":75.0,"event_name":"FaceTrader","player_choice":"Touch","floor":10.0,"gold_loss":0.0,"damage_taken":7.0},{"damage_healed":0.0,"max_hp_gain":0.0,"max_hp_loss":0.0,"gold_gain":0.0,"event_name":"Match and Keep!","player_choice":"0 cards matched","floor":20.0,"gold_loss":0.0,"damage_taken":0.0,"cards_obtained":[]},{"damage_healed":0.0,"max_hp_gain":0.0,"max_hp_loss":0.0,"gold_gain":0.0,"event_name":"Tomb of Lord Red Mask","player_choice":"Ignored","floor":39.0,"gold_loss":0.0,"damage_taken":0.0}],"is_beta":false,"boss_relics":[{"not_picked":["Ectoplasm","Philosopher\u0027s Stone"],"picked":"Astrolabe"},{"not_picked":["Velvet Choker","Busted Crown"],"picked":"Sozu"}],"items_purged_floors":[2,22,37],"is_endless":false,"potions_floor_spawned":[3,6,8,12,14,24,28,29,30,33,35,41,54],"ascension_level":11}}