{"host":"rpu0b34yn88n8zeb","time":1607488960,"event":{"gold_per_floor":[111,126,7,24,24,50,15,44,44,85,85,12,24,51,51,149,149,168,168,168,176,101,129,129,177,227,246,260,271,12,12,12,126,126,151,35,35,63,75,117,117,142,142,142,171,186,186,221,221,221,221,221,17,62,62],"floor_reached":56,"playtime":2308,"items_purged":["Normality"],"score":1555,"play_id":"dfa2e660-7198-443e-8bd8-fe9812a334b8","local_time":"20201208214240","is_ascension_mode":true,"campfire_choices":[{"data":"DC","floor":15,"key":"SMITH"},{"data":"FairyDestructionRay","floor":24,"key":"SMITH"},{"data":"MachineGunSpark","floor":32,"key":"SMITH"},{"floor":41,"key":"RECALL"},{"data":"MillisecondPulsars","floor":49,"key":"SMITH"},{"data":"Singularity","floor":52,"key":"SMITH"}],"neow_cost":"NONE","seed_source_timestamp":109403055501200,"circlet_count":0,"master_deck":["Strike_MRS","Strike_MRS","Strike_MRS","Strike_MRS","Defend_MRS","Defend_MRS","Defend_MRS","Defend_MRS","MasterSpark+1","UpSweep","DoubleSpark","SporeBomb","WitchOfGreed","DC+1","AsteroidBelt+1","FinalSpark","SprinkleStarSeal","IllusionStar","FairyDestructionRay+1","GrandCross","ManaRampage+1","EnergyRecoil+1","StarBarrage+1","SuperPerseids+1","MagicChant+1","Acceleration+1","MachineGunSpark+1","DarkMatter+1","PropBag+1","MasterSpark","Impatience+1","UltimateShortwave+1","Singularity+1","Doubt","Occultation+1","GravityBeat","MillisecondPulsars+1","Parasite","GrandCross+1","MilkyWay+1","ShootingEcho+1"],"special_seed":0,"relics":["MiniHakkero","Meat on the Bone","Pear","Toxic Egg 2","Shuriken","RuthlessExorcism:ReiMu","Cursed Key","MutagenicStrength","Toy Ornithopter","BreadOfAWashokuLover","Bronze Scales","OrangePellets","ExperimentalFamiliar","Ginger","Pen Nib","Mango","HornCleat","Anchor","Orichalcum","Toolbox","Akabeko"],"potions_floor_usage":[16,33,50,54,55,55],"damage_taken":[{"damage":0.0,"enemies":"Cultist","floor":1.0,"turns":3.0},{"damage":0.0,"enemies":"Jaw Worm","floor":2.0,"turns":4.0},{"damage":0.0,"enemies":"2 Louse","floor":4.0,"turns":1.0},{"damage":18.0,"enemies":"Lagavulin","floor":6.0,"turns":5.0},{"damage":8.0,"enemies":"Blue Slaver","floor":8.0,"turns":4.0},{"damage":3.0,"enemies":"3 Sentries","floor":10.0,"turns":8.0},{"damage":0,"enemies":"2 Fungi Beasts","floor":13,"turns":1},{"damage":0,"enemies":"Gremlin Nob","floor":14,"turns":2},{"damage":49,"enemies":"The Guardian","floor":16,"turns":6},{"damage":0,"enemies":"Spheric Guardian","floor":18,"turns":2},{"damage":7,"enemies":"2 Thieves","floor":21,"turns":3},{"damage":0,"enemies":"Gremlin Leader","floor":23,"turns":3},{"damage":16,"enemies":"Book of Stabbing","floor":25,"turns":3},{"damage":13,"enemies":"Snake Plant","floor":27,"turns":3},{"damage":0,"enemies":"Centurion and Healer","floor":28,"turns":3},{"damage":10,"enemies":"Cultist and Chosen","floor":29,"turns":3},{"damage":29,"enemies":"Automaton","floor":33,"turns":6},{"damage":2,"enemies":"Orb Walker","floor":35,"turns":2},{"damage":9,"enemies":"3 Darklings","floor":38,"turns":3},{"damage":0,"enemies":"Sphere and 2 Shapes","floor":39,"turns":1},{"damage":0,"enemies":"Reptomancer","floor":40,"turns":3},{"damage":2,"enemies":"Nemesis","floor":42,"turns":3},{"damage":0,"enemies":"Reptomancer","floor":45,"turns":3},{"damage":0,"enemies":"Writhing Mass","floor":46,"turns":1},{"damage":8,"enemies":"Nemesis","floor":48,"turns":3},{"damage":7,"enemies":"Donu and Deca","floor":50,"turns":4},{"damage":0,"enemies":"Shield and Spear","floor":54,"turns":3},{"damage":77,"enemies":"The Heart","floor":55,"turns":5}],"seed_played":"-5910882271977977170","potions_obtained":[{"floor":4.0,"key":"Dexterity Potion"},{"floor":8.0,"key":"ZuzhouPotion:ReiMu"},{"floor":10.0,"key":"PowerPotion"},{"floor":13,"key":"EntropicBrew"},{"floor":16,"key":"Dexterity Potion"},{"floor":21,"key":"Fire Potion"},{"floor":21,"key":"BottledSpark"},{"floor":33,"key":"MagicPotion:ReiMu"},{"floor":35,"key":"AttackPotion"},{"floor":47,"key":"PowerPotion"},{"floor":54,"key":"Regen Potion"},{"floor":54,"key":"DuplicationPotion"}],"is_trial":false,"path_per_floor":["M","M","$","M","$","E","?","M","T","E","?","$","M","E","R","B",null,"M","?","T","M","?","E","R","E","T","M","M","M","$","?","R","B",null,"M","$","?","M","M","E","R","E","T","$","E","M","?","E","R","B",null,"R","$","E","B",null],"character_chosen":"MARISA","items_purchased":["WitchOfGreed","DC","AsteroidBelt","FairyDestructionRay","OrangePellets","PropBag+1","Ginger","MilkyWay+1","Toolbox"],"campfire_rested":0,"item_purchase_floors":[3,3,3,12,30,30,36,53,53],"current_hp_per_floor":[75,75,75,75,75,57,75,67,77,74,67,67,67,67,67,30,85,85,85,85,78,78,78,78,62,62,49,49,51,51,51,51,39,85,83,83,83,74,74,74,74,86,86,86,86,86,86,78,78,76,99,99,99,99,53],"gold":62,"neow_bonus":"UPGRADE_CARD","is_prod":false,"is_daily":false,"chose_seed":false,"campfire_upgraded":5,"win_rate":0,"timestamp":1607488960,"path_taken":["M","?","$","M","?","E","?","M","T","E","?","?","M","E","R","BOSS","M","?","?","M","?","E","R","E","T","M","M","M","$","?","R","BOSS","M","?","?","?","M","E","R","E","T","?","E","M","?","E","R","BOSS","R","$","E","BOSS"],"build_version":"2020-11-30","purchased_purges":1,"victory":true,"max_hp_per_floor":[75,75,75,75,75,75,75,75,85,85,85,85,85,85,85,85,85,85,85,85,85,85,85,85,85,85,85,85,85,85,85,85,85,85,85,85,85,85,85,85,85,99,99,99,99,99,99,99,99,99,99,99,99,99,99],"card_choices":[{"not_picked":["ChargingUp","EnergyFlow"],"picked":"DoubleSpark","floor":1.0},{"not_picked":["AlicesGift","EventHorizon"],"picked":"SporeBomb","floor":2.0},{"not_picked":["AsteroidBelt","Acceleration"],"picked":"FinalSpark","floor":4.0},{"not_picked":["WitchOfGreed","OneTimeOff"],"picked":"SprinkleStarSeal","floor":6.0},{"not_picked":["StarlightTyphoon","OpenUniverse"],"picked":"IllusionStar","floor":8.0},{"not_picked":["UnstableBomb","WitchLeyline","OrrerysSun"],"picked":"SKIP","floor":10.0},{"not_picked":["PowerUp+1","MysteriousBeam","GalacticHalo+1"],"picked":"SKIP","floor":13},{"not_picked":["IllusionStar+1","SprinkleStarSeal+1"],"picked":"GrandCross","floor":14},{"not_picked":["JA","EscapeVelocity"],"picked":"ManaRampage+1","floor":16},{"not_picked":["NonDirectionalLaser","MachineGunSpark"],"picked":"EnergyRecoil+1","floor":18},{"not_picked":["LuminesStrike","GrandCross"],"picked":"StarBarrage+1","floor":21},{"not_picked":["6A","IllusionStar+1"],"picked":"SuperPerseids+1","floor":23},{"not_picked":["6A","PowerUp+1"],"picked":"MagicChant+1","floor":25},{"not_picked":["UnstableBomb","WitchLeyline"],"picked":"Acceleration+1","floor":27},{"not_picked":["NonDirectionalLaser","DC"],"picked":"MachineGunSpark","floor":28},{"not_picked":["AsteroidBelt+1","IllusionStar+1"],"picked":"DarkMatter+1","floor":29},{"not_picked":["MaximisePower+1","StarDustReverie+1"],"picked":"UltimateShortwave+1","floor":33},{"not_picked":["SporeBomb+1","ChargeUpSpray+1"],"picked":"Singularity","floor":35},{"not_picked":["GravityBeat","GalacticHalo+1"],"picked":"Occultation+1","floor":38},{"not_picked":["MeteoricShower+1","Acceleration+1"],"picked":"GravityBeat","floor":39},{"not_picked":["LuminesStrike","OpenUniverse+1","ShootTheMoon"],"picked":"SKIP","floor":40},{"not_picked":["Robbery+1","SporeBomb+1"],"picked":"MillisecondPulsars","floor":42},{"not_picked":["SprinkleStarSeal+1","DoubleSpark","MillisecondPulsars"],"picked":"SKIP","floor":45},{"not_picked":["StarBarrage+1","UnstableBomb+1"],"picked":"GrandCross+1","floor":46},{"not_picked":["LuminesStrike+1","AbsoluteMagnitude","NonDirectionalLaser+1"],"picked":"SKIP","floor":48},{"not_picked":["DC","StarDustReverie+1"],"picked":"ShootingEcho+1","floor":54}],"player_experience":509577,"relics_obtained":[{"floor":6.0,"key":"Meat on the Bone"},{"floor":9.0,"key":"Pear"},{"floor":10.0,"key":"Toxic Egg 2"},{"floor":14,"key":"RuthlessExorcism:ReiMu"},{"floor":23,"key":"Toy Ornithopter"},{"floor":25,"key":"BreadOfAWashokuLover"},{"floor":26,"key":"Bronze Scales"},{"floor":40,"key":"Pen Nib"},{"floor":42,"key":"Mango"},{"floor":43,"key":"HornCleat"},{"floor":45,"key":"Anchor"},{"floor":48,"key":"Orichalcum"},{"floor":54,"key":"Akabeko"}],"event_choices":[{"damage_healed":18.0,"max_hp_gain":0.0,"max_hp_loss":0.0,"gold_gain":0.0,"event_name":"The Cleric","player_choice":"Healed","floor":7.0,"gold_loss":35.0,"damage_taken":0.0},{"damage_healed":0.0,"max_hp_gain":0.0,"max_hp_loss":0.0,"gold_gain":0.0,"event_name":"Scrap Ooze","player_choice":"Success","floor":11.0,"gold_loss":0.0,"damage_taken":7.0,"relics_obtained":["Shuriken"]},{"damage_healed":0,"gold_gain":0,"player_choice":"Inject Mutagens","damage_taken":0,"relics_obtained":["MutagenicStrength"],"max_hp_gain":0,"max_hp_loss":0,"event_name":"Drug Dealer","floor":19,"gold_loss":0},{"cards_removed":["Poor:ReiMu"],"damage_healed":0,"gold_gain":0,"player_choice":"Gave Gold","damage_taken":0,"max_hp_gain":0,"max_hp_loss":0,"event_name":"Beggar","floor":22,"gold_loss":75},{"damage_healed":0,"gold_gain":0,"player_choice":"2 cards matched","damage_taken":0,"max_hp_gain":0,"max_hp_loss":0,"event_name":"Match and Keep!","floor":31,"gold_loss":0,"cards_obtained":["MasterSpark","Impatience"]},{"damage_healed":0,"gold_gain":0,"player_choice":"Forge","damage_taken":0,"max_hp_gain":0,"max_hp_loss":0,"event_name":"Accursed Blacksmith","floor":37,"gold_loss":0,"cards_upgraded":["AsteroidBelt"]},{"damage_healed":0,"gold_gain":0,"player_choice":"Got Potions","damage_taken":0,"max_hp_gain":0,"max_hp_loss":0,"event_name":"Lab","floor":47,"gold_loss":0}],"is_beta":false,"boss_relics":[{"not_picked":["BewitchedHakkero","Ectoplasm"],"picked":"Cursed Key"},{"not_picked":["Empty Cage","RedLine:ReiMu"],"picked":"ExperimentalFamiliar"}],"items_purged_floors":[30],"is_endless":false,"potions_floor_spawned":[4,10,13,16,21,29,38,39,42,48,54],"ascension_level":1}}