{"host":"69rply1jf2d1wbmp","time":1607533336,"event":{"gold_per_floor":[117,137,68,87,16,50,50,50,50,65,92,92,112,145,145,247,247,258,258,276,276,276],"floor_reached":21,"playtime":819,"items_purged":[],"score":224,"play_id":"d2833d36-fcb2-4962-a72b-864d9d2980d8","local_time":"20201209120216","is_ascension_mode":false,"campfire_choices":[{"floor":12,"key":"REST"},{"floor":15,"key":"REST"}],"neow_cost":"TEN_PERCENT_HP_LOSS","seed_source_timestamp":990061292424200,"circlet_count":0,"master_deck":["Strike_G","Strike_G","Strike_G","Strike_G","Strike_G","Defend_G","Defend_G","Defend_G","Defend_G","Defend_G","Survivor","Neutralize","Adrenaline","Deflect","Terror","Backstab","Dagger Spray","Infinite Blades","A Thousand Cuts","Blade Dance","Backflip","Slice","Storm of Steel","Necronomicurse"],"relics":["Ring of the Snake","Bird Faced Urn","Ornamental Fan","Bottled Lightning","FossilizedHelix","Snake Skull","Black Star","Necronomicon"],"potions_floor_usage":[14,21],"damage_taken":[{"damage":1,"enemies":"Cultist","floor":1,"turns":4},{"damage":0,"enemies":"Jaw Worm","floor":2,"turns":5},{"damage":0,"enemies":"2 Louse","floor":4,"turns":2},{"damage":17,"enemies":"Lagavulin","floor":6,"turns":5},{"damage":3,"enemies":"Large Slime","floor":10,"turns":6},{"damage":26,"enemies":"Gremlin Nob","floor":11,"turns":4},{"damage":0,"enemies":"Looter","floor":13,"turns":2},{"damage":0,"enemies":"3 Sentries","floor":14,"turns":5},{"damage":54,"enemies":"The Guardian","floor":16,"turns":9},{"damage":8,"enemies":"3 Byrds","floor":18,"turns":6},{"damage":2,"enemies":"Shell Parasite","floor":20,"turns":5},{"damage":43,"enemies":"Cultist and Chosen","floor":21,"turns":8}],"seed_played":"-1545058532013425485","potions_obtained":[{"floor":4,"key":"SteroidPotion"},{"floor":10,"key":"CultistPotion"},{"floor":13,"key":"Dexterity Potion"},{"floor":20,"key":"SteroidPotion"}],"is_trial":false,"path_per_floor":["M","M","$","M","$","E","$","?","T","M","E","R","M","E","R","B",null,"M","?","M","M"],"character_chosen":"THE_SILENT","items_purchased":["Backstab","Infinite Blades"],"campfire_rested":2,"item_purchase_floors":[3,5],"current_hp_per_floor":[62,62,62,62,62,45,45,45,45,44,22,40,42,46,63,9,63,55,39,41,0,0],"gold":276,"neow_bonus":"THREE_RARE_CARDS","is_prod":false,"is_daily":false,"chose_seed":false,"campfire_upgraded":0,"win_rate":0,"timestamp":1607533336,"path_taken":["M","M","$","M","?","E","$","?","T","?","E","R","M","E","R","BOSS","M","?","M","M"],"build_version":"2020-11-30","purchased_purges":0,"victory":false,"max_hp_per_floor":[63,63,63,63,63,63,63,63,63,63,63,63,63,63,63,63,63,63,63,63,63,63],"card_choices":[{"not_picked":["Bullet Time","Malaise"],"picked":"Adrenaline","floor":0},{"not_picked":["PiercingWail","Backflip"],"picked":"Deflect","floor":1},{"not_picked":["Sucker Punch","PiercingWail"],"picked":"Terror","floor":2},{"not_picked":["Eviscerate","Slice"],"picked":"Dagger Spray","floor":4},{"not_picked":["Distraction","Quick Slash"],"picked":"A Thousand Cuts","floor":6},{"not_picked":["Deadly Poison","Backstab"],"picked":"Blade Dance","floor":10},{"not_picked":["Glass Knife","Sucker Punch"],"picked":"Backflip","floor":11},{"not_picked":["Deadly Poison","Reflex"],"picked":"Slice","floor":13},{"not_picked":["Well Laid Plans","Caltrops","Dagger Throw"],"picked":"SKIP","floor":14},{"not_picked":["Unload","Malaise"],"picked":"Storm of Steel","floor":16},{"not_picked":["Dagger Spray","Predator","Underhanded Strike"],"picked":"SKIP","floor":18},{"not_picked":["Well Laid Plans","Quick Slash","Bane"],"picked":"SKIP","floor":20}],"player_experience":318026,"relics_obtained":[{"floor":6,"key":"Bird Faced Urn"},{"floor":9,"key":"Bottled Lightning"},{"floor":11,"key":"FossilizedHelix"},{"floor":14,"key":"Snake Skull"},{"floor":19,"key":"Necronomicon"}],"event_choices":[{"damage_healed":0,"gold_gain":0,"player_choice":"Gave Potion","damage_taken":0,"relics_obtained":["Ornamental Fan"],"max_hp_gain":0,"max_hp_loss":0,"event_name":"WeMeetAgain","floor":8,"gold_loss":0},{"damage_healed":0,"gold_gain":0,"player_choice":"Obtained Book","damage_taken":16,"max_hp_gain":0,"max_hp_loss":0,"event_name":"Cursed Tome","floor":19,"gold_loss":0}],"is_beta":false,"boss_relics":[{"not_picked":["Runic Pyramid","Snecko Eye"],"picked":"Black Star"}],"items_purged_floors":[],"is_endless":false,"potions_floor_spawned":[4,10,13,20],"killed_by":"Cultist and Chosen","ascension_level":0}}