{"host":"o5or1zybx7au40zl","time":1607518955,"event":{"gold_per_floor":[111,123,123,134,134,134,153,153,178,196,196,231,243,261,261,364,364,383,418,119,119,130,164,176,176,176,176,186,221,238,264,264,362,362,380,396,41,41,55,86,86,86],"floor_reached":41,"playtime":1372,"items_purged":["Delirium"],"score":535,"play_id":"1189156b-e14b-4b0b-9d2c-5741f6ce10b0","local_time":"20201209140235","is_ascension_mode":false,"campfire_choices":[{"data":"Envenom","floor":6,"key":"SMITH"},{"floor":8,"key":"RECALL"},{"floor":15,"key":"REST"},{"floor":25,"key":"REST"},{"data":"Draining Mist","floor":27,"key":"SMITH"},{"floor":32,"key":"REST"}],"neow_cost":"NONE","seed_source_timestamp":1342787366700,"circlet_count":0,"master_deck":["Strike_G","Strike_G","Strike_G","Defend_G","Defend_G","Defend_G","Defend_G","Defend_G","Survivor+1","Neutralize","Dagger Spray","Bouncing Flask","Envenom+1","Dagger Spray","Toxin Wave","Riddle With Holes","Deadly Poison","Corpse Explosion","Skewer+1","Footwork+1","Dagger Spray","Leg Sweep","Draining Mist+1","Dash","A Thousand Cuts","Riddle With Holes+1","Replay:Bag of Tricks","Dagger Spray+1","Bouncing Flask","ReplayTheSpireMod:IOU","Atom Bomb"],"relics":["Ring of the Snake","NeowsBlessing","Replay:Wax Seal","ReplayTheSpireMod:Ring of Exchange","Ring of Misfortune","Smiling Mask","hubris:RunicObelisk","hubris:DeckOfHolding","Orichalcum","Replay:Accelerometer","Thread and Needle","conspire:GiftBox","Counterbalance","Cursed Key","Mirror","PreservedInsect"],"potions_floor_usage":[12,16,16,18,19,19,24,24,30,33,33,33,40,40],"damage_taken":[{"damage":0,"enemies":"Jaw Worm","floor":1,"turns":1},{"damage":0,"enemies":"Small Slimes","floor":2,"turns":1},{"damage":0,"enemies":"2 Louse","floor":4,"turns":2},{"damage":2,"enemies":"Exordium Wildlife","floor":7,"turns":4},{"damage":2,"enemies":"Looter","floor":10,"turns":3},{"damage":27,"enemies":"Lagavulin","floor":12,"turns":6},{"damage":11,"enemies":"Blue Slaver","floor":13,"turns":3},{"damage":0,"enemies":"Lots of Slimes","floor":14,"turns":1},{"damage":22,"enemies":"Fading Forest","floor":16,"turns":11},{"damage":0,"enemies":"conspire:FuzzyDice","floor":18,"turns":3},{"damage":26,"enemies":"conspire:MimicChest","floor":19,"turns":6},{"damage":5,"enemies":"Shell Parasite","floor":22,"turns":4},{"damage":6,"enemies":"conspire:Head Lice","floor":23,"turns":7},{"damage":4,"enemies":"3 Cultists","floor":24,"turns":4},{"damage":0,"enemies":"Chosen and Byrds","floor":28,"turns":4},{"damage":1,"enemies":"HollowMod:Nosk","floor":29,"turns":6},{"damage":0,"enemies":"Centurion and Healer","floor":30,"turns":5},{"damage":3,"enemies":"conspire:Head Lice","floor":31,"turns":5},{"damage":44,"enemies":"hubris:MusketHawk","floor":33,"turns":8},{"damage":1,"enemies":"3 Shapes","floor":35,"turns":4},{"damage":10,"enemies":"3 Darklings","floor":36,"turns":2},{"damage":21,"enemies":"Maw","floor":39,"turns":7},{"damage":23,"enemies":"Giant Head","floor":40,"turns":9},{"damage":16,"enemies":"Writhing Mass","floor":41,"turns":3}],"seed_played":"6465566390008876697","potions_obtained":[{"floor":2,"key":"AttackPotion"},{"floor":4,"key":"Doom Potion"},{"floor":12,"key":"AttackPotion"},{"floor":14,"key":"Fire Potion"},{"floor":16,"key":"EntropicBrew"},{"floor":19,"key":"Poison Potion"},{"floor":24,"key":"SteroidPotion"},{"floor":28,"key":"AttackPotion"},{"floor":29,"key":"PowerPotion"},{"floor":30,"key":"SpeedPotion"},{"floor":35,"key":"BlessingOfTheForge"},{"floor":40,"key":"Block Potion"}],"is_trial":false,"path_per_floor":["M","M","?","M","?","R","M","R","T","M","?","E","M","M","R","B",null,"M","?","$","?","M","E","M","R","T","R","M","E","M","E","R","B",null,"M","M","$","?","M","E","M"],"character_chosen":"THE_SILENT","items_purchased":["Orichalcum","Footwork+1","Dagger Spray","Mirror","Atom Bomb","PowerPotion"],"campfire_rested":3,"item_purchase_floors":[20,20,20,37,37,37],"current_hp_per_floor":[70,70,63,63,63,63,61,61,61,59,59,32,21,21,42,28,70,70,44,44,44,39,33,29,50,50,50,50,49,49,46,67,23,70,69,59,59,59,38,15,0,0],"gold":86,"neow_bonus":"THREE_ENEMY_KILL","is_prod":false,"is_daily":false,"chose_seed":false,"campfire_upgraded":2,"win_rate":0,"timestamp":1607518955,"path_taken":["M","M","?","M","?","R","M","R","T","M","?","E","M","M","R","BOSS","M","?","$","?","M","E","M","R","T","R","M","E","M","E","R","BOSS","M","M","$","?","M","E","M"],"build_version":"2020-11-30","purchased_purges":1,"victory":false,"max_hp_per_floor":[70,70,70,70,70,70,70,70,70,70,70,70,70,70,70,70,70,70,70,70,70,70,70,70,70,70,70,70,70,70,70,70,70,70,70,70,70,70,70,70,70,70],"card_choices":[{"not_picked":["Underhanded Strike","All Out Attack"],"picked":"Dagger Spray","floor":1},{"not_picked":["Deflect","Toxin Wave"],"picked":"Bouncing Flask","floor":2},{"not_picked":["Bane","Calculated Gamble"],"picked":"Envenom","floor":4},{"not_picked":["Deflect","Blur"],"picked":"Dagger Spray","floor":7},{"not_picked":["Endless Agony","Backflip"],"picked":"Toxin Wave","floor":10},{"not_picked":["Acrobatics","Accuracy","Backflip"],"picked":"SKIP","floor":12},{"not_picked":["Acrobatics","Poisoned Stab"],"picked":"Riddle With Holes","floor":13},{"not_picked":["All Out Attack","Dodge and Roll"],"picked":"Deadly Poison","floor":14},{"not_picked":["Night Terror","Venomology"],"picked":"Corpse Explosion","floor":16},{"not_picked":["Acrobatics","Finisher","PiercingWail"],"picked":"SKIP","floor":18},{"not_picked":["PiercingWail+1","Hidden Blade"],"picked":"Skewer+1","floor":19},{"not_picked":["Quick Slash","Deadly Poison"],"picked":"Leg Sweep","floor":22},{"not_picked":["ReplayTheSpireMod:Exploit Weakness","Bane+1"],"picked":"Draining Mist","floor":23},{"not_picked":["Riddle With Holes","hubris:TrickCloak"],"picked":"Dash","floor":24},{"not_picked":["Backflip+1","Dagger Spray","Prepared"],"picked":"SKIP","floor":28},{"not_picked":["Night Terror","Unload"],"picked":"A Thousand Cuts","floor":29},{"not_picked":["Blade Dance","Underhanded Strike","Replay:Poison Smokescreen"],"picked":"SKIP","floor":29},{"not_picked":["Prepared","Predator"],"picked":"Riddle With Holes+1","floor":30},{"not_picked":["Infinite Blades+1","Night Terror","Endless Agony"],"picked":"SKIP","floor":31},{"not_picked":["Venomology","ReplayTheSpireMod:From All Sides"],"picked":"Replay:Bag of Tricks","floor":33},{"not_picked":["Sucker Punch","Flying Knee"],"picked":"Dagger Spray+1","floor":35},{"not_picked":["Outmaneuver","Toxin Wave"],"picked":"Bouncing Flask","floor":36},{"not_picked":["Backflip+1","Underhanded Strike","Acrobatics+1"],"picked":"SKIP","floor":39},{"not_picked":["Deflect","Setup","Reflex"],"picked":"SKIP","floor":40}],"player_experience":953200,"relics_obtained":[{"floor":9,"key":"Replay:Wax Seal"},{"floor":11,"key":"ReplayTheSpireMod:Ring of Exchange"},{"floor":11,"key":"Ring of Misfortune"},{"floor":12,"key":"Smiling Mask"},{"floor":19,"key":"hubris:DeckOfHolding"},{"floor":23,"key":"Replay:Accelerometer"},{"floor":26,"key":"Thread and Needle"},{"floor":29,"key":"conspire:GiftBox"},{"floor":31,"key":"Counterbalance"},{"floor":40,"key":"PreservedInsect"}],"event_choices":[{"cards_removed":["Strike_G"],"damage_healed":0,"gold_gain":0,"player_choice":"Card Removal","damage_taken":7,"max_hp_gain":0,"max_hp_loss":0,"event_name":"Golden Wing","floor":3,"gold_loss":0},{"damage_healed":0,"gold_gain":0,"player_choice":"Leave","damage_taken":0,"max_hp_gain":0,"max_hp_loss":0,"event_name":"conspire:Investor","floor":21,"gold_loss":0},{"cards_removed":["Strike_G"],"damage_healed":0,"gold_gain":0,"player_choice":"Purged","damage_taken":0,"max_hp_gain":0,"max_hp_loss":0,"event_name":"Purifier","floor":38,"gold_loss":0}],"is_beta":false,"boss_relics":[{"not_picked":["Coffee Dripper","SlaversCollar"],"picked":"hubris:RunicObelisk"},{"not_picked":["hubris:HollowSoul","hubris:HerbalPaste"],"picked":"Cursed Key"}],"items_purged_floors":[20],"is_endless":false,"potions_floor_spawned":[2,4,12,14,16,19,24,28,29,30,35,40],"killed_by":"Writhing Mass","ascension_level":0}}