{"host":"0285y92tozoijo7k","time":1607488516,"event":{"gold_per_floor":[16,29,29,29,40,66,66,93,120,152,152,152,167,92,92,166,166,183,183,15,30,40,40,65,65,65,65,65,65,83,115,115,192,192,208,83,83,94,112,112,131,160,160,178,208,208,208,228,228,228,228,228,27,55,55,55],"floor_reached":55,"playtime":1859,"items_purged":["Strike_R","Strike_R","Strike_R","Bash"],"score":1420,"play_id":"f1781b16-69ef-4002-a94a-ebe59261d6ec","local_time":"20201209133516","is_ascension_mode":true,"campfire_choices":[{"data":"Flex","floor":7.0,"key":"SMITH"},{"data":"Sword Boomerang","floor":11.0,"key":"SMITH"},{"data":"Burning Pact","floor":15.0,"key":"SMITH"},{"floor":23.0,"key":"REST"},{"data":"Feed","floor":28.0,"key":"SMITH"},{"data":"Body Slam","floor":32.0,"key":"SMITH"},{"data":"Second Wind","floor":40.0,"key":"SMITH"},{"floor":49.0,"key":"RECALL"},{"data":"Power Through","floor":52,"key":"SMITH"}],"neow_cost":"NO_GOLD","seed_source_timestamp":402871917698200,"circlet_count":0,"master_deck":["AscendersBane","Defend_R","Defend_R","Defend_R","Flex+1","Blood for Blood","Shrug It Off","Burning Pact+1","Sword Boomerang+1","Thunderclap","Bludgeon","Immolate","Necronomicurse","Power Through+1","Feed+1","Reaper","Second Wind+1","Body Slam+1","Doubt","Dark Embrace+1","Evolve"],"special_seed":0,"relics":["Burning Blood","Vajra","Regal Pillow","Akabeko","StoneCalendar","Pantograph","Runic Pyramid","Necronomicon","Tiny Chest","Toy Ornithopter","Kunai","Cursed Key","Boot","TungstenRod","Happy Flower"],"potions_floor_usage":[50,55],"damage_taken":[{"damage":10.0,"enemies":"Cultist","floor":1.0,"turns":5.0},{"damage":4.0,"enemies":"2 Louse","floor":2.0,"turns":3.0},{"damage":12.0,"enemies":"Small Slimes","floor":5.0,"turns":4.0},{"damage":10.0,"enemies":"3 Sentries","floor":6.0,"turns":5.0},{"damage":12.0,"enemies":"Gremlin Nob","floor":8.0,"turns":4.0},{"damage":20.0,"enemies":"Lagavulin","floor":10.0,"turns":5.0},{"damage":9.0,"enemies":"Exordium Thugs","floor":13.0,"turns":2.0},{"damage":44.0,"enemies":"Slime Boss","floor":16.0,"turns":7.0},{"damage":24.0,"enemies":"Shell Parasite","floor":18.0,"turns":4.0},{"damage":10.0,"enemies":"3 Byrds","floor":21.0,"turns":2.0},{"damage":9.0,"enemies":"Centurion and Healer","floor":22.0,"turns":2.0},{"damage":19.0,"enemies":"Gremlin Leader","floor":24.0,"turns":6.0},{"damage":0.0,"enemies":"Snecko","floor":30.0,"turns":4.0},{"damage":43.0,"enemies":"Book of Stabbing","floor":31.0,"turns":5.0},{"damage":70.0,"enemies":"Automaton","floor":33.0,"turns":9.0},{"damage":4.0,"enemies":"Orb Walker","floor":35.0,"turns":3.0},{"damage":41.0,"enemies":"3 Darklings","floor":38.0,"turns":4.0},{"damage":16.0,"enemies":"Maw","floor":39.0,"turns":6.0},{"damage":11.0,"enemies":"Transient","floor":41.0,"turns":5.0},{"damage":88.0,"enemies":"Reptomancer","floor":42.0,"turns":5.0},{"damage":38.0,"enemies":"Writhing Mass","floor":44.0,"turns":6.0},{"damage":0.0,"enemies":"Giant Head","floor":45.0,"turns":6.0},{"damage":14.0,"enemies":"Maw","floor":48.0,"turns":7.0},{"damage":119,"enemies":"Donu and Deca","floor":50,"turns":9},{"damage":51,"enemies":"Shield and Spear","floor":54,"turns":4},{"damage":90,"enemies":"The Heart","floor":55,"turns":3}],"seed_played":"-4275699241315340464","potions_obtained":[{"floor":2.0,"key":"AttackPotion"},{"floor":5.0,"key":"CultistPotion"},{"floor":8.0,"key":"FairyPotion"},{"floor":16.0,"key":"FearPotion"},{"floor":24.0,"key":"Block Potion"},{"floor":38.0,"key":"Weak Potion"},{"floor":42.0,"key":"BloodPotion"},{"floor":48.0,"key":"DistilledChaos"}],"is_trial":false,"path_per_floor":["M","M","?","?","M","E","R","E","T","E","R","?","M","$","R","B",null,"M","?","$","M","M","R","E","?","T","?","R","$","M","E","R","B",null,"M","$","T","M","M","R","M","E","T","M","E","?","T","M","R","B",null,"R","$","E","B"],"character_chosen":"IRONCLAD","items_purchased":["Power Through","Strength Potion"],"campfire_rested":1,"item_purchase_floors":[20,53],"current_hp_per_floor":[64,66,66,71,65,61,61,55,55,41,41,41,38,38,38,25,66,48,27,27,23,20,59,46,46,46,46,46,46,56,37,37,20,74,96,96,96,88,93,93,98,42,42,50,60,60,60,74,74,46,105,105,105,60,0,0],"gold":55,"neow_bonus":"REMOVE_TWO","is_prod":false,"is_daily":false,"chose_seed":false,"campfire_upgraded":7,"win_rate":0,"timestamp":1607488516,"path_taken":["M","M","?","?","M","E","R","E","T","E","R","?","M","$","R","BOSS","M","?","$","M","M","R","E","?","T","?","R","?","M","E","R","BOSS","M","$","?","M","M","R","M","E","T","?","E","?","?","M","R","BOSS","R","$","E","BOSS"],"build_version":"2020-11-30","purchased_purges":4,"victory":false,"max_hp_per_floor":[75,75,75,80,80,80,80,80,80,80,80,80,80,80,80,80,80,80,80,80,80,80,80,80,80,80,80,80,80,84,88,88,92,92,96,96,96,100,104,104,104,108,108,112,116,116,116,120,120,124,124,124,124,124,124,124],"card_choices":[{"not_picked":["Iron Wave","Dual Wield"],"picked":"Flex","floor":1.0},{"not_picked":["Infernal Blade","Pummel"],"picked":"Blood for Blood","floor":2.0},{"not_picked":["Cleave","Twin Strike"],"picked":"Shrug It Off","floor":5.0},{"not_picked":["True Grit","Combust"],"picked":"Burning Pact","floor":6.0},{"not_picked":["Demon Form","Combust"],"picked":"Sword Boomerang","floor":8.0},{"not_picked":["Clash","Perfected Strike"],"picked":"Thunderclap","floor":10.0},{"not_picked":["Perfected Strike","Cleave"],"picked":"Bludgeon","floor":13.0},{"not_picked":["Feed","Berserk"],"picked":"Immolate","floor":16.0},{"not_picked":["Sword Boomerang","Heavy Blade","Wild Strike"],"picked":"SKIP","floor":18.0},{"not_picked":["Heavy Blade","Wild Strike","Body Slam"],"picked":"SKIP","floor":21.0},{"not_picked":["Warcry+1","Body Slam"],"picked":"Feed","floor":22.0},{"not_picked":["Perfected Strike+1","Impervious"],"picked":"Reaper","floor":24.0},{"not_picked":["Shrug It Off","Iron Wave","Headbutt"],"picked":"SKIP","floor":30.0},{"not_picked":["Flex","Thunderclap"],"picked":"Body Slam","floor":31.0},{"not_picked":["Power Through","Carnage","Anger"],"picked":"SKIP","floor":35.0},{"not_picked":["Second Wind","Clash","Flex+1"],"picked":"SKIP","floor":38.0},{"not_picked":["Warcry+1","Cleave","Iron Wave"],"picked":"SKIP","floor":39.0},{"not_picked":["Seeing Red+1","Armaments"],"picked":"Dark Embrace+1","floor":41.0},{"not_picked":["Blood for Blood","Combust"],"picked":"Evolve","floor":42.0},{"not_picked":["Shockwave+1","Perfected Strike","Pummel+1"],"picked":"SKIP","floor":44.0},{"not_picked":["Twin Strike","Thunderclap+1","True Grit+1"],"picked":"SKIP","floor":45.0},{"not_picked":["True Grit","Flex","Clash"],"picked":"SKIP","floor":48.0},{"not_picked":["Fiend Fire","Rupture","Metallicize"],"picked":"SKIP","floor":54}],"player_experience":365736,"relics_obtained":[{"floor":6.0,"key":"Vajra"},{"floor":8.0,"key":"Regal Pillow"},{"floor":9.0,"key":"Akabeko"},{"floor":10.0,"key":"StoneCalendar"},{"floor":12.0,"key":"Pantograph"},{"floor":19.0,"key":"Necronomicon"},{"floor":24.0,"key":"Tiny Chest"},{"floor":26.0,"key":"Toy Ornithopter"},{"floor":31.0,"key":"Kunai"},{"floor":42.0,"key":"Boot"},{"floor":45.0,"key":"TungstenRod"},{"floor":54,"key":"Happy Flower"}],"event_choices":[{"cards_removed":["Strike_R"],"damage_healed":0.0,"max_hp_gain":0.0,"max_hp_loss":0.0,"gold_gain":0.0,"event_name":"Living Wall","player_choice":"Forget","floor":3.0,"gold_loss":0.0,"damage_taken":0.0},{"damage_healed":0.0,"max_hp_gain":5.0,"max_hp_loss":0.0,"gold_gain":0.0,"event_name":"Big Fish","player_choice":"Donut","floor":4.0,"gold_loss":0.0,"damage_taken":0.0},{"damage_healed":0.0,"max_hp_gain":0.0,"max_hp_loss":0.0,"gold_gain":0.0,"event_name":"Wheel of Change","player_choice":"Relic","floor":12.0,"gold_loss":0.0,"damage_taken":0.0},{"damage_healed":0.0,"max_hp_gain":0.0,"max_hp_loss":0.0,"gold_gain":0.0,"event_name":"Cursed Tome","player_choice":"Obtained Book","floor":19.0,"gold_loss":0.0,"damage_taken":21.0},{"damage_healed":0.0,"max_hp_gain":0.0,"max_hp_loss":0.0,"gold_gain":0.0,"event_name":"The Library","player_choice":"Read","floor":25.0,"gold_loss":0.0,"damage_taken":0.0,"cards_obtained":["Second Wind"]},{"damage_healed":0.0,"max_hp_gain":0.0,"max_hp_loss":0.0,"gold_gain":0.0,"event_name":"Vampires","player_choice":"Ignored","floor":27.0,"gold_loss":0.0,"damage_taken":0.0},{"damage_healed":0.0,"max_hp_gain":0.0,"max_hp_loss":0.0,"gold_gain":0.0,"event_name":"Tomb of Lord Red Mask","player_choice":"Ignored","floor":46.0,"gold_loss":0.0,"damage_taken":0.0}],"is_beta":false,"boss_relics":[{"not_picked":["Velvet Choker","Ectoplasm"],"picked":"Runic Pyramid"},{"not_picked":["Runic Dome","Black Blood"],"picked":"Cursed Key"}],"items_purged_floors":[14,20,36,53],"is_endless":false,"potions_floor_spawned":[2,5,8,16,18,21,24,33,38,42,48],"killed_by":"The Heart","ascension_level":15}}