{"host":"1rf9pknejqhzkc4o","time":1607521112,"event":{"gold_per_floor":[113,131,141,141,141,156,29,29,29,52,70,70,93,53,53,172,235,249,299,82,82,102,102,102,140,140,182,220,220,220,252,252,266,266],"floor_reached":33,"playtime":2282,"items_purged":[],"score":259,"play_id":"fdec3143-1e23-4a5e-804f-302556e502f5","local_time":"20201209163832","is_ascension_mode":false,"campfire_choices":[{"floor":8,"key":"REST"},{"floor":12,"key":"REST"},{"floor":15,"key":"REST"},{"floor":23,"key":"REST"},{"floor":30,"key":"REST"},{"floor":32,"key":"REST"}],"neow_cost":"NONE","seed_source_timestamp":103762874529900,"circlet_count":0,"master_deck":["Strike_P","Strike_P","Strike_P","Strike_P","Defend_P","Defend_P","Defend_P","Defend_P+1","Eruption","Vigilance","PathToVictory","FearNoEvil","Collect","Consecrate","FollowUp","Brilliance","EmptyFist","Prostrate","Prostrate","Judgement","Consecrate","Worship","Bandage Up+1","Consecrate+1","DDmod:UnstoppableAttack+1","FearNoEvil","FlurryOfBlows","Protect"],"relics":["PureWater","aspiration:Nostalgia","Cracked Core","Golden Idol","Meat on the Bone","Omamori","Tiny House","ReplayTheSpireMod:TigerMarble","PrismaticShard","aspiration:FetidBarrel","Replay:Bandana"],"potions_floor_usage":[16,18,33,33,33],"damage_taken":[{"damage":7,"enemies":"2 Louse","floor":1,"turns":3},{"damage":0,"enemies":"Cultist","floor":2,"turns":3},{"damage":0,"enemies":"Small Slimes","floor":3,"turns":3},{"damage":13,"enemies":"2 Fungi Beasts","floor":6,"turns":3},{"damage":26,"enemies":"Exordium Thugs","floor":10,"turns":4},{"damage":0,"enemies":"Looter","floor":11,"turns":2},{"damage":7,"enemies":"Lots of Slimes","floor":13,"turns":3},{"damage":52,"enemies":"Hexaghost","floor":16,"turns":9},{"damage":45,"enemies":"Shell Parasite","floor":18,"turns":7},{"damage":19,"enemies":"conspire:FuzzyDice","floor":22,"turns":6},{"damage":50,"enemies":"Gremlin Leader","floor":25,"turns":8},{"damage":0,"enemies":"Chosen and Byrds","floor":27,"turns":4},{"damage":25,"enemies":"Sentry and Sphere","floor":28,"turns":4},{"damage":30,"enemies":"Centurion and Healer","floor":31,"turns":5},{"damage":126,"enemies":"hubris:MusketHawk","floor":33,"turns":11}],"seed_played":"-6340438373550114118","potions_obtained":[{"floor":11,"key":"blueLaboratory:BottleOfRum"},{"floor":13,"key":"Energy Potion"},{"floor":16,"key":"blueLaboratory:BottleOfVodka"},{"floor":17,"key":"SteroidPotion"},{"floor":25,"key":"blueLaboratory:BottledTrinity"}],"is_trial":false,"path_per_floor":["M","M","M","?","?","M","$","R","T","M","M","R","M","$","R","B",null,"M","?","$","?","M","R","?","E","T","M","M","?","R","M","R","B"],"character_chosen":"WATCHER","items_purchased":["Meat on the Bone","Prostrate","ReplayTheSpireMod:TigerMarble","PrismaticShard"],"campfire_rested":6,"item_purchase_floors":[7,14,20,20],"current_hp_per_floor":[65,65,65,65,47,34,34,55,55,41,41,62,55,55,72,32,77,44,44,44,44,43,66,66,34,34,45,43,43,66,47,70,0,0],"gold":266,"neow_bonus":"NOSTALGIA","is_prod":false,"is_daily":false,"chose_seed":false,"campfire_upgraded":0,"win_rate":0,"timestamp":1607521112,"path_taken":["M","?","M","?","?","?","$","R","T","M","M","R","?","$","R","BOSS","M","?","$","?","?","R","?","E","T","M","M","?","R","M","R","BOSS"],"build_version":"2020-11-30","purchased_purges":0,"victory":false,"max_hp_per_floor":[72,72,72,72,72,72,72,72,72,72,72,72,72,72,72,72,77,77,77,77,77,77,77,77,77,77,77,77,77,77,77,77,77,77],"relic_stats":{"counters":[15,75],"Golden Idol":80,"obtain_stats":[{"Replay:Bandana":26,"Tiny House":17,"aspiration:Nostalgia":0,"Golden Idol":5,"aspiration:FetidBarrel":25,"Omamori":9,"ReplayTheSpireMod:TigerMarble":20,"PureWater":0,"Cracked Core":0,"PrismaticShard":20,"Meat on the Bone":7},{"Replay:Bandana":11,"Tiny House":8,"aspiration:Nostalgia":0,"Golden Idol":3,"aspiration:FetidBarrel":11,"Omamori":4,"ReplayTheSpireMod:TigerMarble":9,"PureWater":0,"Cracked Core":0,"PrismaticShard":9,"Meat on the Bone":4},{"Replay:Bandana":51,"Tiny House":30,"aspiration:Nostalgia":0,"Golden Idol":9,"aspiration:FetidBarrel":51,"Omamori":12,"ReplayTheSpireMod:TigerMarble":37,"PureWater":0,"Cracked Core":0,"PrismaticShard":37,"Meat on the Bone":12}],"Meat on the Bone":72},"card_choices":[{"not_picked":["CrushJoints","EmptyBody"],"picked":"PathToVictory","floor":1},{"not_picked":["Crescendo","Prostrate"],"picked":"FearNoEvil","floor":2},{"not_picked":["FlurryOfBlows","FlyingSleeves"],"picked":"Collect","floor":3},{"not_picked":["Protect","Halt"],"picked":"Consecrate","floor":6},{"not_picked":["Replay:BluntJabs","SandsOfTime"],"picked":"FollowUp","floor":10},{"not_picked":["WreathOfFlame","WheelKick"],"picked":"Brilliance","floor":11},{"not_picked":["Vengeance","CutThroughFate"],"picked":"EmptyFist","floor":13},{"not_picked":["Vault","Replay:AllIn"],"picked":"Judgement","floor":16},{"not_picked":["FearNoEvil","SignatureMove"],"picked":"Consecrate","floor":17},{"not_picked":["Replay:ManipulateFuture+1","EmptyFist"],"picked":"Worship","floor":18},{"not_picked":["ReplayTheSpireMod:Calculation Training","Body Slam+1"],"picked":"Consecrate+1","floor":22},{"not_picked":["Body Slam","Evaluate+1"],"picked":"DDmod:UnstoppableAttack+1","floor":25},{"not_picked":["Shrug It Off+1","hubris:ReadiedAction+1","Twin Strike"],"picked":"SKIP","floor":27},{"not_picked":["Redo+1","CrushJoints"],"picked":"FearNoEvil","floor":28},{"not_picked":["Exhume","FlyingSleeves"],"picked":"Protect","floor":31}],"player_experience":122870,"relics_obtained":[{"floor":9,"key":"Omamori"},{"floor":25,"key":"aspiration:FetidBarrel"},{"floor":26,"key":"Replay:Bandana"}],"event_choices":[{"damage_healed":0,"gold_gain":0,"player_choice":"Ignored","damage_taken":0,"max_hp_gain":0,"max_hp_loss":0,"event_name":"Purifier","floor":4,"gold_loss":0},{"damage_healed":0,"gold_gain":0,"player_choice":"Take Damage","damage_taken":18,"relics_obtained":["Golden Idol"],"max_hp_gain":0,"max_hp_loss":0,"event_name":"Golden Idol","floor":5,"gold_loss":0},{"damage_healed":0,"gold_gain":100,"player_choice":"Bet on Murderer","damage_taken":0,"max_hp_gain":0,"max_hp_loss":0,"event_name":"The Joust","floor":19,"gold_loss":50},{"cards_removed":["Judgement"],"damage_healed":0,"gold_gain":0,"player_choice":"Take \u0026 Give","damage_taken":0,"max_hp_gain":0,"max_hp_loss":0,"event_name":"betterNote:BetterNote","floor":21,"gold_loss":0,"cards_obtained":["Bandage Up"]},{"damage_healed":0,"gold_gain":0,"player_choice":"Ignored","damage_taken":0,"max_hp_gain":0,"max_hp_loss":0,"event_name":"Ghosts","floor":24,"gold_loss":0}],"is_beta":false,"boss_relics":[{"not_picked":["ReplayTheSpireMod:DimensionalGlitch","energizedSpire:EnergizedDie"],"picked":"Tiny House"}],"items_purged_floors":[],"is_endless":false,"potions_floor_spawned":[11,13,16,25,31],"killed_by":"hubris:MusketHawk","ascension_level":0}}