{"host":"kyy1kus4tsuq869y","time":1607510538,"event":{"gold_per_floor":[112,8,8,8,23,53,53,84,84,84,84],"floor_reached":10,"playtime":155,"items_purged":[],"score":173,"play_id":"cf118cb3-0ba4-4596-8bf9-f6af5f6db861","local_time":"20201209184218","is_ascension_mode":true,"campfire_choices":[{"data":"Fire Breathing","floor":7,"key":"SMITH"}],"neow_cost":"NONE","seed_source_timestamp":11156507368600,"circlet_count":0,"master_deck":["AscendersBane","Strike_R","Strike_R","Strike_R","Strike_R","Strike_R","Defend_R+1","Defend_R","Defend_R","Defend_R+1","Shrug It Off","Fire Breathing+1","Clothesline","ReplayTheSpireMod:Limb From Limb","Combust","Pommel Strike"],"special_seed":0,"relics":["Burning Blood","NeowsBlessing","Calipers","Simple Rune"],"potions_floor_usage":[],"damage_taken":[{"damage":0,"enemies":"Cultist","floor":1,"turns":1},{"damage":0,"enemies":"Small Slimes","floor":5,"turns":1},{"damage":0,"enemies":"Lagavulin","floor":6,"turns":2},{"damage":69,"enemies":"Gremlin Nob","floor":8,"turns":6},{"damage":12,"enemies":"3 Sentries","floor":10,"turns":3}],"seed_played":"6653761851663707710","potions_obtained":[{"floor":6,"key":"Weak Potion"}],"is_trial":false,"path_per_floor":["M","$","?","$","M","E","R","E","T","E"],"character_chosen":"IRONCLAD","items_purchased":["Fire Breathing","Clothesline"],"campfire_rested":0,"item_purchase_floors":[2,2],"current_hp_per_floor":[74,74,74,74,75,75,75,12,12,0,0],"gold":84,"neow_bonus":"THREE_ENEMY_KILL","is_prod":false,"is_daily":false,"chose_seed":false,"campfire_upgraded":1,"win_rate":0,"timestamp":1607510538,"path_taken":["M","?","?","$","M","E","R","E","T","E"],"build_version":"2020-11-30","purchased_purges":0,"victory":false,"max_hp_per_floor":[75,75,75,75,75,75,75,75,75,75,75],"card_choices":[{"not_picked":["Replay:Undeath\u0027s Touch","hubris:ReadiedAction"],"picked":"Shrug It Off","floor":1},{"not_picked":["Entrench","Bloodletting"],"picked":"Combust","floor":5},{"not_picked":["Run Through","hubris:ReadiedAction","Feel No Pain"],"picked":"SKIP","floor":6},{"not_picked":["Warcry","ReplayReversal"],"picked":"Pommel Strike","floor":8}],"player_experience":428090,"relics_obtained":[{"floor":6,"key":"Calipers"},{"floor":8,"key":"Simple Rune"}],"event_choices":[{"damage_healed":0,"gold_gain":0,"cards_transformed":["Bash"],"player_choice":"Transformed","damage_taken":0,"max_hp_gain":0,"max_hp_loss":0,"event_name":"Transmorgrifier","floor":3,"gold_loss":0,"cards_obtained":["ReplayTheSpireMod:Limb From Limb"]}],"is_beta":false,"boss_relics":[],"items_purged_floors":[],"is_endless":false,"potions_floor_spawned":[6],"killed_by":"3 Sentries","ascension_level":15}}