{"host":"lctcqud4f9t1q6q5","time":1607520741,"event":{"gold_per_floor":[109,109,120,138,149,149,149],"floor_reached":6,"playtime":241,"items_purged":[],"score":76,"play_id":"291ac50e-cd2d-446e-bd07-e0776d6652a0","local_time":"20201209213221","is_ascension_mode":true,"campfire_choices":[],"neow_cost":"NONE","seed_source_timestamp":46100120894141,"circlet_count":0,"master_deck":["Strike_R","Strike_R","Strike_R","Strike_R","Strike_R","Defend_R","Defend_R","Defend_R","Defend_R","Bash","Evolve","Dark Embrace","Fire Breathing"],"special_seed":0,"relics":["Burning Blood","testmod-TestBox","testmod-Nyarlathotep","NeowsBlessing"],"potions_floor_usage":[],"damage_taken":[{"damage":0.0,"enemies":"Jaw Worm","floor":1.0,"turns":1.0},{"damage":0.0,"enemies":"Cultist","floor":3.0,"turns":1.0},{"damage":0.0,"enemies":"2 Louse","floor":4.0,"turns":1.0},{"damage":53.0,"enemies":"Gremlin Gang","floor":5.0,"turns":13.0},{"damage":40,"enemies":"Gremlin Nob","floor":6,"turns":4}],"seed_played":"5691907559997800599","potions_obtained":[{"floor":1.0,"key":"Dexterity Potion"},{"floor":3.0,"key":"Doom Potion"}],"is_trial":false,"path_per_floor":["M","?","M","M","M","E"],"character_chosen":"IRONCLAD","items_purchased":[],"campfire_rested":0,"item_purchase_floors":[],"current_hp_per_floor":[80,80,80,80,33,0,0],"gold":149,"neow_bonus":"THREE_ENEMY_KILL","is_prod":false,"is_daily":false,"chose_seed":false,"campfire_upgraded":0,"win_rate":0,"timestamp":1607520741,"path_taken":["M","?","?","M","M","E"],"build_version":"2020-11-30","purchased_purges":0,"victory":false,"max_hp_per_floor":[80,80,80,80,80,80,80],"relic_stats":{"counters":[5,19],"obtain_stats":[{"testmod-TestBox":0,"NeowsBlessing":0,"testmod-Nyarlathotep":0,"Burning Blood":0},{"testmod-TestBox":0,"NeowsBlessing":0,"testmod-Nyarlathotep":0,"Burning Blood":0},{"testmod-TestBox":0,"NeowsBlessing":0,"testmod-Nyarlathotep":0,"Burning Blood":0}],"Burning Blood":6},"card_choices":[{"not_picked":["Rupture","Replay:Undeath\u0027s Touch"],"picked":"Evolve","floor":1.0},{"not_picked":["Combust","Havoc"],"picked":"Dark Embrace","floor":3.0},{"not_picked":["Body Slam","Searing Blow"],"picked":"Fire Breathing","floor":4.0},{"not_picked":["Iron Wave","Run Through","ReplayTheSpireMod:Limb From Limb"],"picked":"SKIP","floor":5.0}],"player_experience":310166,"relics_obtained":[],"event_choices":[{"damage_healed":0.0,"max_hp_gain":0.0,"max_hp_loss":0.0,"gold_gain":0.0,"event_name":"Match and Keep!","player_choice":"0 cards matched","floor":2.0,"gold_loss":0.0,"damage_taken":0.0,"cards_obtained":[]}],"is_beta":false,"boss_relics":[],"items_purged_floors":[],"is_endless":false,"potions_floor_spawned":[1,3],"killed_by":"Gremlin Nob","ascension_level":4}}