{"host":"jpcy2bclvs7juczu","time":1607481059,"event":{"gold_per_floor":[111,127,145,145,56,56,72,105,158,158,187,207,222,249,249,326,326,344,355,26,44,67,99,99,114,189,217,229,229,23,23,23,23,23],"floor_reached":33,"playtime":1455,"items_purged":["Strike_R"],"score":664,"play_id":"f757c5c8-39e2-4ef2-9c37-531bba032afa","local_time":"20201208213059","is_ascension_mode":true,"campfire_choices":[{"data":"Perfected Strike","floor":6.0,"key":"SMITH"},{"data":"Flame Barrier","floor":10.0,"key":"SMITH"},{"data":"Immolate","floor":15.0,"key":"SMITH"},{"floor":24.0,"key":"REST"},{"data":"Evolve","floor":32.0,"key":"SMITH"}],"neow_cost":"NONE","seed_source_timestamp":-4331911089797673184,"circlet_count":0,"master_deck":["AscendersBane","Strike_R","Strike_R","Strike_R","Strike_R","Defend_R","Defend_R","Defend_R","Defend_R","Bash","Flame Barrier+1","Perfected Strike+1","Evolve+1","Power Through","Disarm","Feed","Immolate+1","Fiend Fire","Ghostly Armor","Havoc+1","Havoc+1","Shockwave","Ghostly","Ghostly","Ghostly","Sever Soul"],"special_seed":0,"relics":["Philosopher\u0027s Stone","Meat on the Bone","Potion Belt","InkBottle","Oddly Smooth Stone","Black Star","Dead Branch","Vajra","Blue Candle","HornCleat","Bottled Flame","Darkstone Periapt","Strawberry"],"potions_floor_usage":[33,33],"damage_taken":[{"damage":2.0,"enemies":"2 Louse","floor":1.0,"turns":3.0},{"damage":4.0,"enemies":"Cultist","floor":2.0,"turns":4.0},{"damage":13.0,"enemies":"Jaw Worm","floor":3.0,"turns":2.0},{"damage":10.0,"enemies":"Exordium Wildlife","floor":7.0,"turns":3.0},{"damage":0.0,"enemies":"Gremlin Nob","floor":8.0,"turns":3.0},{"damage":8.0,"enemies":"3 Sentries","floor":11.0,"turns":10.0},{"damage":0.0,"enemies":"2 Fungi Beasts","floor":12.0,"turns":6.0},{"damage":0.0,"enemies":"Blue Slaver","floor":13.0,"turns":3.0},{"damage":9.0,"enemies":"Lagavulin","floor":14.0,"turns":5.0},{"damage":32.0,"enemies":"Hexaghost","floor":16.0,"turns":9.0},{"damage":5.0,"enemies":"3 Byrds","floor":18.0,"turns":1.0},{"damage":40.0,"enemies":"Spheric Guardian","floor":19.0,"turns":8.0},{"damage":6.0,"enemies":"3 Cultists","floor":21.0,"turns":4.0},{"damage":35.0,"enemies":"Slavers","floor":23.0,"turns":4.0},{"damage":1.0,"enemies":"Snake Plant","floor":25.0,"turns":3.0},{"damage":11.0,"enemies":"Gremlin Leader","floor":27.0,"turns":3.0},{"damage":0.0,"enemies":"Snecko","floor":28.0,"turns":4.0},{"damage":39,"enemies":"Automaton","floor":33,"turns":10}],"seed_played":"1616793886384580260","potions_obtained":[{"floor":1.0,"key":"Explosive Potion"},{"floor":2.0,"key":"ElixirPotion"},{"floor":7.0,"key":"LiquidMemories"},{"floor":8.0,"key":"Block Potion"},{"floor":14.0,"key":"EntropicBrew"},{"floor":18.0,"key":"Strength Potion"},{"floor":21.0,"key":"SkillPotion"}],"is_trial":false,"path_per_floor":["M","M","M","?","$","R","M","E","T","R","E","M","M","E","R","B",null,"M","M","$","M","T","E","R","M","T","E","M","?","$","?","R","B"],"character_chosen":"IRONCLAD","items_purchased":["Evolve","Dead Branch","Sever Soul","BlessingOfTheForge"],"campfire_rested":1,"item_purchase_floors":[5,20,30,30],"current_hp_per_floor":[66,62,49,49,49,49,39,39,39,39,43,46,46,49,49,32,69,64,39,39,48,48,28,55,57,57,65,65,50,50,37,37,0,0],"gold":23,"neow_bonus":"BOSS_RELIC","is_prod":false,"is_daily":false,"chose_seed":false,"campfire_upgraded":4,"win_rate":0,"timestamp":1607481059,"path_taken":["M","M","M","?","$","R","M","E","T","R","E","M","M","E","R","BOSS","M","M","$","M","?","E","R","M","T","E","M","?","?","?","R","BOSS"],"build_version":"2020-11-30","purchased_purges":1,"victory":false,"max_hp_per_floor":[75,75,75,75,75,75,75,75,75,75,75,78,78,78,78,81,81,81,84,84,87,87,90,90,93,93,100,100,50,50,55,55,55,55],"relic_stats":{"Darkstone Periapt":0,"counters":[18,85],"Dead Branch":[77],"Blue Candle":[1],"Black Star":2,"obtain_stats":[{"Potion Belt":8,"Darkstone Periapt":27,"Dead Branch":20,"Blue Candle":23,"Oddly Smooth Stone":14,"Vajra":22,"Burning Blood":0,"Bottled Flame":26,"HornCleat":23,"Strawberry":27,"Philosopher\u0027s Stone":0,"Black Star":17,"InkBottle":11,"Meat on the Bone":4},{"Potion Belt":5,"Darkstone Periapt":16,"Dead Branch":12,"Blue Candle":14,"Oddly Smooth Stone":9,"Vajra":13,"Burning Blood":0,"Bottled Flame":15,"HornCleat":14,"Strawberry":16,"Philosopher\u0027s Stone":0,"Black Star":10,"InkBottle":6,"Meat on the Bone":3},{"Potion Belt":15,"Darkstone Periapt":71,"Dead Branch":57,"Blue Candle":65,"Oddly Smooth Stone":39,"Vajra":61,"Burning Blood":0,"Bottled Flame":68,"HornCleat":65,"Strawberry":71,"Philosopher\u0027s Stone":0,"Black Star":48,"InkBottle":25,"Meat on the Bone":9}],"InkBottle":[21],"Meat on the Bone":84},"card_choices":[{"not_picked":["Burning Pact","Havoc"],"picked":"Flame Barrier","floor":1.0},{"not_picked":["Clothesline","Rampage"],"picked":"Perfected Strike","floor":2.0},{"not_picked":["Intimidate","Warcry","Sentinel"],"picked":"SKIP","floor":3.0},{"not_picked":["Dual Wield","True Grit"],"picked":"Power Through","floor":7.0},{"not_picked":["Carnage","Inflame"],"picked":"Disarm","floor":8.0},{"not_picked":["Sword Boomerang","Body Slam"],"picked":"Feed","floor":11.0},{"not_picked":["Metallicize","Clash","Body Slam"],"picked":"SKIP","floor":12.0},{"not_picked":["Wild Strike","Metallicize"],"picked":"Immolate","floor":13.0},{"not_picked":["Dark Embrace","Body Slam","Twin Strike"],"picked":"SKIP","floor":14.0},{"not_picked":["Berserk","Juggernaut"],"picked":"Fiend Fire","floor":16.0},{"not_picked":["Headbutt","Wild Strike"],"picked":"Ghostly Armor","floor":18.0},{"not_picked":["Twin Strike","Disarm"],"picked":"Havoc+1","floor":19.0},{"not_picked":["Searing Blow","Cleave"],"picked":"Havoc+1","floor":21.0},{"not_picked":["Cleave","Rage","Pommel Strike"],"picked":"SKIP","floor":23.0},{"not_picked":["Iron Wave","Rampage"],"picked":"Shockwave","floor":25.0},{"not_picked":["Iron Wave","Inflame+1","Armaments"],"picked":"SKIP","floor":27.0},{"not_picked":["Sword Boomerang","Spot Weakness+1","Wild Strike"],"picked":"SKIP","floor":28.0}],"player_experience":1465817,"relics_obtained":[{"floor":8.0,"key":"Potion Belt"},{"floor":11.0,"key":"InkBottle"},{"floor":14.0,"key":"Oddly Smooth Stone"},{"floor":22.0,"key":"Vajra"},{"floor":23.0,"key":"Blue Candle"},{"floor":23.0,"key":"HornCleat"},{"floor":26.0,"key":"Bottled Flame"},{"floor":27.0,"key":"Darkstone Periapt"},{"floor":27.0,"key":"Strawberry"}],"event_choices":[{"damage_healed":0.0,"max_hp_gain":0.0,"max_hp_loss":0.0,"gold_gain":0.0,"event_name":"WeMeetAgain","player_choice":"Gave Potion","floor":4.0,"gold_loss":0.0,"damage_taken":0.0,"relics_obtained":["Meat on the Bone"]},{"damage_healed":0.0,"max_hp_gain":0.0,"max_hp_loss":50.0,"gold_gain":0.0,"event_name":"Ghosts","player_choice":"Became a Ghost","floor":29.0,"gold_loss":0.0,"damage_taken":0.0,"cards_obtained":["Ghostly","Ghostly","Ghostly"]},{"damage_healed":0.0,"max_hp_gain":5.0,"max_hp_loss":0.0,"gold_gain":0.0,"event_name":"Forgotten Altar","player_choice":"Shed Blood","floor":31.0,"gold_loss":0.0,"damage_taken":18.0}],"is_beta":false,"boss_relics":[{"not_picked":["Calling Bell","Ectoplasm"],"picked":"Black Star"}],"items_purged_floors":[30],"is_endless":false,"potions_floor_spawned":[1,2,7,8,14,18,21],"killed_by":"Automaton","ascension_level":20}}