{"host":"yllrlz30c75z9571","time":1607534303,"event":{"gold_per_floor":[109,128,144,157,188,188,213,213,213,213,226,242,252,49,49,147,147,165,178,178,188,200,200,275,275,275,130,181,217,177,177,177,177,177,298,298,343,368,368,368],"floor_reached":38,"playtime":2845,"items_purged":[],"score":376,"play_id":"aa0f6d97-da32-4775-95df-adcfd58e99f8","local_time":"20201209171823","is_ascension_mode":false,"campfire_choices":[{"floor":6,"key":"REST"},{"floor":8,"key":"REST"},{"data":"blackbeard:Rum","floor":10,"key":"SMITH"},{"floor":15,"key":"REST"},{"floor":23,"key":"REST"},{"floor":31,"key":"REST"},{"floor":34,"key":"REST"}],"neow_cost":"NONE","seed_source_timestamp":453766806715400,"circlet_count":0,"master_deck":["blackbeard:BlackbeardStrike+1","blackbeard:BlackbeardStrike","blackbeard:BlackbeardStrike","blackbeard:BlackbeardStrike","blackbeard:IntimidatingStrike","blackbeard:BlackbeardDefend","blackbeard:BlackbeardDefend","blackbeard:BlackbeardDefend","blackbeard:BlackbeardDefend","blackbeard:Cutlass+1","blackbeard:AgileStrike+1","blackbeard:Fencing","blackbeard:TerrorOfTheSeas","blackbeard:Dagger","blackbeard:Rum+1","blackbeard:BeatUp","blackbeard:RemoveScurvy","blackbeard:RearmingStrike","blackbeard:PowerHungry","blackbeard:PirateEarring","blackbeard:InfiniteBarrage","blackbeard:SmithingHammer","blackbeard:SwordDance+1","blackbeard:Bandana","blackbeard:SmithingHammer+1","blackbeard:Sword","blackbeard:BountyHunter","blackbeard:Halberd","Twin Strike+1"],"relics":["blackbeard:LoadTheCannons","HushsDoor","Bag of Marbles","StuffTheSpire:EmeraldSignet","hubris:Metronome","Lantern","BookofShadows","blackbeard:Karategi","CCEMRelics:JestersCrown","Blue Doll","StuffTheSpire:OldFever","aspiration:IroncladSkillbook","Replay:Ancient Bell","Blood Vial"],"potions_floor_usage":[16,16,35,35,38],"damage_taken":[{"damage":6,"enemies":"2 Louse","floor":1,"turns":3},{"damage":8,"enemies":"conspire:RoseBush","floor":2,"turns":2},{"damage":3,"enemies":"Jaw Worm","floor":3,"turns":2},{"damage":4,"enemies":"Gremlin Gang","floor":4,"turns":4},{"damage":16,"enemies":"conspire:MimicChest","floor":5,"turns":3},{"damage":16,"enemies":"Lagavulin","floor":7,"turns":5},{"damage":13,"enemies":"Lots of Slimes","floor":11,"turns":4},{"damage":6,"enemies":"Exordium Thugs","floor":12,"turns":2},{"damage":5,"enemies":"Blue Slaver","floor":13,"turns":2},{"damage":55,"enemies":"Fading Forest","floor":16,"turns":11},{"damage":8,"enemies":"Spheric Guardian","floor":18,"turns":3},{"damage":14,"enemies":"conspire:FuzzyDice","floor":19,"turns":4},{"damage":31,"enemies":"Snake Plant","floor":21,"turns":4},{"damage":28,"enemies":"conspire:HollyBat","floor":22,"turns":7},{"damage":20,"enemies":"Hiden Room Battle","floor":24,"turns":5},{"damage":21,"enemies":"Centurion and Healer","floor":29,"turns":6},{"damage":58,"enemies":"hubris:MusketHawk","floor":35,"turns":7},{"damage":28,"enemies":"3 Shapes","floor":37,"turns":4},{"damage":59,"enemies":"Orin","floor":38,"turns":8}],"seed_played":"-5718007834789663790","potions_obtained":[{"floor":1,"key":"SneckoOil"},{"floor":4,"key":"AttackPotion"},{"floor":7,"key":"Swift Potion"},{"floor":12,"key":"hexamod:EctoCoolerPotion"},{"floor":18,"key":"ColorlessPotion"},{"floor":22,"key":"Fire Potion"}],"is_trial":false,"path_per_floor":["M","M","M","M","?","R","E","R","T","R","M","M","M","$","R","B",null,"M","M","?","M","M","R","?","PTL","PTL","$","T","M","?","R","AVR","?","R","B",null,"M","?"],"character_chosen":"BLACKBEARD_CLASS","items_purchased":["Lantern","blackbeard:RearmingStrike","blackbeard:PirateEarring","Blue Doll","blackbeard:Halberd"],"campfire_rested":6,"item_purchase_floors":[14,14,17,27,36],"current_hp_per_floor":[69,61,58,54,38,60,44,66,66,66,55,49,46,46,68,38,72,64,50,72,46,27,48,33,33,33,33,33,12,12,33,33,33,54,16,68,49,0,0,0],"gold":368,"neow_bonus":"UPGRADE_CARD","is_prod":false,"is_daily":false,"chose_seed":false,"campfire_upgraded":1,"win_rate":0.0,"timestamp":1607534303,"path_taken":["M","M","M","M","?","R","E","R","T","R","?","M","?","?","R","BOSS","M","M","?","M","M","R","?","PTL","PTL","$","T","?","?","R","AVR","?","R","BOSS","M","?"],"build_version":"2020-11-30","purchased_purges":0,"victory":false,"max_hp_per_floor":[75,75,75,75,75,75,75,75,75,75,75,75,75,75,75,75,72,72,72,72,72,72,72,72,72,72,72,72,72,72,72,72,72,72,72,68,68,68,68,68],"card_choices":[{"not_picked":["blackbeard:TacticalRetreat","blackbeard:WiseDefense"],"picked":"blackbeard:AgileStrike","floor":1},{"not_picked":["blackbeard:GoldenDefense","blackbeard:DeadlyArsenal"],"picked":"blackbeard:Fencing","floor":2},{"not_picked":["blackbeard:SwordDance","Bomb"],"picked":"blackbeard:TerrorOfTheSeas","floor":3},{"not_picked":["blackbeard:FieryDefense","blackbeard:ReapersScythe"],"picked":"blackbeard:Dagger","floor":4},{"not_picked":["blackbeard:Shrapnel","blackbeard:GhostInTheRum"],"picked":"Bomb","floor":5},{"not_picked":["blackbeard:DeadlyArsenal","blackbeard:Scrap"],"picked":"blackbeard:Rum","floor":7},{"not_picked":["blackbeard:BlindAttacks","blackbeard:GoldenGuillotine"],"picked":"blackbeard:BeatUp","floor":11},{"not_picked":["blackbeard:PiratesWill","blackbeard:DeadlyArsenal"],"picked":"blackbeard:CannonBarrage","floor":12},{"not_picked":["blackbeard:TacticalRetreat","blackbeard:Sharpening"],"picked":"blackbeard:RemoveScurvy","floor":13},{"not_picked":["blackbeard:BountyHunter","blackbeard:WeaponMastery"],"picked":"blackbeard:PowerHungry","floor":16},{"not_picked":["blackbeard:WiseDefense","blackbeard:RemoveScurvy"],"picked":"blackbeard:InfiniteBarrage","floor":18},{"not_picked":["blackbeard:GoldenDefense","blackbeard:Recklessness"],"picked":"blackbeard:SmithingHammer","floor":19},{"not_picked":["blackbeard:Shrapnel","blackbeard:PiratesWill"],"picked":"blackbeard:SwordDance+1","floor":21},{"not_picked":["blackbeard:DoubleCannonball+1","blackbeard:InfiniteBarrage"],"picked":"blackbeard:Bandana","floor":22},{"not_picked":["blackbeard:BuriedTreasure+1","blackbeard:JollyRoger"],"picked":"blackbeard:SmithingHammer+1","floor":24},{"not_picked":["blackbeard:CaptainsHat","blackbeard:Shrapnel"],"picked":"blackbeard:Sword","floor":29},{"not_picked":["blackbeard:ReapersScythe","Exhume","Berserk"],"picked":"blackbeard:BountyHunter","floor":35},{"not_picked":["Infernal Blade","Reckless Charge","blackbeard:PiratesWill"],"picked":"Twin Strike+1","floor":37}],"player_experience":91947,"relics_obtained":[{"floor":5,"key":"Bag of Marbles"},{"floor":7,"key":"StuffTheSpire:EmeraldSignet"},{"floor":9,"key":"hubris:Metronome"},{"floor":24,"key":"CCEMRelics:JestersCrown"},{"floor":28,"key":"StuffTheSpire:OldFever"}],"event_choices":[{"cards_removed":["blackbeard:CannonBarrage"],"damage_healed":22,"gold_gain":0,"player_choice":"Offered Uncommon","damage_taken":0,"max_hp_gain":0,"max_hp_loss":0,"event_name":"Bonfire Elementals","floor":20,"gold_loss":0},{"damage_healed":0,"gold_gain":0,"player_choice":"Fight","damage_taken":0,"max_hp_gain":0,"max_hp_loss":0,"event_name":"HidenRoomEvent","floor":24,"gold_loss":0},{"damage_healed":0,"gold_gain":0,"player_choice":"Upgraded Two","damage_taken":0,"max_hp_gain":0,"max_hp_loss":0,"event_name":"Designer","floor":30,"gold_loss":40,"cards_upgraded":["blackbeard:AgileStrike","blackbeard:BlackbeardStrike"]},{"damage_healed":0,"gold_gain":0,"player_choice":"Fight","damage_taken":0,"max_hp_gain":0,"max_hp_loss":0,"event_name":"OrinTheCat","floor":38,"gold_loss":0}],"is_beta":false,"boss_relics":[{"not_picked":["StuffTheSpire:RunicHypercube","Replay:Fungal Core"],"picked":"blackbeard:Karategi"},{"not_picked":[]},{"not_picked":["hubris:RunicObelisk","blackbeard:SoberMinded"],"picked":"Replay:Ancient Bell"},{"not_picked":["infinitespire:Lucky Rock","TheBean"],"picked":"Blood Vial"},{"not_picked":[]}],"items_purged_floors":[],"is_endless":false,"potions_floor_spawned":[1,4,7,12,13,18,22,24],"killed_by":"Orin","ascension_level":0}}