{"host":"uzcks4yhskks9i02","time":1607496350,"event":{"gold_per_floor":[109,109,126,73,73,73,98,113,192,221,241,256,281,138,138,233,233,221,231,247,247,7,33,33,82,151,151,196,196,212,244,244,345,345,357,357,707,140,150,150,150],"floor_reached":40,"playtime":2193,"items_purged":[],"score":725,"play_id":"3e9bff93-a8a4-484c-a8b5-8815cd2cd450","local_time":"20201208234550","is_ascension_mode":true,"campfire_choices":[{"data":"Bash","floor":6.0,"key":"SMITH"},{"floor":15.0,"key":"REST"},{"floor":24.0,"key":"REST"},{"floor":27.0,"key":"REST"},{"floor":32.0,"key":"REST"}],"neow_cost":"PERCENT_DAMAGE","seed_source_timestamp":0,"circlet_count":0,"master_deck":["Strike_R+1","Strike_R","Strike_R","Strike_R","Strike_R","Defend_R","Defend_R","Defend_R","Defend_R","Bash+1","Pommel Strike","Exhume","Perfected Strike","Perfected Strike","Burning Pact","Ghostly Armor","Twin Strike+1","Armaments","Fire Breathing","Alpha","CurseOfTheBell","Melter+1","Iron Wave+1","Disarm","HandOfGreed","Backflip","Wish","Terror","Outmaneuver+1","Scrawl","BowlingBash+1","Backstab+1","Consecrate","A Thousand Cuts","Bloodletting","Consecrate","Combust","Trip","Master of Strategy","Poisoned Stab+1"],"special_seed":0,"relics":["Burning Blood","Potion Belt","Happy Flower","Kunai","Bird Faced Urn","Bottled Flame","PrismaticShard","Calling Bell","Centennial Puzzle","Eternal Feather","Ginger","Dream Catcher","Ice Cream","Letter Opener","Whetstone","MutagenicStrength","Philosopher\u0027s Stone","Old Coin","Membership Card","Magic Flower","Orichalcum"],"potions_floor_usage":[40],"damage_taken":[{"damage":0.0,"enemies":"Small Slimes","floor":1.0,"turns":4.0},{"damage":12.0,"enemies":"Jaw Worm","floor":3.0,"turns":3.0},{"damage":42.0,"enemies":"Lagavulin","floor":7.0,"turns":6.0},{"damage":1.0,"enemies":"2 Louse","floor":8.0,"turns":2.0},{"damage":24.0,"enemies":"3 Sentries","floor":10.0,"turns":8.0},{"damage":8.0,"enemies":"Blue Slaver","floor":11.0,"turns":2.0},{"damage":18.0,"enemies":"Large Slime","floor":12.0,"turns":3.0},{"damage":24.0,"enemies":"Lagavulin","floor":13.0,"turns":6.0},{"damage":24.0,"enemies":"Slime Boss","floor":16.0,"turns":10.0},{"damage":18.0,"enemies":"2 Thieves","floor":18.0,"turns":4.0},{"damage":7.0,"enemies":"Chosen","floor":19.0,"turns":4.0},{"damage":49.0,"enemies":"Shelled Parasite and Fungi","floor":20.0,"turns":5.0},{"damage":30.0,"enemies":"Gremlin Leader","floor":23.0,"turns":8.0},{"damage":94.0,"enemies":"Book of Stabbing","floor":25.0,"turns":8.0},{"damage":64.0,"enemies":"Slavers","floor":28.0,"turns":8.0},{"damage":6.0,"enemies":"Snecko","floor":30.0,"turns":3.0},{"damage":4.0,"enemies":"3 Cultists","floor":31.0,"turns":5.0},{"damage":41.0,"enemies":"Collector","floor":33.0,"turns":5.0},{"damage":5.0,"enemies":"3 Shapes","floor":35.0,"turns":4.0},{"damage":3.0,"enemies":"Mind Bloom Boss Battle","floor":37.0,"turns":4.0},{"damage":23.0,"enemies":"3 Darklings","floor":39.0,"turns":4.0},{"damage":119,"enemies":"Giant Head","floor":40,"turns":7}],"seed_played":"7508856974232637272","potions_obtained":[{"floor":3.0,"key":"GamblersBrew"},{"floor":7.0,"key":"Swift Potion"},{"floor":8.0,"key":"AttackPotion"},{"floor":16.0,"key":"BloodPotion"},{"floor":25.0,"key":"Regen Potion"},{"floor":28.0,"key":"AttackPotion"},{"floor":30.0,"key":"SpeedPotion"},{"floor":31.0,"key":"DuplicationPotion"},{"floor":33.0,"key":"Ancient Potion"},{"floor":35.0,"key":"Strength Potion"},{"floor":39.0,"key":"LiquidMemories"}],"is_trial":false,"path_per_floor":["M","?","M","$","?","R","E","M","T","E","M","M","E","$","R","B",null,"M","M","M","?","$","E","R","E","T","R","E","?","M","M","R","B",null,"M","?","?","$","M","E"],"character_chosen":"IRONCLAD","items_purchased":["Perfected Strike","PrismaticShard","Disarm","HandOfGreed","Membership Card","Magic Flower","Orichalcum","ColorlessPotion","Energy Potion","Combust","Trip","Master of Strategy"],"campfire_rested":4,"item_purchase_floors":[4,14,22,22,38,38,38,38,38,38,38,38],"current_hp_per_floor":[73,70,64,64,96,96,60,65,65,47,45,33,15,15,43,27,79,67,66,25,57,57,35,78,11,11,54,11,11,15,17,63,28,79,84,84,87,87,79,0,0],"gold":150,"neow_bonus":"TWENTY_PERCENT_HP_BONUS","is_prod":false,"is_daily":false,"chose_seed":false,"campfire_upgraded":1,"win_rate":0,"timestamp":1607496350,"path_taken":["M","?","M","$","?","R","E","M","T","E","M","M","E","?","R","BOSS","M","M","M","?","$","E","R","E","T","R","E","?","M","M","R","BOSS","M","?","?","$","?","E"],"build_version":"2020-11-30","purchased_purges":0,"victory":false,"max_hp_per_floor":[96,96,96,96,96,96,96,96,96,96,96,96,96,96,96,96,96,96,96,96,96,96,96,96,96,96,96,96,96,96,96,96,96,96,96,96,96,96,96,96,96],"card_choices":[{"not_picked":["Anger","Thunderclap"],"picked":"Pommel Strike","floor":1.0},{"not_picked":["Metallicize","Intimidate"],"picked":"Exhume","floor":3.0},{"not_picked":["Inflame","Twin Strike"],"picked":"Perfected Strike","floor":7.0},{"not_picked":["Clash","Searing Blow"],"picked":"Burning Pact","floor":8.0},{"not_picked":["Thunderclap","Iron Wave"],"picked":"Ghostly Armor","floor":10.0},{"not_picked":["Blood for Blood","Anger"],"picked":"Twin Strike","floor":11.0},{"not_picked":["Flex","Sword Boomerang"],"picked":"Armaments","floor":12.0},{"not_picked":["Dark Embrace","Headbutt"],"picked":"Fire Breathing","floor":13.0},{"not_picked":["Doppelganger","Brilliance"],"picked":"Alpha","floor":16.0},{"not_picked":["Masterful Stab","Choke"],"picked":"Melter+1","floor":18.0},{"not_picked":["ClearTheMind","Sword Boomerang+1"],"picked":"Iron Wave+1","floor":19.0},{"not_picked":["EmptyFist","Predator","Redo+1"],"picked":"SKIP","floor":20.0},{"not_picked":["SashWhip","Hologram"],"picked":"Backflip","floor":23.0},{"not_picked":["Cleave","Dagger Throw"],"picked":"Wish","floor":24.0},{"not_picked":["Twin Strike","Cloak And Dagger"],"picked":"Terror","floor":25.0},{"not_picked":["FearNoEvil","Cleave"],"picked":"Outmaneuver+1","floor":27.0},{"not_picked":["Study","Self Repair"],"picked":"Scrawl","floor":28.0},{"not_picked":["Prostrate","Cloak And Dagger"],"picked":"BowlingBash+1","floor":30.0},{"not_picked":["Go for the Eyes","Thunderclap"],"picked":"Backstab+1","floor":31.0},{"not_picked":["JustLucky","Gash"],"picked":"Consecrate","floor":32.0},{"not_picked":["Meteor Strike","Unload"],"picked":"A Thousand Cuts","floor":33.0},{"not_picked":["Steam","Recycle+1"],"picked":"Bloodletting","floor":35.0},{"not_picked":["Gash+1","Dagger Throw+1"],"picked":"Consecrate","floor":37.0},{"not_picked":["CutThroughFate+1","Anger+1"],"picked":"Poisoned Stab+1","floor":39.0}],"player_experience":417434,"relics_obtained":[{"floor":7.0,"key":"Happy Flower"},{"floor":9.0,"key":"Kunai"},{"floor":10.0,"key":"Bird Faced Urn"},{"floor":13.0,"key":"Bottled Flame"},{"floor":17.0,"key":"Centennial Puzzle"},{"floor":17.0,"key":"Eternal Feather"},{"floor":17.0,"key":"Ginger"},{"floor":23.0,"key":"Dream Catcher"},{"floor":25.0,"key":"Ice Cream"},{"floor":26.0,"key":"Letter Opener"},{"floor":28.0,"key":"Whetstone"},{"floor":37.0,"key":"Old Coin"}],"event_choices":[{"damage_healed":0.0,"max_hp_gain":0.0,"max_hp_loss":0.0,"gold_gain":0.0,"event_name":"Scrap Ooze","player_choice":"Success","floor":2.0,"gold_loss":0.0,"damage_taken":3.0,"relics_obtained":["Potion Belt"]},{"damage_healed":32.0,"max_hp_gain":0.0,"max_hp_loss":0.0,"gold_gain":0.0,"event_name":"Big Fish","player_choice":"Banana","floor":5.0,"gold_loss":0.0,"damage_taken":0.0},{"damage_healed":32.0,"max_hp_gain":0.0,"max_hp_loss":0.0,"gold_gain":0.0,"event_name":"The Library","player_choice":"Heal","floor":21.0,"gold_loss":0.0,"damage_taken":0.0},{"damage_healed":0.0,"max_hp_gain":0.0,"max_hp_loss":0.0,"gold_gain":0.0,"event_name":"Drug Dealer","player_choice":"Inject Mutagens","floor":29.0,"gold_loss":0.0,"damage_taken":0.0,"relics_obtained":["MutagenicStrength"]},{"damage_healed":0.0,"max_hp_gain":0.0,"max_hp_loss":0.0,"gold_gain":0.0,"event_name":"Tomb of Lord Red Mask","player_choice":"Ignored","floor":36.0,"gold_loss":0.0,"damage_taken":0.0},{"damage_healed":0.0,"max_hp_gain":0.0,"max_hp_loss":0.0,"gold_gain":0.0,"event_name":"MindBloom","player_choice":"Fight","floor":37.0,"gold_loss":0.0,"damage_taken":0.0}],"is_beta":false,"boss_relics":[{"not_picked":["Fusion Hammer","Runic Pyramid"],"picked":"Calling Bell"},{"not_picked":["Black Star","SlaversCollar"],"picked":"Philosopher\u0027s Stone"}],"items_purged_floors":[],"is_endless":false,"potions_floor_spawned":[3,7,8,16,25,28,30,31,33,35,39],"killed_by":"Giant Head","ascension_level":8}}