{"host":"nptej036rrbiurf5","time":1607476551,"event":{"gold_per_floor":[119,133,146,161,161,161,180,180,180],"floor_reached":8,"playtime":163,"items_purged":[],"score":95,"play_id":"ac66c720-e361-4117-a50f-4c9652992243","local_time":"20201209101551","is_ascension_mode":true,"campfire_choices":[{"data":"Coolheaded","floor":6.0,"key":"SMITH"}],"neow_cost":"NONE","seed_source_timestamp":1198686334509300,"circlet_count":0,"master_deck":["AscendersBane","Strike_B","Strike_B","Strike_B","Defend_B","Defend_B","Defend_B","Defend_B","Zap","Dualcast","Doom and Gloom","Coolheaded+1","Steam","Leap"],"special_seed":0,"relics":["Cracked Core","NeowsBlessing"],"potions_floor_usage":[7],"damage_taken":[{"damage":0.0,"enemies":"Cultist","floor":1.0,"turns":1.0},{"damage":0.0,"enemies":"2 Louse","floor":2.0,"turns":1.0},{"damage":0.0,"enemies":"Small Slimes","floor":3.0,"turns":1.0},{"damage":14.0,"enemies":"3 Louse","floor":4.0,"turns":2.0},{"damage":15,"enemies":"Gremlin Gang","floor":7,"turns":4},{"damage":58,"enemies":"Gremlin Nob","floor":8,"turns":4}],"seed_played":"4717516441400519660","potions_obtained":[{"floor":3.0,"key":"Strength Potion"},{"floor":7,"key":"Strength Potion"}],"is_trial":false,"path_per_floor":["M","M","M","M","?","R","M","E"],"character_chosen":"DEFECT","items_purchased":[],"campfire_rested":0,"item_purchase_floors":[],"current_hp_per_floor":[64,64,64,50,50,50,35,0,0],"gold":180,"neow_bonus":"THREE_ENEMY_KILL","is_prod":false,"is_daily":false,"chose_seed":false,"campfire_upgraded":1,"win_rate":0,"timestamp":1607476551,"path_taken":["M","M","?","M","?","R","?","E"],"build_version":"2020-11-30","purchased_purges":0,"victory":false,"max_hp_per_floor":[71,71,71,71,71,71,71,71,71],"card_choices":[{"not_picked":["Coolheaded","Skim"],"picked":"Doom and Gloom","floor":1.0},{"not_picked":["Beam Cell","Turbo"],"picked":"Coolheaded","floor":2.0},{"not_picked":["Streamline","Barrage"],"picked":"Steam","floor":3.0},{"not_picked":["Barrage","Steam Power","Gash"],"picked":"SKIP","floor":4.0},{"not_picked":["Lockon","Double Energy"],"picked":"Leap","floor":7}],"player_experience":800635,"relics_obtained":[],"event_choices":[{"cards_removed":["Strike_B"],"damage_healed":0.0,"max_hp_gain":0.0,"max_hp_loss":0.0,"gold_gain":0.0,"event_name":"Bonfire Elementals","player_choice":"Offered Basic","floor":5.0,"gold_loss":0.0,"damage_taken":0.0}],"is_beta":false,"boss_relics":[],"items_purged_floors":[],"is_endless":false,"potions_floor_spawned":[3,7],"killed_by":"Gremlin Nob","ascension_level":18}}