{"host":"en7vktxjaqb8suhi","time":1607492273,"event":{"gold_per_floor":[112,125,300,157,177,190,205,205,205,224,224,243,243,253,253,253,253],"floor_reached":16,"playtime":1183,"items_purged":[],"score":96,"play_id":"41c5a09f-6029-43e1-8286-f89bddc01428","local_time":"20201208233753","is_ascension_mode":false,"campfire_choices":[{"floor":8,"key":"REST"}],"neow_cost":"NONE","seed_source_timestamp":383858812297600,"circlet_count":0,"master_deck":["hadesmod:Strike+","hadesmod:Strike","hadesmod:Strike","hadesmod:SwapStrike","hadesmod:Defend","hadesmod:Defend","hadesmod:Defend","hadesmod:Defend","hadesmod:Dash","hadesmod:RuyiJinguBang","hadesmod:Snipe","hadesmod:WeakWep+","Doubt","hadesmod:FulcrumStrike","hadesmod:Slide","hadesmod:PrepareAttack","hadesmod:PrepareAttack","hadesmod:ArrayBlast"],"relics":["hadesmod:WeaponCharger","Replay:Rubber Ducky","Pantograph","ReplayTheSpireMod:TigerMarble"],"potions_floor_usage":[7,12,16,16],"damage_taken":[{"damage":0,"enemies":"Cultist","floor":1,"turns":2},{"damage":8,"enemies":"2 Louse","floor":2,"turns":3},{"damage":0,"enemies":"Small Slimes","floor":5,"turns":3},{"damage":0,"enemies":"2 Fungi Beasts","floor":6,"turns":3},{"damage":19,"enemies":"Red Slaver","floor":7,"turns":5},{"damage":10,"enemies":"Looter","floor":10,"turns":3},{"damage":13,"enemies":"Gremlin Gang","floor":12,"turns":5},{"damage":6,"enemies":"2 Fungi Beasts","floor":14,"turns":3},{"damage":69,"enemies":"Hexaghost","floor":16,"turns":14}],"seed_played":"-7688531896819539777","potions_obtained":[{"floor":1,"key":"SpeedPotion"},{"floor":6,"key":"Block Potion"},{"floor":10,"key":"ColorlessPotion"},{"floor":12,"key":"Energy Potion"}],"is_trial":false,"path_per_floor":["M","M","?","$","M","M","M","R","T","M","?","M","?","M","R","B"],"character_chosen":"THE_HUNTRESS","items_purchased":["Replay:Rubber Ducky"],"campfire_rested":1,"item_purchase_floors":[4],"current_hp_per_floor":[66,58,58,58,58,58,39,58,58,48,48,35,35,29,48,0,0],"gold":253,"neow_bonus":"TEN_PERCENT_HP_BONUS","is_prod":false,"is_daily":false,"chose_seed":false,"campfire_upgraded":0,"win_rate":0.0,"timestamp":1607492273,"path_taken":["M","M","?","?","M","?","M","R","T","M","?","M","?","?","R","BOSS"],"build_version":"2020-11-30","purchased_purges":0,"victory":false,"max_hp_per_floor":[66,66,66,66,66,66,66,66,66,66,66,66,66,66,66,66,66],"card_choices":[{"not_picked":["hadesmod:Strikeshield","hadesmod:CrescentStrike"],"picked":"hadesmod:Snipe","floor":1},{"not_picked":["hadesmod:Snipe","hadesmod:CerberusStrike"],"picked":"hadesmod:WeakWep","floor":2},{"not_picked":["hadesmod:YatsuhashisDefence","hadesmod:Claws"],"picked":"hadesmod:FulcrumStrike","floor":5},{"not_picked":["hadesmod:GunCamera","hadesmod:Snipe"],"picked":"hadesmod:Slide","floor":6},{"not_picked":["hadesmod:Slide","hadesmod:JinnsKnowledge"],"picked":"hadesmod:PrepareAttack","floor":7},{"not_picked":["hadesmod:JinnsKnowledge","hadesmod:StrengthOfAlistar"],"picked":"hadesmod:PrepareAttack","floor":10},{"not_picked":["hadesmod:CerberusStrike","hadesmod:IThinkEyePatchesAreHot"],"picked":"hadesmod:Claws","floor":12},{"not_picked":["hadesmod:Spin","hadesmod:BitByBit"],"picked":"hadesmod:ArrayBlast","floor":14}],"player_experience":312221,"relics_obtained":[{"floor":9,"key":"Pantograph"}],"event_choices":[{"damage_healed":0,"gold_gain":175,"player_choice":"AGREE","damage_taken":0,"max_hp_gain":0,"max_hp_loss":0,"event_name":"Liars Game","floor":3,"gold_loss":0,"cards_obtained":["Doubt"]},{"cards_removed":["hadesmod:Claws"],"damage_healed":0,"gold_gain":0,"player_choice":"Gave Card","damage_taken":0,"relics_obtained":["ReplayTheSpireMod:TigerMarble"],"max_hp_gain":0,"max_hp_loss":0,"event_name":"WeMeetAgain","floor":13,"gold_loss":0}],"is_beta":false,"boss_relics":[],"items_purged_floors":[],"is_endless":false,"potions_floor_spawned":[1,6,10,12],"killed_by":"Hexaghost","ascension_level":0}}