{"host":"skr63qsdfgeey3it","time":1607483167,"event":{"gold_per_floor":[115,133,152,167,179,210,210,210],"floor_reached":7,"playtime":819,"items_purged":[],"score":80,"play_id":"db87af08-40ef-4c21-a341-ae5fabfab0bc","local_time":"20201208210607","is_ascension_mode":true,"campfire_choices":[],"neow_cost":"NONE","seed_source_timestamp":683248324538100,"circlet_count":0,"master_deck":["Strike_B","Strike_B","Strike_B","Defend_B","Defend_B","Defend_B","Defend_B","Zap","Dualcast","Leap","White Noise","Sweeping Beam","Glacier"],"relics":["Cracked Core","Shuriken"],"potions_floor_usage":[],"damage_taken":[{"damage":0,"enemies":"Cultist","floor":1,"turns":3},{"damage":0,"enemies":"Jaw Worm","floor":2,"turns":3},{"damage":5,"enemies":"2 Louse","floor":3,"turns":3},{"damage":0,"enemies":"Exordium Wildlife","floor":4,"turns":1},{"damage":4,"enemies":"2 Fungi Beasts","floor":5,"turns":3},{"damage":31,"enemies":"Replay:BlueRogue","floor":6,"turns":9},{"damage":20,"enemies":"Exordium Thugs","floor":7,"turns":6}],"seed_played":"-8558911641725291917","potions_obtained":[{"floor":1,"key":"FearPotion"},{"floor":5,"key":"Explosive Potion"}],"is_trial":false,"path_per_floor":["M","M","M","M","M","E","M"],"character_chosen":"DEFECT","items_purchased":[],"campfire_rested":0,"item_purchase_floors":[],"current_hp_per_floor":[68,68,63,63,59,28,8,8],"gold":210,"neow_bonus":"RANDOM_EVENT","is_prod":false,"is_daily":false,"chose_seed":false,"campfire_upgraded":0,"win_rate":0,"timestamp":1607483167,"path_taken":["M","?","M","M","M","E","?"],"build_version":"2020-11-30","purchased_purges":0,"victory":false,"max_hp_per_floor":[75,75,75,75,75,75,75,75],"card_choices":[{"not_picked":["ReplayTheSpireMod:Reroute Power","BasicCrystalCard"],"picked":"White Noise","floor":1},{"not_picked":["Turbo","Coolheaded","Skim"],"picked":"SKIP","floor":2},{"not_picked":["Gash","ReplayTheSpireMod:Omega Cannon"],"picked":"Sweeping Beam","floor":3},{"not_picked":["Hello World","Static Discharge"],"picked":"Glacier","floor":4},{"not_picked":["Compile Driver","Steam","BasicCrystalCard"],"picked":"SKIP","floor":5},{"not_picked":["Compile Driver","ReplayTheSpireMod:Reroute Power","Melter"],"picked":"SKIP","floor":6}],"player_experience":643187,"relics_obtained":[{"floor":6,"key":"Shuriken"}],"event_choices":[{"damage_healed":0,"gold_gain":0,"cards_transformed":["Strike_B"],"player_choice":"Change","damage_taken":0,"max_hp_gain":0,"max_hp_loss":0,"event_name":"Living Wall","floor":0,"gold_loss":0,"cards_obtained":["Leap"]}],"is_beta":false,"boss_relics":[],"items_purged_floors":[],"is_endless":false,"potions_floor_spawned":[1,5],"killed_by":"Exordium Thugs","ascension_level":9}}