{"host":"og6lam4kt3nibbw0","time":1607534103,"event":{"gold_per_floor":[126,126,145,145,155,197,197,197,197],"floor_reached":8,"playtime":278,"items_purged":[],"score":112,"play_id":"b48c4cbd-e3f5-4fb0-ae16-0e10dcbd2b3c","local_time":"20201210021503","is_ascension_mode":true,"campfire_choices":[{"floor":7,"key":"REST"}],"neow_cost":"NONE","seed_source_timestamp":529937039453399,"circlet_count":0,"master_deck":["AscendersBane","Strike_B","Strike_B","Strike_B","Strike_B","Defend_B","Defend_B","Defend_B","Defend_B","Zap+1","Dualcast","Rebound","Gash","Fission"],"special_seed":0,"relics":["Cracked Core","CeramicFish","Nunchaku"],"potions_floor_usage":[6,8],"damage_taken":[{"damage":7.0,"enemies":"Jaw Worm","floor":1.0,"turns":3.0},{"damage":7.0,"enemies":"Small Slimes","floor":3.0,"turns":3.0},{"damage":4.0,"enemies":"2 Louse","floor":5.0,"turns":2.0},{"damage":44,"enemies":"Gremlin Nob","floor":6,"turns":4},{"damage":34,"enemies":"Lagavulin","floor":8,"turns":6}],"seed_played":"-8740751498746999341","potions_obtained":[{"floor":3.0,"key":"Strength Potion"},{"floor":6,"key":"Weak Potion"}],"is_trial":false,"path_per_floor":["M","?","M","?","M","E","R","E"],"character_chosen":"DEFECT","items_purchased":[],"campfire_rested":1,"item_purchase_floors":[],"current_hp_per_floor":[57,57,50,50,46,2,23,0,0],"gold":197,"neow_bonus":"RANDOM_COMMON_RELIC","is_prod":false,"is_daily":false,"chose_seed":false,"campfire_upgraded":0,"win_rate":0,"timestamp":1607534103,"path_taken":["M","?","M","?","?","E","R","E"],"build_version":"2020-11-30","purchased_purges":0,"victory":false,"max_hp_per_floor":[71,71,71,71,71,71,71,71,71],"card_choices":[{"not_picked":["Barrage","Steam"],"picked":"Rebound","floor":1.0},{"not_picked":["Streamline","Sweeping Beam"],"picked":"Gash","floor":3.0},{"not_picked":["Compile Driver","Heatsinks","Force Field"],"picked":"SKIP","floor":5.0},{"not_picked":["Capacitor","Doom and Gloom"],"picked":"Fission","floor":6}],"player_experience":754363,"relics_obtained":[{"floor":6,"key":"Nunchaku"}],"event_choices":[{"damage_healed":0.0,"max_hp_gain":0.0,"max_hp_loss":0.0,"gold_gain":0.0,"event_name":"Living Wall","player_choice":"Grow","floor":2.0,"gold_loss":0.0,"damage_taken":0.0,"cards_upgraded":["Zap"]},{"damage_healed":0.0,"max_hp_gain":0.0,"max_hp_loss":0.0,"gold_gain":0.0,"event_name":"Liars Game","player_choice":"Ignored","floor":4.0,"gold_loss":0.0,"damage_taken":0.0}],"is_beta":false,"boss_relics":[],"items_purged_floors":[],"is_endless":false,"potions_floor_spawned":[3,6],"killed_by":"Lagavulin","ascension_level":20}}