{"host":"7v9t59ze4jbx2rzq","time":1607535094,"event":{"gold_per_floor":[99,119,129,159,21,21,21,21,37,37,50,63,78,91,107,204,204,204,204,204,204,204,204,204,204,204,204,204,204,204,204,204,204,204,129,129,129,129,129,129,129,54,54,54,54,54,54,54,54,54],"floor_reached":51,"playtime":5369,"items_purged":["champ:Strike"],"score":790,"play_id":"dc950eb7-7224-4b20-b3d7-d47fd0b49aa8","local_time":"20201209123134","is_ascension_mode":false,"campfire_choices":[{"data":"champ:Execute","floor":1,"key":"SMITH"},{"data":"champ:BladeFlurry","floor":6,"key":"SMITH"},{"data":"champ:ViciousMockery","floor":10,"key":"SMITH"},{"data":"champ:GladiatorStyle","floor":18,"key":"SMITH"},{"data":"champ:SteelEdge","floor":20,"key":"SMITH"},{"data":"champ:FanOfKnives","floor":23,"key":"SMITH"},{"data":"champ:PreciseThrust","floor":26,"key":"SMITH"},{"data":"champ:HoldFirm","floor":35,"key":"SMITH"},{"data":"champ:ArenaPreparation","floor":38,"key":"SMITH"},{"floor":42,"key":"REST"}],"neow_cost":"NONE","seed_source_timestamp":28344260194600,"circlet_count":0,"master_deck":["champ:Strike","champ:Strike","champ:Defend","champ:Defend","champ:Defend","champ:Defend","champ:Execute+1","champ:Taunt","champ:FlashCut","champ:BladeFlurry+1","champ:BringItOn","champ:FanOfKnives+1","champ:ViciousMockery+1","champ:SteelEdge+1","champ:BringItOn","champ:GladiatorStyle+1","champ:PreciseThrust+1","champ:RapidStrikes+1","champ:FlashCut","champ:Circumvent+1","champ:ArenaPreparation+1","champ:FaceSlap+1","champ:HoldFirm+1","champ:Riposte","champ:Circumvent+1","Parasite","champ:StanceDance+1","champ:Haymaker+1","Parasite","champ:BladeFlurry+1"],"relics":["champ:ChampionCrown","PreservedInsect","Sundial","Ectoplasm","champ:BerserkersGuideToSlaughter","Gremlin Horn","Regal Pillow","Philosopher\u0027s Stone","downfall:HeartBlessingGreen","Akabeko","Girya","downfall:HeartBlessingBlue","Bird Faced Urn"],"potions_floor_usage":[15,16,16,33,33,50],"damage_taken":[{"damage":0,"enemies":"2 Louse","floor":2,"turns":2},{"damage":5,"enemies":"Cultist","floor":3,"turns":3},{"damage":20,"enemies":"Lagavulin","floor":4,"turns":5},{"damage":5,"enemies":"downfall:FleeingMerchant","floor":5,"turns":4},{"damage":8,"enemies":"Small Slimes","floor":9,"turns":3},{"damage":0,"enemies":"Blue Slaver","floor":11,"turns":3},{"damage":5,"enemies":"Exordium Wildlife","floor":12,"turns":4},{"damage":19,"enemies":"Lots of Slimes","floor":13,"turns":2},{"damage":6,"enemies":"2 Fungi Beasts","floor":14,"turns":4},{"damage":16,"enemies":"Gremlin Gang","floor":15,"turns":4},{"damage":15,"enemies":"downfall:Silent","floor":16,"turns":6},{"damage":9,"enemies":"Chosen","floor":19,"turns":3},{"damage":11,"enemies":"3 Byrds","floor":21,"turns":5},{"damage":13,"enemies":"3 Cultists","floor":25,"turns":4},{"damage":5,"enemies":"Gremlin Leader","floor":27,"turns":4},{"damage":17,"enemies":"Chosen and Byrds","floor":29,"turns":4},{"damage":5,"enemies":"Shelled Parasite and Fungi","floor":31,"turns":2},{"damage":16,"enemies":"Cultist and Chosen","floor":32,"turns":3},{"damage":38,"enemies":"downfall:Watcher","floor":33,"turns":5},{"damage":34,"enemies":"3 Darklings","floor":36,"turns":6},{"damage":8,"enemies":"Reptomancer","floor":37,"turns":6},{"damage":55,"enemies":"Giant Head","floor":40,"turns":7},{"damage":9,"enemies":"3 Shapes","floor":43,"turns":2},{"damage":35,"enemies":"Nemesis","floor":44,"turns":7},{"damage":26,"enemies":"Writhing Mass","floor":45,"turns":4},{"damage":21,"enemies":"Spire Growth","floor":46,"turns":5},{"damage":10,"enemies":"3 Darklings","floor":47,"turns":4},{"damage":13,"enemies":"Writhing Mass","floor":49,"turns":4},{"damage":7,"enemies":"downfall:Ironclad","floor":50,"turns":7}],"seed_played":"6232591299256154045","potions_obtained":[{"floor":4,"key":"Strength Potion"},{"floor":9,"key":"sneckomod:MuddlingPotion"},{"floor":11,"key":"DistilledChaos"},{"floor":14,"key":"Regen Potion"},{"floor":15,"key":"champ:OpenerPotion"},{"floor":27,"key":"Energy Potion"},{"floor":29,"key":"LiquidBronze"},{"floor":32,"key":"champ:OpenerPotion"},{"floor":33,"key":"FairyPotion"},{"floor":37,"key":"champ:OpenerPotion"},{"floor":44,"key":"Regen Potion"},{"floor":47,"key":"EntropicBrew"}],"is_trial":false,"path_per_floor":["R","M","M","E","$","R","T","?","M","R","M","M","M","M","M","B",null,"R","M","R","M","?","R","T","M","R","E","?","M","?","M","M","B",null,"R","M","E","R","?","E","T","R","M","E","M","M","M","?","M","B",null],"character_chosen":"THE_CHAMP","items_purchased":["champ:FanOfKnives"],"campfire_rested":1,"item_purchase_floors":[5],"current_hp_per_floor":[90,90,90,80,80,80,80,80,80,80,80,80,64,63,52,62,90,90,86,86,86,86,86,86,73,73,73,57,43,43,43,43,32,90,90,72,71,71,71,35,35,90,89,62,64,51,53,53,42,59],"gold":54,"neow_bonus":"RANDOM_COMMON_RELIC","is_prod":false,"is_daily":false,"chose_seed":false,"campfire_upgraded":9,"win_rate":0.0,"timestamp":1607535094,"path_taken":["R","M","M","E","$","R","T","?","M","R","M","M","M","?","M","BOSS","R","M","R","M","?","R","T","M","R","E","?","?","?","?","M","BOSS","R","M","E","R","?","E","T","R","M","E","M","M","M","?","M","BOSS"],"build_version":"2020-11-30","purchased_purges":1,"victory":true,"max_hp_per_floor":[90,90,90,90,90,90,90,90,90,90,90,90,90,90,90,90,90,90,90,90,90,90,90,90,90,90,90,90,90,90,90,90,90,90,90,90,90,90,90,90,90,100,100,100,100,100,100,100,100,100],"card_choices":[{"not_picked":["champ:Circumvent","champ:FocusedGladiator"],"picked":"champ:FlashCut","floor":2},{"not_picked":["champ:StanceDance","champ:BerserkersShout"],"picked":"champ:BladeFlurry","floor":3},{"not_picked":["champ:EndlessRage","champ:PerfectedStrike","champ:DefensiveShout"],"picked":"SKIP","floor":4},{"not_picked":["champ:BerserkersShout","champ:AdrenalArmor"],"picked":"champ:BringItOn","floor":5},{"not_picked":["champ:FalseCounter","champ:ArenaPreparation"],"picked":"champ:ViciousMockery","floor":9},{"not_picked":["champ:Circumvent","champ:TornadoPunch"],"picked":"champ:SteelEdge","floor":11},{"not_picked":["champ:BerserkerStyle","champ:HeartStrike"],"picked":"champ:BringItOn","floor":12},{"not_picked":["champ:ViciousMockery","champ:DefensiveShout"],"picked":"champ:GladiatorStyle","floor":13},{"not_picked":["champ:FanOfKnives","champ:DeathBlow"],"picked":"champ:PreciseThrust","floor":14},{"not_picked":["champ:GladiatorStyle","champ:FocusedDefense","champ:AdrenalArmor"],"picked":"SKIP","floor":15},{"not_picked":["champ:CrookedStrike","champ:HeartStrike+1"],"picked":"champ:RapidStrikes+1","floor":19},{"not_picked":["champ:EnragedBash","champ:DefensiveStyle"],"picked":"champ:FlashCut","floor":21},{"not_picked":["champ:Haymaker","champ:FanOfKnives","champ:AdrenalArmor+1"],"picked":"SKIP","floor":25},{"not_picked":["champ:BerserkersShout+1","champ:Shatter"],"picked":"champ:Circumvent","floor":27},{"not_picked":["champ:BringItOn","champ:TornadoPunch"],"picked":"champ:ArenaPreparation","floor":29},{"not_picked":["champ:StanceDance","champ:AdrenalArmor","champ:Riposte"],"picked":"SKIP","floor":31},{"not_picked":["champ:EnragedBash","champ:ArenaPreparation"],"picked":"champ:FaceSlap+1","floor":32},{"not_picked":["champ:CrownThrow","champ:DancingMaster"],"picked":"champ:HoldFirm","floor":33},{"not_picked":["champ:BerserkersShout","champ:HeartStrike+1","champ:BringItOn+1"],"picked":"SKIP","floor":36},{"not_picked":["champ:PerfectedStrike+1","champ:DefensiveStyle+1","champ:BerserkersShout"],"picked":"SKIP","floor":37},{"not_picked":["champ:BerserkerStyle+1","champ:Haymaker","champ:Backstep+1"],"picked":"SKIP","floor":40},{"not_picked":["champ:StanceDance+1","champ:DefensiveStyle"],"picked":"champ:Riposte","floor":43},{"not_picked":["champ:GutPunch+1","champ:FlashCut"],"picked":"champ:Circumvent+1","floor":44},{"not_picked":["champ:FlashCut","champ:Encircle+1"],"picked":"champ:StanceDance+1","floor":45},{"not_picked":["champ:StrikeOfGenius","champ:GladiatorsShout+1","champ:PerfectedStrike+1"],"picked":"SKIP","floor":46},{"not_picked":["champ:FalseCounter+1","champ:Riposte+1"],"picked":"champ:Haymaker+1","floor":47},{"not_picked":["champ:DeathBlow+1","champ:Riposte"],"picked":"champ:BladeFlurry+1","floor":49}],"player_experience":2255548,"relics_obtained":[{"floor":4,"key":"PreservedInsect"},{"floor":7,"key":"Sundial"},{"floor":24,"key":"Gremlin Horn"},{"floor":27,"key":"Regal Pillow"},{"floor":37,"key":"Akabeko"},{"floor":40,"key":"Girya"},{"floor":44,"key":"Bird Faced Urn"}],"event_choices":[{"cards_removed":["champ:Strike"],"damage_healed":0,"gold_gain":0,"player_choice":"Purged","damage_taken":0,"max_hp_gain":0,"max_hp_loss":0,"event_name":"Purifier","floor":8,"gold_loss":0},{"damage_healed":0,"gold_gain":0,"player_choice":"Forge","damage_taken":0,"max_hp_gain":0,"max_hp_loss":0,"event_name":"Accursed Blacksmith","floor":48,"gold_loss":0,"cards_upgraded":["champ:Circumvent"]}],"is_beta":false,"boss_relics":[{"not_picked":["Tiny House","Runic Dome"],"picked":"Ectoplasm"},{"not_picked":["champ:ChampionCrownUpgraded","Snecko Eye"],"picked":"Philosopher\u0027s Stone"}],"items_purged_floors":[5],"is_endless":false,"potions_floor_spawned":[4,9,11,14,15,27,29,32,33,37,43,44,46,47],"ascension_level":0}}