{"host":"wl5kcyk3ocgwii71","time":1607496231,"event":{"gold_per_floor":[109,126,145,163,179,210,210,28,106,106,129,144,171,188,188,289,289,299,79,79,94,94,94,94,94],"floor_reached":24,"playtime":689,"items_purged":["Strike_G"],"score":248,"play_id":"a123ee62-3148-4614-83dc-23a7abb4d07e","local_time":"20201208224351","is_ascension_mode":true,"campfire_choices":[{"floor":7,"key":"REST"},{"data":"Envenom","floor":10,"key":"SMITH"},{"data":"Footwork","floor":15,"key":"SMITH"},{"floor":23,"key":"REST"}],"neow_cost":"NONE","seed_source_timestamp":391329371411600,"circlet_count":0,"master_deck":["Strike_G","Strike_G","Strike_G","Strike_G","Defend_G","Defend_G","Defend_G","Defend_G","Defend_G","Survivor","Neutralize+1","Flying Knee","Blade Dance","Outmaneuver","Envenom+1","Footwork+1","Catalyst+1","Poisoned Stab","Bane","Backstab+1","Crippling Poison","ReplayTheSpireMod:Tripwire","Envenom+1","Noxious Fumes"],"relics":["Ring of the Snake","Boot","Membership Card","Replay:Bottled Eggs","Odd Mushroom","Nunchaku","Busted Crown","Oddly Smooth Stone","Guide Book","Nilry\u0027s Codex"],"potions_floor_usage":[5,6,16,16,21,24,24],"damage_taken":[{"damage":0,"enemies":"Cultist","floor":1,"turns":4},{"damage":0,"enemies":"Jaw Worm","floor":2,"turns":6},{"damage":0,"enemies":"2 Louse","floor":3,"turns":3},{"damage":0,"enemies":"Large Slime","floor":4,"turns":5},{"damage":4,"enemies":"3 Louse","floor":5,"turns":2},{"damage":48,"enemies":"Gremlin Nob","floor":6,"turns":5},{"damage":7,"enemies":"The Mushroom Lair","floor":11,"turns":6},{"damage":0,"enemies":"Exordium Wildlife","floor":12,"turns":3},{"damage":0,"enemies":"Large Slime","floor":14,"turns":3},{"damage":8,"enemies":"Slime Boss","floor":16,"turns":8},{"damage":14,"enemies":"Spheric Guardian","floor":18,"turns":6},{"damage":13,"enemies":"2 Thieves","floor":21,"turns":3},{"damage":40,"enemies":"Slavers","floor":24,"turns":3}],"seed_played":"6799799907450423229","potions_obtained":[{"floor":3,"key":"AttackPotion"},{"floor":5,"key":"Energy Potion"},{"floor":6,"key":"Poison Potion"},{"floor":14,"key":"Dexterity Potion"},{"floor":16,"key":"Weak Potion"},{"floor":18,"key":"sneckomod:MuddlingPotion"},{"floor":21,"key":"SpeedPotion"}],"is_trial":false,"path_per_floor":["M","M","M","M","M","E","R","$","T","R","?","M","T","M","R","B",null,"M","$","?","M","?","R","E"],"character_chosen":"THE_SILENT","items_purchased":["Membership Card","Poisoned Stab","Bane","Oddly Smooth Stone","Guide Book","Noxious Fumes"],"campfire_rested":2,"item_purchase_floors":[8,8,8,19,19,19],"current_hp_per_floor":[70,70,70,70,66,18,39,39,39,39,32,32,32,32,32,24,59,45,45,45,32,16,37,0,0],"gold":94,"neow_bonus":"RANDOM_EVENT","is_prod":false,"is_daily":false,"chose_seed":false,"campfire_upgraded":2,"win_rate":0,"timestamp":1607496231,"path_taken":["M","M","M","?","M","E","R","$","T","R","?","M","?","?","R","BOSS","M","$","?","M","?","R","E"],"build_version":"2020-11-30","purchased_purges":1,"victory":false,"max_hp_per_floor":[70,70,70,70,70,70,70,70,70,70,70,70,70,70,70,70,70,70,70,70,70,70,70,70,70],"card_choices":[{"not_picked":["Outmaneuver","PiercingWail"],"picked":"Flying Knee","floor":1},{"not_picked":["Prepared","ReplayTheSpireMod:Shiv Toss"],"picked":"Blade Dance","floor":2},{"not_picked":["Bane","Deflect"],"picked":"Outmaneuver","floor":3},{"not_picked":["Poisoned Stab","Underhanded Strike"],"picked":"Envenom","floor":4},{"not_picked":["Blade Dance","Acrobatics"],"picked":"Footwork","floor":5},{"not_picked":["Sucker Punch","Envenom"],"picked":"Catalyst","floor":6},{"not_picked":["Flying Knee","Poisoned Stab"],"picked":"Backstab","floor":11},{"not_picked":["Hidden Blade","Quick Slash"],"picked":"Crippling Poison","floor":12},{"not_picked":["Hidden Blade","Backflip"],"picked":"ReplayTheSpireMod:Tripwire","floor":14},{"not_picked":["Poison Darts","Venomology"],"picked":"Envenom","floor":16},{"not_picked":["Flying Knee"],"picked":"SKIP","floor":18},{"not_picked":["Deflect"],"picked":"SKIP","floor":21}],"player_experience":338014,"relics_obtained":[{"floor":6,"key":"Boot"},{"floor":9,"key":"Replay:Bottled Eggs"},{"floor":11,"key":"Odd Mushroom"},{"floor":13,"key":"Nunchaku"},{"floor":22,"key":"Nilry\u0027s Codex"}],"event_choices":[{"damage_healed":0,"gold_gain":0,"player_choice":"Grow","damage_taken":0,"max_hp_gain":0,"max_hp_loss":0,"event_name":"Living Wall","floor":0,"gold_loss":0,"cards_upgraded":["Neutralize"]},{"damage_healed":0,"gold_gain":0,"player_choice":"Fought Mushrooms","damage_taken":0,"max_hp_gain":0,"max_hp_loss":0,"event_name":"Mushrooms","floor":11,"gold_loss":0},{"damage_healed":0,"gold_gain":0,"player_choice":"Obtained Book","damage_taken":16,"max_hp_gain":0,"max_hp_loss":0,"event_name":"Cursed Tome","floor":22,"gold_loss":0}],"is_beta":false,"boss_relics":[{"not_picked":["Black Star","Calling Bell"],"picked":"Busted Crown"}],"items_purged_floors":[19],"is_endless":false,"potions_floor_spawned":[3,5,6,14,16,18,21],"killed_by":"Slavers","ascension_level":5}}