{"host":"jrmqsbok61y7b34d","time":1607550037,"event":{"gold_per_floor":[110,185,72,72,46,76,76,111,134,134,151,151,179,179,179,275,275,294,294,294,68,87,112,112,122,147,147,157,189,189,209,209,304,304,321,321,336,349,362,362,377,402,402,452,462,100,100,131,131,131,131,131,6,39,39,39],"floor_reached":55,"playtime":4775,"items_purged":["Strike_G","Strike_G","Defend_G"],"score":1274,"play_id":"d8dae339-545d-4124-acb3-8826f7623271","local_time":"20201209214037","is_ascension_mode":true,"campfire_choices":[{"data":"Noxious Fumes","floor":7.0,"key":"SMITH"},{"data":"Neutralize","floor":10.0,"key":"SMITH"},{"data":"Deadly Poison","floor":12.0,"key":"SMITH"},{"floor":15.0,"key":"REST"},{"data":"Catalyst","floor":24.0,"key":"SMITH"},{"data":"Wraith Form v2","floor":27.0,"key":"SMITH"},{"data":"Glass Knife","floor":30.0,"key":"SMITH"},{"data":"Catalyst","floor":32.0,"key":"SMITH"},{"data":"Caltrops","floor":40.0,"key":"SMITH"},{"floor":49.0,"key":"RECALL"},{"floor":52.0,"key":"REST"}],"neow_cost":"NONE","seed_source_timestamp":0,"circlet_count":0,"master_deck":["AscendersBane","Strike_G+1","Strike_G+1","Defend_G","Defend_G","Defend_G","Survivor","Neutralize+1","Noxious Fumes+1","Catalyst+1","Deadly Poison+1","Dagger Throw","Cloak And Dagger","Cloak And Dagger","Poisoned Stab","Dagger Spray","Wraith Form v2+1","CurseOfTheBell","Flying Knee+1","Backflip","Deadly Poison","Glass Knife+1","Prepared+1","Catalyst+1","Prepared+1","Glass Knife","Blind","Caltrops+1","Concentrate+1","Prepared+1","Backflip+1","Caltrops","Secret Technique","Outmaneuver+1","Leg Sweep","Backflip+1"],"special_seed":0,"relics":["Ring of the Snake","NeowsBlessing","StoneCalendar","Mango","Blood Vial","Mummified Hand","Dream Catcher","Calling Bell","Anchor","Paper Crane","TungstenRod","Vajra","Lantern","Runic Pyramid","Bag of Marbles","Ice Cream","Bronze Scales","Snake Skull"],"potions_floor_usage":[54,55,55],"damage_taken":[{"damage":0.0,"enemies":"Cultist","floor":1.0,"turns":1.0},{"damage":0.0,"enemies":"Lagavulin","floor":6.0,"turns":1.0},{"damage":0.0,"enemies":"3 Sentries","floor":8.0,"turns":1.0},{"damage":8.0,"enemies":"Jaw Worm","floor":11.0,"turns":4.0},{"damage":22.0,"enemies":"Gremlin Nob","floor":13.0,"turns":4.0},{"damage":30.0,"enemies":"Slime Boss","floor":16.0,"turns":7.0},{"damage":1.0,"enemies":"Chosen","floor":18.0,"turns":4.0},{"damage":6.0,"enemies":"Shell Parasite","floor":22.0,"turns":5.0},{"damage":12.0,"enemies":"Book of Stabbing","floor":23.0,"turns":6.0},{"damage":0.0,"enemies":"Snecko","floor":25.0,"turns":4.0},{"damage":7.0,"enemies":"3 Cultists","floor":28.0,"turns":4.0},{"damage":15.0,"enemies":"Slavers","floor":29.0,"turns":6.0},{"damage":0.0,"enemies":"Chosen and Byrds","floor":31.0,"turns":4.0},{"damage":31.0,"enemies":"Collector","floor":33.0,"turns":8.0},{"damage":2.0,"enemies":"Orb Walker","floor":35.0,"turns":3.0},{"damage":3.0,"enemies":"3 Shapes","floor":37.0,"turns":4.0},{"damage":4.0,"enemies":"Spire Growth","floor":38.0,"turns":2.0},{"damage":0.0,"enemies":"Sphere and 2 Shapes","floor":39.0,"turns":5.0},{"damage":0.0,"enemies":"Maw","floor":41.0,"turns":5.0},{"damage":1.0,"enemies":"Nemesis","floor":42.0,"turns":5.0},{"damage":0.0,"enemies":"Mind Bloom Boss Battle","floor":44.0,"turns":6.0},{"damage":4.0,"enemies":"Writhing Mass","floor":45.0,"turns":5.0},{"damage":1.0,"enemies":"Reptomancer","floor":48.0,"turns":5.0},{"damage":69.0,"enemies":"Awakened One","floor":50.0,"turns":17.0},{"damage":26,"enemies":"Shield and Spear","floor":54,"turns":6},{"damage":61,"enemies":"The Heart","floor":55,"turns":3}],"seed_played":"-7855565198029328268","potions_obtained":[{"floor":13.0,"key":"SpeedPotion"},{"floor":20.0,"key":"Energy Potion"},{"floor":20.0,"key":"Poison Potion"},{"floor":22.0,"key":"Regen Potion"},{"floor":23.0,"key":"AttackPotion"},{"floor":31.0,"key":"Weak Potion"},{"floor":33.0,"key":"SmokeBomb"},{"floor":37.0,"key":"LiquidMemories"},{"floor":48.0,"key":"ColorlessPotion"},{"floor":54,"key":"Block Potion"}],"is_trial":false,"path_per_floor":["M","?","$","?","$","E","R","E","T","R","M","R","E","?","R","B",null,"M","?","?","$","M","E","R","M","T","R","M","E","R","M","R","B",null,"M","?","M","M","M","R","M","E","T","?","M","$","?","E","R","B",null,"R","$","E","B"],"character_chosen":"THE_SILENT","items_purchased":["Noxious Fumes","Catalyst","Deadly Poison","Glass Knife","Caltrops","Secret Technique"],"campfire_rested":2,"item_purchase_floors":[3,3,5,21,46,46],"current_hp_per_floor":[63,52,52,38,38,38,38,52,52,52,46,46,26,26,51,23,69,70,70,70,70,66,71,71,73,73,73,68,55,55,57,57,28,70,70,70,69,67,69,69,71,72,72,74,72,72,72,73,73,6,65,84,84,58,0,0],"gold":39,"neow_bonus":"THREE_ENEMY_KILL","is_prod":false,"is_daily":false,"chose_seed":false,"campfire_upgraded":8,"win_rate":0,"timestamp":1607550037,"path_taken":["M","?","$","?","$","E","R","E","T","R","M","R","E","?","R","BOSS","M","?","?","$","M","E","R","M","T","R","?","E","R","M","R","BOSS","M","?","M","M","M","R","M","E","T","?","M","$","?","E","R","BOSS","R","$","E","BOSS"],"build_version":"2020-11-30","purchased_purges":3,"victory":false,"max_hp_per_floor":[70,70,70,70,70,70,70,84,84,84,84,84,84,84,84,84,84,84,84,84,84,84,84,84,84,84,84,84,84,84,84,84,84,84,84,84,84,84,84,84,84,84,84,84,84,84,84,84,84,84,84,84,84,84,84,84],"relic_stats":{"Blood Vial":44,"Dream Catcher":2,"counters":[26,125],"Mummified Hand":[37],"Bronze Scales":[182],"StoneCalendar":[161],"Snake Skull":[1],"obtain_stats":[{"Ice Cream":44,"Lantern":26,"NeowsBlessing":0,"Vajra":23,"StoneCalendar":6,"Mango":8,"Snake Skull":54,"Paper Crane":17,"Blood Vial":9,"Calling Bell":17,"Dream Catcher":14,"Anchor":17,"Mummified Hand":13,"Bronze Scales":48,"Bag of Marbles":42,"TungstenRod":17,"Ring of the Snake":0,"Runic Pyramid":34},{"Ice Cream":21,"Lantern":10,"NeowsBlessing":0,"Vajra":9,"StoneCalendar":2,"Mango":3,"Snake Skull":25,"Paper Crane":6,"Blood Vial":3,"Calling Bell":6,"Dream Catcher":5,"Anchor":6,"Mummified Hand":5,"Bronze Scales":23,"Bag of Marbles":20,"TungstenRod":6,"Ring of the Snake":0,"Runic Pyramid":14},{"Ice Cream":89,"Lantern":37,"NeowsBlessing":0,"Vajra":33,"StoneCalendar":2,"Mango":3,"Snake Skull":122,"Paper Crane":18,"Blood Vial":3,"Calling Bell":18,"Dream Catcher":11,"Anchor":18,"Mummified Hand":11,"Bronze Scales":99,"Bag of Marbles":83,"TungstenRod":18,"Ring of the Snake":0,"Runic Pyramid":59}],"TungstenRod":72,"Ring of the Snake":[52]},"card_choices":[{"not_picked":["Dodge and Roll","Slice","Riddle With Holes"],"picked":"SKIP","floor":1.0},{"not_picked":["Leg Sweep","Sucker Punch"],"picked":"Dagger Throw","floor":6.0},{"not_picked":["Distraction","Slice"],"picked":"Cloak And Dagger","floor":8.0},{"not_picked":["Concentrate","Dodge and Roll"],"picked":"Cloak And Dagger","floor":11.0},{"not_picked":["Quick Slash","Deflect"],"picked":"Poisoned Stab","floor":13.0},{"not_picked":["Concentrate","Backflip"],"picked":"Dagger Spray","floor":15.0},{"not_picked":["Storm of Steel","Bullet Time"],"picked":"Wraith Form v2","floor":16.0},{"not_picked":["Dagger Throw+1","Distraction+1"],"picked":"Flying Knee+1","floor":18.0},{"not_picked":["Skewer","Cloak And Dagger","Riddle With Holes"],"picked":"SKIP","floor":22.0},{"not_picked":["Sucker Punch","Finisher+1"],"picked":"Prepared+1","floor":23.0},{"not_picked":["Cloak And Dagger","Dodge and Roll"],"picked":"Catalyst","floor":25.0},{"not_picked":["Acrobatics","Deflect"],"picked":"Prepared+1","floor":28.0},{"not_picked":["Riddle With Holes","Dagger Throw"],"picked":"Glass Knife","floor":29.0},{"not_picked":["Blade Dance","Flying Knee+1","Deflect"],"picked":"SKIP","floor":31.0},{"not_picked":["Phantasmal Killer","Envenom"],"picked":"Die Die Die","floor":33.0},{"not_picked":["Backflip+1","Dagger Spray+1","Terror+1"],"picked":"SKIP","floor":35.0},{"not_picked":["Metamorphosis","HandOfGreed"],"picked":"Blind","floor":36.0},{"not_picked":["Poisoned Stab+1","Endless Agony+1","Acrobatics+1"],"picked":"SKIP","floor":37.0},{"not_picked":["Dagger Spray+1","Riddle With Holes+1"],"picked":"Caltrops","floor":38.0},{"not_picked":["Dodge and Roll","Flying Knee+1"],"picked":"Concentrate+1","floor":39.0},{"not_picked":["Dodge and Roll","Expertise+1","Poisoned Stab"],"picked":"SKIP","floor":41.0},{"not_picked":["Dodge and Roll","Expertise+1","Poisoned Stab"],"picked":"SKIP","floor":41.0},{"not_picked":["Dodge and Roll","Expertise+1","Poisoned Stab"],"picked":"SKIP","floor":41.0},{"not_picked":["Calculated Gamble+1","Well Laid Plans"],"picked":"Prepared+1","floor":42.0},{"not_picked":["Poisoned Stab+1","Infinite Blades+1"],"picked":"Backflip+1","floor":44.0},{"not_picked":["Poisoned Stab+1","Accuracy","Flying Knee"],"picked":"SKIP","floor":45.0},{"not_picked":["Skewer","Doppelganger"],"picked":"Outmaneuver+1","floor":48.0},{"not_picked":["Calculated Gamble+1","Cloak And Dagger"],"picked":"Leg Sweep","floor":52.0},{"not_picked":["Catalyst","Blade Dance"],"picked":"Backflip+1","floor":54}],"player_experience":891306,"relics_obtained":[{"floor":6.0,"key":"StoneCalendar"},{"floor":8.0,"key":"Mango"},{"floor":9.0,"key":"Blood Vial"},{"floor":13.0,"key":"Mummified Hand"},{"floor":17.0,"key":"Anchor"},{"floor":17.0,"key":"Paper Crane"},{"floor":17.0,"key":"TungstenRod"},{"floor":23.0,"key":"Vajra"},{"floor":26.0,"key":"Lantern"},{"floor":42.0,"key":"Bag of Marbles"},{"floor":44.0,"key":"Ice Cream"},{"floor":48.0,"key":"Bronze Scales"},{"floor":54,"key":"Snake Skull"}],"event_choices":[{"damage_healed":0.0,"max_hp_gain":0.0,"max_hp_loss":0.0,"gold_gain":75.0,"event_name":"World of Goop","player_choice":"Gather Gold","floor":2.0,"gold_loss":0.0,"damage_taken":11.0},{"damage_healed":0.0,"max_hp_gain":0.0,"max_hp_loss":0.0,"gold_gain":0.0,"event_name":"Shining Light","player_choice":"Entered Light","floor":4.0,"gold_loss":0.0,"damage_taken":14.0,"cards_upgraded":["Strike_G","Strike_G"]},{"damage_healed":0.0,"max_hp_gain":0.0,"max_hp_loss":0.0,"gold_gain":0.0,"event_name":"Dead Adventurer","player_choice":"Searched \u00271\u0027 times","floor":14.0,"gold_loss":0.0,"damage_taken":0.0,"relics_obtained":["Dream Catcher"]},{"damage_healed":0.0,"max_hp_gain":0.0,"max_hp_loss":0.0,"gold_gain":0.0,"cards_transformed":["Strike_G","Defend_G"],"event_name":"Drug Dealer","player_choice":"Became Test Subject","floor":19.0,"gold_loss":0.0,"damage_taken":0.0,"cards_obtained":["Backflip","Deadly Poison"]},{"damage_healed":0.0,"max_hp_gain":0.0,"max_hp_loss":0.0,"gold_gain":0.0,"event_name":"Lab","player_choice":"Got Potions","floor":20.0,"gold_loss":0.0,"damage_taken":0.0},{"damage_healed":0.0,"max_hp_gain":0.0,"max_hp_loss":0.0,"gold_gain":0.0,"event_name":"SensoryStone","player_choice":"Memory 1","floor":36.0,"gold_loss":0.0,"damage_taken":0.0},{"damage_healed":0.0,"max_hp_gain":0.0,"max_hp_loss":0.0,"gold_gain":0.0,"event_name":"MindBloom","player_choice":"Fight","floor":44.0,"gold_loss":0.0,"damage_taken":0.0},{"cards_removed":["Die Die Die"],"damage_healed":0.0,"max_hp_gain":0.0,"max_hp_loss":0.0,"gold_gain":0.0,"event_name":"Falling","player_choice":"Removed Attack","floor":47.0,"gold_loss":0.0,"damage_taken":0.0}],"is_beta":false,"boss_relics":[{"not_picked":["Ectoplasm","Busted Crown"],"picked":"Calling Bell"},{"not_picked":["Runic Dome","Empty Cage"],"picked":"Runic Pyramid"}],"items_purged_floors":[21,46,53],"is_endless":false,"potions_floor_spawned":[13,22,23,31,33,35,37,39,45,48,54],"killed_by":"The Heart","ascension_level":11}}