{"host":"omov159tyjzan9wn","time":1607519105,"event":{"gold_per_floor":[115,190,200,200,217,217,227,227,227,227,227],"floor_reached":10,"playtime":611,"items_purged":[],"score":58,"play_id":"7e0de19e-2d42-4f4c-93c9-8075174d0746","local_time":"20201209130505","is_ascension_mode":false,"campfire_choices":[{"data":"MadScienceMod:PoweredStrike","floor":6,"key":"SMITH"},{"data":"MadScienceMod:Refuel","floor":8,"key":"SMITH"}],"neow_cost":"NONE","seed_source_timestamp":1184937355145600,"circlet_count":0,"master_deck":["MadScienceMod:Strike_MadScience","MadScienceMod:Strike_MadScience","MadScienceMod:Strike_MadScience","MadScienceMod:Strike_MadScience","MadScienceMod:Defend_MadScience","MadScienceMod:Defend_MadScience","MadScienceMod:Defend_MadScience","MadScienceMod:Defend_MadScience","MadScienceMod:PoweredStrike+1","MadScienceMod:HideBehindJunk+1","MadScienceMod:Lightbulb","MadScienceMod:MechanicalClaw","MadScienceMod:MindControlBeam","MadScienceMod:Refuel+1"],"relics":["MadScienceMod:FuelTank","Shuriken"],"potions_floor_usage":[3],"damage_taken":[{"damage":6,"enemies":"Jaw Worm","floor":1,"turns":5},{"damage":3,"enemies":"Cultist","floor":3,"turns":4},{"damage":5,"enemies":"Small Slimes","floor":5,"turns":6},{"damage":3,"enemies":"2 Fungi Beasts","floor":7,"turns":4},{"damage":91,"enemies":"Gremlin Nob","floor":10,"turns":6}],"seed_played":"-4482799131748738473","potions_obtained":[{"floor":1,"key":"PowerPotion"}],"is_trial":false,"path_per_floor":["M","?","M","?","M","R","M","R","T","E"],"character_chosen":"MAD_SCIENTIST","items_purchased":[],"campfire_rested":0,"item_purchase_floors":[],"current_hp_per_floor":[76,65,62,62,57,57,54,54,54,0,0],"gold":227,"neow_bonus":"TEN_PERCENT_HP_BONUS","is_prod":false,"is_daily":false,"chose_seed":false,"campfire_upgraded":2,"win_rate":0.0,"timestamp":1607519105,"path_taken":["M","?","M","?","M","R","?","R","T","E"],"build_version":"2020-11-30","purchased_purges":0,"victory":false,"max_hp_per_floor":[82,82,82,82,82,82,82,82,82,82,82],"card_choices":[{"not_picked":["MadScienceMod:Detonate","MadScienceMod:CaptureMomentum"],"picked":"MadScienceMod:Lightbulb","floor":1},{"not_picked":["MadScienceMod:AutoStrike","MadScienceMod:SoftenUp"],"picked":"MadScienceMod:MechanicalClaw","floor":3},{"not_picked":["MadScienceMod:ImposingConstruct","MadScienceMod:FlameCannon"],"picked":"MadScienceMod:MindControlBeam","floor":5},{"not_picked":["MadScienceMod:AntimatterBomb","MadScienceMod:GattlingGun"],"picked":"MadScienceMod:Refuel","floor":7}],"player_experience":36230,"relics_obtained":[{"floor":9,"key":"Shuriken"}],"event_choices":[{"damage_healed":0,"gold_gain":75,"player_choice":"Gather Gold","damage_taken":11,"max_hp_gain":0,"max_hp_loss":0,"event_name":"World of Goop","floor":2,"gold_loss":0},{"damage_healed":0,"gold_gain":0,"player_choice":"Upgraded","damage_taken":0,"max_hp_gain":0,"max_hp_loss":0,"event_name":"Upgrade Shrine","floor":4,"gold_loss":0,"cards_upgraded":["MadScienceMod:HideBehindJunk"]}],"is_beta":false,"boss_relics":[],"items_purged_floors":[],"is_endless":false,"potions_floor_spawned":[1],"killed_by":"Gremlin Nob","ascension_level":0}}