{"host":"kbputf7ow1gycclz","time":1607484562,"event":{"gold_per_floor":[116,127,142,142,155,182,182,198,198,225,245,245,270,289,289,389,389,405,134,153,168,185,185,218,218,268,299,334,334,334,353,353,452,452,493,528,541,366,411,462,504,504,531,559,600,635,663,381,381,381,381,381,23,50,50],"floor_reached":56,"playtime":6731,"items_purged":["Eruption","FlyingSleeves","Parasite"],"score":1659,"play_id":"6c9ab295-e36a-46e3-bf8e-38ef3d35b967","local_time":"20201208212922","is_ascension_mode":true,"campfire_choices":[{"data":"Blasphemy","floor":7.0,"key":"SMITH"},{"data":"Nirvana","floor":15.0,"key":"SMITH"},{"data":"Nirvana","floor":23,"key":"SMITH"},{"floor":25,"key":"REST"},{"floor":29,"key":"REST"},{"data":"TalkToTheHand","floor":32,"key":"SMITH"},{"floor":42,"key":"REST"},{"floor":49,"key":"RECALL"},{"data":"TalkToTheHand","floor":52,"key":"SMITH"}],"neow_cost":"NONE","seed_source_timestamp":722940623966192910,"circlet_count":0,"master_deck":["Vigilance+1","Conclude","Wireheading","Nirvana+1","Meditate+1","Blasphemy+1","Wallop","CrushJoints","DeceiveReality","CarveReality","FlurryOfBlows","Nirvana+1","JustLucky","JustLucky","Weave+1","CutThroughFate","WaveOfTheHand","TalkToTheHand+1","ThirdEye","Wish","CurseOfTheBell","Tantrum+1","ThirdEye+1","TalkToTheHand+1","TalkToTheHand","ClearTheMind+1","Adaptation+1","CutThroughFate+1","Omniscience","Nirvana"],"special_seed":0,"relics":["Pandora\u0027s Box","Du-Vu Doll","Mummified Hand","Mango","GremlinMask","Lantern","Philosopher\u0027s Stone","OrangePellets","Ornamental Fan","Damaru","PreservedInsect","Red Mask","Calling Bell","Centennial Puzzle","Shuriken","CloakClasp","Gremlin Horn","Dream Catcher","White Beast Statue","TeardropLocket","Bag of Marbles","Melange","Oddly Smooth Stone","War Paint"],"potions_floor_usage":[24,28,28,28,28,47,50,55,55],"damage_taken":[{"damage":0.0,"enemies":"Cultist","floor":1.0,"turns":2.0},{"damage":0.0,"enemies":"2 Louse","floor":2.0,"turns":1.0},{"damage":0.0,"enemies":"Small Slimes","floor":3.0,"turns":2.0},{"damage":6.0,"enemies":"Gremlin Gang","floor":5.0,"turns":2.0},{"damage":0.0,"enemies":"Lagavulin","floor":6.0,"turns":5.0},{"damage":2.0,"enemies":"Looter","floor":8.0,"turns":2.0},{"damage":0.0,"enemies":"Gremlin Nob","floor":10.0,"turns":2.0},{"damage":18.0,"enemies":"Lots of Slimes","floor":11.0,"turns":3.0},{"damage":6.0,"enemies":"3 Sentries","floor":13.0,"turns":4.0},{"damage":0.0,"enemies":"3 Louse","floor":14.0,"turns":1.0},{"damage":0.0,"enemies":"Slime Boss","floor":16.0,"turns":5.0},{"damage":26.0,"enemies":"2 Thieves","floor":18.0,"turns":4.0},{"damage":15,"enemies":"Shell Parasite","floor":20,"turns":5},{"damage":8,"enemies":"Cultist and Chosen","floor":21,"turns":3},{"damage":12,"enemies":"Centurion and Healer","floor":22,"turns":6},{"damage":7,"enemies":"Book of Stabbing","floor":24,"turns":4},{"damage":22,"enemies":"Gremlin Leader","floor":27,"turns":4},{"damage":0,"enemies":"Masked Bandits","floor":28,"turns":3},{"damage":0,"enemies":"Snecko","floor":31,"turns":4},{"damage":0,"enemies":"Champ","floor":33,"turns":12},{"damage":0,"enemies":"3 Shapes","floor":35,"turns":5},{"damage":7,"enemies":"Orb Walker","floor":36,"turns":3},{"damage":5,"enemies":"4 Shapes","floor":37,"turns":3},{"damage":0,"enemies":"Writhing Mass","floor":39,"turns":5},{"damage":22,"enemies":"Reptomancer","floor":40,"turns":3},{"damage":30,"enemies":"Maw","floor":41,"turns":5},{"damage":0,"enemies":"Nemesis","floor":44,"turns":3},{"damage":5,"enemies":"Spire Growth","floor":45,"turns":7},{"damage":6,"enemies":"Jaw Worm Horde","floor":46,"turns":3},{"damage":6,"enemies":"Reptomancer","floor":47,"turns":5},{"damage":4,"enemies":"Awakened One","floor":50,"turns":12},{"damage":10,"enemies":"Shield and Spear","floor":54,"turns":7},{"damage":7,"enemies":"The Heart","floor":55,"turns":7}],"seed_played":"8151199510271019843","potions_obtained":[{"floor":2.0,"key":"SmokeBomb"},{"floor":6.0,"key":"SpeedPotion"},{"floor":8.0,"key":"SpeedPotion"},{"floor":11.0,"key":"PowerPotion"},{"floor":18,"key":"Dexterity Potion"},{"floor":22,"key":"DuplicationPotion"},{"floor":27,"key":"EntropicBrew"},{"floor":35,"key":"Energy Potion"},{"floor":40,"key":"SkillPotion"},{"floor":44,"key":"Regen Potion"},{"floor":47,"key":"Block Potion"},{"floor":54,"key":"Strength Potion"}],"is_trial":false,"path_per_floor":["M","M","M","?","M","E","R","M","T","E","M","?","E","M","R","B",null,"M","$","M","M","M","R","E","R","T","E","?","R","?","M","R","B",null,"M","M","M","$","M","E","M","R","T","E","M","M","E","$","R","B",null,"R","$","E","B",null],"character_chosen":"WATCHER","items_purchased":["JustLucky","OrangePellets","TalkToTheHand","Bag of Marbles","Nirvana","Melange","Oddly Smooth Stone"],"campfire_rested":3,"item_purchase_floors":[19,19,38,48,53,53,53],"current_hp_per_floor":[72,72,72,69,63,63,63,61,61,75,57,57,51,51,51,51,86,60,60,45,37,25,25,18,43,43,21,21,46,86,86,86,86,86,86,79,74,74,74,52,22,47,47,47,42,36,30,30,30,41,83,83,83,73,66],"gold":50,"neow_bonus":"BOSS_RELIC","is_prod":false,"is_daily":false,"chose_seed":false,"campfire_upgraded":5,"win_rate":0,"timestamp":1607484562,"path_taken":["M","?","M","?","M","E","R","M","T","E","M","?","E","M","R","BOSS","M","$","M","M","?","R","E","R","T","E","?","R","?","M","R","BOSS","M","?","M","$","M","E","M","R","T","E","M","?","E","$","R","BOSS","R","$","E","BOSS"],"build_version":"2020-11-30","purchased_purges":3,"victory":true,"max_hp_per_floor":[72,72,72,72,72,72,72,72,72,86,86,86,86,86,86,86,86,86,86,86,86,86,86,86,86,86,86,86,86,86,86,86,86,86,86,86,86,86,86,86,86,86,86,86,86,86,86,83,83,83,83,83,83,83,83],"relic_stats":{"Gremlin Horn":[9,9],"counters":[33,142],"Melange":[9],"PreservedInsect":230,"CloakClasp":[158],"War Paint":["Vigilance","Meditate"],"OrangePellets":[22],"Centennial Puzzle":[30],"Dream Catcher":0,"Mummified Hand":[94],"Ornamental Fan":[292],"Shuriken":[48],"Pandora\u0027s Box":["Conclude","Wireheading","Nirvana","Meditate","Blasphemy","Wallop","Collect","CrushJoints"],"obtain_stats":[{"Lantern":13,"Gremlin Horn":40,"Melange":53,"Mango":10,"GremlinMask":12,"CloakClasp":34,"TeardropLocket":47,"Centennial Puzzle":34,"Dream Catcher":43,"Mummified Hand":6,"Philosopher\u0027s Stone":17,"Red Mask":28,"Damaru":26,"Oddly Smooth Stone":53,"PreservedInsect":27,"War Paint":54,"White Beast Statue":44,"Du-Vu Doll":4,"Calling Bell":34,"OrangePellets":19,"Ornamental Fan":24,"Shuriken":34,"Pandora\u0027s Box":0,"Bag of Marbles":48,"PureWater":0},{"Lantern":9,"Gremlin Horn":25,"Melange":31,"Mango":7,"GremlinMask":8,"CloakClasp":20,"TeardropLocket":30,"Centennial Puzzle":20,"Dream Catcher":26,"Mummified Hand":5,"Philosopher\u0027s Stone":11,"Red Mask":18,"Damaru":16,"Oddly Smooth Stone":31,"PreservedInsect":17,"War Paint":32,"White Beast Statue":27,"Du-Vu Doll":3,"Calling Bell":20,"OrangePellets":12,"Ornamental Fan":16,"Shuriken":20,"Pandora\u0027s Box":0,"Bag of Marbles":30,"PureWater":0},{"Lantern":23,"Gremlin Horn":93,"Melange":128,"Mango":16,"GremlinMask":19,"CloakClasp":74,"TeardropLocket":116,"Centennial Puzzle":74,"Dream Catcher":98,"Mummified Hand":12,"Philosopher\u0027s Stone":29,"Red Mask":58,"Damaru":51,"Oddly Smooth Stone":128,"PreservedInsect":55,"War Paint":135,"White Beast Statue":101,"Du-Vu Doll":5,"Calling Bell":74,"OrangePellets":33,"Ornamental Fan":51,"Shuriken":74,"Pandora\u0027s Box":0,"Bag of Marbles":116,"PureWater":0}]},"card_choices":[{"not_picked":["EmptyFist","Evaluate"],"picked":"DeceiveReality","floor":1.0},{"not_picked":["EmptyFist","Protect"],"picked":"FlyingSleeves","floor":2.0},{"not_picked":["Meditate","Study"],"picked":"CarveReality","floor":3.0},{"not_picked":["Protect","Meditate","Pray"],"picked":"SKIP","floor":5.0},{"not_picked":["FearNoEvil","CarveReality"],"picked":"FlurryOfBlows","floor":6.0},{"not_picked":["EmptyFist","BowlingBash","FlurryOfBlows"],"picked":"SKIP","floor":8.0},{"not_picked":["ThirdEye","Evaluate"],"picked":"Nirvana","floor":10.0},{"not_picked":["ForeignInfluence","Judgement","BattleHymn"],"picked":"SKIP","floor":11.0},{"not_picked":["Prostrate","EmptyBody","Meditate"],"picked":"SKIP","floor":13.0},{"not_picked":["FollowUp","FearNoEvil","Vengeance"],"picked":"SKIP","floor":14.0},{"not_picked":["SashWhip","SandsOfTime"],"picked":"JustLucky","floor":18},{"not_picked":["EmptyBody+1","Worship"],"picked":"Weave+1","floor":20},{"not_picked":["FlyingSleeves","Evaluate"],"picked":"CutThroughFate","floor":21},{"not_picked":["Protect","EmptyBody","LikeWater"],"picked":"SKIP","floor":22},{"not_picked":["LikeWater","Conclude+1"],"picked":"WaveOfTheHand","floor":24},{"not_picked":["BattleHymn+1","Consecrate"],"picked":"TalkToTheHand","floor":27},{"not_picked":["PathToVictory","BowlingBash+1"],"picked":"ThirdEye","floor":28},{"not_picked":["FearNoEvil+1","Halt","Adaptation"],"picked":"SKIP","floor":31},{"not_picked":["SpiritShield","DevaForm"],"picked":"Wish","floor":33},{"not_picked":["Consecrate+1","Vengeance"],"picked":"Tantrum+1","floor":35},{"not_picked":["FollowUp+1","FlurryOfBlows+1"],"picked":"ThirdEye+1","floor":36},{"not_picked":["Indignation+1","Collect","LikeWater+1"],"picked":"SKIP","floor":37},{"not_picked":["FollowUp","Protect"],"picked":"TalkToTheHand","floor":39},{"not_picked":["WindmillStrike+1","WaveOfTheHand+1"],"picked":"ClearTheMind+1","floor":40},{"not_picked":["Halt","EmptyBody","Wallop"],"picked":"SKIP","floor":41},{"not_picked":["SandsOfTime+1","FlurryOfBlows"],"picked":"Adaptation+1","floor":44},{"not_picked":["Crescendo+1","Halt+1","Meditate+1"],"picked":"SKIP","floor":45},{"not_picked":["ThirdEye","SignatureMove+1"],"picked":"CutThroughFate+1","floor":46},{"not_picked":["Protect","FlurryOfBlows"],"picked":"Omniscience","floor":47},{"not_picked":["Pray","WreathOfFlame+1","Protect+1"],"picked":"SKIP","floor":54}],"player_experience":41489,"relics_obtained":[{"floor":6.0,"key":"Mummified Hand"},{"floor":10.0,"key":"Mango"},{"floor":13.0,"key":"Lantern"},{"floor":24,"key":"Ornamental Fan"},{"floor":26,"key":"Damaru"},{"floor":27,"key":"PreservedInsect"},{"floor":28,"key":"Red Mask"},{"floor":34,"key":"Centennial Puzzle"},{"floor":34,"key":"Shuriken"},{"floor":34,"key":"CloakClasp"},{"floor":40,"key":"Gremlin Horn"},{"floor":43,"key":"Dream Catcher"},{"floor":44,"key":"White Beast Statue"},{"floor":47,"key":"TeardropLocket"},{"floor":54,"key":"War Paint"}],"event_choices":[{"damage_healed":0.0,"max_hp_gain":0.0,"max_hp_loss":0.0,"gold_gain":0.0,"event_name":"Scrap Ooze","player_choice":"Success","floor":4.0,"gold_loss":0.0,"damage_taken":3.0,"relics_obtained":["Du-Vu Doll"]},{"damage_healed":0.0,"max_hp_gain":0.0,"max_hp_loss":0.0,"gold_gain":0.0,"event_name":"FaceTrader","player_choice":"Trade","floor":12.0,"gold_loss":0.0,"damage_taken":0.0,"relics_obtained":["GremlinMask"]},{"damage_healed":0,"gold_gain":0,"player_choice":"Fought Bandits","damage_taken":0,"max_hp_gain":0,"max_hp_loss":0,"event_name":"Masked Bandits","floor":28,"gold_loss":0},{"cards_removed":["Collect"],"damage_healed":40,"gold_gain":0,"player_choice":"Offered Uncommon","damage_taken":0,"max_hp_gain":0,"max_hp_loss":0,"event_name":"Bonfire Elementals","floor":30,"gold_loss":0}],"is_beta":false,"boss_relics":[{"not_picked":["Ectoplasm","Runic Dome"],"picked":"Philosopher\u0027s Stone"},{"not_picked":["Snecko Eye","Fusion Hammer"],"picked":"Calling Bell"}],"items_purged_floors":[19,38,48],"is_endless":false,"potions_floor_spawned":[2,6,8,11,18,22,27,35,40,44,45,46,47,54],"ascension_level":4}}