{"host":"5s7sm4h73jkd9266","time":1607526069,"event":{"gold_per_floor":[117,117,117,131,131,131,131,131],"floor_reached":7,"playtime":308,"items_purged":[],"score":66,"play_id":"c60b6e75-3232-447c-beb1-e925f1ca867e","local_time":"20201209100109","is_ascension_mode":true,"campfire_choices":[{"data":"Toxic_Smoke_Screen","floor":6,"key":"SMITH"}],"neow_cost":"TEN_PERCENT_HP_LOSS","seed_source_timestamp":17766268569300,"circlet_count":0,"master_deck":["AscendersBane","Strike_G","Strike_G","Strike_G","Strike_G","Strike_G","Defend_G","Defend_G","Defend_G","Defend_G","Defend_G","Survivor","Neutralize","After Image","Slice","Injury","Toxic_Smoke_Screen+1"],"special_seed":0,"relics":["Ring of the Snake","hubris:DisguiseKit","Golden Idol"],"potions_floor_usage":[],"damage_taken":[{"damage":0.0,"enemies":"2 Louse","floor":1.0,"turns":3.0},{"damage":2,"enemies":"Small Slimes","floor":4,"turns":5},{"damage":59,"enemies":"Lagavulin","floor":7,"turns":14}],"seed_played":"-324568092876680050","potions_obtained":[],"is_trial":false,"path_per_floor":["M","?","?","M","?","R","E"],"character_chosen":"THE_SILENT","items_purchased":[],"campfire_rested":0,"item_purchase_floors":[],"current_hp_per_floor":[59,56,56,54,54,54,0,0],"gold":131,"neow_bonus":"THREE_RARE_CARDS","is_prod":false,"is_daily":false,"chose_seed":false,"campfire_upgraded":1,"win_rate":0,"timestamp":1607526069,"path_taken":["M","?","?","M","?","R","E"],"build_version":"2020-11-30","purchased_purges":0,"victory":false,"max_hp_per_floor":[60,60,60,60,60,60,60,60],"card_choices":[{"not_picked":["Doppelganger","Burst"],"picked":"After Image","floor":0.0},{"not_picked":["Escape Plan","hubris:SlightOfHand"],"picked":"Slice","floor":1.0},{"not_picked":["hubris:Counter","StuffTheSpire:Incantation","Bane"],"picked":"Toxic_Smoke_Screen","floor":4}],"player_experience":5267439,"relics_obtained":[],"event_choices":[{"damage_healed":0,"gold_gain":0,"player_choice":"Success","damage_taken":3,"relics_obtained":["hubris:DisguiseKit"],"max_hp_gain":0,"max_hp_loss":0,"event_name":"Scrap Ooze","floor":2,"gold_loss":0},{"damage_healed":0,"gold_gain":0,"player_choice":"Take Wound","damage_taken":0,"relics_obtained":["Golden Idol"],"max_hp_gain":0,"max_hp_loss":0,"event_name":"Golden Idol","floor":3,"gold_loss":0,"cards_obtained":["Injury"]},{"damage_healed":0,"gold_gain":0,"player_choice":"Ignored","damage_taken":0,"max_hp_gain":0,"max_hp_loss":0,"event_name":"Golden Wing","floor":5,"gold_loss":0}],"is_beta":false,"boss_relics":[],"items_purged_floors":[],"is_endless":false,"potions_floor_spawned":[],"killed_by":"Lagavulin","ascension_level":14}}