{"host":"o5jvvi5yapo90aia","time":1607476711,"event":{"gold_per_floor":[111,186,212,212,229,229,262,262,336,371,371,381,411,70,70,148,148,162,82,92,92,106,141,191,191,191],"floor_reached":25,"playtime":677,"items_purged":["Strike_B","Strike_B"],"score":624,"play_id":"6b83ef2e-2834-4aa0-a11e-a3aa7f4d3488","local_time":"20201209091831","is_ascension_mode":true,"campfire_choices":[{"floor":6.0,"key":"REST"},{"floor":8.0,"key":"REST"},{"data":"Strike_B","floor":15.0,"key":"PURGE"}],"neow_cost":"NONE","seed_source_timestamp":252891363307000,"circlet_count":0,"master_deck":["AscendersBane","Defend_B","Defend_B","Defend_B","Zap+1","Dualcast+1","Streamline+1","Ball Lightning+1","Phantasmal Killer+1","Coolheaded+1","MostiFishMod:Prepare+1","MostiFishMod:Distribution+1","Turbo+1","Recycle"],"special_seed":0,"relics":["DaveBox","testmod-TestBox","Fusion Hammer","ImprovedEquipment","testmod-BloodSacrificeSpiritualization","Question Card","Anchor","testmod-HeartOfDaVinci","Ninja Scroll","testmod-Alchemist","Bronze Scales","Sundial","ImportantClient","RhineCircuit","DataDisk"],"potions_floor_usage":[16,23,25],"damage_taken":[{"damage":7.0,"enemies":"2 Louse","floor":1.0,"turns":3.0},{"damage":7.0,"enemies":"Jaw Worm","floor":5.0,"turns":3.0},{"damage":38.0,"enemies":"Gremlin Nob","floor":7.0,"turns":4.0},{"damage":22.0,"enemies":"3 Sentries","floor":10.0,"turns":4.0},{"damage":7.0,"enemies":"Cultist","floor":12.0,"turns":1.0},{"damage":7.0,"enemies":"Gremlin Nob","floor":13.0,"turns":3.0},{"damage":0,"enemies":"Slime Boss","floor":16,"turns":4},{"damage":7,"enemies":"Spheric Guardian","floor":18,"turns":2},{"damage":7,"enemies":"Chosen","floor":20,"turns":3},{"damage":10,"enemies":"3 Cultists","floor":22,"turns":4},{"damage":16,"enemies":"Slavers","floor":23,"turns":5},{"damage":20,"enemies":"Book of Stabbing","floor":25,"turns":3}],"seed_played":"4737825995675601425","potions_obtained":[{"floor":1.0,"key":"SteroidPotion"},{"floor":7.0,"key":"DuplicationPotion"},{"floor":12.0,"key":"LiquidMemories"},{"floor":16,"key":"BlessingOfTheForge"},{"floor":23,"key":"SneckoOil"}],"is_trial":false,"path_per_floor":["M","?","T","?","M","R","E","R","T","E","?","M","E","$","R","B",null,"M","$","M","?","M","E","?","E"],"character_chosen":"DEFECT","items_purchased":["Sundial"],"campfire_rested":2,"item_purchase_floors":[14],"current_hp_per_floor":[58,47,47,40,34,55,18,39,39,18,18,12,6,6,6,6,55,49,49,43,43,34,19,19,0,0],"gold":191,"neow_bonus":"BOSS_RELIC","is_prod":false,"is_daily":false,"chose_seed":false,"campfire_upgraded":0,"win_rate":0,"timestamp":1607476711,"path_taken":["M","?","?","?","M","R","E","R","T","E","?","M","E","$","R","BOSS","M","$","M","?","M","E","?","E"],"build_version":"2020-11-30","purchased_purges":2,"victory":false,"max_hp_per_floor":[71,71,71,71,71,71,71,71,71,71,71,71,71,71,71,71,71,71,71,71,71,71,71,71,71,71],"card_choices":[{"not_picked":["Force Field","Storm","Rebound"],"picked":"SKIP","floor":1.0},{"not_picked":["Steam","Hologram","Stack"],"picked":"Streamline","floor":5.0},{"not_picked":["Beam Cell","Compile Driver","Leap"],"picked":"Ball Lightning","floor":7.0},{"not_picked":["Rebound","Force Field","Compile Driver","Streamline"],"picked":"SKIP","floor":10.0},{"not_picked":["Leap","Gash","Turbo"],"picked":"Coolheaded","floor":12.0},{"not_picked":["Rebound","Steam Power","MostiFishMod:Overload"],"picked":"MostiFishMod:Prepare","floor":13.0},{"not_picked":["MostiFishMod:ATRI","MostiFishMod:FluxCapactior","MostiFishMod:StarOceanB"],"picked":"MostiFishMod:Distribution","floor":16},{"not_picked":["Barrage","Go for the Eyes","Steam","Leap"],"picked":"SKIP","floor":18},{"not_picked":["Steam Power","Aggregate","Glacier","Go for the Eyes"],"picked":"SKIP","floor":20},{"not_picked":["Storm","Tempest+1","Hologram"],"picked":"Turbo","floor":22},{"not_picked":["Double Energy","Skim","Conserve Battery"],"picked":"Recycle","floor":23}],"player_experience":1241987,"relics_obtained":[{"floor":1.0,"key":"Question Card"},{"floor":3.0,"key":"Anchor"},{"floor":7.0,"key":"testmod-HeartOfDaVinci"},{"floor":9.0,"key":"Ninja Scroll"},{"floor":10.0,"key":"testmod-Alchemist"},{"floor":13.0,"key":"Bronze Scales"},{"floor":16,"key":"ImportantClient"},{"floor":23,"key":"DataDisk"}],"event_choices":[{"damage_healed":0.0,"max_hp_gain":0.0,"max_hp_loss":0.0,"gold_gain":75.0,"event_name":"World of Goop","player_choice":"Gather Gold","floor":2.0,"gold_loss":0.0,"damage_taken":11.0},{"cards_removed":["Strike_B"],"damage_healed":0.0,"max_hp_gain":0.0,"max_hp_loss":0.0,"gold_gain":0.0,"event_name":"Golden Wing","player_choice":"Card Removal","floor":4.0,"gold_loss":0.0,"damage_taken":7.0},{"damage_healed":0.0,"max_hp_gain":0.0,"max_hp_loss":0.0,"gold_gain":0.0,"event_name":"Shining Light","player_choice":"Ignored","floor":11.0,"gold_loss":0.0,"damage_taken":0.0},{"cards_removed":["Defend_B"],"damage_healed":0,"gold_gain":0,"player_choice":"Elegance","damage_taken":0,"max_hp_gain":0,"max_hp_loss":0,"event_name":"Back to Basics","floor":21,"gold_loss":0},{"damage_healed":0,"gold_gain":50,"player_choice":"Stole From Cult","damage_taken":0,"max_hp_gain":0,"max_hp_loss":0,"event_name":"Nest","floor":24,"gold_loss":0}],"is_beta":false,"boss_relics":[{"not_picked":["Mark of Pain","FixedStarFall"],"picked":"RhineCircuit"}],"items_purged_floors":[14,19],"is_endless":false,"potions_floor_spawned":[1,7,12,16,18,20,23],"killed_by":"Book of Stabbing","ascension_level":20}}