{"host":"zx10cf1fsoa3eqiy","time":1607492015,"event":{"gold_per_floor":[119,131,131,131,146,177,177,212,212,212,212],"floor_reached":10,"playtime":301,"items_purged":[],"score":87,"play_id":"d9cf98bf-d574-42ae-9bdb-46b791d1bfe0","local_time":"20201209133335","is_ascension_mode":true,"campfire_choices":[{"floor":7.0,"key":"REST"}],"neow_cost":"NONE","seed_source_timestamp":8563764382500,"circlet_count":0,"master_deck":["Strike_B","Strike_B","Strike_B","Strike_B","Defend_B","Defend_B","Defend_B","Defend_B","Zap","Dualcast","Consume","Auto Shields","Leap","Defragment","Heatsinks"],"special_seed":0,"relics":["Cracked Core","Tiny Chest","Nunchaku","Mercury Hourglass","Replay:Mystery Machine","Dream Catcher"],"potions_floor_usage":[],"damage_taken":[{"damage":3.0,"enemies":"Small Slimes","floor":1.0,"turns":4.0},{"damage":3.0,"enemies":"2 Louse","floor":2.0,"turns":2.0},{"damage":1.0,"enemies":"Cultist","floor":5.0,"turns":4.0},{"damage":47.0,"enemies":"Lagavulin","floor":6.0,"turns":9.0},{"damage":28.0,"enemies":"Gremlin Nob","floor":8.0,"turns":5.0},{"damage":16,"enemies":"3 Sentries","floor":10,"turns":4}],"seed_played":"682894958465570544","potions_obtained":[{"floor":1.0,"key":"SkillPotion"},{"floor":6.0,"key":"SpeedPotion"}],"is_trial":false,"path_per_floor":["M","M","?","?","M","E","R","E","T","E"],"character_chosen":"DEFECT","items_purchased":[],"campfire_rested":1,"item_purchase_floors":[],"current_hp_per_floor":[72,69,66,66,65,18,40,12,12,0,0],"gold":212,"neow_bonus":"RANDOM_COMMON_RELIC","is_prod":false,"is_daily":false,"chose_seed":false,"campfire_upgraded":0,"win_rate":0,"timestamp":1607492015,"path_taken":["M","M","?","?","M","E","R","E","T","E"],"build_version":"2020-11-30","purchased_purges":0,"victory":false,"max_hp_per_floor":[75,75,75,75,75,75,75,75,75,75,75],"card_choices":[{"not_picked":["FTL","Go for the Eyes"],"picked":"Consume","floor":1.0},{"not_picked":["Beam Cell","Compile Driver"],"picked":"Auto Shields","floor":2.0},{"not_picked":["Undo","Go for the Eyes"],"picked":"Leap","floor":5.0},{"not_picked":["Undo","Cold Snap"],"picked":"Defragment","floor":6.0},{"not_picked":["Hologram","Turbo"],"picked":"Heatsinks","floor":8.0}],"player_experience":224776,"relics_obtained":[{"floor":6.0,"key":"Mercury Hourglass"},{"floor":8.0,"key":"Replay:Mystery Machine"},{"floor":9.0,"key":"Dream Catcher"}],"event_choices":[{"damage_healed":0.0,"max_hp_gain":0.0,"max_hp_loss":0.0,"gold_gain":0.0,"event_name":"Scrap Ooze","player_choice":"Success","floor":3.0,"gold_loss":0.0,"damage_taken":3.0,"relics_obtained":["Nunchaku"]},{"damage_healed":0.0,"max_hp_gain":0.0,"max_hp_loss":0.0,"gold_gain":0.0,"event_name":"Golden Wing","player_choice":"Ignored","floor":4.0,"gold_loss":0.0,"damage_taken":0.0}],"is_beta":false,"boss_relics":[],"items_purged_floors":[],"is_endless":false,"potions_floor_spawned":[1,6],"killed_by":"3 Sentries","ascension_level":3}}