{"host":"69rply1jf2d1wbmp","time":1607536552,"event":{"gold_per_floor":[110,127,59,69,79,79,90,90,90,90,90,90,124,143,143,241,241,257,105,125,137,52,2,2,21,21,21,37,71,71,71,71,71,71],"floor_reached":33,"playtime":1020,"items_purged":["Defend_B"],"score":267,"play_id":"75bec011-c230-499f-83e1-046adfcd5905","local_time":"20201209125552","is_ascension_mode":false,"campfire_choices":[{"floor":6,"key":"REST"},{"floor":8,"key":"REST"},{"data":"Zap","floor":10,"key":"SMITH"},{"data":"Sunder","floor":12,"key":"SMITH"},{"data":"Loop","floor":15,"key":"SMITH"},{"floor":24,"key":"REST"},{"data":"Static Discharge","floor":27,"key":"SMITH"},{"floor":30,"key":"REST"},{"floor":32,"key":"RECALL"}],"neow_cost":"PERCENT_DAMAGE","seed_source_timestamp":993076008993300,"circlet_count":0,"master_deck":["Strike_B","Strike_B","Strike_B","Defend_B","Defend_B","Defend_B","Zap+1","Dualcast","Seek","FTL","Conserve Battery","Capacitor","Leap","Loop+1","Leap","Sunder+1","Static Discharge+1","Ball Lightning","Loop","Leap","Gash","Loop"],"relics":["Cracked Core","Incense Burner","Turnip","Philosopher\u0027s Stone","Lizard Tail","Juzu Bracelet"],"potions_floor_usage":[7,21,25,29,33],"damage_taken":[{"damage":8,"enemies":"2 Louse","floor":1,"turns":3},{"damage":0,"enemies":"Cultist","floor":2,"turns":3},{"damage":13,"enemies":"Jaw Worm","floor":4,"turns":4},{"damage":7,"enemies":"Large Slime","floor":5,"turns":5},{"damage":11,"enemies":"Lots of Slimes","floor":7,"turns":4},{"damage":9,"enemies":"3 Sentries","floor":13,"turns":6},{"damage":0,"enemies":"2 Fungi Beasts","floor":14,"turns":2},{"damage":45,"enemies":"The Guardian","floor":16,"turns":9},{"damage":8,"enemies":"2 Thieves","floor":18,"turns":4},{"damage":11,"enemies":"Shell Parasite","floor":20,"turns":3},{"damage":22,"enemies":"Shelled Parasite and Fungi","floor":21,"turns":5},{"damage":7,"enemies":"3 Cultists","floor":25,"turns":5},{"damage":8,"enemies":"Centurion and Healer","floor":28,"turns":8},{"damage":47,"enemies":"Slavers","floor":29,"turns":3},{"damage":66,"enemies":"Automaton","floor":33,"turns":6}],"seed_played":"-8980133802620165703","potions_obtained":[{"floor":2,"key":"FocusPotion"},{"floor":5,"key":"AttackPotion"},{"floor":13,"key":"Block Potion"},{"floor":20,"key":"Energy Potion"},{"floor":21,"key":"AttackPotion"},{"floor":25,"key":"Block Potion"},{"floor":28,"key":"Ancient Potion"}],"is_trial":false,"path_per_floor":["M","M","$","M","M","R","M","R","T","R","?","R","E","M","R","B",null,"M","$","M","M","?","?","R","M","T","R","M","E","R","?","R","B"],"character_chosen":"DEFECT","items_purchased":["Capacitor","Loop"],"campfire_rested":4,"item_purchase_floors":[3,19],"current_hp_per_floor":[46,46,46,33,26,48,37,59,59,59,59,59,50,50,50,5,75,67,67,56,34,34,34,56,49,49,49,41,37,59,59,59,0,0],"gold":71,"neow_bonus":"THREE_RARE_CARDS","is_prod":false,"is_daily":false,"chose_seed":false,"campfire_upgraded":4,"win_rate":0,"timestamp":1607536552,"path_taken":["M","M","$","M","M","R","M","R","T","R","?","R","E","?","R","BOSS","M","$","M","M","?","?","R","M","T","R","M","E","R","?","R","BOSS"],"build_version":"2020-11-30","purchased_purges":1,"victory":false,"max_hp_per_floor":[75,75,75,75,75,75,75,75,75,75,75,75,75,75,75,75,75,75,75,75,75,75,75,75,75,75,75,75,75,75,75,75,75,75],"card_choices":[{"not_picked":["Hyperbeam","Multi-Cast"],"picked":"Seek","floor":0},{"not_picked":["Coolheaded","Hologram"],"picked":"FTL","floor":1},{"not_picked":["Coolheaded","Ball Lightning"],"picked":"Conserve Battery","floor":2},{"not_picked":["Amplify","Blizzard"],"picked":"Leap","floor":4},{"not_picked":["Redo","Turbo"],"picked":"Loop","floor":5},{"not_picked":["Aggregate","Steam"],"picked":"Leap","floor":7},{"not_picked":["Compile Driver","Recycle"],"picked":"Static Discharge","floor":13},{"not_picked":["Leap","Stack"],"picked":"Ball Lightning","floor":14},{"not_picked":["Glacier","Compile Driver","Stack"],"picked":"SKIP","floor":18},{"not_picked":["Chaos","Reprogram+1"],"picked":"Leap","floor":20},{"not_picked":["Stack","Storm"],"picked":"Gash","floor":21},{"not_picked":["Cold Snap","Hologram"],"picked":"Loop","floor":25},{"not_picked":["Ball Lightning","Stack","Thunder Strike"],"picked":"SKIP","floor":28},{"not_picked":["Blizzard","Storm","FTL"],"picked":"SKIP","floor":29}],"player_experience":321504,"relics_obtained":[{"floor":9,"key":"Incense Burner"},{"floor":13,"key":"Turnip"},{"floor":29,"key":"Juzu Bracelet"}],"event_choices":[{"damage_healed":0,"gold_gain":0,"cards_transformed":["Strike_B"],"player_choice":"Transformed","damage_taken":0,"max_hp_gain":0,"max_hp_loss":0,"event_name":"Transmorgrifier","floor":11,"gold_loss":0,"cards_obtained":["Sunder"]},{"damage_healed":0,"gold_gain":0,"player_choice":"Obtained Relic","damage_taken":0,"relics_obtained":["Lizard Tail"],"max_hp_gain":0,"max_hp_loss":0,"event_name":"Addict","floor":22,"gold_loss":85},{"damage_healed":0,"gold_gain":0,"player_choice":"Bet on Murderer","damage_taken":0,"max_hp_gain":0,"max_hp_loss":0,"event_name":"The Joust","floor":23,"gold_loss":50},{"damage_healed":0,"gold_gain":0,"player_choice":"Ignored","damage_taken":0,"max_hp_gain":0,"max_hp_loss":0,"event_name":"Ghosts","floor":31,"gold_loss":0}],"is_beta":false,"boss_relics":[{"not_picked":["Velvet Choker","Calling Bell"],"picked":"Philosopher\u0027s Stone"}],"items_purged_floors":[19],"is_endless":false,"potions_floor_spawned":[2,5,13,20,21,25,28],"killed_by":"Automaton","ascension_level":0}}