{"host":"BK","time":1607483517,"event":{"gold_per_floor":[113,113,188,33,51,51,51,77,104,114,114,134,134,134],"floor_reached":13,"playtime":283,"items_purged":["Strike_G"],"score":166,"play_id":"6625b5c1-0b94-43e4-90f5-9a148b52bd7d","local_time":"20201208201157","is_ascension_mode":true,"campfire_choices":[{"floor":6.0,"key":"REST"}],"neow_cost":"NONE","seed_source_timestamp":9738262097700,"circlet_count":0,"master_deck":["AscendersBane","Strike_G+1","Strike_G","Strike_G","Strike_G","Defend_G","Defend_G","Defend_G","Defend_G","Defend_G+1","Survivor","Neutralize","Bane","All Out Attack+1","Acrobatics","Poisoned Stab","Well Laid Plans","Dagger Spray"],"special_seed":0,"relics":["Busted Crown","Bottled Lightning","Centennial Puzzle","Girya"],"potions_floor_usage":[13],"damage_taken":[{"damage":0.0,"enemies":"Jaw Worm","floor":1.0,"turns":4.0},{"damage":0.0,"enemies":"2 Louse","floor":5.0,"turns":2.0},{"damage":44.0,"enemies":"Lagavulin","floor":8.0,"turns":9.0},{"damage":0.0,"enemies":"Cultist","floor":10.0,"turns":3.0},{"damage":2.0,"enemies":"2 Fungi Beasts","floor":12.0,"turns":3.0},{"damage":1,"enemies":"Red Slaver","floor":13,"turns":3}],"seed_played":"6716282877464331524","potions_obtained":[{"floor":8.0,"key":"SteroidPotion"},{"floor":12.0,"key":"CultistPotion"}],"is_trial":false,"path_per_floor":["M","?","?","$","M","R","?","E","T","M","T","M","M"],"character_chosen":"THE_SILENT","items_purchased":["All Out Attack"],"campfire_rested":1,"item_purchase_floors":[4],"current_hp_per_floor":[59,39,28,28,28,47,47,3,3,3,3,1,0,0],"gold":134,"neow_bonus":"BOSS_RELIC","is_prod":false,"is_daily":false,"chose_seed":false,"campfire_upgraded":0,"win_rate":0,"timestamp":1607483517,"path_taken":["M","?","?","$","M","R","?","E","T","M","?","M","M"],"build_version":"2020-12-07","purchased_purges":1,"victory":false,"max_hp_per_floor":[66,66,66,66,66,66,66,66,66,66,66,66,66,66],"card_choices":[{"not_picked":[],"picked":"Bane","floor":1.0},{"not_picked":[],"picked":"Acrobatics","floor":5.0},{"not_picked":[],"picked":"Poisoned Stab","floor":8.0},{"not_picked":[],"picked":"Well Laid Plans","floor":10.0},{"not_picked":["Dagger Spray"],"picked":"SKIP","floor":12.0},{"not_picked":[],"picked":"Dagger Spray","floor":12.0}],"player_experience":2331182,"relics_obtained":[{"floor":8.0,"key":"Bottled Lightning"},{"floor":9.0,"key":"Centennial Puzzle"},{"floor":11.0,"key":"Girya"}],"event_choices":[{"damage_healed":0.0,"max_hp_gain":0.0,"max_hp_loss":0.0,"gold_gain":0.0,"event_name":"Shining Light","player_choice":"Entered Light","floor":2.0,"gold_loss":0.0,"damage_taken":20.0,"cards_upgraded":["Defend_G","Strike_G"]},{"damage_healed":0.0,"max_hp_gain":0.0,"max_hp_loss":0.0,"gold_gain":75.0,"event_name":"World of Goop","player_choice":"Gather Gold","floor":3.0,"gold_loss":0.0,"damage_taken":11.0},{"damage_healed":0.0,"max_hp_gain":0.0,"max_hp_loss":0.0,"gold_gain":0.0,"event_name":"Living Wall","player_choice":"Grow","floor":7.0,"gold_loss":0.0,"damage_taken":0.0,"cards_upgraded":["All Out Attack"]}],"is_beta":true,"boss_relics":[],"items_purged_floors":[4],"is_endless":false,"potions_floor_spawned":[8,12],"killed_by":"Red Slaver","ascension_level":20}}