{"host":"7dtjrvqh4jncvsue","time":1607484609,"event":{"gold_per_floor":[119,69,79,106,116,144,144,163,163,49,75,105,115,150,150,254,254,270,270,270,287,8,8,8,8,88,88,88],"floor_reached":27,"playtime":1883,"items_purged":["Defend_G"],"score":265,"play_id":"2ff331d4-b2a6-4e6c-866c-060ed5079a08","local_time":"20201208223009","is_ascension_mode":true,"campfire_choices":[{"floor":7,"key":"REST"},{"floor":15,"key":"REST"},{"data":"Noxious Fumes","floor":23,"key":"SMITH"},{"data":"Apotheosis","floor":25,"key":"SMITH"}],"neow_cost":"NONE","seed_source_timestamp":278880053332715,"circlet_count":0,"master_deck":["Defend_G","Defend_G","Defend_G","Defend_G","Survivor","Neutralize","Quick Slash","Backflip","Deadly Poison","Noxious Fumes+1","Quick Slash","Venomology","Night Terror","Infinite Blades+1","Bite","Bite","Bite","Bite","Bite","Apotheosis+1","Noxious Fumes","Deadly Poison","J.A.X.","Normality"],"relics":["Philosopher\u0027s Stone","Sundial","Incense Burner","Ice Cream","Ginger","Mummified Hand","Cursed Key","Ornamental Fan"],"potions_floor_usage":[16,16,21],"damage_taken":[{"damage":5,"enemies":"Jaw Worm","floor":1,"turns":6},{"damage":1,"enemies":"2 Louse","floor":3,"turns":4},{"damage":6,"enemies":"Small Slimes","floor":5,"turns":5},{"damage":17,"enemies":"3 Sentries","floor":6,"turns":13},{"damage":0,"enemies":"Blue Slaver","floor":8,"turns":4},{"damage":18,"enemies":"Lagavulin","floor":11,"turns":7},{"damage":1,"enemies":"Looter","floor":13,"turns":3},{"damage":5,"enemies":"Gremlin Nob","floor":14,"turns":4},{"damage":20,"enemies":"Slime Boss","floor":16,"turns":12},{"damage":35,"enemies":"Spheric Guardian","floor":18,"turns":6},{"damage":4,"enemies":"3 Byrds","floor":21,"turns":5},{"damage":68,"enemies":"Slavers","floor":27,"turns":4}],"seed_played":"-5853421437970957269","potions_obtained":[{"floor":5,"key":"FearPotion"},{"floor":11,"key":"AttackPotion"},{"floor":13,"key":"Energy Potion"},{"floor":14,"key":"DistilledChaos"}],"is_trial":false,"path_per_floor":["M","?","M","T","M","E","R","M","T","$","E","?","M","E","R","B",null,"M","?","?","M","$","R","?","R","T","E"],"character_chosen":"THE_SILENT","items_purchased":["Noxious Fumes","Apotheosis","Noxious Fumes","Deadly Poison"],"campfire_rested":2,"item_purchase_floors":[10,22,22,22],"current_hp_per_floor":[65,65,64,64,58,41,62,62,62,62,44,44,43,38,59,39,70,35,35,49,49,49,49,49,49,49,0,0],"gold":88,"neow_bonus":"BOSS_RELIC","is_prod":false,"is_daily":false,"chose_seed":false,"campfire_upgraded":2,"win_rate":0,"timestamp":1607484609,"path_taken":["M","?","M","?","?","E","R","M","T","$","E","?","M","E","R","BOSS","M","?","?","M","$","R","?","R","T","E"],"build_version":"2020-11-30","purchased_purges":1,"victory":false,"max_hp_per_floor":[70,70,70,70,70,70,70,70,70,70,70,70,70,70,70,70,70,70,49,49,49,49,49,49,49,49,49,49],"card_choices":[{"not_picked":["Cloak And Dagger","Expertise"],"picked":"Quick Slash","floor":1},{"not_picked":["Dodge and Roll","Deflect"],"picked":"Backflip","floor":3},{"not_picked":["Prepared","Caltrops"],"picked":"Deadly Poison","floor":5},{"not_picked":["Slice","Cloak And Dagger","Blur"],"picked":"SKIP","floor":6},{"not_picked":["Escape Plan","Reflex","A Thousand Cuts"],"picked":"SKIP","floor":8},{"not_picked":["Riddle With Holes","Underhanded Strike"],"picked":"Quick Slash","floor":11},{"not_picked":["Quick Slash","Flechettes","Sucker Punch"],"picked":"SKIP","floor":13},{"not_picked":["Dagger Spray","Finisher"],"picked":"Venomology","floor":14},{"not_picked":["Unload","Burst"],"picked":"Night Terror","floor":16},{"not_picked":["Blade Dance","Outmaneuver"],"picked":"Infinite Blades+1","floor":18},{"not_picked":["Outmaneuver","Flying Knee","Dagger Spray+1"],"picked":"SKIP","floor":21}],"player_experience":209636,"relics_obtained":[{"floor":6,"key":"Sundial"},{"floor":9,"key":"Incense Burner"},{"floor":11,"key":"Ice Cream"},{"floor":14,"key":"Mummified Hand"},{"floor":26,"key":"Ornamental Fan"}],"event_choices":[{"cards_removed":["Strike_G"],"damage_healed":0,"gold_gain":0,"player_choice":"Card Removal","damage_taken":0,"max_hp_gain":0,"max_hp_loss":0,"event_name":"The Cleric","floor":2,"gold_loss":50},{"damage_healed":0,"gold_gain":30,"player_choice":"Searched \u00272\u0027 times","damage_taken":0,"relics_obtained":["Ginger"],"max_hp_gain":0,"max_hp_loss":0,"event_name":"Dead Adventurer","floor":12,"gold_loss":0},{"damage_healed":0,"gold_gain":0,"player_choice":"Became a vampire","damage_taken":0,"max_hp_gain":0,"max_hp_loss":21,"event_name":"Vampires","floor":19,"gold_loss":0,"cards_obtained":["Bite","Bite","Bite","Bite","Bite"]},{"damage_healed":16,"gold_gain":0,"player_choice":"Heal","damage_taken":0,"max_hp_gain":0,"max_hp_loss":0,"event_name":"The Library","floor":20,"gold_loss":0},{"damage_healed":0,"gold_gain":0,"player_choice":"Obtain J.A.X.","damage_taken":0,"max_hp_gain":0,"max_hp_loss":0,"event_name":"Drug Dealer","floor":24,"gold_loss":0,"cards_obtained":["J.A.X."]}],"is_beta":false,"boss_relics":[{"not_picked":["SacredBark","Black Star"],"picked":"Cursed Key"}],"items_purged_floors":[10],"is_endless":false,"potions_floor_spawned":[5,11,13,14,21],"killed_by":"Slavers","ascension_level":1}}