{"host":"w4b7hmige5bnqipq","time":1607539023,"event":{"gold_per_floor":[109,109,123,136,61,61,88,88,169,181,207,217,217,249,249,353,353,371,371,371,371,391,418,430,464,464,479,490,42,59,86,86,187,187,198,217,244,256,256,281,281,307,330,330,330],"floor_reached":44,"playtime":1722,"items_purged":["Regret"],"score":888,"play_id":"680fb9f5-ae66-47dc-8389-054870e3256c","local_time":"20201210033703","is_ascension_mode":true,"campfire_choices":[{"data":"Bash","floor":6.0,"key":"SMITH"},{"data":"Fiend Fire","floor":8.0,"key":"SMITH"},{"data":"Flex","floor":13.0,"key":"SMITH"},{"data":"Shrug It Off","floor":15.0,"key":"SMITH"},{"data":"Infernal Blade","floor":32.0,"key":"SMITH"},{"data":"Shockwave","floor":41,"key":"SMITH"}],"neow_cost":"CURSE","seed_source_timestamp":2218639551853099,"circlet_count":0,"master_deck":["AscendersBane","Strike_R","Strike_R","Strike_R","Strike_R","Defend_R","Defend_R","Defend_R","Defend_R","Bash+1","Fiend Fire+1","Twin Strike","Shrug It Off+1","Shockwave+1","Flex+1","Impervious","Burning Pact","Bludgeon","Hemokinesis","RitualDagger","Feel No Pain","Carnage","Infernal Blade+1","Shrug It Off","Double Tap","True Grit+1","Disarm+1","Warcry+1"],"special_seed":0,"relics":["Burning Blood","Oddly Smooth Stone","Mercury Hourglass","Meat on the Bone","Mark of Pain","Enchiridion","Art of War","Bottled Tornado","Self Forming Clay","Bag of Preparation","Lizard Tail","Blood Vial","Coffee Dripper","Bag of Marbles","Girya","Centennial Puzzle"],"potions_floor_usage":[33,38,40],"damage_taken":[{"damage":12.0,"enemies":"Small Slimes","floor":1.0,"turns":4.0},{"damage":2.0,"enemies":"Cultist","floor":3.0,"turns":3.0},{"damage":4.0,"enemies":"Jaw Worm","floor":4.0,"turns":4.0},{"damage":36.0,"enemies":"Gremlin Nob","floor":7.0,"turns":5.0},{"damage":0.0,"enemies":"2 Fungi Beasts","floor":10.0,"turns":3.0},{"damage":11.0,"enemies":"3 Sentries","floor":11.0,"turns":5.0},{"damage":0.0,"enemies":"3 Louse","floor":12.0,"turns":2.0},{"damage":8.0,"enemies":"Lagavulin","floor":14.0,"turns":6.0},{"damage":12.0,"enemies":"The Guardian","floor":16.0,"turns":9.0},{"damage":24.0,"enemies":"2 Thieves","floor":18.0,"turns":4.0},{"damage":19.0,"enemies":"Shell Parasite","floor":22.0,"turns":3.0},{"damage":13.0,"enemies":"Slavers","floor":23.0,"turns":3.0},{"damage":2.0,"enemies":"Centurion and Healer","floor":24.0,"turns":5.0},{"damage":41.0,"enemies":"Gremlin Leader","floor":25.0,"turns":9.0},{"damage":17.0,"enemies":"Shelled Parasite and Fungi","floor":27.0,"turns":3.0},{"damage":15.0,"enemies":"Snake Plant","floor":28.0,"turns":3.0},{"damage":0.0,"enemies":"Centurion and Healer","floor":30.0,"turns":3.0},{"damage":2.0,"enemies":"Book of Stabbing","floor":31.0,"turns":4.0},{"damage":95,"enemies":"Champ","floor":33,"turns":13},{"damage":0,"enemies":"Orb Walker","floor":35,"turns":2},{"damage":6,"enemies":"3 Shapes","floor":36,"turns":4},{"damage":17,"enemies":"3 Darklings","floor":38,"turns":6},{"damage":34,"enemies":"Reptomancer","floor":40,"turns":8},{"damage":20,"enemies":"Nemesis","floor":42,"turns":7},{"damage":61,"enemies":"Giant Head","floor":44,"turns":7}],"seed_played":"4286860183354666002","potions_obtained":[{"floor":4.0,"key":"ElixirPotion"},{"floor":10.0,"key":"Fire Potion"},{"floor":11.0,"key":"EssenceOfSteel"},{"floor":12.0,"key":"DuplicationPotion"},{"floor":18.0,"key":"Swift Potion"},{"floor":24.0,"key":"AttackPotion"},{"floor":25.0,"key":"SpeedPotion"},{"floor":30.0,"key":"HeartOfIron"},{"floor":36,"key":"Swift Potion"},{"floor":38,"key":"Explosive Potion"},{"floor":42,"key":"SteroidPotion"}],"is_trial":false,"path_per_floor":["M","?","M","M","$","R","E","R","T","M","E","M","R","E","R","B",null,"M","?","?","?","M","E","M","E","T","M","M","$","M","E","R","B",null,"M","M","T","M","?","E","R","E","T","E"],"character_chosen":"IRONCLAD","items_purchased":["Bag of Preparation","Lizard Tail"],"campfire_rested":0,"item_purchase_floors":[29,29],"current_hp_per_floor":[66,80,80,80,80,80,50,50,50,56,51,57,57,55,55,49,72,54,48,32,32,31,36,52,29,29,30,33,33,51,55,55,21,65,73,75,75,66,66,52,52,52,52,0,0],"gold":330,"neow_bonus":"THREE_RARE_CARDS","is_prod":false,"is_daily":false,"chose_seed":false,"campfire_upgraded":6,"win_rate":0,"timestamp":1607539023,"path_taken":["M","?","M","M","$","R","E","R","T","M","E","?","R","E","R","BOSS","M","?","?","?","M","E","M","E","T","M","M","$","M","E","R","BOSS","M","M","?","M","?","E","R","E","T","E"],"build_version":"2020-11-30","purchased_purges":1,"victory":false,"max_hp_per_floor":[80,80,80,80,80,80,80,80,80,80,80,80,80,80,80,80,80,80,80,80,80,80,80,80,80,80,80,80,80,80,80,80,80,80,80,80,80,80,80,80,80,80,80,80,80],"card_choices":[{"not_picked":["Demon Form","Exhume"],"picked":"Fiend Fire","floor":0.0},{"not_picked":["Perfected Strike","Clash","Spot Weakness"],"picked":"SKIP","floor":1.0},{"not_picked":["Body Slam","Iron Wave"],"picked":"Twin Strike","floor":3.0},{"not_picked":["Infernal Blade","Iron Wave"],"picked":"Shrug It Off","floor":4.0},{"not_picked":["Rage","Clash"],"picked":"Shockwave","floor":7.0},{"not_picked":["Armaments","Perfected Strike","Havoc"],"picked":"SKIP","floor":10.0},{"not_picked":["Body Slam","Armaments","Flex"],"picked":"SKIP","floor":11.0},{"not_picked":["Body Slam","Armaments"],"picked":"Flex","floor":11.0},{"not_picked":["Pummel","Rupture"],"picked":"Impervious","floor":12.0},{"not_picked":["Clothesline","Whirlwind"],"picked":"Burning Pact","floor":14.0},{"not_picked":["Barricade","Feed"],"picked":"Bludgeon","floor":16.0},{"not_picked":["True Grit","Reckless Charge"],"picked":"Hemokinesis","floor":18.0},{"not_picked":["Perfected Strike+1","Clothesline","Rampage"],"picked":"SKIP","floor":22.0},{"not_picked":["Brutality","Seeing Red+1"],"picked":"Feel No Pain","floor":23.0},{"not_picked":["Cleave+1","Sword Boomerang+1","Anger"],"picked":"SKIP","floor":24.0},{"not_picked":["Sever Soul+1","Berserk"],"picked":"Carnage","floor":25.0},{"not_picked":["Clothesline","Body Slam"],"picked":"Infernal Blade","floor":27.0},{"not_picked":["Iron Wave","Flex+1"],"picked":"Shrug It Off","floor":28.0},{"not_picked":["Clothesline","Combust+1","Heavy Blade"],"picked":"SKIP","floor":30.0},{"not_picked":["Havoc","Heavy Blade","Perfected Strike"],"picked":"SKIP","floor":31.0},{"not_picked":["Impervious","Fiend Fire"],"picked":"Double Tap","floor":33},{"not_picked":["Thunderclap","Ghostly Armor+1"],"picked":"True Grit+1","floor":35},{"not_picked":["Burning Pact","Combust"],"picked":"Disarm+1","floor":36},{"not_picked":["Thunderclap","Ghostly Armor","Cleave"],"picked":"SKIP","floor":38},{"not_picked":["Pommel Strike","Searing Blow+1"],"picked":"Warcry+1","floor":40},{"not_picked":["Entrench","Anger+1","Shockwave"],"picked":"SKIP","floor":42}],"player_experience":357359,"relics_obtained":[{"floor":7.0,"key":"Oddly Smooth Stone"},{"floor":9.0,"key":"Mercury Hourglass"},{"floor":11.0,"key":"Meat on the Bone"},{"floor":20.0,"key":"Enchiridion"},{"floor":23.0,"key":"Art of War"},{"floor":25.0,"key":"Bottled Tornado"},{"floor":26.0,"key":"Self Forming Clay"},{"floor":31.0,"key":"Blood Vial"},{"floor":37,"key":"Bag of Marbles"},{"floor":40,"key":"Girya"},{"floor":42,"key":"Centennial Puzzle"}],"event_choices":[{"damage_healed":14.0,"max_hp_gain":0.0,"max_hp_loss":0.0,"gold_gain":0.0,"event_name":"Wheel of Change","player_choice":"Full Heal","floor":2.0,"gold_loss":0.0,"damage_taken":0.0},{"damage_healed":0.0,"max_hp_gain":0.0,"max_hp_loss":0.0,"gold_gain":0.0,"event_name":"Nest","player_choice":"Joined the Cult","floor":19.0,"gold_loss":0.0,"damage_taken":6.0,"cards_obtained":["RitualDagger"]},{"damage_healed":0.0,"max_hp_gain":0.0,"max_hp_loss":0.0,"gold_gain":0.0,"event_name":"Cursed Tome","player_choice":"Obtained Book","floor":20.0,"gold_loss":0.0,"damage_taken":16.0},{"cards_removed":["Strike_R"],"damage_healed":0.0,"max_hp_gain":0.0,"max_hp_loss":0.0,"gold_gain":0.0,"event_name":"Bonfire Elementals","player_choice":"Offered Basic","floor":21.0,"gold_loss":0.0,"damage_taken":0.0},{"damage_healed":0,"gold_gain":0,"player_choice":"0 cards matched","damage_taken":0,"max_hp_gain":0,"max_hp_loss":0,"event_name":"Match and Keep!","floor":39,"gold_loss":0,"cards_obtained":[]}],"is_beta":false,"boss_relics":[{"not_picked":["Astrolabe","Runic Pyramid"],"picked":"Mark of Pain"},{"not_picked":["SlaversCollar","Runic Dome"],"picked":"Coffee Dripper"}],"items_purged_floors":[5],"is_endless":false,"potions_floor_spawned":[4,10,11,12,18,24,25,30,36,38,42],"killed_by":"Giant Head","ascension_level":11}}