{"host":"vcrofm1hbk0ziuql","time":1607549952,"event":{"gold_per_floor":[109,109,109,129,141,173,186,186,186,186,186,186,202,234,234,234,234],"floor_reached":16,"playtime":917,"items_purged":[],"score":110,"play_id":"8fe67282-08f6-40e8-aed1-cd2b7910931d","local_time":"20201209213912","is_ascension_mode":false,"campfire_choices":[{"data":"Replay:DivineShield","floor":10,"key":"SMITH"},{"data":"Study","floor":12,"key":"SMITH"},{"data":"Evaluate","floor":15,"key":"SMITH"}],"neow_cost":"NONE","seed_source_timestamp":44492288133583,"circlet_count":0,"master_deck":["Strike_P","Strike_P+1","Strike_P","Defend_P","Defend_P","Defend_P","Defend_P+1","Eruption+1","Vigilance","Replay:Hum","Study+1","LikeWater","Replay:DivineShield+1","Evaluate+1"],"relics":["PureWater","MealTicket","Omamori","Bag of Preparation","Gremlin Horn","Snack Pack"],"potions_floor_usage":[7,16],"damage_taken":[{"damage":0,"enemies":"2 Louse","floor":1,"turns":3},{"damage":0,"enemies":"Small Slimes","floor":4,"turns":3},{"damage":0,"enemies":"Cultist","floor":5,"turns":2},{"damage":10,"enemies":"Lagavulin","floor":6,"turns":7},{"damage":7,"enemies":"Exordium Thugs","floor":7,"turns":5},{"damage":0,"enemies":"Blue Slaver","floor":13,"turns":4},{"damage":9,"enemies":"3 Sentries","floor":14,"turns":12},{"damage":37,"enemies":"Hexaghost","floor":16,"turns":14}],"seed_played":"4924853947805139641","potions_obtained":[{"floor":6,"key":"Explosive Potion"},{"floor":14,"key":"Swift Potion"}],"is_trial":false,"path_per_floor":["M","?","?","M","M","E","M","T","T","R","?","R","M","E","R","B"],"character_chosen":"WATCHER","items_purchased":[],"campfire_rested":0,"item_purchase_floors":[],"current_hp_per_floor":[72,58,58,58,58,48,41,41,41,41,41,41,41,32,32,0,0],"gold":234,"neow_bonus":"RANDOM_COMMON_RELIC","is_prod":false,"is_daily":false,"chose_seed":false,"campfire_upgraded":3,"win_rate":0,"timestamp":1607549952,"path_taken":["M","?","?","?","M","E","M","?","T","R","?","R","M","E","R","BOSS"],"build_version":"2020-11-30","purchased_purges":0,"victory":false,"max_hp_per_floor":[72,72,72,72,72,72,72,72,72,72,72,72,72,72,72,72,72],"card_choices":[{"not_picked":["PathToVictory","ThirdEye"],"picked":"Replay:Hum","floor":1},{"not_picked":["ThirdEye","JustLucky"],"picked":"Study","floor":4},{"not_picked":["Halt","EmptyFist"],"picked":"LikeWater","floor":5},{"not_picked":["Protect","Halt"],"picked":"Replay:DivineShield","floor":6},{"not_picked":["TalkToTheHand","JustLucky","Protect"],"picked":"SKIP","floor":7},{"not_picked":["SashWhip","Protect"],"picked":"Evaluate","floor":13},{"not_picked":["EmptyBody","Judgement","Meditate"],"picked":"SKIP","floor":14}],"player_experience":534379,"relics_obtained":[{"floor":6,"key":"Omamori"},{"floor":8,"key":"Bag of Preparation"},{"floor":9,"key":"Gremlin Horn"},{"floor":14,"key":"Snack Pack"}],"event_choices":[{"damage_healed":0,"gold_gain":0,"player_choice":"Entered Light","damage_taken":14,"max_hp_gain":0,"max_hp_loss":0,"event_name":"Shining Light","floor":2,"gold_loss":0,"cards_upgraded":["Strike_P","Defend_P"]},{"damage_healed":0,"gold_gain":0,"player_choice":"Upgraded","damage_taken":0,"max_hp_gain":0,"max_hp_loss":0,"event_name":"Upgrade Shrine","floor":3,"gold_loss":0,"cards_upgraded":["Eruption"]},{"cards_removed":["Strike_P"],"damage_healed":0,"gold_gain":0,"player_choice":"Offered Basic","damage_taken":0,"max_hp_gain":0,"max_hp_loss":0,"event_name":"Bonfire Elementals","floor":11,"gold_loss":0}],"is_beta":false,"boss_relics":[],"items_purged_floors":[],"is_endless":false,"potions_floor_spawned":[6,14],"killed_by":"Hexaghost","ascension_level":0}}