{"host":"gh0nmty43e3htft0","time":1607493418,"event":{"gold_per_floor":[128,139,157,0,0,0,32,51,51,69,69,30,30,49,49,158,158,169,23,38,38,38,38,68,167,191,191,101,116,145,159,159,267,267,289,41,97,97,120,120,120,120,120,120,142,200,219,55,55,63],"floor_reached":51,"playtime":5132,"items_purged":[],"score":615,"play_id":"26466a3f-bbbe-4121-b04c-bc306abd18e1","local_time":"20201209005658","is_ascension_mode":false,"campfire_choices":[{"data":"animator:Lancer","floor":6,"key":"SMITH"},{"floor":11,"key":"REST"},{"data":"animator:Aqua","floor":15,"key":"SMITH"},{"data":"animator:EmiyaShirou","floor":23,"key":"SMITH"},{"data":"animator:MetalKnight","floor":27,"key":"SMITH"},{"data":"animator:Kazuma","floor":32,"key":"SMITH"},{"floor":40,"key":"REST"},{"data":"animator:Megumin+5","floor":42,"key":"SMITH"},{"data":"animator:Megumin+6","floor":44,"key":"SMITH"},{"data":"animator:HarukoHaruhara","floor":49,"key":"SMITH"}],"neow_cost":"NONE","seed_source_timestamp":1685076704653500,"circlet_count":0,"master_deck":["animator:Strike_Konosuba","animator:Defend_Konosuba","animator:Kazuma+1","animator:Aqua+1","animator:HighElfArcher","animator:IzunaHatsuse+1","animator:Lancer+1","animator:HighElfArcher","animator:Millim+1","animator:Megumin+10","animator:Priestess+1","animator:GoblinSlayer","animator:LizardPriest","animator:Priestess","animator:GoblinSlayer","animator:DwarfShaman","animator:MetalKnight+1","animator:LeleiLaLalena","animator:Yoichi","animator:EmiyaShirou+1","animator:Kazuma+1","animator:Yoichi","animator:Chris","animator:Kazuma+1","animator:Rimuru","animator:ShinjiMatou","animator:Kagari","animator:ElricEdward+1","animator:DolaStephanie+1","animator:Priestess","animator:Benimaru","animator:DolaCouronne+1","animator:HarukoHaruhara+1"],"relics":["animator:LivingPicture","animator:TheMissingPiece","animator:PurgingStone","NeowsBlessing","MealTicket","TungstenRod","Eternal Feather","animator:RacePiece","Lizard Tail","War Paint","Velvet Choker","Anchor","Champion Belt","Vajra","FossilizedHelix"],"potions_floor_usage":[18,24,30,30,33,33,50,50,50],"damage_taken":[{"damage":0,"enemies":"2 Louse","floor":1,"turns":1},{"damage":0,"enemies":"Cultist","floor":2,"turns":1},{"damage":0,"enemies":"Small Slimes","floor":3,"turns":1},{"damage":42,"enemies":"Lagavulin","floor":7,"turns":10},{"damage":2,"enemies":"Looter","floor":8,"turns":3},{"damage":3,"enemies":"2 Fungi Beasts","floor":10,"turns":5},{"damage":16,"enemies":"Lots of Slimes","floor":14,"turns":4},{"damage":11,"enemies":"The Guardian","floor":16,"turns":15},{"damage":29,"enemies":"3 Byrds","floor":18,"turns":10},{"damage":0,"enemies":"Spheric Guardian","floor":20,"turns":3},{"damage":38,"enemies":"Gremlin Leader","floor":24,"turns":8},{"damage":6,"enemies":"Centurion and Healer","floor":29,"turns":6},{"damage":29,"enemies":"Cultist and Chosen","floor":30,"turns":6},{"damage":17,"enemies":"Snake Plant","floor":31,"turns":6},{"damage":12,"enemies":"Champ","floor":33,"turns":12},{"damage":2,"enemies":"Orb Walker","floor":35,"turns":6},{"damage":51,"enemies":"2 Orb Walkers","floor":37,"turns":6},{"damage":23,"enemies":"3 Shapes","floor":39,"turns":6},{"damage":35,"enemies":"Spire Growth","floor":45,"turns":6},{"damage":3,"enemies":"Mind Bloom Boss Battle","floor":46,"turns":9},{"damage":0,"enemies":"Jaw Worm Horde","floor":47,"turns":3},{"damage":71,"enemies":"Awakened One","floor":50,"turns":14}],"seed_played":"8962870515639346556","potions_obtained":[{"floor":1,"key":"SpeedPotion"},{"floor":8,"key":"PowerPotion"},{"floor":10,"key":"CultistPotion"},{"floor":14,"key":"AttackPotion"},{"floor":20,"key":"Energy Potion"},{"floor":29,"key":"Weak Potion"},{"floor":30,"key":"Dexterity Potion"},{"floor":37,"key":"Swift Potion"},{"floor":46,"key":"BlessingOfTheForge"},{"floor":47,"key":"Block Potion"}],"is_trial":false,"path_per_floor":["M","M","M","$","?","R","E","M","T","M","R","$","?","M","R","B",null,"M","$","M","?","?","R","E","?","T","R","?","M","M","M","R","B",null,"M","$","?","?","M","R","?","R","T","R","M","?","M","$","R","B",null],"character_chosen":"THE_ANIMATOR","items_purchased":["MealTicket","animator:Megumin","animator:MetalKnight","animator:LeleiLaLalena","Anchor","animator:Kagari","animator:HarukoHaruhara"],"campfire_rested":2,"item_purchase_floors":[4,12,19,19,36,36,48],"current_hp_per_floor":[66,66,66,66,66,66,26,26,26,25,53,66,54,41,50,42,67,39,54,57,57,46,58,23,23,23,35,35,32,6,29,44,35,73,73,73,28,28,8,47,47,62,62,73,41,41,41,56,73,11],"gold":63,"neow_bonus":"THREE_ENEMY_KILL","is_prod":false,"is_daily":false,"chose_seed":false,"campfire_upgraded":8,"win_rate":0.0,"timestamp":1607493418,"path_taken":["M","M","M","$","?","R","E","M","T","M","R","?","?","M","R","BOSS","M","$","M","?","?","R","E","?","T","R","?","M","M","M","R","BOSS","M","$","?","?","?","R","?","R","T","R","M","?","M","$","R","BOSS"],"build_version":"2020-11-30","purchased_purges":0,"victory":true,"max_hp_per_floor":[66,66,66,66,66,66,66,66,66,66,66,66,66,67,67,67,67,68,68,68,68,73,73,73,73,73,73,73,73,73,73,73,73,73,73,73,73,73,73,73,73,73,73,73,73,73,73,73,73,73],"card_choices":[{"not_picked":["animator:Gluttony","animator:GazelDwargon"],"picked":"animator:HighElfArcher","floor":1},{"not_picked":["animator:Demiurge","animator:RinTohsaka"],"picked":"animator:IzunaHatsuse","floor":2},{"not_picked":["animator:Cocytus","animator:Hakurou"],"picked":"animator:Lancer","floor":3},{"not_picked":["animator:GuildGirl","animator:LizardPriest"],"picked":"animator:HighElfArcher","floor":7},{"not_picked":["animator:ElricAlphonse","animator:Tatsumaki","animator:Sonic"],"picked":"SKIP","floor":8},{"not_picked":["animator:DolaCouronne","animator:WinryRockbell"],"picked":"animator:Millim","floor":10},{"not_picked":["animator:WinryRockbell","animator:Gluttony"],"picked":"animator:Priestess","floor":14},{"not_picked":["animator:Gilgamesh","animator:ItamiYouji"],"picked":"animator:GoblinSlayer","floor":16},{"not_picked":["animator:Witch","animator:Spearman"],"picked":"animator:DwarfShaman","floor":18},{"not_picked":["animator:Kuribayashi","animator:Mitsurugi"],"picked":"animator:Yoichi","floor":20},{"not_picked":["animator:Sebas","animator:ElricAlphonse"],"picked":"animator:Kazuma","floor":24},{"not_picked":["animator:ChlammyZell+1","animator:Genos"],"picked":"animator:Yoichi","floor":29},{"not_picked":["animator:Vanir","animator:YunYun"],"picked":"animator:Chris","floor":30},{"not_picked":["animator:NarberalGamma","animator:Genos"],"picked":"animator:Kazuma+1","floor":31},{"not_picked":["animator:Wiz","animator:Eris"],"picked":"animator:Rimuru","floor":33},{"not_picked":["animator:Entoma","animator:Demiurge+1"],"picked":"animator:ShinjiMatou","floor":35},{"not_picked":["animator:SilverFang","animator:Shigure+1"],"picked":"animator:ElricEdward+1","floor":37},{"not_picked":["animator:Assassin+1","animator:LizardPriest+1"],"picked":"animator:DolaStephanie+1","floor":39},{"not_picked":["animator:Witch","animator:LizardPriest"],"picked":"animator:Priestess","floor":45},{"not_picked":["animator:Shigure","animator:Caster"],"picked":"animator:Benimaru","floor":46},{"not_picked":["animator:LizardPriest","animator:Melzalgald"],"picked":"animator:DolaCouronne+1","floor":47}],"player_experience":142549,"relics_obtained":[{"floor":7,"key":"TungstenRod"},{"floor":9,"key":"Eternal Feather"},{"floor":24,"key":"Lizard Tail"},{"floor":26,"key":"War Paint"},{"floor":37,"key":"Champion Belt"},{"floor":43,"key":"Vajra"},{"floor":46,"key":"FossilizedHelix"}],"event_choices":[{"damage_healed":0,"gold_gain":0,"player_choice":"Ignored","damage_taken":0,"max_hp_gain":0,"max_hp_loss":0,"event_name":"NoteForYourself","floor":5,"gold_loss":0},{"damage_healed":0,"gold_gain":0,"player_choice":"Entered Light","damage_taken":13,"max_hp_gain":0,"max_hp_loss":0,"event_name":"Shining Light","floor":13,"gold_loss":0,"cards_upgraded":["animator:Millim","animator:Defend"]},{"damage_healed":0,"gold_gain":0,"player_choice":"Read","damage_taken":0,"max_hp_gain":0,"max_hp_loss":0,"event_name":"The Library","floor":21,"gold_loss":0,"cards_obtained":["animator:EmiyaShirou"]},{"damage_healed":0,"gold_gain":0,"player_choice":"Shed Blood","damage_taken":17,"max_hp_gain":5,"max_hp_loss":0,"event_name":"Forgotten Altar","floor":22,"gold_loss":0},{"damage_healed":0,"gold_gain":99,"player_choice":"Stole From Cult","damage_taken":0,"max_hp_gain":0,"max_hp_loss":0,"event_name":"Nest","floor":25,"gold_loss":0},{"cards_removed":["animator:Strike"],"damage_healed":0,"gold_gain":0,"player_choice":"Upgrade and Remove","damage_taken":0,"max_hp_gain":0,"max_hp_loss":0,"event_name":"Designer","floor":28,"gold_loss":90,"cards_upgraded":["animator:Priestess"]},{"damage_healed":0,"gold_gain":0,"player_choice":"Fight","damage_taken":0,"max_hp_gain":0,"max_hp_loss":0,"event_name":"Mysterious Sphere","floor":37,"gold_loss":0},{"cards_removed":["animator:Defend"],"damage_healed":0,"gold_gain":0,"player_choice":"Purged","damage_taken":0,"max_hp_gain":0,"max_hp_loss":0,"event_name":"Purifier","floor":38,"gold_loss":0},{"cards_removed":["animator:Defend"],"damage_healed":0,"gold_gain":0,"player_choice":"Removed Skill","damage_taken":0,"max_hp_gain":0,"max_hp_loss":0,"event_name":"Falling","floor":41,"gold_loss":0},{"damage_healed":0,"gold_gain":0,"player_choice":"Fight","damage_taken":0,"max_hp_gain":0,"max_hp_loss":0,"event_name":"MindBloom","floor":46,"gold_loss":0}],"is_beta":false,"boss_relics":[{"not_picked":["Ectoplasm","Runic Dome"],"picked":"animator:RacePiece"},{"not_picked":["Empty Cage","SacredBark"],"picked":"Velvet Choker"}],"items_purged_floors":[],"is_endless":false,"potions_floor_spawned":[1,8,10,14,20,29,30,37,46,47],"ascension_level":0}}