{"host":"Moondoggy","time":1607533507,"event":{"gold_per_floor":[119,119,138,138,153,153,165,165,191,191,205,205,205,205],"floor_reached":16,"playtime":1327,"items_purged":[],"score":90,"play_id":"45081c96-b03a-4928-8721-97570fdd1f53","local_time":"20201209120507","is_ascension_mode":false,"campfire_choices":[{"floor":6,"key":"REST"},{"floor":8,"key":"REST"},{"floor":15,"key":"REST"}],"neow_cost":"","seed_source_timestamp":329599369618400,"circlet_count":0,"master_deck":["Koishi:HeartAttack+1","ekkoTheBoyWhoShatteredTime:Strike","ekkoTheBoyWhoShatteredTime:Strike","ekkoTheBoyWhoShatteredTime:Strike","ekkoTheBoyWhoShatteredTime:Strike","ekkoTheBoyWhoShatteredTime:Strike","ekkoTheBoyWhoShatteredTime:Defend","ekkoTheBoyWhoShatteredTime:Defend","ekkoTheBoyWhoShatteredTime:Defend","ekkoTheBoyWhoShatteredTime:Defend","ekkoTheBoyWhoShatteredTime:TimeMaster","ekkoTheBoyWhoShatteredTime:TrinityForce","ekkoTheBoyWhoShatteredTime:IcebornGauntlet","ekkoTheBoyWhoShatteredTime:WideSlice","ekkoTheBoyWhoShatteredTime:Greed","ekkoTheBoyWhoShatteredTime:KeepingMomentum","ekkoTheBoyWhoShatteredTime:NaggingBlow","ekkoTheBoyWhoShatteredTime:NaggingBlow","ekkoTheBoyWhoShatteredTime:Vibin"],"relics":["ekkoTheBoyWhoShatteredTime:zDriveResonance","LagranYue:RandomDrawCardRelic","DemoMod:GnawedKey","Mango","Sling","LetterFromLob","Gensokyo:PortableGap","Juzu Bracelet","MagicBullet_r","ShedSkin_r"],"potions_floor_usage":[16],"damage_taken":[{"damage":0,"enemies":"Gensokyo:Gryphon","floor":1,"turns":1},{"damage":0,"enemies":"Gensokyo:Python","floor":3,"turns":2},{"damage":5,"enemies":"Gensokyo:3_Fairies","floor":5,"turns":4},{"damage":5,"enemies":"Gensokyo:Python_and_Kodama","floor":7,"turns":2},{"damage":3,"enemies":"Gensokyo:2_Rabbits","floor":14,"turns":2},{"damage":54,"enemies":"Gensokyo:Reimu","floor":16,"turns":11}],"seed_played":"5716752282207631032","potions_obtained":[{"floor":5,"key":"Strength Potion"},{"floor":14,"key":"DemoMod:LeadSkinPotion"}],"is_trial":false,"path_per_floor":["M","?","M","?","M","R","M","R","T","E","M","R","B"],"character_chosen":"EKKO_THE_BOY_WHO_SHATTERED_TIME","items_purchased":["DemoMod:GnawedKey","ekkoTheBoyWhoShatteredTime:AfterimageTease","Sling","ekkoTheBoyWhoShatteredTime:IcebornGauntlet"],"campfire_rested":3,"item_purchase_floors":[0,0,0,0],"current_hp_per_floor":[68,68,68,50,45,69,64,83,83,37,34,54,0,0],"gold":205,"neow_bonus":"","is_prod":false,"is_daily":false,"chose_seed":false,"campfire_upgraded":0,"win_rate":0.0,"timestamp":1607533507,"path_taken":["M","?","M","?","M","R","M","R","T","E","M","R","BOSS"],"build_version":"2020-12-07","purchased_purges":0,"victory":false,"max_hp_per_floor":[92,83,83,83,83,83,83,83,83,68,68,68,68,68],"card_choices":[{"not_picked":["ekkoTheBoyWhoShatteredTime:TimeRecall","ekkoTheBoyWhoShatteredTime:Process"],"picked":"ekkoTheBoyWhoShatteredTime:Greed","floor":1},{"not_picked":["ekkoTheBoyWhoShatteredTime:FeelIt","ekkoTheBoyWhoShatteredTime:Greed"],"picked":"ekkoTheBoyWhoShatteredTime:KeepingMomentum","floor":3},{"not_picked":["ekkoTheBoyWhoShatteredTime:HauntedAfterimage","ekkoTheBoyWhoShatteredTime:SktSynergy"],"picked":"ekkoTheBoyWhoShatteredTime:NaggingBlow","floor":5},{"not_picked":["ekkoTheBoyWhoShatteredTime:FeelIt","ekkoTheBoyWhoShatteredTime:Process"],"picked":"ekkoTheBoyWhoShatteredTime:NaggingBlow","floor":7},{"not_picked":["ekkoTheBoyWhoShatteredTime:Acceleration","ekkoTheBoyWhoShatteredTime:FluidEnergy"],"picked":"ekkoTheBoyWhoShatteredTime:Vibin","floor":14}],"player_experience":228417,"relics_obtained":[{"floor":1,"key":"LetterFromLob"}],"event_choices":[{"damage_healed":0,"gold_gain":0,"player_choice":"RE ","damage_taken":20,"relics_obtained":["Juzu Bracelet"],"max_hp_gain":0,"max_hp_loss":0,"event_name":"betterSkull:BetterSkull","floor":4,"gold_loss":0,"cards_upgraded":[]}],"is_beta":true,"boss_relics":[],"items_purged_floors":[],"is_endless":false,"potions_floor_spawned":[5,14],"killed_by":"Gensokyo:Reimu","ascension_level":0}}