{"host":"z26j60ycepuqi9th","time":1607533963,"event":{"gold_per_floor":[53,128,128,128,138,172,172,172,172,185,201,219,249,263,263,340,340,358,376,42,62,78,110,110,121,144,144,170,170,180,195,95,172,172,192,60,76,95,115,144,144,172,197,230,247,647,699,373,373,373,373,273,160,188,188],"floor_reached":56,"playtime":1715,"items_purged":["Survivor","Strike_G","Strike_G","Strike_G","Strike_G","Defend_G","Defend_G"],"score":2878,"play_id":"2ac1c4bb-a135-48dd-bf19-4b8a3b82c92d","local_time":"20201210011243","is_ascension_mode":true,"campfire_choices":[{"data":"SnafuTest:ShoulderSlam","floor":7.0,"key":"SMITH"},{"data":"Acrobatics","floor":15.0,"key":"SMITH"},{"data":"testmod-PainDetonator","floor":24.0,"key":"SMITH"},{"floor":27.0,"key":"RECALL"},{"data":"MostiFishMod:SephirahHod","floor":49,"key":"SMITH"}],"neow_cost":"NONE","seed_source_timestamp":26385805262900,"circlet_count":0,"master_deck":["AscendersBane","Defend_G","Defend_G","Defend_G","Neutralize+1","Escape Plan+1","SnafuTest:ShoulderSlam+1","Acrobatics+1","SnafuTest:FlashingRaid","testmod-PainDetonator+1","BattleHymn","SnafuTest:ShoulderSlam+1","MostiFishMod:SephirahHod+1"],"special_seed":0,"relics":["Ring of the Snake","Hammer of Thor","Seething Fire","Anvil of the Gods","testmod-TestBox","REME_ComplimentaryCards","testmod-BatchProcessingSystem","BionicSphere","Juzu Bracelet","Question Card","PrismaticShard","Juzu Bracelet","Dota2Spire:LinkenSphere","Bag of Marbles","ImportantClient","REME_LowDesire","Ancient Tea Set","Boot","Dota2Spire:Mjollnir","Blood Vial","Centennial Puzzle","MostiFishMod:Hod","BrkXgEgg","Smiling Mask","Nunchaku","testmod-OneHitWonder","Strawberry","DianDianMeat","Dota2Spire:Desolator","TheAbacus","Bag of Preparation"],"potions_floor_usage":[55,55],"damage_taken":[{"damage":0.0,"enemies":"Jaw Worm","floor":1.0,"turns":4.0},{"damage":0.0,"enemies":"Small Slimes","floor":5.0,"turns":4.0},{"damage":0.0,"enemies":"Gremlin Nob","floor":6.0,"turns":4.0},{"damage":0.0,"enemies":"Cultist","floor":10.0,"turns":2.0},{"damage":0.0,"enemies":"2 Fungi Beasts","floor":11.0,"turns":3.0},{"damage":0.0,"enemies":"Lots of Slimes","floor":12.0,"turns":4.0},{"damage":0.0,"enemies":"Lagavulin","floor":13.0,"turns":4.0},{"damage":0.0,"enemies":"Gremlin Gang","floor":14.0,"turns":3.0},{"damage":0.0,"enemies":"Slime Boss","floor":16.0,"turns":8.0},{"damage":0.0,"enemies":"Chosen","floor":18.0,"turns":2.0},{"damage":6.0,"enemies":"Shell Parasite","floor":19.0,"turns":4.0},{"damage":0.0,"enemies":"Cultist and Chosen","floor":21.0,"turns":4.0},{"damage":0.0,"enemies":"Snake Plant","floor":22.0,"turns":1.0},{"damage":0.0,"enemies":"Book of Stabbing","floor":23.0,"turns":3.0},{"damage":0.0,"enemies":"Centurion and Healer","floor":25.0,"turns":3.0},{"damage":0.0,"enemies":"Gremlin Leader","floor":28.0,"turns":4.0},{"damage":0.0,"enemies":"Snecko","floor":30.0,"turns":2.0},{"damage":0.0,"enemies":"Shelled Parasite and Fungi","floor":31.0,"turns":2.0},{"damage":0,"enemies":"Automaton","floor":33,"turns":3},{"damage":0,"enemies":"3 Shapes","floor":35,"turns":2},{"damage":0,"enemies":"3 Darklings","floor":37,"turns":3},{"damage":0,"enemies":"Spire Growth","floor":38,"turns":2},{"damage":0,"enemies":"Maw","floor":39,"turns":2},{"damage":0,"enemies":"Giant Head","floor":40,"turns":2},{"damage":0,"enemies":"Nemesis","floor":42,"turns":2},{"damage":0,"enemies":"Giant Head","floor":44,"turns":3},{"damage":0,"enemies":"3 Darklings","floor":45,"turns":2},{"damage":0,"enemies":"2 Orb Walkers","floor":47,"turns":2},{"damage":11,"enemies":"Time Eater","floor":50,"turns":3},{"damage":0,"enemies":"Shield and Spear","floor":54,"turns":2},{"damage":29,"enemies":"The Heart","floor":55,"turns":4}],"seed_played":"5219168441454694475","potions_obtained":[{"floor":6.0,"key":"Fire Potion"},{"floor":10.0,"key":"Poison Potion"},{"floor":12.0,"key":"testmod-TestPotion"}],"is_trial":false,"path_per_floor":["M","?","$","?","M","E","R","?","T","M","M","M","E","M","R","B",null,"M","M","$","M","M","E","R","M","T","R","E","?","M","M","R","B",null,"M","$","M","M","M","E","?","E","T","E","M","?","?","$","R","B",null,"R","$","E","B",null],"character_chosen":"THE_SILENT","items_purchased":["Dota2Spire:Mjollnir","BrkXgEgg","Dota2Spire:Desolator","TheAbacus"],"campfire_rested":0,"item_purchase_floors":[20,36,48,53],"current_hp_per_floor":[59,48,48,48,48,48,48,48,48,48,48,48,48,48,48,48,62,62,56,56,56,56,56,56,58,58,58,60,60,62,64,64,66,66,66,66,66,66,66,66,63,63,63,70,70,70,70,70,70,59,67,67,67,69,41],"gold":188,"neow_bonus":"UPGRADE_CARD","is_prod":false,"is_daily":false,"chose_seed":false,"campfire_upgraded":4,"win_rate":0,"timestamp":1607533963,"path_taken":["M","?","$","?","M","E","R","?","T","M","M","M","E","M","R","BOSS","M","M","?","M","M","E","R","M","T","R","E","?","M","M","R","BOSS","M","?","M","M","M","E","?","E","T","E","M","?","?","$","R","BOSS","R","$","E","BOSS"],"build_version":"2020-11-30","purchased_purges":7,"victory":true,"max_hp_per_floor":[66,66,66,66,66,66,66,66,66,66,66,66,66,66,66,66,66,66,66,66,66,66,66,66,66,66,66,66,66,66,66,66,66,66,66,66,66,66,66,66,63,63,63,70,70,70,70,70,70,70,70,70,70,70,70],"relic_stats":{"Blood Vial":13,"Centennial Puzzle":[6],"Nunchaku":[7],"TheAbacus":[30],"counters":[31,93],"Juzu Bracelet":1,"Bag of Preparation":[2],"Question Card":29,"Boot":[60],"Smiling Mask":625,"obtain_stats":[{"DaveBox":0,"testmod-BatchProcessingSystem":0,"Hammer of Thor":0,"Juzu Bracelet":1,"Bag of Preparation":54,"PrismaticShard":1,"Ancient Tea Set":17,"Boot":17,"Smiling Mask":40,"Blood Vial":23,"Centennial Puzzle":28,"Nunchaku":42,"TheAbacus":53,"Strawberry":44,"Dota2Spire:Mjollnir":20,"REME_LowDesire":17,"Ring of the Snake":0,"ImportantClient":16,"DianDianMeat":47,"MostiFishMod:Hod":34,"testmod-TestBox":0,"BrkXgEgg":36,"Seething Fire":0,"Question Card":1,"Anvil of the Gods":0,"BionicSphere":0,"Dota2Spire:LinkenSphere":9,"Bag of Marbles":13,"testmod-OneHitWonder":43,"REME_ComplimentaryCards":0,"Dota2Spire:Desolator":48},{"DaveBox":0,"testmod-BatchProcessingSystem":0,"Hammer of Thor":0,"Juzu Bracelet":1,"Bag of Preparation":30,"PrismaticShard":1,"Ancient Tea Set":9,"Boot":9,"Smiling Mask":24,"Blood Vial":14,"Centennial Puzzle":16,"Nunchaku":25,"TheAbacus":29,"Strawberry":26,"Dota2Spire:Mjollnir":11,"REME_LowDesire":9,"Ring of the Snake":0,"ImportantClient":9,"DianDianMeat":28,"MostiFishMod:Hod":19,"testmod-TestBox":0,"BrkXgEgg":20,"Seething Fire":0,"Question Card":1,"Anvil of the Gods":0,"BionicSphere":0,"Dota2Spire:LinkenSphere":3,"Bag of Marbles":7,"testmod-OneHitWonder":25,"REME_ComplimentaryCards":0,"Dota2Spire:Desolator":28},{"DaveBox":0,"testmod-BatchProcessingSystem":0,"Hammer of Thor":0,"Juzu Bracelet":3,"Bag of Preparation":89,"PrismaticShard":4,"Ancient Tea Set":36,"Boot":36,"Smiling Mask":75,"Blood Vial":50,"Centennial Puzzle":57,"Nunchaku":77,"TheAbacus":87,"Strawberry":80,"Dota2Spire:Mjollnir":42,"REME_LowDesire":36,"Ring of the Snake":0,"ImportantClient":36,"DianDianMeat":84,"MostiFishMod:Hod":64,"testmod-TestBox":0,"BrkXgEgg":66,"Seething Fire":0,"Question Card":4,"Anvil of the Gods":0,"BionicSphere":0,"Dota2Spire:LinkenSphere":12,"Bag of Marbles":25,"testmod-OneHitWonder":77,"REME_ComplimentaryCards":0,"Dota2Spire:Desolator":84}],"Ring of the Snake":[62]},"card_choices":[{"not_picked":["Endless Agony","Prepared"],"picked":"Escape Plan","floor":1.0},{"not_picked":["Wild Strike","Study","Tantrum"],"picked":"SnafuTest:ShoulderSlam","floor":5.0},{"not_picked":["Halt","MariMod:Mari_Slap","SnafuTest:PayHappyHour","MariMod:Mari_Its_Joke"],"picked":"SKIP","floor":6.0},{"not_picked":["MariMod:Mari_Pent_Up_Emotions","alterego_mod:HighServant","Purity","alterego_mod:Nekomimi"],"picked":"SKIP","floor":10.0},{"not_picked":["maniac:FoilArmor","Blood for Blood","DTMod:GhostSkin","alterego_mod:Smother"],"picked":"SKIP","floor":11.0},{"not_picked":["SnafuTest:FeignDeath","alterego_mod:Undulate","SnafuTest:SpellArcaneDomain","Go for the Eyes"],"picked":"SKIP","floor":12.0},{"not_picked":["alterego_mod:Pet","Conserve Battery","SnafuTest:PowerEquilibrium"],"picked":"Acrobatics","floor":13.0},{"not_picked":["MariMod:Mari_Choreography","maniac:UndyingDesire","alterego_mod:Santa"],"picked":"SnafuTest:FlashingRaid","floor":14.0},{"not_picked":["MariMod:Mari_Awe","Rebound","maniac:ListenToNone","MostiFishMod:ReprogramOld+1"],"picked":"testmod-PainDetonator","floor":18.0},{"not_picked":["maniac:ShatteredShield","Fire Breathing+1","maniac:UntravelledPath","SnafuTest:MercilessReaper","HandOfGreed"],"picked":"SKIP","floor":19.0},{"not_picked":["Hologram","Sweeping Beam+1","SnafuTest:SpellArcaneDomain+1","REME_Repentance","testmod-HeadAttack"],"picked":"SKIP","floor":21.0},{"not_picked":["Flex","alterego_mod:Bounce","testmod-LimitFlipper","alterego_mod:ChallengeComplete","REME_MagicPocketWatch"],"picked":"SKIP","floor":22.0},{"not_picked":["BowlingBash","Disarm","maniac:PanickyParry","DTMod:DeepFocus","MostiFishMod:MusicBox"],"picked":"SKIP","floor":23.0},{"not_picked":["SnafuTest:DesperateRemediation","REME_DataAnalysis","MariMod:Mari_Emotional_Episode","MariMod:Mari_Lie_In_Wait","Magnetism"],"picked":"SKIP","floor":25.0},{"not_picked":["Dagger Throw+1","Seek","SnafuTest:PayHappyHour","testmod-Automaton"],"picked":"BattleHymn","floor":28.0},{"not_picked":["alterego_mod:DeftHands","SnafuTest:SignQuen","SnafuTest:BombDevilsPuffball","Sweeping Beam+1","Dark Shackles"],"picked":"SKIP","floor":30.0},{"not_picked":["maniac:Blastwave","MariMod:Mari_Self_Care","Crescendo","alterego_mod:Swimsuit","Panache"],"picked":"SKIP","floor":31.0},{"not_picked":["SnafuTest:SpellTortoise","Rebound","DTMod:Weaken+1","SignatureMove","The Bomb"],"picked":"SKIP","floor":35},{"not_picked":["maniac:PanickyParry+1","Ghostly Armor","SnafuTest:MCPlayGwent","DTMod:Observe","testmod-PowerStrike+1"],"picked":"SKIP","floor":37},{"not_picked":["Iron Wave","DTMod:Cover","Ghostly Armor+1","DTMod:Feint","Metamorphosis+1"],"picked":"SKIP","floor":38},{"not_picked":["SnafuTest:MCMockAndRun","Beam Cell+1","maniac:UndyingDesire","InnerPeace","testmod-Illusory+1"],"picked":"SKIP","floor":39},{"not_picked":["MostiFishMod:LethalBlade+1","Wild Strike","alterego_mod:RidiculouslyBig+1","SnafuTest:MagePersecution+1","MostiFishMod:PerfectForm+1"],"picked":"SKIP","floor":40},{"not_picked":["Sword Boomerang","maniac:FindAShortcut","SnafuTest:SignYrden+1","maniac:HammerDown+1","MostiFishMod:Kaleido+1"],"picked":"SKIP","floor":42},{"not_picked":["MariMod:Mari_Glow","Stack","SnafuTest:FlashingRaid","Dodge and Roll","testmod-TreasureHunter+1"],"picked":"SKIP","floor":44},{"not_picked":["InnerPeace","Wild Strike","DTMod:Punisher","Fire Breathing","testmod-HandmadeProducts"],"picked":"SKIP","floor":45},{"not_picked":["MariMod:Mari_Reckless_Driving","maniac:WardAndDefend+1","MariMod:Mari_Glimmer","DTMod:ShieldDrain","testmod-Collector+1"],"picked":"SKIP","floor":54}],"player_experience":96563,"relics_obtained":[{"floor":1.0,"key":"Question Card"},{"floor":1.0,"key":"PrismaticShard"},{"floor":6.0,"key":"Juzu Bracelet"},{"floor":9.0,"key":"Dota2Spire:LinkenSphere"},{"floor":13.0,"key":"Bag of Marbles"},{"floor":16.0,"key":"ImportantClient"},{"floor":17.0,"key":"Ancient Tea Set"},{"floor":17.0,"key":"Boot"},{"floor":23.0,"key":"Blood Vial"},{"floor":28.0,"key":"Centennial Puzzle"},{"floor":40,"key":"Smiling Mask"},{"floor":42,"key":"Nunchaku"},{"floor":43,"key":"testmod-OneHitWonder"},{"floor":44,"key":"Strawberry"},{"floor":47,"key":"DianDianMeat"},{"floor":54,"key":"Bag of Preparation"}],"event_choices":[{"damage_healed":0.0,"max_hp_gain":0.0,"max_hp_loss":0.0,"gold_gain":75.0,"event_name":"World of Goop","player_choice":"Gather Gold","floor":2.0,"gold_loss":0.0,"damage_taken":11.0},{"damage_healed":0.0,"max_hp_gain":0.0,"max_hp_loss":0.0,"gold_gain":0.0,"event_name":"Living Wall","player_choice":"Grow","floor":4.0,"gold_loss":0.0,"damage_taken":0.0,"cards_upgraded":["Escape Plan"]},{"cards_removed":["Strike_G"],"damage_healed":0.0,"max_hp_gain":0.0,"max_hp_loss":0.0,"gold_gain":0.0,"event_name":"Purifier","player_choice":"Purged","floor":8.0,"gold_loss":0.0,"damage_taken":0.0},{"damage_healed":0.0,"max_hp_gain":0.0,"max_hp_loss":0.0,"gold_gain":0.0,"event_name":"Duplicator","player_choice":"Copied","floor":29.0,"gold_loss":0.0,"damage_taken":0.0,"cards_obtained":["SnafuTest:ShoulderSlam"]},{"damage_healed":0,"gold_gain":0,"player_choice":"Max HP","damage_taken":0,"max_hp_gain":0,"max_hp_loss":3,"event_name":"Winding Halls","floor":41,"gold_loss":0},{"damage_healed":0,"gold_gain":400,"player_choice":"Sell","damage_taken":0,"max_hp_gain":0,"max_hp_loss":0,"event_name":"¶÷ÂåË¹µÄÅÌ×Ó","floor":46,"relics_lost":["DaveBox"],"gold_loss":0},{"damage_healed":0,"gold_gain":0,"player_choice":"Fight","damage_taken":0,"max_hp_gain":0,"max_hp_loss":0,"event_name":"Mysterious Sphere","floor":47,"gold_loss":0}],"is_beta":false,"boss_relics":[{"not_picked":["BirthdayGift-Tetrahedron","GreenFoldingFan"],"picked":"REME_LowDesire"},{"not_picked":["testmod-StringDisintegrator","NightmareShop"],"picked":"MostiFishMod:Hod"}],"items_purged_floors":[20,32,48,48,52,52,53],"is_endless":false,"potions_floor_spawned":[6,10,11,12,18,21,30,33,37,38,45,54],"ascension_level":18}}