{"host":"5trcja4hacd149zc","time":1607489170,"event":{"gold_per_floor":[116,116,116,139,1,41,41,76,101,81,115,115,131,146,146,244,244,268,193,193,29,60,60,83,83,83,108,143,143,143,159,159,159,159],"floor_reached":33,"playtime":1204,"items_purged":["Strike_G"],"score":608,"play_id":"cd67f37c-1ad0-473a-b0cc-2e8425a6bb07","local_time":"20201208224610","is_ascension_mode":true,"campfire_choices":[{"data":"Deadly Poison","floor":7,"key":"SMITH"},{"data":"Catalyst","floor":12,"key":"SMITH"},{"data":"After Image","floor":15,"key":"SMITH"},{"data":"Noxious Fumes","floor":23,"key":"SMITH"},{"data":"Noxious Fumes","floor":25,"key":"SMITH"},{"data":"Neutralize","floor":30,"key":"SMITH"},{"floor":32,"key":"REST"}],"neow_cost":"NONE","seed_source_timestamp":33118544896373,"circlet_count":0,"master_deck":["AscendersBane","Strike_G","Strike_G","Defend_G","Defend_G","Defend_G","Defend_G","Defend_G","Survivor","Neutralize+1","Dagger Spray","Cloak And Dagger","Deadly Poison+1","Predator","PiercingWail","Catalyst+1","After Image+1","PiercingWail","Bane","Adrenaline","Noxious Fumes+1","Noxious Fumes+1","Cloak And Dagger","Blade Dance+1","Cloak And Dagger","Doppelganger"],"special_seed":0,"relics":["Ring of the Snake","NeowsBlessing","Golden Idol","Centennial Puzzle","Dream Catcher","PreservedInsect","Blood Vial","Philosopher\u0027s Stone","MutagenicStrength","Red Mask","The Courier","Boot","Vajra"],"potions_floor_usage":[8,18,22,31,33],"damage_taken":[{"damage":0.0,"enemies":"2 Louse","floor":1.0,"turns":1.0},{"damage":0.0,"enemies":"Jaw Worm","floor":4.0,"turns":1.0},{"damage":0.0,"enemies":"Gremlin Nob","floor":6.0,"turns":1.0},{"damage":18,"enemies":"3 Sentries","floor":8,"turns":10},{"damage":26,"enemies":"Lagavulin","floor":11,"turns":5},{"damage":0,"enemies":"Cultist","floor":13,"turns":2},{"damage":3,"enemies":"2 Fungi Beasts","floor":14,"turns":4},{"damage":7,"enemies":"Hexaghost","floor":16,"turns":10},{"damage":10,"enemies":"Chosen","floor":18,"turns":5},{"damage":21,"enemies":"Masked Bandits","floor":22,"turns":4},{"damage":5,"enemies":"2 Thieves","floor":24,"turns":4},{"damage":11,"enemies":"Book of Stabbing","floor":28,"turns":4},{"damage":23,"enemies":"Cultist and Chosen","floor":31,"turns":5},{"damage":28,"enemies":"Automaton","floor":33,"turns":6}],"seed_played":"-2430815571329450286","potions_obtained":[{"floor":1.0,"key":"PowerPotion"},{"floor":8,"key":"ColorlessPotion"},{"floor":10,"key":"Regen Potion"},{"floor":22,"key":"PowerPotion"},{"floor":31,"key":"Weak Potion"}],"is_trial":false,"path_per_floor":["M","$","?","M","$","E","R","E","T","?","E","R","M","M","R","B",null,"M","?","?","$","?","R","M","R","T","T","E","?","R","M","R","B"],"character_chosen":"THE_SILENT","items_purchased":["Deadly Poison","Predator","Noxious Fumes"],"campfire_rested":1,"item_purchase_floors":[5,5,21],"current_hp_per_floor":[59,59,59,59,59,59,59,41,41,41,15,15,17,16,16,11,48,40,40,40,40,35,35,32,32,32,32,23,23,23,2,20,0,0],"gold":159,"neow_bonus":"THREE_ENEMY_KILL","is_prod":false,"is_daily":false,"chose_seed":false,"campfire_upgraded":6,"win_rate":0,"timestamp":1607489170,"path_taken":["M","$","?","M","$","E","R","E","T","?","E","R","M","?","R","BOSS","M","?","?","$","?","R","M","R","T","?","E","?","R","?","R","BOSS"],"build_version":"2020-11-30","purchased_purges":1,"victory":false,"max_hp_per_floor":[66,66,60,60,60,60,60,60,60,60,60,60,60,60,60,60,60,60,60,60,60,60,60,60,60,60,60,60,60,60,60,60,60,60],"relic_stats":{"Blood Vial":18,"Centennial Puzzle":[30],"Dream Catcher":1,"counters":[14,62],"Golden Idol":87,"PreservedInsect":71,"Boot":[14],"obtain_stats":[{"NeowsBlessing":0,"Golden Idol":3,"Vajra":28,"PreservedInsect":9,"The Courier":26,"Boot":27,"Blood Vial":11,"Centennial Puzzle":6,"Dream Catcher":8,"MutagenicStrength":20,"Philosopher\u0027s Stone":17,"Red Mask":22,"Ring of the Snake":0},{"NeowsBlessing":0,"Golden Idol":1,"Vajra":12,"PreservedInsect":4,"The Courier":11,"Boot":11,"Blood Vial":5,"Centennial Puzzle":3,"Dream Catcher":4,"MutagenicStrength":9,"Philosopher\u0027s Stone":8,"Red Mask":10,"Ring of the Snake":0},{"NeowsBlessing":0,"Golden Idol":1,"Vajra":51,"PreservedInsect":13,"The Courier":47,"Boot":47,"Blood Vial":18,"Centennial Puzzle":3,"Dream Catcher":13,"MutagenicStrength":39,"Philosopher\u0027s Stone":34,"Red Mask":43,"Ring of the Snake":0}],"Ring of the Snake":[28]},"card_choices":[{"not_picked":["Finisher","Blade Dance"],"picked":"Dagger Spray","floor":1.0},{"not_picked":["Tools of the Trade","Deflect"],"picked":"Cloak And Dagger","floor":4.0},{"not_picked":["Sucker Punch","Prepared"],"picked":"PiercingWail","floor":6},{"not_picked":["Bullet Time","Expertise"],"picked":"Catalyst","floor":8},{"not_picked":["Tactician","Distraction"],"picked":"After Image","floor":11},{"not_picked":["Acrobatics","Slice"],"picked":"PiercingWail","floor":13},{"not_picked":["Eviscerate","Blade Dance"],"picked":"Bane","floor":14},{"not_picked":["Wraith Form v2","Malaise"],"picked":"Adrenaline","floor":16},{"not_picked":["Sucker Punch","Well Laid Plans"],"picked":"Noxious Fumes","floor":18},{"not_picked":["Dagger Spray","Setup"],"picked":"Cloak And Dagger","floor":22},{"not_picked":["Bane","Prepared"],"picked":"Blade Dance+1","floor":24},{"not_picked":["Distraction","Noxious Fumes"],"picked":"Cloak And Dagger","floor":28},{"not_picked":["Doppelganger","Dagger Throw","Flying Knee"],"picked":"SKIP","floor":31},{"not_picked":["Dagger Throw","Flying Knee"],"picked":"Doppelganger","floor":31}],"player_experience":740048,"relics_obtained":[{"floor":6,"key":"Centennial Puzzle"},{"floor":8,"key":"Dream Catcher"},{"floor":9,"key":"PreservedInsect"},{"floor":11,"key":"Blood Vial"},{"floor":22,"key":"Red Mask"},{"floor":26,"key":"The Courier"},{"floor":27,"key":"Boot"},{"floor":28,"key":"Vajra"}],"event_choices":[{"damage_healed":0.0,"max_hp_gain":0.0,"max_hp_loss":6.0,"gold_gain":0.0,"event_name":"Golden Idol","player_choice":"Lose Max HP","floor":3.0,"gold_loss":0.0,"damage_taken":0.0,"relics_obtained":["Golden Idol"]},{"damage_healed":0,"gold_gain":0,"player_choice":"Bought 1 Potion","damage_taken":0,"max_hp_gain":0,"max_hp_loss":0,"event_name":"The Woman in Blue","floor":10,"gold_loss":0},{"cards_removed":["Strike_G"],"damage_healed":0,"gold_gain":0,"player_choice":"Gave Gold","damage_taken":0,"max_hp_gain":0,"max_hp_loss":0,"event_name":"Beggar","floor":19,"gold_loss":75},{"damage_healed":0,"gold_gain":0,"player_choice":"Inject Mutagens","damage_taken":0,"relics_obtained":["MutagenicStrength"],"max_hp_gain":0,"max_hp_loss":0,"event_name":"Drug Dealer","floor":20,"gold_loss":0},{"damage_healed":0,"gold_gain":0,"player_choice":"Fought Bandits","damage_taken":0,"max_hp_gain":0,"max_hp_loss":0,"event_name":"Masked Bandits","floor":22,"gold_loss":0},{"cards_removed":["Strike_G"],"damage_healed":0,"gold_gain":0,"player_choice":"Offered Basic","damage_taken":0,"max_hp_gain":0,"max_hp_loss":0,"event_name":"Bonfire Elementals","floor":29,"gold_loss":0}],"is_beta":false,"boss_relics":[{"not_picked":["Black Star","Velvet Choker"],"picked":"Philosopher\u0027s Stone"}],"items_purged_floors":[21],"is_endless":false,"potions_floor_spawned":[1,8,11,13,22,31],"killed_by":"Automaton","ascension_level":20}}