{"host":"ecaj4hn004xnnrw9","time":1607542577,"event":{"gold_per_floor":[112,126,137,157,167,167,179,196,196,196,196],"floor_reached":10,"playtime":424,"items_purged":[],"score":89,"play_id":"a5dd66ef-8996-45d3-b74f-f93252d232d1","local_time":"20201209193617","is_ascension_mode":false,"campfire_choices":[{"data":"Negative_Energy_Sphere","floor":6,"key":"SMITH"}],"neow_cost":"NONE","seed_source_timestamp":15368352273000,"circlet_count":0,"master_deck":["Strike_W","Strike_W","Strike_W","Strike_W","Defend_W","Defend_W","Defend_W","Defend_W","Negative_Energy_Arrows","Bone_Wall","Negative_Energy_Javelin","Bones_to_Steel","Negative_Energy_Burst","Negative_Energy_Sphere+1","Shade_Step","Slay_Living","Bone_Shift"],"relics":["Vampire_Amulet","Happy Flower"],"potions_floor_usage":[10,10],"damage_taken":[{"damage":10,"enemies":"Jaw Worm","floor":1,"turns":5},{"damage":3,"enemies":"Small Slimes","floor":2,"turns":3},{"damage":3,"enemies":"2 Louse","floor":3,"turns":3},{"damage":7,"enemies":"Blue Slaver","floor":4,"turns":5},{"damage":8,"enemies":"Exordium Thugs","floor":5,"turns":5},{"damage":7,"enemies":"Looter","floor":7,"turns":3},{"damage":6,"enemies":"2 Fungi Beasts","floor":8,"turns":3},{"damage":13,"enemies":"Lagavulin","floor":10,"turns":7}],"seed_played":"-179289426029450082","potions_obtained":[{"floor":2,"key":"SneckoOil"},{"floor":7,"key":"Block Potion"},{"floor":8,"key":"BlessingOfTheForge"}],"is_trial":false,"path_per_floor":["M","M","M","M","M","R","M","M","T","E"],"character_chosen":"NECROMANCER","items_purchased":[],"campfire_rested":0,"item_purchase_floors":[],"current_hp_per_floor":[74,75,76,71,67,67,62,60,60,47,47],"gold":196,"neow_bonus":"TEN_PERCENT_HP_BONUS","is_prod":false,"is_daily":false,"chose_seed":false,"campfire_upgraded":1,"win_rate":0.0,"timestamp":1607542577,"path_taken":["M","M","M","M","M","R","M","M","T","E"],"build_version":"2020-11-30","purchased_purges":0,"victory":false,"max_hp_per_floor":[82,82,82,82,82,82,82,82,82,82,82],"card_choices":[{"not_picked":["Vampiric_Strike","Stop_Heart"],"picked":"Negative_Energy_Javelin","floor":1},{"not_picked":["Finger_Of_Death","Death_March_Dance"],"picked":"Bones_to_Steel","floor":2},{"not_picked":["Bone_Spikes","Blood_Curse"],"picked":"Negative_Energy_Burst","floor":3},{"not_picked":["Death_Coil","Bone_Bullets"],"picked":"Negative_Energy_Sphere","floor":4},{"not_picked":["Bones_to_Steel","Blood_Shield"],"picked":"Shade_Step","floor":5},{"not_picked":["Toxic_Smoke_Screen","Scare"],"picked":"Slay_Living","floor":7},{"not_picked":["Negative_Energy_Mist","Corrupt"],"picked":"Bone_Shift","floor":8}],"player_experience":140320,"relics_obtained":[{"floor":9,"key":"Happy Flower"}],"event_choices":[],"is_beta":false,"boss_relics":[],"items_purged_floors":[],"is_endless":false,"potions_floor_spawned":[2,7,8],"killed_by":"Lagavulin","ascension_level":0}}