{"host":"hx4olfpwxcse6xrc","time":1607485918,"event":{"gold_per_floor":[115,185,185,200,35,35,64,76,76,90,90,41,58,58,58],"floor_reached":14,"playtime":854,"items_purged":[],"score":115,"play_id":"dc8ccfb8-da8d-4b7f-8f47-984c939e4dea","local_time":"20201208205158","is_ascension_mode":false,"campfire_choices":[{"data":"hermit:BigShot","floor":6,"key":"SMITH"},{"data":"hermit:Deadeye","floor":11,"key":"SMITH"}],"neow_cost":"NONE","seed_source_timestamp":288957542165100,"circlet_count":0,"master_deck":["hermit:Strike_Hermit","hermit:Strike_Hermit","hermit:Strike_Hermit","hermit:Strike_Hermit","hermit:Defend_Hermit","hermit:Defend_Hermit","hermit:Defend_Hermit","hermit:Defend_Hermit","hermit:Snapshot+1","hermit:Covet","hermit:Vantage","hermit:TrackingShot","hermit:BigShot+1","hermit:WideOpen","hermit:PistolWhip","hermit:Ricochet","hermit:Combo","hermit:Deadeye+1","hermit:Headshot","hermit:Brawl"],"relics":["hermit:Momento","NeowsBlessing","Iron Hammer","Mirror"],"potions_floor_usage":[],"damage_taken":[{"damage":0,"enemies":"2 Louse","floor":1,"turns":1},{"damage":0,"enemies":"Small Slimes","floor":4,"turns":1},{"damage":0,"enemies":"Gremlin Nob","floor":7,"turns":1},{"damage":0,"enemies":"Cultist","floor":8,"turns":1},{"damage":23,"enemies":"Lots of Slimes","floor":10,"turns":4},{"damage":19,"enemies":"Exordium Thugs","floor":13,"turns":3},{"damage":18,"enemies":"3 Louse","floor":14,"turns":2}],"seed_played":"-6675788406465366906","potions_obtained":[{"floor":4,"key":"BlessingOfTheForge"},{"floor":8,"key":"LiquidMemories"}],"is_trial":false,"path_per_floor":["M","?","?","M","$","R","E","M","T","M","R","$","M","M"],"character_chosen":"HERMIT","items_purchased":["hermit:BigShot","hermit:WideOpen","hermit:PistolWhip","hermit:Headshot"],"campfire_rested":0,"item_purchase_floors":[5,5,5,12],"current_hp_per_floor":[75,75,75,75,75,75,75,75,75,52,52,52,33,15,15],"gold":58,"neow_bonus":"THREE_ENEMY_KILL","is_prod":false,"is_daily":false,"chose_seed":false,"campfire_upgraded":2,"win_rate":0,"timestamp":1607485918,"path_taken":["M","?","?","?","?","R","E","M","T","M","R","?","M","M"],"build_version":"2020-11-30","purchased_purges":0,"victory":false,"max_hp_per_floor":[75,75,75,75,75,75,75,75,75,75,75,75,75,75,75],"card_choices":[{"not_picked":["hermit:CalledShot","hermit:Desperado"],"picked":"hermit:Vantage","floor":1},{"not_picked":["hermit:Vantage","hermit:Snipe"],"picked":"hermit:TrackingShot","floor":4},{"not_picked":["hermit:Misfire","hermit:Quickdraw"],"picked":"hermit:Ricochet","floor":7},{"not_picked":["hermit:Dive","hermit:Determination"],"picked":"hermit:Combo","floor":8},{"not_picked":["hermit:Quickdraw","hermit:Ricochet"],"picked":"hermit:Deadeye","floor":10},{"not_picked":["hermit:Shortfuse","hermit:SprayPray"],"picked":"hermit:Brawl","floor":13}],"player_experience":487864,"relics_obtained":[{"floor":7,"key":"Iron Hammer"},{"floor":9,"key":"Mirror"}],"event_choices":[{"damage_healed":0,"gold_gain":70,"player_choice":"Gained Gold","damage_taken":0,"max_hp_gain":0,"max_hp_loss":0,"event_name":"Golden Wing","floor":2,"gold_loss":0},{"damage_healed":0,"gold_gain":0,"player_choice":"Forge","damage_taken":0,"max_hp_gain":0,"max_hp_loss":0,"event_name":"Accursed Blacksmith","floor":3,"gold_loss":0,"cards_upgraded":["hermit:Snapshot"]}],"is_beta":false,"boss_relics":[],"items_purged_floors":[],"is_endless":false,"potions_floor_spawned":[4,8],"killed_by":"3 Louse","ascension_level":0}}