{"host":"3q9keoo8j4hzgybw","time":1607513925,"event":{"gold_per_floor":[109,121,196,207,227,227,261,261,261,286,306,306,20,20,20,119,119,131,31,31,44,59,94,94,120,145,20,51,86,98,398,398,502,502,514,525,535,0,14,14,44,56,56,56,89,109,128,350,350,350],"floor_reached":51,"playtime":2513,"items_purged":["Defend_W","Defend_W","Defend_W","Greed_TH"],"score":947,"play_id":"93ed36df-c99e-4970-954c-010bc85ba619","local_time":"20201209123845","is_ascension_mode":true,"campfire_choices":[{"data":"Negative_Energy_Arrows","floor":6,"key":"SMITH"},{"floor":8,"key":"REST"},{"floor":12,"key":"REST"},{"data":"Summon_Vampire_Lady","floor":15,"key":"SMITH"},{"data":"Blood_Is_Power","floor":24,"key":"SMITH"},{"data":"Scare","floor":32,"key":"SMITH"},{"data":"Spectral_Armor","floor":40,"key":"SMITH"},{"data":"Negative_Energy_Sphere","floor":49,"key":"SMITH"}],"neow_cost":"NONE","seed_source_timestamp":87707855586200,"circlet_count":0,"master_deck":["Strike_W+1","Strike_W","Strike_W","Strike_W+1","Defend_W","Negative_Energy_Arrows+1","Bone_Wall","Blood_Is_Power+1","Spectral_Armor+1","Spectral_Armor+1","Spectral_Armor+1","Negative_Energy_Javelin","Blood_Whip","Scare+1","Life_Drain+1","Summon_Vampire_Lady+1","Bone_Spikes+1","Life_Drain+1","Parasite","Negative_Energy_Sphere+1","Summon_Lich+1"],"relics":["Vampire_Amulet","NeowsBlessing","Dream Catcher","Happy Flower","InkBottle","Busted Crown","Pen Nib","StoneCalendar","Orichalcum","Red Mask","Bottled Lightning","SlaversCollar","Torii","Strawberry","Frozen Egg 2","War Paint"],"potions_floor_usage":[10,10,50,50,50],"damage_taken":[{"damage":0,"enemies":"2 Louse","floor":1,"turns":1},{"damage":0,"enemies":"Cultist","floor":2,"turns":1},{"damage":0,"enemies":"Small Slimes","floor":4,"turns":1},{"damage":15,"enemies":"Exordium Thugs","floor":5,"turns":7},{"damage":7,"enemies":"3 Sentries","floor":7,"turns":10},{"damage":6,"enemies":"Lagavulin","floor":10,"turns":6},{"damage":6,"enemies":"Large Slime","floor":11,"turns":5},{"damage":24,"enemies":"Slime Boss","floor":16,"turns":12},{"damage":14,"enemies":"3 Byrds","floor":18,"turns":5},{"damage":7,"enemies":"Chosen","floor":21,"turns":4},{"damage":19,"enemies":"Snecko","floor":22,"turns":5},{"damage":11,"enemies":"Book of Stabbing","floor":23,"turns":5},{"damage":30,"enemies":"Gremlin Leader","floor":25,"turns":8},{"damage":15,"enemies":"Masked Bandits","floor":28,"turns":5},{"damage":25,"enemies":"Book of Stabbing","floor":29,"turns":5},{"damage":14,"enemies":"Centurion and Healer","floor":30,"turns":4},{"damage":32,"enemies":"Collector","floor":33,"turns":10},{"damage":38,"enemies":"3 Shapes","floor":35,"turns":4},{"damage":23,"enemies":"3 Darklings","floor":36,"turns":7},{"damage":45,"enemies":"Sphere and 2 Shapes","floor":37,"turns":6},{"damage":8,"enemies":"Transient","floor":39,"turns":5},{"damage":45,"enemies":"Reptomancer","floor":41,"turns":8},{"damage":41,"enemies":"Writhing Mass","floor":42,"turns":5},{"damage":33,"enemies":"Giant Head","floor":45,"turns":7},{"damage":8,"enemies":"Maw","floor":46,"turns":7},{"damage":8,"enemies":"Transient","floor":47,"turns":5},{"damage":110,"enemies":"Awakened One","floor":50,"turns":11}],"seed_played":"-5304567508830312258","potions_obtained":[{"floor":1,"key":"LiquidMemories"},{"floor":4,"key":"SmokeBomb"},{"floor":5,"key":"ColorlessPotion"},{"floor":10,"key":"Energy Potion"},{"floor":16,"key":"ColorlessPotion"},{"floor":18,"key":"PowerPotion"},{"floor":46,"key":"DuplicationPotion"}],"is_trial":false,"path_per_floor":["M","M","?","M","M","R","E","R","T","E","M","R","$","?","R","B",null,"M","$","?","M","M","E","R","E","T","$","?","E","M","?","R","B",null,"M","M","M","$","M","R","E","M","T","?","E","M","M","?","R","B",null],"character_chosen":"NECROMANCER","items_purchased":["Life_Drain","Summon_Vampire_Lady","Torii"],"campfire_rested":2,"item_purchase_floors":[13,13,38],"current_hp_per_floor":[75,75,68,72,61,61,60,75,75,71,69,75,75,60,60,65,75,75,75,75,75,69,74,74,69,69,69,75,69,75,75,75,75,75,55,62,46,36,62,62,61,44,44,44,48,67,82,82,82,24],"gold":350,"neow_bonus":"THREE_ENEMY_KILL","is_prod":false,"is_daily":false,"chose_seed":false,"campfire_upgraded":6,"win_rate":0,"timestamp":1607513925,"path_taken":["M","M","?","M","M","R","E","R","T","E","?","R","$","?","R","BOSS","M","$","?","M","M","E","R","E","T","?","?","E","M","?","R","BOSS","M","M","M","$","M","R","E","M","T","?","E","M","M","?","R","BOSS"],"build_version":"2020-11-30","purchased_purges":4,"victory":true,"max_hp_per_floor":[75,75,75,75,75,75,75,75,75,75,75,75,75,75,75,75,75,75,75,75,75,75,75,75,75,75,75,75,75,75,75,75,75,75,75,75,75,75,75,75,82,82,82,82,82,82,82,82,82,82],"card_choices":[{"not_picked":["Stop_Heart","Bone_Shift"],"picked":"Blood_Is_Power","floor":1},{"not_picked":["Blood_Whip","Death_March_Dance"],"picked":"Spectral_Armor","floor":2},{"not_picked":["Stop_Heart","Uncharnel","Bone_Prison"],"picked":"SKIP","floor":4},{"not_picked":["Death_Coil","Whirlwind_of_Bones"],"picked":"Spectral_Armor","floor":5},{"not_picked":["Epidemic","Bones_to_Steel"],"picked":"Spectral_Armor","floor":7},{"not_picked":["Chill_Blood","Bone_Shift"],"picked":"Negative_Energy_Javelin","floor":8},{"not_picked":["Finger_Of_Death","Consume_Illness"],"picked":"Blood_Whip","floor":10},{"not_picked":["Epidemic","Consume_Illness"],"picked":"Scare","floor":11},{"not_picked":["Death_Coil"],"picked":"SKIP","floor":18},{"not_picked":["Bone_Bullets"],"picked":"SKIP","floor":21},{"not_picked":["Uncharnel"],"picked":"SKIP","floor":22},{"not_picked":["Toxic_Smoke_Screen"],"picked":"SKIP","floor":23},{"not_picked":["Negative_Energy_Shield"],"picked":"SKIP","floor":25},{"not_picked":[],"picked":"Bone_Spikes+1","floor":28},{"not_picked":[],"picked":"Life_Drain+1","floor":29},{"not_picked":["Consume_Illness"],"picked":"SKIP","floor":30},{"not_picked":["Shackles_Of_Pain+1"],"picked":"SKIP","floor":35},{"not_picked":["Scare"],"picked":"SKIP","floor":36},{"not_picked":["Corrupt+1"],"picked":"SKIP","floor":37},{"not_picked":["Life_Drain"],"picked":"SKIP","floor":39},{"not_picked":["Slay_Living"],"picked":"SKIP","floor":41},{"not_picked":[],"picked":"Negative_Energy_Sphere","floor":42},{"not_picked":[],"picked":"Summon_Lich+1","floor":45},{"not_picked":["Life_Drain+1"],"picked":"SKIP","floor":46},{"not_picked":["Corrupt"],"picked":"SKIP","floor":47}],"player_experience":40815,"relics_obtained":[{"floor":7,"key":"Dream Catcher"},{"floor":9,"key":"Happy Flower"},{"floor":10,"key":"InkBottle"},{"floor":23,"key":"Pen Nib"},{"floor":25,"key":"StoneCalendar"},{"floor":26,"key":"Orichalcum"},{"floor":28,"key":"Red Mask"},{"floor":29,"key":"Bottled Lightning"},{"floor":41,"key":"Strawberry"},{"floor":43,"key":"Frozen Egg 2"},{"floor":45,"key":"War Paint"}],"event_choices":[{"damage_healed":0,"gold_gain":75,"player_choice":"Touch","damage_taken":7,"max_hp_gain":0,"max_hp_loss":0,"event_name":"FaceTrader","floor":3,"gold_loss":0},{"damage_healed":0,"gold_gain":0,"player_choice":"Entered Light","damage_taken":15,"max_hp_gain":0,"max_hp_loss":0,"event_name":"Shining Light","floor":14,"gold_loss":0,"cards_upgraded":["Strike_W","Strike_W"]},{"damage_healed":0,"gold_gain":0,"player_choice":"Upgraded","damage_taken":0,"max_hp_gain":0,"max_hp_loss":0,"event_name":"Upgrade Shrine","floor":20,"gold_loss":0,"cards_upgraded":["Life_Drain"]},{"damage_healed":0,"gold_gain":0,"player_choice":"Fought Bandits","damage_taken":0,"max_hp_gain":0,"max_hp_loss":0,"event_name":"Masked Bandits","floor":28,"gold_loss":0},{"damage_healed":0,"gold_gain":222,"player_choice":"Wore Mask","damage_taken":0,"max_hp_gain":0,"max_hp_loss":0,"event_name":"Tomb of Lord Red Mask","floor":48,"gold_loss":0}],"is_beta":false,"boss_relics":[{"not_picked":["SacredBark","Fusion Hammer"],"picked":"Busted Crown"},{"not_picked":["Snecko Eye","Astrolabe"],"picked":"SlaversCollar"}],"items_purged_floors":[13,19,27,38],"is_endless":false,"potions_floor_spawned":[1,4,5,10,16,18,23,29,30,35,41,45,46,47],"ascension_level":4}}