{"host":"f9ntswufr8mq3t4y","time":1607540966,"event":{"gold_per_floor":[11,11,29,47,47,47,76,76,101,101,101,101],"floor_reached":11,"playtime":333,"items_purged":[],"score":82,"play_id":"4d1355d1-6fe5-44b8-924d-93ca5c5a9163","local_time":"20201209220926","is_ascension_mode":true,"campfire_choices":[{"data":"Consume","floor":6,"key":"SMITH"},{"data":"Genetic Algorithm","floor":8,"key":"SMITH"}],"neow_cost":"NO_GOLD","seed_source_timestamp":47281963652500,"circlet_count":0,"master_deck":["Strike_B","Strike_B","Strike_B","Defend_B","Defend_B","Defend_B","Zap","Dualcast","Consume+1","White Noise+1","Genetic Algorithm+1"],"special_seed":0,"relics":["Cracked Core","Happy Flower","Oddly Smooth Stone","Anchor"],"potions_floor_usage":[],"damage_taken":[{"damage":3,"enemies":"Jaw Worm","floor":1,"turns":4},{"damage":10,"enemies":"Cultist","floor":3,"turns":5},{"damage":0,"enemies":"2 Louse","floor":4,"turns":1},{"damage":25,"enemies":"Lagavulin","floor":7,"turns":6},{"damage":42,"enemies":"3 Sentries","floor":11,"turns":6}],"seed_played":"2064512831185733900","potions_obtained":[{"floor":7,"key":"FocusPotion"}],"is_trial":false,"path_per_floor":["M","$","M","M","?","R","E","R","T","T","E"],"character_chosen":"DEFECT","items_purchased":[],"campfire_rested":0,"item_purchase_floors":[],"current_hp_per_floor":[72,72,62,62,62,62,37,37,37,37,0,0],"gold":101,"neow_bonus":"REMOVE_TWO","is_prod":false,"is_daily":false,"chose_seed":false,"campfire_upgraded":2,"win_rate":0,"timestamp":1607540966,"path_taken":["M","$","M","M","?","R","E","R","T","?","E"],"build_version":"2020-11-30","purchased_purges":0,"victory":false,"max_hp_per_floor":[75,75,75,75,75,75,75,75,75,75,75,75],"card_choices":[{"not_picked":["Streamline","Fusion"],"picked":"Consume","floor":1},{"not_picked":["Hologram","Stack","Leap"],"picked":"SKIP","floor":3},{"not_picked":["Go for the Eyes","Compile Driver"],"picked":"White Noise","floor":4},{"not_picked":["Fission","Conserve Battery"],"picked":"Genetic Algorithm","floor":7}],"player_experience":308341,"relics_obtained":[{"floor":7,"key":"Happy Flower"},{"floor":9,"key":"Oddly Smooth Stone"},{"floor":10,"key":"Anchor"}],"event_choices":[{"damage_healed":0,"gold_gain":0,"player_choice":"Grow","damage_taken":0,"max_hp_gain":0,"max_hp_loss":0,"event_name":"Living Wall","floor":5,"gold_loss":0,"cards_upgraded":["White Noise"]}],"is_beta":false,"boss_relics":[],"items_purged_floors":[],"is_endless":false,"potions_floor_spawned":[7],"killed_by":"3 Sentries","ascension_level":3}}