{"host":"28p8ce41sjwa6lzf","time":1607552965,"event":{"gold_per_floor":[112,112,130,149,165,197,209,253,265,277,35,55,75,106,106,185,185,197,197,247,260,260,260],"floor_reached":22,"playtime":1289,"items_purged":[],"score":462,"play_id":"06829735-7208-416f-8d44-ff74b24fc5b2","local_time":"20201209162925","is_ascension_mode":true,"campfire_choices":[{"floor":7.0,"key":"REST"},{"data":"Chaos","floor":10.0,"key":"SMITH"},{"data":"Hologram","floor":15.0,"key":"SMITH"}],"neow_cost":"NONE","seed_source_timestamp":32419090201300,"circlet_count":0,"master_deck":["AscendersBane","Strike_B","Strike_B","Strike_B","Strike_B","Defend_B","Defend_B","Defend_B","Defend_B","Zap","Dualcast","Glacier+1","Recycle","Leap","Self Repair","Chaos+1","Capacitor","Hologram+1","Static Discharge","White Noise","Biased Cognition","Heatsinks"],"special_seed":0,"relics":["Cracked Core","PreservedInsect","MawBank","Potion Belt","Regal Pillow","OrangePellets","InkBottle","Runic Pyramid"],"potions_floor_usage":[],"damage_taken":[{"damage":6.0,"enemies":"Cultist","floor":1.0,"turns":3.0},{"damage":14.0,"enemies":"2 Louse","floor":3.0,"turns":3.0},{"damage":0.0,"enemies":"Jaw Worm","floor":4.0,"turns":3.0},{"damage":19.0,"enemies":"Large Slime","floor":5.0,"turns":11.0},{"damage":16.0,"enemies":"Gremlin Nob","floor":6.0,"turns":4.0},{"damage":0.0,"enemies":"3 Sentries","floor":8.0,"turns":2.0},{"damage":2.0,"enemies":"Looter","floor":12.0,"turns":4.0},{"damage":9.0,"enemies":"Exordium Thugs","floor":13.0,"turns":5.0},{"damage":1.0,"enemies":"Lagavulin","floor":14.0,"turns":7.0},{"damage":43.0,"enemies":"The Guardian","floor":16.0,"turns":15.0},{"damage":0.0,"enemies":"Chosen","floor":18.0,"turns":9.0},{"damage":19,"enemies":"Spheric Guardian","floor":21,"turns":7},{"damage":31,"enemies":"Shelled Parasite and Fungi","floor":22,"turns":2}],"seed_played":"1343687126272700986","potions_obtained":[{"floor":4.0,"key":"LiquidBronze"},{"floor":6.0,"key":"PowerPotion"},{"floor":12.0,"key":"AttackPotion"},{"floor":13.0,"key":"ColorlessPotion"}],"is_trial":false,"path_per_floor":["M","?","M","M","M","E","R","E","T","R","$","M","M","E","R","B",null,"M","?","?","M","M"],"character_chosen":"DEFECT","items_purchased":["OrangePellets","Capacitor"],"campfire_rested":1,"item_purchase_floors":[11,11],"current_hp_per_floor":[58,58,44,44,25,9,30,37,37,37,37,42,40,46,46,10,56,63,43,43,31,0,0],"gold":260,"neow_bonus":"RANDOM_COMMON_RELIC","is_prod":false,"is_daily":false,"chose_seed":false,"campfire_upgraded":2,"win_rate":0,"timestamp":1607552965,"path_taken":["M","?","M","M","M","E","R","E","T","R","$","M","M","E","R","BOSS","M","?","?","M","M"],"build_version":"2020-11-30","purchased_purges":0,"victory":false,"max_hp_per_floor":[71,71,71,71,71,71,71,71,71,71,71,71,71,71,71,71,71,71,76,76,76,76,76],"relic_stats":{"OrangePellets":[9],"Regal Pillow":0,"counters":[13,75],"PreservedInsect":86,"MawBank":60,"obtain_stats":[{"Potion Belt":8,"OrangePellets":11,"Regal Pillow":9,"PreservedInsect":0,"Cracked Core":0,"MawBank":6,"InkBottle":14,"Runic Pyramid":17},{"Potion Belt":6,"OrangePellets":6,"Regal Pillow":6,"PreservedInsect":0,"Cracked Core":0,"MawBank":5,"InkBottle":9,"Runic Pyramid":10},{"Potion Belt":26,"OrangePellets":26,"Regal Pillow":26,"PreservedInsect":0,"Cracked Core":0,"MawBank":24,"InkBottle":42,"Runic Pyramid":57}],"InkBottle":[9]},"card_choices":[{"not_picked":["Gash","Loop"],"picked":"Glacier","floor":1.0},{"not_picked":["Darkness","Barrage"],"picked":"Recycle","floor":3.0},{"not_picked":["Barrage","Consume","Double Energy"],"picked":"SKIP","floor":4.0},{"not_picked":["Double Energy","Steam"],"picked":"Leap","floor":5.0},{"not_picked":["Coolheaded","Gash"],"picked":"Self Repair","floor":6.0},{"not_picked":["Glacier","Reprogram"],"picked":"Chaos","floor":8.0},{"not_picked":["Beam Cell","Coolheaded"],"picked":"Hologram","floor":12.0},{"not_picked":["Gash","Sweeping Beam"],"picked":"Static Discharge","floor":13.0},{"not_picked":["Sweeping Beam","Ball Lightning"],"picked":"White Noise","floor":14.0},{"not_picked":["Multi-Cast","Machine Learning"],"picked":"Biased Cognition","floor":16.0},{"not_picked":["Barrage","Force Field","Conserve Battery"],"picked":"SKIP","floor":18.0},{"not_picked":["Reprogram","Gash+1"],"picked":"Heatsinks","floor":21}],"player_experience":963904,"relics_obtained":[{"floor":6.0,"key":"MawBank"},{"floor":8.0,"key":"Potion Belt"},{"floor":9.0,"key":"Regal Pillow"},{"floor":14.0,"key":"InkBottle"}],"event_choices":[{"damage_healed":0.0,"max_hp_gain":0.0,"max_hp_loss":0.0,"gold_gain":0.0,"event_name":"Living Wall","player_choice":"Grow","floor":2.0,"gold_loss":0.0,"damage_taken":0.0,"cards_upgraded":["Glacier"]},{"damage_healed":0.0,"max_hp_gain":5.0,"max_hp_loss":0.0,"gold_gain":0.0,"event_name":"Forgotten Altar","player_choice":"Shed Blood","floor":19.0,"gold_loss":0.0,"damage_taken":25.0},{"damage_healed":0.0,"max_hp_gain":0.0,"max_hp_loss":0.0,"gold_gain":50.0,"event_name":"Nest","player_choice":"Stole From Cult","floor":20.0,"gold_loss":0.0,"damage_taken":0.0}],"is_beta":false,"boss_relics":[{"not_picked":["Black Star","FrozenCore"],"picked":"Runic Pyramid"}],"items_purged_floors":[],"is_endless":false,"potions_floor_spawned":[4,6,12,13],"killed_by":"Shelled Parasite and Fungi","ascension_level":20}}