{"host":"3j2m8n0ywf988fwb","time":1607500831,"event":{"gold_per_floor":[110,110,120,120,192,226,226,4,54,89,89,100,100,115,115,214,214,231,231,231],"floor_reached":19,"playtime":614,"items_purged":["Strike_MRS"],"score":210,"play_id":"f59553cd-28ae-4660-899f-784e93469842","local_time":"20201209020031","is_ascension_mode":true,"campfire_choices":[{"data":"MysteriousBeam","floor":7,"key":"SMITH"},{"data":"MasterSpark","floor":15,"key":"SMITH"}],"neow_cost":"NONE","seed_source_timestamp":181425530633800,"circlet_count":0,"master_deck":["Strike_MRS","Strike_MRS+1","Strike_MRS","Defend_MRS","Defend_MRS","Defend_MRS","Defend_MRS+1","MasterSpark+1","UpSweep","ManaConvection","MysteriousBeam+1","GravityBeat","DC","DeepEcoloBomb","StarBarrage","GrandCross","EscapeVelocity"],"relics":["MiniHakkero","NeowsBlessing","hubris:SlimyHat","CCEMRelics:SpiritsEdge","halation:LostSnail","Centennial Puzzle","Replay:Mystery Machine","SacredBark"],"potions_floor_usage":[],"damage_taken":[{"damage":0,"enemies":"2 Louse","floor":1,"turns":1},{"damage":0,"enemies":"Cultist","floor":3,"turns":1},{"damage":0,"enemies":"Gremlin Nob","floor":6,"turns":1},{"damage":31,"enemies":"3 Sentries","floor":10,"turns":4},{"damage":0,"enemies":"Jaw Worm","floor":12,"turns":1},{"damage":0,"enemies":"Large Slime","floor":14,"turns":2},{"damage":28,"enemies":"Hexaghost","floor":16,"turns":5},{"damage":20,"enemies":"2 Thieves","floor":18,"turns":2}],"seed_played":"-1980902742974114415","potions_obtained":[{"floor":1,"key":"BlessingOfTheForge"},{"floor":5,"key":"jedi:tentaclejuice"},{"floor":5,"key":"LifebloodPotion"},{"floor":12,"key":"Fire Potion"}],"is_trial":false,"path_per_floor":["M","?","M","?","?","E","R","$","T","E","$","M","?","M","R_BF","B",null,"M","?"],"character_chosen":"MARISA","items_purchased":["halation:LostSnail","DeepEcoloBomb"],"campfire_rested":0,"item_purchase_floors":[8,8],"current_hp_per_floor":[75,75,75,75,75,75,75,75,75,44,44,44,29,29,29,1,75,55,0,0],"gold":231,"neow_bonus":"THREE_ENEMY_KILL","is_prod":false,"is_daily":false,"chose_seed":false,"campfire_upgraded":2,"win_rate":0,"timestamp":1607500831,"path_taken":["M","?","?","?","?","E","R","$","T","E","?","M","?","?","R_BF","BOSS","M","?"],"build_version":"2020-11-30","purchased_purges":1,"victory":false,"max_hp_per_floor":[75,75,75,75,75,75,75,75,75,75,75,75,75,75,75,75,75,75,75,75],"relic_stats":{"Centennial Puzzle":[9],"counters":[8,17],"obtain_stats":[{"Centennial Puzzle":9,"NeowsBlessing":0,"SacredBark":17,"hubris:SlimyHat":5,"MiniHakkero":0,"halation:LostSnail":8,"Replay:Mystery Machine":10,"CCEMRelics:SpiritsEdge":6},{"Centennial Puzzle":3,"NeowsBlessing":0,"SacredBark":7,"hubris:SlimyHat":2,"MiniHakkero":0,"halation:LostSnail":3,"Replay:Mystery Machine":4,"CCEMRelics:SpiritsEdge":3},{"Centennial Puzzle":3,"NeowsBlessing":0,"SacredBark":15,"hubris:SlimyHat":2,"MiniHakkero":0,"halation:LostSnail":3,"Replay:Mystery Machine":7,"CCEMRelics:SpiritsEdge":3}]},"card_choices":[{"not_picked":["MilkyWay","GalacticHalo"],"picked":"ManaConvection","floor":1},{"not_picked":["EventHorizon","SprinkleStarSeal"],"picked":"MysteriousBeam","floor":3},{"not_picked":["SporeBomb","LuminesStrike"],"picked":"GravityBeat","floor":5},{"not_picked":["PowerUp","DarkMatter"],"picked":"DC","floor":6},{"not_picked":["BlazeAway","WitchOfGreed"],"picked":"StarBarrage","floor":10},{"not_picked":["UnstableBomb","AsteroidBelt"],"picked":"GrandCross","floor":12},{"not_picked":["LuminesStrike","WitchOfGreed","ShootingEcho"],"picked":"SKIP","floor":14},{"not_picked":["MillisecondPulsars","BinaryStars"],"picked":"EscapeVelocity","floor":16},{"not_picked":["Acceleration","SporeBomb+1","LuminesStrike"],"picked":"SKIP","floor":18}],"player_experience":946901,"relics_obtained":[{"floor":5,"key":"hubris:SlimyHat"},{"floor":6,"key":"CCEMRelics:SpiritsEdge"},{"floor":9,"key":"Centennial Puzzle"},{"floor":10,"key":"Replay:Mystery Machine"}],"event_choices":[{"damage_healed":0,"gold_gain":0,"player_choice":"Bought 0 Potions","damage_taken":0,"max_hp_gain":0,"max_hp_loss":0,"event_name":"The Woman in Blue","floor":2,"gold_loss":0},{"damage_healed":44,"gold_gain":0,"player_choice":"Upgrade","damage_taken":15,"max_hp_gain":0,"max_hp_loss":75,"event_name":"betterThird:BetterShining","floor":13,"gold_loss":0,"cards_upgraded":["Defend_MRS","Strike_MRS"]}],"is_beta":false,"boss_relics":[{"not_picked":["Sozu","energizedSpire:HugeHouse"],"picked":"SacredBark"}],"items_purged_floors":[8],"is_endless":false,"potions_floor_spawned":[1,12,16,18],"ascension_level":1}}