{"host":"mhzgc0zma59jtmoj","time":1607483129,"event":{"gold_per_floor":[110,60,60,60,60,60,60,82,82,118,43,218,248,249,249],"floor_reached":14,"playtime":809,"items_purged":["somnambulantmod: Defend_Somnambulant"],"score":82,"play_id":"a1e3fb40-e155-4a81-8b1e-06043fb0241f","local_time":"20201208220529","is_ascension_mode":false,"campfire_choices":[{"floor":6,"key":"REST"}],"neow_cost":"NONE","seed_source_timestamp":1663465401701400,"circlet_count":0,"master_deck":["somnambulantmod: SomnambulantStrike","somnambulantmod: SomnambulantStrike","somnambulantmod: SomnambulantStrike+1","somnambulantmod: SomnambulantStrike","somnambulantmod: Defend_Somnambulant+1","somnambulantmod: Defend_Somnambulant","somnambulantmod: Defend_Somnambulant","somnambulantmod: Defend_Somnambulant","somnambulantmod: QuickNap+1","somnambulantmod: PrimingPunch","somnambulantmod: LayeredDefense","TH:CursedSword","somnambulantmod: Hush","TH:CopperCoins","TH:EnergyPotion","somnambulantmod: Relive","Doubt"],"relics":["somnambulantmod: DreamJournal","Gremlin Horn","somnambulantmod: MemoirOfAnother","somnambulantmod: RunicStrip","Juzu Bracelet"],"potions_floor_usage":[],"damage_taken":[{"damage":2,"enemies":"2 Louse","floor":1,"turns":5},{"damage":38,"enemies":"The Mushroom Lair","floor":8,"turns":6},{"damage":22,"enemies":"Lagavulin","floor":10,"turns":12},{"damage":7,"enemies":"Small Slimes","floor":14,"turns":5}],"seed_played":"-8504740167907482997","potions_obtained":[{"floor":1,"key":"AttackPotion"},{"floor":8,"key":"Explosive Potion"}],"is_trial":false,"path_per_floor":["M","?","?","?","T","R","$","?","T","E","$","?","?","M"],"character_chosen":"THE_SOMNAMBULANT","items_purchased":[],"campfire_rested":1,"item_purchase_floors":[],"current_hp_per_floor":[75,75,60,42,42,67,67,29,29,7,7,7,7,0,0],"gold":249,"neow_bonus":"TEN_PERCENT_HP_BONUS","is_prod":false,"is_daily":false,"chose_seed":false,"campfire_upgraded":0,"win_rate":0,"timestamp":1607483129,"path_taken":["M","?","?","?","?","R","?","?","T","E","?","?","?","M"],"build_version":"2020-11-30","purchased_purges":1,"victory":false,"max_hp_per_floor":[77,77,77,77,77,79,79,79,79,79,79,79,79,79,79],"card_choices":[{"not_picked":["somnambulantmod: HorrificThought","somnambulantmod: ViralIdea"],"picked":"somnambulantmod: LayeredDefense","floor":1},{"not_picked":["TH:BikiniMail"],"picked":"TH:CursedSword","floor":5},{"not_picked":["somnambulantmod: ShowerThought","somnambulantmod: Trauma"],"picked":"somnambulantmod: Hush","floor":8},{"not_picked":["TH:BikiniMail"],"picked":"TH:CopperCoins","floor":9},{"not_picked":["TH:DeckOfManyThings"],"picked":"TH:EnergyPotion","floor":10},{"not_picked":["somnambulantmod: HappyThoughts","somnambulantmod: Remember"],"picked":"somnambulantmod: Relive","floor":10}],"player_experience":247987,"relics_obtained":[{"floor":5,"key":"somnambulantmod: MemoirOfAnother"},{"floor":9,"key":"somnambulantmod: RunicStrip"},{"floor":10,"key":"Juzu Bracelet"}],"event_choices":[{"cards_removed":["somnambulantmod: SomnambulantStrike"],"damage_healed":0,"gold_gain":0,"player_choice":"Card Removal","damage_taken":0,"max_hp_gain":0,"max_hp_loss":0,"event_name":"The Cleric","floor":2,"gold_loss":50},{"damage_healed":0,"gold_gain":0,"player_choice":"Entered Light","damage_taken":15,"max_hp_gain":0,"max_hp_loss":0,"event_name":"Shining Light","floor":3,"gold_loss":0,"cards_upgraded":["somnambulantmod: Defend_Somnambulant","somnambulantmod: SomnambulantStrike"]},{"damage_healed":0,"gold_gain":0,"player_choice":"Success","damage_taken":18,"relics_obtained":["Gremlin Horn"],"max_hp_gain":0,"max_hp_loss":0,"event_name":"Scrap Ooze","floor":4,"gold_loss":0},{"damage_healed":0,"gold_gain":0,"player_choice":"Fought Mushrooms","damage_taken":0,"max_hp_gain":0,"max_hp_loss":0,"event_name":"Mushrooms","floor":8,"gold_loss":0},{"damage_healed":0,"gold_gain":175,"player_choice":"AGREE","damage_taken":0,"max_hp_gain":0,"max_hp_loss":0,"event_name":"Liars Game","floor":12,"gold_loss":0,"cards_obtained":["Doubt"]},{"damage_healed":0,"gold_gain":30,"player_choice":"Searched \u00271\u0027 times","damage_taken":0,"max_hp_gain":0,"max_hp_loss":0,"event_name":"Dead Adventurer","floor":13,"gold_loss":0}],"is_beta":false,"boss_relics":[],"items_purged_floors":[11],"is_endless":false,"potions_floor_spawned":[1,8],"killed_by":"Small Slimes","ascension_level":0}}