{"host":"iy58fyt9wsbv4cf1","time":1607555185,"event":{"gold_per_floor":[112,62,237,237,237,237,270,87,87,122,146,165,196,216,216,340,340,365,170,193,213,228,261,261,261,285,300,300,313,313,336,336,460,460,475,475,489,510,167,167,207,2,2,2,22,69,82,37,37,37,37,37,37,72,72],"floor_reached":56,"playtime":1291,"items_purged":["Strike_B","Strike_B","Strike_B"],"score":1217,"play_id":"236e7178-4528-4f7f-9b8c-d782e07a62c5","local_time":"20201209180625","is_ascension_mode":false,"campfire_choices":[{"floor":6.0,"key":"REST"},{"floor":15.0,"key":"REST"},{"data":"Storm","floor":25.0,"key":"SMITH"},{"floor":30.0,"key":"REST"},{"data":"Storm","floor":32.0,"key":"SMITH"},{"data":"Amplify","floor":40.0,"key":"SMITH"},{"floor":44.0,"key":"REST"},{"floor":49.0,"key":"RECALL"},{"data":"Double Energy","floor":52.0,"key":"SMITH"}],"neow_cost":"","seed_source_timestamp":519497150013100,"circlet_count":0,"master_deck":["Defend_B","Defend_B","Defend_B","Defend_B","Zap","Dualcast","Storm+1","hubris:Ukulele","BootSequence","Storm+1","Buffer","Double Energy+1","Self Repair","Heatsinks","Amplify+1","Capacitor","Heatsinks+1","Consume+1","Conserve Battery","Skim","Biased Cognition","Storm+1","Capacitor","Defragment"],"special_seed":0,"relics":["Cracked Core","Membership Card","hubris:BallOfYels","DataDisk","Golden Idol","hubris:DeckOfHolding","Strawberry","PreservedInsect","Regal Pillow","Ice Cream","conspire:Flyswatter","conspire:TopHat","Bag of Preparation","conspire:Dentures","Happy Flower","Nunchaku","Mummified Hand","DollysMirror","Bottled Flame","Bronze Scales","Gambling Chip"],"potions_floor_usage":[],"damage_taken":[{"damage":1.0,"enemies":"Jaw Worm","floor":1.0,"turns":4.0},{"damage":14.0,"enemies":"Gremlin Nob","floor":7.0,"turns":4.0},{"damage":11.0,"enemies":"Lagavulin","floor":10.0,"turns":6.0},{"damage":0.0,"enemies":"2 Louse","floor":11.0,"turns":1.0},{"damage":0.0,"enemies":"Small Slimes","floor":12.0,"turns":3.0},{"damage":5.0,"enemies":"Gremlin Nob","floor":13.0,"turns":4.0},{"damage":0.0,"enemies":"Exordium Wildlife","floor":14.0,"turns":2.0},{"damage":35.0,"enemies":"Slime Boss","floor":16.0,"turns":5.0},{"damage":0.0,"enemies":"Shell Parasite","floor":18.0,"turns":2.0},{"damage":11.0,"enemies":"conspire:FuzzyDice","floor":20.0,"turns":3.0},{"damage":18.0,"enemies":"Snake Plant","floor":21.0,"turns":3.0},{"damage":18.0,"enemies":"3 Cultists","floor":22.0,"turns":3.0},{"damage":3.0,"enemies":"conspire:SneckoGhost","floor":23.0,"turns":3.0},{"damage":12.0,"enemies":"Sentry and Sphere","floor":27.0,"turns":4.0},{"damage":17.0,"enemies":"Snake Plant","floor":29.0,"turns":3.0},{"damage":17.0,"enemies":"Centurion and Healer","floor":31.0,"turns":3.0},{"damage":21.0,"enemies":"hubris:MusketHawk","floor":33.0,"turns":5.0},{"damage":16.0,"enemies":"3 Darklings","floor":35.0,"turns":2.0},{"damage":0.0,"enemies":"Orb Walker","floor":37.0,"turns":2.0},{"damage":25.0,"enemies":"Spire Growth","floor":38.0,"turns":3.0},{"damage":38.0,"enemies":"Nemesis","floor":41.0,"turns":3.0},{"damage":0.0,"enemies":"Jaw Worm Horde","floor":45.0,"turns":2.0},{"damage":0.0,"enemies":"Maw","floor":47.0,"turns":3.0},{"damage":6.0,"enemies":"hubris:GrandSnecko","floor":50.0,"turns":2.0},{"damage":0.0,"enemies":"Shield and Spear","floor":54.0,"turns":2.0},{"damage":63,"enemies":"The Heart","floor":55,"turns":3}],"seed_played":"3357571754842727426","potions_obtained":[{"floor":1.0,"key":"SpeedPotion"},{"floor":14.0,"key":"FearPotion"},{"floor":16.0,"key":"SmokeBomb"},{"floor":21.0,"key":"EntropicBrew"},{"floor":22.0,"key":"EntropicBrew"},{"floor":31.0,"key":"Swift Potion"},{"floor":33.0,"key":"Swift Potion"},{"floor":38.0,"key":"BlessingOfTheForge"}],"is_trial":false,"path_per_floor":["M","?","?","?","?","R","E","$","T","E","M","M","E","M","R","B",null,"M","$","M","M","M","E","?","R","T","M","?","M","R","M","R","B",null,"M","?","M","M","$","R","E","$","T","R","M","T","M","$","R","B",null,"R","$","E","B",null],"character_chosen":"DEFECT","items_purchased":["Membership Card","Storm","hubris:Ukulele","BootSequence","hubris:BallOfYels","DataDisk","Double Energy","Self Repair","Strawberry","Ice Cream","Bag of Preparation","conspire:Dentures","Happy Flower","Mummified Hand","DollysMirror","Defragment"],"campfire_rested":4,"item_purchase_floors":[0,0,0,0,0,0,8,8,8,19,39,39,39,42,42,48],"current_hp_per_floor":[39,39,39,21,14,36,22,29,29,25,25,32,34,34,73,45,82,82,82,71,53,35,32,32,32,32,27,27,17,56,46,46,32,82,66,58,58,40,40,40,9,9,9,48,48,48,55,55,55,49,82,82,82,82,19],"gold":72,"neow_bonus":"","is_prod":false,"is_daily":false,"chose_seed":false,"campfire_upgraded":4,"win_rate":0,"timestamp":1607555185,"path_taken":["M","?","?","?","?","R","E","$","T","E","?","M","E","M","R","BOSS","M","$","M","M","M","E","?","R","T","M","?","M","R","M","R","BOSS","M","?","M","M","$","R","E","?","T","R","M","?","M","$","R","BOSS","R","$","E","BOSS"],"build_version":"2020-11-30","purchased_purges":3,"victory":true,"max_hp_per_floor":[75,75,75,75,75,75,75,82,82,82,82,82,82,82,82,82,82,82,82,82,82,82,82,82,82,82,82,82,82,82,82,82,82,82,82,82,82,82,82,82,82,82,82,82,82,82,82,82,82,82,82,82,82,82,82],"card_choices":[{"not_picked":["Barrage","Go for the Eyes"],"picked":"Storm","floor":1.0},{"not_picked":["Gash","Ball Lightning"],"picked":"Buffer","floor":7.0},{"not_picked":["Stack","Redo","Steam Power"],"picked":"SKIP","floor":10.0},{"not_picked":["Conserve Battery","Gash","Redo"],"picked":"SKIP","floor":11.0},{"not_picked":["Redo","Chill","Cold Snap"],"picked":"SKIP","floor":12.0},{"not_picked":["Hologram","Meteor Strike"],"picked":"Heatsinks","floor":13.0},{"not_picked":["Beam Cell","Go for the Eyes","Sweeping Beam"],"picked":"SKIP","floor":14.0},{"not_picked":["All For One","Buffer"],"picked":"Amplify","floor":16.0},{"not_picked":["Compile Driver+1","Redo+1","Stack"],"picked":"SKIP","floor":18.0},{"not_picked":["Conserve Battery","Chaos"],"picked":"Capacitor","floor":20.0},{"not_picked":["Steam","Steam Power"],"picked":"Heatsinks+1","floor":21.0},{"not_picked":["Stack","Turbo+1"],"picked":"Consume+1","floor":22.0},{"not_picked":["hubris:PowerSurge","Turbo"],"picked":"Conserve Battery","floor":23.0},{"not_picked":["Cold Snap","Melter","Streamline"],"picked":"SKIP","floor":27.0},{"not_picked":["Gash","Barrage","Beam Cell"],"picked":"SKIP","floor":29.0},{"not_picked":["Genetic Algorithm","Steam"],"picked":"Skim","floor":31.0},{"not_picked":["Core Surge","All For One"],"picked":"Biased Cognition","floor":33.0},{"not_picked":["Gash","Leap","Rebound+1"],"picked":"SKIP","floor":35.0},{"not_picked":["Ball Lightning+1","hubris:PowerSurge","Go for the Eyes+1"],"picked":"SKIP","floor":37.0},{"not_picked":["Cold Snap","Sweeping Beam","Beam Cell+1"],"picked":"SKIP","floor":38.0},{"not_picked":["Hologram+1","hubris:PowerSurge","Reinforced Body"],"picked":"SKIP","floor":41.0},{"not_picked":["Turbo","Sunder+1","Streamline"],"picked":"SKIP","floor":45.0},{"not_picked":["Blizzard+1","Lockon+1"],"picked":"Capacitor","floor":47.0},{"not_picked":["Redo","Rainbow","Rebound+1"],"picked":"SKIP","floor":54.0}],"player_experience":63919,"relics_obtained":[{"floor":7.0,"key":"hubris:DeckOfHolding"},{"floor":10.0,"key":"PreservedInsect"},{"floor":13.0,"key":"Regal Pillow"},{"floor":23.0,"key":"conspire:Flyswatter"},{"floor":26.0,"key":"conspire:TopHat"},{"floor":41.0,"key":"Nunchaku"},{"floor":43.0,"key":"Bottled Flame"},{"floor":46.0,"key":"Bronze Scales"},{"floor":54.0,"key":"Gambling Chip"}],"event_choices":[{"cards_removed":["Strike_B"],"damage_healed":0.0,"max_hp_gain":0.0,"max_hp_loss":0.0,"gold_gain":0.0,"event_name":"The Cleric","player_choice":"Card Removal","floor":2.0,"gold_loss":50.0,"damage_taken":0.0},{"damage_healed":0.0,"max_hp_gain":0.0,"max_hp_loss":0.0,"gold_gain":175.0,"event_name":"betterThird:BetterSerpent","player_choice":"AGREE","floor":3.0,"gold_loss":0.0,"damage_taken":62.0},{"damage_healed":0.0,"max_hp_gain":0.0,"max_hp_loss":0.0,"gold_gain":0.0,"event_name":"Golden Idol","player_choice":"Take Damage","floor":4.0,"gold_loss":0.0,"damage_taken":18.0,"relics_obtained":["Golden Idol"]},{"cards_removed":["Doubt"],"damage_healed":0.0,"max_hp_gain":0.0,"max_hp_loss":0.0,"gold_gain":0.0,"event_name":"Golden Wing","player_choice":"Card Removal","floor":5.0,"gold_loss":0.0,"damage_taken":7.0},{"damage_healed":0.0,"max_hp_gain":0.0,"max_hp_loss":0.0,"gold_gain":0.0,"event_name":"Vampires","player_choice":"Ignored","floor":24.0,"gold_loss":0.0,"damage_taken":0.0},{"damage_healed":0.0,"max_hp_gain":0.0,"max_hp_loss":0.0,"gold_gain":0.0,"event_name":"conspire:Investor","player_choice":"Leave","floor":28.0,"gold_loss":0.0,"damage_taken":0.0},{"damage_healed":0.0,"max_hp_gain":0.0,"max_hp_loss":0.0,"gold_gain":0.0,"event_name":"Wheel of Change","player_choice":"Damaged","floor":36.0,"gold_loss":0.0,"damage_taken":8.0}],"is_beta":false,"boss_relics":[{"not_picked":["hubris:BlackHole","conspire:SeveredTorchhead","conspire:SlowCooker"]},{"not_picked":["conspire:RunicOctahedron","hubris:Stopwatch","Calling Bell"]}],"items_purged_floors":[8,19,39],"is_endless":false,"potions_floor_spawned":[1,14,16,21,22,31,33,38],"ascension_level":0}}