{"host":"q3rj8lsznq8f1d08","time":1607505819,"event":{"gold_per_floor":[116,126,143,143,161,161,175,175,175,187,67,85,101,121,121,217,217,232,232,232,246,262,262,113,126,149,149,149,149,149],"floor_reached":29,"playtime":1605,"items_purged":["Defend_P","Strike_P"],"score":254,"play_id":"f460bc67-aa26-46cd-b758-f38b8e8a77c2","local_time":"20201209182339","is_ascension_mode":true,"campfire_choices":[{"data":"EmptyFist","floor":6,"key":"SMITH"},{"floor":8,"key":"REST"},{"floor":15,"key":"REST"},{"floor":23,"key":"REST"},{"floor":27,"key":"REST"}],"neow_cost":"PERCENT_DAMAGE","seed_source_timestamp":4243801866746500,"circlet_count":0,"master_deck":["Strike_P","Strike_P","Defend_P","Defend_P","Defend_P","Eruption+1","Vigilance","Crescendo","Meditate","EmptyFist+1","FlyingSleeves","TalkToTheHand","Halt","FlurryOfBlows","Consecrate","Vault","BowlingBash","ClearTheMind","FlurryOfBlows+1"],"relics":["PureWater","CaptainsWheel","Bronze Scales","Sozu","Enchiridion","Strawberry"],"potions_floor_usage":[25,25,25],"damage_taken":[{"damage":8,"enemies":"Jaw Worm","floor":1,"turns":4},{"damage":1,"enemies":"Cultist","floor":2,"turns":4},{"damage":0,"enemies":"Small Slimes","floor":3,"turns":4},{"damage":10,"enemies":"Gremlin Gang","floor":5,"turns":2},{"damage":7,"enemies":"Lots of Slimes","floor":7,"turns":4},{"damage":6,"enemies":"3 Louse","floor":10,"turns":3},{"damage":0,"enemies":"Large Slime","floor":12,"turns":3},{"damage":2,"enemies":"Exordium Thugs","floor":13,"turns":3},{"damage":0,"enemies":"2 Fungi Beasts","floor":14,"turns":2},{"damage":26,"enemies":"The Guardian","floor":16,"turns":8},{"damage":34,"enemies":"2 Thieves","floor":18,"turns":3},{"damage":3,"enemies":"Spheric Guardian","floor":21,"turns":3},{"damage":13,"enemies":"Shelled Parasite and Fungi","floor":22,"turns":5},{"damage":20,"enemies":"Centurion and Healer","floor":25,"turns":5},{"damage":41,"enemies":"Snecko","floor":29,"turns":5}],"seed_played":"8414854811430100386","potions_obtained":[{"floor":2,"key":"ColorlessPotion"},{"floor":3,"key":"DuplicationPotion"},{"floor":5,"key":"Dexterity Potion"}],"is_trial":false,"path_per_floor":["M","M","M","?","M","R","M","R","T","M","$","M","M","M","R","B",null,"M","?","?","M","M","R","$","M","T","R","?","M"],"character_chosen":"WATCHER","items_purchased":["FlurryOfBlows","ClearTheMind"],"campfire_rested":4,"item_purchase_floors":[11,24],"current_hp_per_floor":[43,42,42,42,32,32,25,46,46,40,40,40,38,38,59,33,72,38,22,22,19,6,27,27,7,14,37,37,0,0],"gold":149,"neow_bonus":"ONE_RARE_RELIC","is_prod":false,"is_daily":false,"chose_seed":false,"campfire_upgraded":1,"win_rate":0,"timestamp":1607505819,"path_taken":["M","M","M","?","M","R","M","R","T","M","$","M","?","M","R","BOSS","M","?","?","M","M","R","$","?","T","R","?","M"],"build_version":"2020-11-30","purchased_purges":2,"victory":false,"max_hp_per_floor":[72,72,72,72,72,72,72,72,72,72,72,72,72,72,72,72,72,72,72,72,72,72,72,72,72,79,79,79,79,79],"card_choices":[{"not_picked":["ThirdEye","Prostrate"],"picked":"Crescendo","floor":1},{"not_picked":["InnerPeace","CutThroughFate"],"picked":"Meditate","floor":2},{"not_picked":["ThirdEye","PathToVictory"],"picked":"EmptyFist","floor":3},{"not_picked":["PathToVictory","Vengeance"],"picked":"FlyingSleeves","floor":5},{"not_picked":["LikeWater","SandsOfTime"],"picked":"TalkToTheHand","floor":7},{"not_picked":["FlyingSleeves","BowlingBash"],"picked":"Halt","floor":10},{"not_picked":["FollowUp","Wireheading","WaveOfTheHand"],"picked":"SKIP","floor":12},{"not_picked":["FollowUp","SashWhip"],"picked":"Consecrate","floor":13},{"not_picked":["MasterReality","JustLucky","Prostrate"],"picked":"SKIP","floor":14},{"not_picked":["Alpha","Omniscience"],"picked":"Vault","floor":16},{"not_picked":["Halt","JustLucky","Crescendo"],"picked":"SKIP","floor":18},{"not_picked":["Indignation","JustLucky"],"picked":"BowlingBash","floor":21},{"not_picked":["Devotion","Protect","Evaluate"],"picked":"SKIP","floor":22},{"not_picked":["SignatureMove","WaveOfTheHand"],"picked":"FlurryOfBlows+1","floor":25}],"player_experience":171358,"relics_obtained":[{"floor":9,"key":"Bronze Scales"},{"floor":19,"key":"Enchiridion"},{"floor":26,"key":"Strawberry"}],"event_choices":[{"cards_removed":["Strike_P"],"damage_healed":0,"gold_gain":0,"player_choice":"Purged","damage_taken":0,"max_hp_gain":0,"max_hp_loss":0,"event_name":"Purifier","floor":4,"gold_loss":0},{"damage_healed":0,"gold_gain":0,"player_choice":"Obtained Book","damage_taken":16,"max_hp_gain":0,"max_hp_loss":0,"event_name":"Cursed Tome","floor":19,"gold_loss":0},{"damage_healed":0,"gold_gain":0,"player_choice":"0 cards matched","damage_taken":0,"max_hp_gain":0,"max_hp_loss":0,"event_name":"Match and Keep!","floor":20,"gold_loss":0,"cards_obtained":[]},{"damage_healed":0,"gold_gain":0,"player_choice":"Forge","damage_taken":0,"max_hp_gain":0,"max_hp_loss":0,"event_name":"Accursed Blacksmith","floor":28,"gold_loss":0,"cards_upgraded":["Eruption"]}],"is_beta":false,"boss_relics":[{"not_picked":["Black Star","Ectoplasm"],"picked":"Sozu"}],"items_purged_floors":[11,24],"is_endless":false,"potions_floor_spawned":[2,3,5,22,25],"killed_by":"Snecko","ascension_level":3}}