{"host":"hx4olfpwxcse6xrc","time":1607485023,"event":{"gold_per_floor":[118,137,137,151,164,198,198,208,234,234,90,110,110,110,110,211,211,222,222,237,93,93,118,118,118,118],"floor_reached":25,"playtime":4142,"items_purged":["Shame"],"score":221,"play_id":"7a02e31a-9c4a-4e96-b1e2-19e336b83a82","local_time":"20201208203703","is_ascension_mode":false,"campfire_choices":[{"data":"UltimateShortwave","floor":7,"key":"SMITH"},{"data":"EnergyFlow","floor":15,"key":"SMITH"},{"floor":24,"key":"REST"}],"neow_cost":"NONE","seed_source_timestamp":284771785090400,"circlet_count":0,"master_deck":["Strike_MRS","Strike_MRS","Strike_MRS","Strike_MRS","Defend_MRS","Defend_MRS","Defend_MRS","Defend_MRS","MasterSpark","UpSweep","EnergyFlow+1","NonDirectionalLaser","SporeBomb","MysteriousBeam","UltimateShortwave+1","MilkyWay","Pot Of Greed","Pot Of Greed","OrrerysSun","StarBarrage","MilkyWay","SuperNova","hubris:Despair","Clumsy","6A+1","Pot Of Greed","infinitespire:Collect","expansioncontent:CaCaw","MagicChant+1","hermit:GoldenBullet+1","SprinkleStarSeal"],"relics":["MiniHakkero","Ancient Tea Set","Grinning Jar","Replay:Ancient Bell","RuthlessExorcism:ReiMu","Replay:Accelerometer","TungstenRod","Smiling Mask","hubris:TenFootPole"],"potions_floor_usage":[12,18],"damage_taken":[{"damage":6,"enemies":"Jaw Worm","floor":1,"turns":4},{"damage":0,"enemies":"Small Slimes","floor":2,"turns":3},{"damage":1,"enemies":"Cultist","floor":4,"turns":3},{"damage":5,"enemies":"Looter","floor":5,"turns":3},{"damage":4,"enemies":"Replay:BlueRogue","floor":6,"turns":2},{"damage":16,"enemies":"Exordium Thugs","floor":8,"turns":4},{"damage":0,"enemies":"Large Slime","floor":12,"turns":5},{"damage":19,"enemies":"Slime Boss","floor":16,"turns":8},{"damage":6,"enemies":"Shell Parasite","floor":18,"turns":5},{"damage":3,"enemies":"3 Byrds","floor":20,"turns":5},{"damage":71,"enemies":"Book of Stabbing","floor":23,"turns":6},{"damage":0,"enemies":"Replay:Snechameleon","floor":25,"turns":1}],"seed_played":"-8067149460589350268","potions_obtained":[{"floor":2,"key":"SteroidPotion"},{"floor":5,"key":"Energy Potion"},{"floor":16,"key":"Block Potion"}],"is_trial":false,"path_per_floor":["M","M","?","M","M","E","R","M","T","?","$","M","?","?","R","B",null,"M","AVR","M","$","?","E","R","E"],"character_chosen":"MARISA","items_purchased":["OrrerysSun","StarBarrage","expansioncontent:CaCaw","MagicChant+1"],"campfire_rested":1,"item_purchase_floors":[11,11,21,21],"current_hp_per_floor":[76,76,76,75,70,66,66,50,50,55,55,55,55,81,81,62,87,81,81,78,78,78,7,33,33,33],"gold":118,"neow_bonus":"TEN_PERCENT_HP_BONUS","is_prod":false,"is_daily":false,"chose_seed":false,"campfire_upgraded":2,"win_rate":0,"timestamp":1607485023,"path_taken":["M","M","?","M","M","E","R","M","T","?","$","M","?","?","R","BOSS","M","AVR","M","$","?","E","R","E"],"build_version":"2020-11-30","purchased_purges":1,"victory":false,"max_hp_per_floor":[82,82,82,82,82,82,82,82,82,87,87,87,87,87,87,87,87,87,87,87,87,87,87,87,87,87],"card_choices":[{"not_picked":["DC","AsteroidBelt"],"picked":"EnergyFlow","floor":1},{"not_picked":["6A","EventHorizon"],"picked":"NonDirectionalLaser","floor":2},{"not_picked":["NonDirectionalLaser","GravityBeat"],"picked":"SporeBomb","floor":4},{"not_picked":["IllusionStar","ManaConvection"],"picked":"MysteriousBeam","floor":5},{"not_picked":["FairyDestructionRay","PropBag"],"picked":"UltimateShortwave","floor":6},{"not_picked":["WitchOfGreed","LuminesStrike"],"picked":"MilkyWay","floor":8},{"not_picked":["AsteroidBelt","DC"],"picked":"MilkyWay","floor":12},{"not_picked":["JA","StarDustReverie"],"picked":"SuperNova","floor":16},{"not_picked":["hubris:Compulsion","Pain"],"picked":"Shame","floor":17},{"not_picked":["animator:Curse_GriefSeed","Shame"],"picked":"hubris:Despair","floor":17},{"not_picked":["hexamod:Haunted","Doubt"],"picked":"Clumsy","floor":17},{"not_picked":["AsteroidBelt+1","EnergyRecoil"],"picked":"6A+1","floor":18},{"not_picked":["OpenUniverse","6A","DarkMatter"],"picked":"SKIP","floor":20},{"not_picked":["MilkyWay","DarkMatter"],"picked":"SprinkleStarSeal","floor":23}],"player_experience":483722,"relics_obtained":[{"floor":6,"key":"Ancient Tea Set"},{"floor":9,"key":"Grinning Jar"},{"floor":23,"key":"hubris:TenFootPole"}],"event_choices":[{"damage_healed":0,"gold_gain":0,"player_choice":"Ignored","damage_taken":0,"max_hp_gain":0,"max_hp_loss":0,"event_name":"Golden Wing","floor":3,"gold_loss":0},{"damage_healed":0,"gold_gain":0,"player_choice":"Donut","damage_taken":0,"max_hp_gain":5,"max_hp_loss":0,"event_name":"Big Fish","floor":10,"gold_loss":0},{"cards_removed":["MagicChant"],"damage_healed":0,"gold_gain":0,"player_choice":"Take \u0026 Give","damage_taken":0,"max_hp_gain":0,"max_hp_loss":0,"event_name":"betterNote:BetterNote","floor":22,"gold_loss":0,"cards_obtained":["hermit:GoldenBullet"]}],"is_beta":false,"boss_relics":[{"not_picked":["Painkiller Herb","Velvet Choker"],"picked":"Replay:Ancient Bell"},{"not_picked":["Bag of Marbles","Nunchaku"],"picked":"RuthlessExorcism:ReiMu"},{"not_picked":["infinitespire:BottledMercury","hubris:MobiusCoin"],"picked":"Replay:Accelerometer"},{"not_picked":["Replay:Arrowhead","Replay:Multitool"],"picked":"TungstenRod"}],"items_purged_floors":[19],"is_endless":false,"potions_floor_spawned":[2,5,16],"killed_by":"Replay:Snechameleon","ascension_level":0}}