{"host":"v0kr0xkqfgnh389p","time":1607477747,"event":{"gold_per_floor":[114,39,39,50,50,50,70,101,149,149,163,163,163,203,203,332,332,356,137,137,150,150,150],"floor_reached":22,"playtime":1216,"items_purged":["Defend_P","Injury"],"score":256,"play_id":"2a7b3442-9e57-4f63-b4b4-de9c082b7f67","local_time":"20201208203547","is_ascension_mode":true,"campfire_choices":[{"floor":10,"key":"RECALL"},{"floor":13,"key":"REST"},{"data":"Mayhem","floor":15,"key":"SMITH"}],"neow_cost":"BASIC_CARDS","seed_source_timestamp":44271330651600,"circlet_count":0,"master_deck":["Strike_P","Strike_P","Strike_P+1","Strike_P","Defend_P","Defend_P","Defend_P","Eruption","Vigilance","Strike_B","Defend_G","Mayhem+1","Tantrum","LessonLearned+1","Mind Blast","Adaptation","Omniscience","PathToVictory","Establishment","ReplayUltimateDefense","Panache","Dramatic Entrance","Replay:ManipulateFuture"],"relics":["PureWater","Durian","Quantum Egg","Golden Idol","Replay:Mystery Machine","Replay:Grab Bag","Replay:Bronze Core","Coffee Dripper","Ring of Chaos","SlaversCollar","ReplayTheSpireMod:ShopPack","hubris:Reverence"],"potions_floor_usage":[3,3,8,8,11,16,16],"damage_taken":[{"damage":2,"enemies":"Cultist","floor":1,"turns":4},{"damage":0,"enemies":"2 Louse","floor":3,"turns":1},{"damage":0,"enemies":"Jaw Worm","floor":4,"turns":4},{"damage":0,"enemies":"Red Slaver","floor":7,"turns":2},{"damage":33,"enemies":"3 Sentries","floor":8,"turns":8},{"damage":6,"enemies":"Large Slime","floor":11,"turns":4},{"damage":18,"enemies":"Lagavulin","floor":14,"turns":7},{"damage":0,"enemies":"Slime Boss","floor":16,"turns":6},{"damage":51,"enemies":"2 Thieves","floor":18,"turns":4},{"damage":12,"enemies":"Shell Parasite","floor":21,"turns":5},{"damage":14,"enemies":"Snake Plant","floor":22,"turns":3}],"seed_played":"2490962983032942062","potions_obtained":[{"floor":1,"key":"EntropicBrew"},{"floor":8,"key":"Block Potion"},{"floor":11,"key":"Explosive Potion"},{"floor":14,"key":"Explosive Potion"},{"floor":18,"key":"Reflective Coating"},{"floor":21,"key":"Explosive Potion"}],"is_trial":false,"path_per_floor":["M","$","M","M","?","?","M","E","T","R","M","?","R","E","R","B",null,"M","$","?","M","M"],"character_chosen":"WATCHER","items_purchased":["ReplayTheSpireMod:ShopPack"],"campfire_rested":1,"item_purchase_floors":[19],"current_hp_per_floor":[70,70,70,70,75,75,75,42,42,42,36,36,59,41,41,41,77,26,26,26,14,0,0],"gold":150,"neow_bonus":"RANDOM_COLORLESS_2","is_prod":false,"is_daily":false,"chose_seed":false,"campfire_upgraded":1,"win_rate":0,"timestamp":1607477747,"path_taken":["M","$","?","M","?","?","M","E","T","R","?","?","R","E","R","BOSS","M","$","?","M","M"],"build_version":"2020-11-30","purchased_purges":2,"victory":false,"max_hp_per_floor":[72,72,72,72,77,77,77,77,77,77,77,77,77,77,77,77,77,77,77,77,77,77,77],"card_choices":[{"not_picked":["Chrysalis","Crow Ritual"],"picked":"Mayhem","floor":0},{"not_picked":["Replay:ManipulateFuture","CrushJoints","Swivel"],"picked":"SKIP","floor":1},{"not_picked":["EmptyMind","ThirdEye"],"picked":"Tantrum","floor":4},{"not_picked":["DeceiveReality","EmptyBody"],"picked":"Adaptation","floor":7},{"not_picked":["Scrawl","Evaluate"],"picked":"Omniscience","floor":8},{"not_picked":["FlyingSleeves","CutThroughFate"],"picked":"PathToVictory","floor":11},{"not_picked":["Evaluate","Replay:AtTheReady","WheelKick"],"picked":"SKIP","floor":14},{"not_picked":["DeusExMachina","Replay:LoomingThreat"],"picked":"Establishment","floor":16},{"not_picked":["Replay:Cycle+1","Replay:DivineShield","Evaluate+1"],"picked":"SKIP","floor":18},{"not_picked":["Thinking Ahead","Transmutation"],"picked":"ReplayUltimateDefense","floor":19},{"not_picked":["Mind Blast","Master of Strategy"],"picked":"Panache","floor":19},{"not_picked":["Swift Strike","Midas Touch"],"picked":"Dramatic Entrance","floor":19},{"not_picked":["FollowUp","Crescendo"],"picked":"Replay:ManipulateFuture","floor":21}],"player_experience":665194,"relics_obtained":[{"floor":5,"key":"Durian"},{"floor":8,"key":"Quantum Egg"},{"floor":14,"key":"Replay:Mystery Machine"}],"event_choices":[{"damage_healed":0,"gold_gain":0,"player_choice":"2 cards matched","damage_taken":0,"max_hp_gain":0,"max_hp_loss":0,"event_name":"Match and Keep!","floor":6,"gold_loss":0,"cards_obtained":["LessonLearned","Mind Blast"]},{"damage_healed":0,"gold_gain":0,"player_choice":"Take Wound","damage_taken":0,"relics_obtained":["Golden Idol"],"max_hp_gain":0,"max_hp_loss":0,"event_name":"Golden Idol","floor":12,"gold_loss":0,"cards_obtained":["Injury"]},{"damage_healed":0,"gold_gain":0,"player_choice":"Gave Potion","damage_taken":0,"relics_obtained":["hubris:Reverence"],"max_hp_gain":0,"max_hp_loss":0,"event_name":"WeMeetAgain","floor":20,"gold_loss":0}],"is_beta":false,"boss_relics":[{"not_picked":["Philosopher\u0027s Stone","Cursed Key"],"picked":"Replay:Grab Bag"},{"not_picked":["hubris:GrandSneckoEye","Fusion Hammer"],"picked":"Replay:Bronze Core"},{"not_picked":["ChewingGum","hubris:VirtuousBlindfold"],"picked":"Coffee Dripper"},{"not_picked":["Kintsugi","hubris:Stopwatch"],"picked":"Ring of Chaos"},{"not_picked":["ReplayTheSpireMod:SealedPack","hubris:BlackHole"],"picked":"SlaversCollar"}],"items_purged_floors":[2,19],"is_endless":false,"potions_floor_spawned":[1,8,11,14,18,21],"killed_by":"Snake Plant","ascension_level":1}}