{"host":"yiit85oc4oi3nqs8","time":1607503974,"event":{"gold_per_floor":[13,13,13,27,27,27,47,47,47,47,47,47,47,47,47,47,47,122,72,72,72,72,72,103,103,103,224,224,247,103,28,28,28,28,47,47,47,147,62,62,62,62,62,62,62,62,62,80,80,80,94,94,94,214,214,234,253,153,28,52,67,67,67,67,125,125,125,178,178,198,198,50,63,106,106,106,106,106,106,106,106,106,33,68,68],"floor_reached":86,"playtime":2494,"items_purged":["Strike_R","Strike_R","Defend_R"],"score":2012,"play_id":"219ed14a-a6d5-4ec8-acac-5a8205fee802","local_time":"20201209175254","is_ascension_mode":true,"campfire_choices":[{"data":"Bash","floor":9.0,"key":"SMITH"},{"data":"Searing Blow","floor":10.0,"key":"SMITH"},{"data":"Searing Blow+1","floor":12.0,"key":"SMITH"},{"data":"Searing Blow+2","floor":13.0,"key":"SMITH"},{"data":"Searing Blow+3","floor":16.0,"key":"SMITH"},{"data":"Searing Blow+4","floor":17.0,"key":"SMITH"},{"data":"Searing Blow+5","floor":20.0,"key":"SMITH"},{"floor":21.0,"key":"RECALL"},{"data":"Fire Breathing","floor":25.0,"key":"SMITH"},{"data":"Searing Blow+6","floor":26.0,"key":"SMITH"},{"data":"Searing Blow+7","floor":36.0,"key":"SMITH"},{"data":"Searing Blow+8","floor":37.0,"key":"SMITH"},{"data":"Searing Blow+9","floor":40.0,"key":"SMITH"},{"data":"Searing Blow+10","floor":41.0,"key":"SMITH"},{"data":"Searing Blow+11","floor":46.0,"key":"SMITH"},{"data":"Searing Blow+12","floor":47.0,"key":"SMITH"},{"data":"Searing Blow+13","floor":49.0,"key":"SMITH"},{"data":"Searing Blow+14","floor":50.0,"key":"SMITH"},{"data":"Flame Barrier","floor":52.0,"key":"SMITH"},{"data":"Searing Blow+15","floor":53.0,"key":"SMITH"},{"data":"Bloodletting","floor":62.0,"key":"SMITH"},{"data":"Searing Blow+16","floor":63.0,"key":"SMITH"},{"data":"Searing Blow+17","floor":66,"key":"SMITH"},{"data":"Searing Blow+18","floor":67,"key":"SMITH"},{"data":"Madness","floor":77,"key":"SMITH"},{"data":"Madness","floor":78,"key":"SMITH"},{"data":"Brutality","floor":81,"key":"SMITH"}],"neow_cost":"NO_GOLD","seed_source_timestamp":117112807587336,"circlet_count":0,"master_deck":["Defend_R","Bash+1","Clothesline+1","Searing Blow+19","Fire Breathing+1","Brutality+1","Battle Trance+1","Flame Barrier+1","Shrug It Off+1","Bloodletting+1","Searing Blow+19","Madness+1","Madness+1"],"special_seed":0,"relics":["Burning Blood","Golden Idol","Lantern","Ornamental Fan","Boot","Mark of Pain","Juzu Bracelet","Enchiridion","Prayer Wheel","Mango","Runic Cube","Calipers","Happy Flower","Blue Candle","DollysMirror","Orichalcum","Toy Ornithopter"],"potions_floor_usage":[79,85],"damage_taken":[{"damage":0.0,"enemies":"Small Slimes","floor":1.0,"turns":3.0},{"damage":4.0,"enemies":"2 Louse","floor":4.0,"turns":2.0},{"damage":4.0,"enemies":"Cultist","floor":7.0,"turns":4.0},{"damage":0.0,"enemies":"Gremlin Nob","floor":24.0,"turns":2.0},{"damage":14.0,"enemies":"The Guardian","floor":27.0,"turns":6.0},{"damage":13.0,"enemies":"Shell Parasite","floor":29.0,"turns":3.0},{"damage":8.0,"enemies":"3 Byrds","floor":35.0,"turns":2.0},{"damage":4.0,"enemies":"Cultist and Chosen","floor":48.0,"turns":3.0},{"damage":1.0,"enemies":"Centurion and Healer","floor":51.0,"turns":3.0},{"damage":12.0,"enemies":"Automaton","floor":54.0,"turns":3.0},{"damage":18.0,"enemies":"3 Darklings","floor":56.0,"turns":3.0},{"damage":1.0,"enemies":"Orb Walker","floor":57.0,"turns":2.0},{"damage":1.0,"enemies":"4 Shapes","floor":60.0,"turns":2.0},{"damage":5.0,"enemies":"3 Darklings","floor":61.0,"turns":3.0},{"damage":7,"enemies":"2 Orb Walkers","floor":65,"turns":2},{"damage":0,"enemies":"Maw","floor":70,"turns":2},{"damage":0,"enemies":"Writhing Mass","floor":73,"turns":1},{"damage":0,"enemies":"Reptomancer","floor":74,"turns":1},{"damage":2,"enemies":"Time Eater","floor":79,"turns":2},{"damage":4,"enemies":"Shield and Spear","floor":84,"turns":2},{"damage":36,"enemies":"The Heart","floor":85,"turns":3}],"seed_played":"-1011809948318995673","potions_obtained":[{"floor":1.0,"key":"Fruit Juice"},{"floor":27.0,"key":"SteroidPotion"},{"floor":29.0,"key":"Fire Potion"},{"floor":54.0,"key":"AttackPotion"},{"floor":57.0,"key":"Block Potion"},{"floor":60.0,"key":"BloodPotion"},{"floor":73,"key":"LiquidMemories"}],"is_trial":false,"path_per_floor":["M","?","?","M","$","$","M","?","R","R","?","R","R","T","T","R","R","?","?","R","R","?","$","E","R","R","B",null,"M","$","$","?","?","?","M","R","R","?","?","R","R","T","T","?","$","R","R","M","R","R","M","R","R","B",null,"M","M","$","?","M","M","R","R","?","?","R","R","T","T","M","$","?","M","E","?","?","R","R","B",null,"R","$","$","E","B",null],"character_chosen":"IRONCLAD","items_purchased":["Juzu Bracelet","DollysMirror","LiquidMemories"],"campfire_rested":0,"item_purchase_floors":[30,72,83],"current_hp_per_floor":[78,58,58,65,65,65,67,67,67,67,67,67,67,67,67,67,67,56,56,56,56,56,56,62,62,62,54,77,70,70,70,70,54,82,80,80,80,80,80,80,80,80,94,74,74,74,74,76,76,76,81,81,81,75,97,85,90,90,90,95,96,96,96,96,95,95,95,95,95,101,101,101,104,104,104,91,91,91,95,102,102,102,102,104,79],"gold":68,"neow_bonus":"REMOVE_TWO","is_prod":false,"is_daily":false,"chose_seed":false,"campfire_upgraded":26,"win_rate":0,"timestamp":1607503974,"path_taken":["M","?","?","M","$","$","?","?","R","R","?","R","R","T","T","R","R","?","?","R","R","?","?","E","R","R","BOSS","M","$","$","?","?","?","M","R","R","?","?","R","R","T","T","?","?","R","R","M","R","R","M","R","R","BOSS","M","M","?","?","M","M","R","R","?","?","R","R","T","T","M","?","?","M","E","?","?","R","R","BOSS","R","$","$","E","BOSS"],"build_version":"2020-11-30","purchased_purges":3,"victory":true,"max_hp_per_floor":[80,80,80,85,85,85,85,85,85,85,85,85,85,85,85,85,85,85,85,85,85,85,85,85,85,85,85,85,85,85,85,85,85,85,85,85,85,85,85,85,85,85,99,104,104,104,104,104,104,104,104,104,104,104,104,104,104,104,104,104,104,104,104,104,104,104,104,104,104,104,104,104,104,104,104,104,104,104,104,104,104,104,104,104,104],"relic_stats":{"Happy Flower":[3],"counters":[21,54],"Golden Idol":178,"Blue Candle":[0],"Juzu Bracelet":3,"Orichalcum":[0],"Boot":[1],"Burning Blood":117,"Ornamental Fan":[12],"Prayer Wheel":8,"obtain_stats":[{"Lantern":14,"Calipers":65,"Happy Flower":68,"Golden Idol":2,"Blue Candle":69,"Enchiridion":33,"Mango":43,"Juzu Bracelet":30,"Orichalcum":74,"Boot":24,"Burning Blood":0,"Ornamental Fan":15,"DollysMirror":72,"Prayer Wheel":39,"Mark of Pain":28,"Toy Ornithopter":84,"Runic Cube":55},{"Lantern":3,"Calipers":15,"Happy Flower":15,"Golden Idol":1,"Blue Candle":15,"Enchiridion":6,"Mango":7,"Juzu Bracelet":6,"Orichalcum":18,"Boot":4,"Burning Blood":0,"Ornamental Fan":3,"DollysMirror":16,"Prayer Wheel":7,"Mark of Pain":5,"Toy Ornithopter":20,"Runic Cube":10},{"Lantern":9,"Calipers":43,"Happy Flower":43,"Golden Idol":3,"Blue Candle":43,"Enchiridion":20,"Mango":22,"Juzu Bracelet":20,"Orichalcum":47,"Boot":11,"Burning Blood":0,"Ornamental Fan":9,"DollysMirror":45,"Prayer Wheel":22,"Mark of Pain":17,"Toy Ornithopter":51,"Runic Cube":31}],"Toy Ornithopter":5,"Runic Cube":[31]},"card_choices":[{"not_picked":["Infernal Blade","Heavy Blade"],"picked":"Clothesline","floor":1.0},{"not_picked":["Armaments","Heavy Blade","Clothesline"],"picked":"SKIP","floor":4.0},{"not_picked":["Dark Embrace","Sever Soul"],"picked":"Searing Blow","floor":7.0},{"not_picked":["Reckless Charge","Combust"],"picked":"Fire Breathing","floor":24.0},{"not_picked":["Limit Break","Juggernaut"],"picked":"Brutality","floor":27.0},{"not_picked":["Havoc","Pommel Strike","Heavy Blade"],"picked":"SKIP","floor":29.0},{"not_picked":["True Grit+1","Armaments"],"picked":"Battle Trance+1","floor":35.0},{"not_picked":["Warcry+1","Headbutt+1","Body Slam+1"],"picked":"SKIP","floor":48.0},{"not_picked":["Warcry","Havoc","Combust"],"picked":"SKIP","floor":48.0},{"not_picked":["Flex","Twin Strike"],"picked":"Flame Barrier","floor":51.0},{"not_picked":["Whirlwind+1","Hemokinesis","Rampage"],"picked":"SKIP","floor":51.0},{"not_picked":["Perfected Strike+1","Armaments+1"],"picked":"Shrug It Off+1","floor":56.0},{"not_picked":["Ghostly Armor","Pommel Strike+1","Inflame"],"picked":"SKIP","floor":56.0},{"not_picked":["Warcry+1","Heavy Blade+1","Sword Boomerang+1"],"picked":"SKIP","floor":57.0},{"not_picked":["Wild Strike+1","Disarm","Whirlwind"],"picked":"SKIP","floor":57.0},{"not_picked":["Cleave","Seeing Red"],"picked":"Bloodletting","floor":60.0},{"not_picked":["Shrug It Off","True Grit","Flame Barrier"],"picked":"SKIP","floor":60.0},{"not_picked":["Iron Wave","Uppercut+1","Combust"],"picked":"SKIP","floor":61.0},{"not_picked":["Clothesline+1","Cleave+1","Metallicize"],"picked":"SKIP","floor":61.0},{"not_picked":["Entrench","Clothesline+1","Reaper"],"picked":"SKIP","floor":70},{"not_picked":["Havoc","Clash+1","Perfected Strike"],"picked":"SKIP","floor":70},{"not_picked":["Entrench+1","Perfected Strike","Flex"],"picked":"SKIP","floor":73},{"not_picked":["Evolve","Thunderclap+1","Sever Soul"],"picked":"SKIP","floor":73},{"not_picked":["Iron Wave","Demon Form","Flame Barrier+1"],"picked":"SKIP","floor":74},{"not_picked":["Iron Wave+1","Rampage","Thunderclap"],"picked":"SKIP","floor":84}],"player_experience":341775,"relics_obtained":[{"floor":14.0,"key":"Lantern"},{"floor":15.0,"key":"Ornamental Fan"},{"floor":24.0,"key":"Boot"},{"floor":33.0,"key":"Enchiridion"},{"floor":43.0,"key":"Mango"},{"floor":65,"key":"Calipers"},{"floor":68,"key":"Happy Flower"},{"floor":69,"key":"Blue Candle"},{"floor":74,"key":"Orichalcum"},{"floor":84,"key":"Toy Ornithopter"}],"event_choices":[{"damage_healed":0.0,"max_hp_gain":0.0,"max_hp_loss":0.0,"gold_gain":0.0,"event_name":"Golden Idol","player_choice":"Take Damage","floor":2.0,"gold_loss":0.0,"damage_taken":20.0,"relics_obtained":["Golden Idol"]},{"damage_healed":0.0,"max_hp_gain":0.0,"max_hp_loss":0.0,"gold_gain":0.0,"event_name":"Accursed Blacksmith","player_choice":"Forge","floor":3.0,"gold_loss":0.0,"damage_taken":0.0,"cards_upgraded":["Clothesline"]},{"damage_healed":0.0,"max_hp_gain":0.0,"max_hp_loss":0.0,"gold_gain":0.0,"event_name":"Dead Adventurer","player_choice":"Searched \u00270\u0027 times","floor":11.0,"gold_loss":0.0,"damage_taken":0.0},{"damage_healed":0.0,"max_hp_gain":0.0,"max_hp_loss":0.0,"gold_gain":75.0,"event_name":"betterThird:BetterGoop","player_choice":"Gold","floor":18.0,"gold_loss":0.0,"damage_taken":11.0},{"cards_removed":["Strike_R"],"damage_healed":0.0,"max_hp_gain":0.0,"max_hp_loss":0.0,"gold_gain":0.0,"event_name":"The Cleric","player_choice":"Card Removal","floor":19.0,"gold_loss":50.0,"damage_taken":0.0},{"cards_removed":["Strike_R"],"damage_healed":0.0,"max_hp_gain":0.0,"max_hp_loss":0.0,"gold_gain":0.0,"event_name":"Living Wall","player_choice":"Forget","floor":22.0,"gold_loss":0.0,"damage_taken":0.0},{"damage_healed":0.0,"max_hp_gain":0.0,"max_hp_loss":0.0,"gold_gain":0.0,"event_name":"Vampires","player_choice":"Ignored","floor":32.0,"gold_loss":0.0,"damage_taken":0.0},{"damage_healed":0.0,"max_hp_gain":0.0,"max_hp_loss":0.0,"gold_gain":0.0,"event_name":"Cursed Tome","player_choice":"Obtained Book","floor":33.0,"gold_loss":0.0,"damage_taken":16.0},{"damage_healed":28.0,"max_hp_gain":0.0,"max_hp_loss":0.0,"gold_gain":0.0,"event_name":"The Library","player_choice":"Heal","floor":34.0,"gold_loss":0.0,"damage_taken":0.0},{"damage_healed":0.0,"max_hp_gain":0.0,"max_hp_loss":0.0,"gold_gain":100.0,"event_name":"Golden Shrine","player_choice":"Pray","floor":38.0,"gold_loss":0.0,"damage_taken":0.0},{"damage_healed":0.0,"max_hp_gain":0.0,"max_hp_loss":0.0,"gold_gain":0.0,"event_name":"Addict","player_choice":"Obtained Relic","floor":39.0,"gold_loss":85.0,"damage_taken":0.0,"relics_obtained":["Prayer Wheel"]},{"damage_healed":0.0,"max_hp_gain":5.0,"max_hp_loss":0.0,"gold_gain":0.0,"event_name":"Forgotten Altar","player_choice":"Shed Blood","floor":44.0,"gold_loss":0.0,"damage_taken":25.0},{"cards_removed":["Defend_R"],"damage_healed":0.0,"max_hp_gain":0.0,"max_hp_loss":0.0,"gold_gain":0.0,"event_name":"Falling","player_choice":"Removed Skill","floor":64.0,"gold_loss":0.0,"damage_taken":0.0},{"damage_healed":0,"gold_gain":0,"player_choice":"Fight","damage_taken":0,"max_hp_gain":0,"max_hp_loss":0,"event_name":"Mysterious Sphere","floor":65,"gold_loss":0},{"damage_healed":0,"gold_gain":0,"player_choice":"Memory 1","damage_taken":0,"max_hp_gain":0,"max_hp_loss":0,"event_name":"SensoryStone","floor":75,"gold_loss":0},{"damage_healed":0,"gold_gain":0,"player_choice":"Embrace Madness","damage_taken":13,"max_hp_gain":0,"max_hp_loss":0,"event_name":"Winding Halls","floor":76,"gold_loss":0,"cards_obtained":["Madness","Madness"]}],"is_beta":false,"boss_relics":[{"not_picked":["Runic Dome","Cursed Key"],"picked":"Mark of Pain"},{"not_picked":["SlaversCollar","Tiny House"],"picked":"Runic Cube"}],"items_purged_floors":[31,58,59],"is_endless":false,"potions_floor_spawned":[1,27,29,54,57,60,73,74],"ascension_level":9}}