{"host":"dh4nu8nelr2izibb","time":1607487821,"event":{"gold_per_floor":[119,139,156,170,189,189,214,214,214,214,244,262,272,297,297,374,374,388,438,388,404,92,92,108,143,143,157,173,173,202,202,202,202,202],"floor_reached":33,"playtime":1389,"items_purged":["Clumsy","Strike_G"],"score":618,"play_id":"1ca83dca-1759-40fd-9132-2929f676d9f7","local_time":"20201208232341","is_ascension_mode":true,"campfire_choices":[{"data":"Sucker Punch","floor":6,"key":"SMITH"},{"floor":8,"key":"REST"},{"data":"Cloak And Dagger","floor":10,"key":"SMITH"},{"floor":15,"key":"REST"},{"data":"Terror","floor":23,"key":"SMITH"},{"floor":29,"key":"REST"},{"floor":32,"key":"REST"}],"neow_cost":"CURSE","seed_source_timestamp":289777559379000,"circlet_count":0,"master_deck":["AscendersBane","Defend_G","Defend_G","Defend_G","Survivor","Neutralize+1","Sucker Punch+1","Deflect","Dash","Backflip","PiercingWail","Cloak And Dagger+1","Masterful Stab+1","Poisoned Stab","Bane+1","Flying Knee","After Image","Doppelganger+1","Bullet Time+1","Bane+1","Quick Slash+1","Dagger Spray","Terror+1","Corpse Explosion","Backflip+1","Escape Plan","Sucker Punch+1","Leg Sweep","Deadly Poison","Bouncing Flask+1"],"relics":["Ring of the Snake","Hammer of Thor","Seething Fire","Anvil of the Gods","FossilizedHelix","Incense Burner","Smiling Mask","Strawberry","Matryoshka","Astrolabe","Orrery","Letter Opener","Boot","Mercury Hourglass","Anchor"],"potions_floor_usage":[12,16,24],"damage_taken":[{"damage":0,"enemies":"Cultist","floor":1,"turns":4},{"damage":0,"enemies":"Small Slimes","floor":2,"turns":4},{"damage":0,"enemies":"2 Louse","floor":3,"turns":3},{"damage":0,"enemies":"Blue Slaver","floor":4,"turns":4},{"damage":0,"enemies":"Lots of Slimes","floor":5,"turns":6},{"damage":44,"enemies":"Gremlin Nob","floor":7,"turns":7},{"damage":8,"enemies":"3 Sentries","floor":11,"turns":13},{"damage":0,"enemies":"Large Slime","floor":12,"turns":5},{"damage":0,"enemies":"Exordium Thugs","floor":13,"turns":6},{"damage":1,"enemies":"Lagavulin","floor":14,"turns":7},{"damage":14,"enemies":"Slime Boss","floor":16,"turns":10},{"damage":10,"enemies":"2 Thieves","floor":18,"turns":5},{"damage":3,"enemies":"Chosen","floor":21,"turns":5},{"damage":1,"enemies":"Shelled Parasite and Fungi","floor":24,"turns":3},{"damage":22,"enemies":"Book of Stabbing","floor":25,"turns":6},{"damage":0,"enemies":"Snake Plant","floor":27,"turns":3},{"damage":0,"enemies":"Cultist and Chosen","floor":28,"turns":5},{"damage":18,"enemies":"Slavers","floor":30,"turns":4},{"damage":66,"enemies":"Champ","floor":33,"turns":11}],"seed_played":"5506956442420385120","potions_obtained":[{"floor":1,"key":"SmokeBomb"},{"floor":3,"key":"Energy Potion"},{"floor":11,"key":"LiquidMemories"},{"floor":12,"key":"CunningPotion"},{"floor":14,"key":"Fire Potion"},{"floor":21,"key":"Block Potion"},{"floor":30,"key":"BlessingOfTheForge"}],"is_trial":false,"path_per_floor":["M","M","M","M","M","R","E","R","T","R","E","M","M","E","R","B",null,"M","?","$","M","$","R","M","E","T","M","M","R","E","?","R","B"],"character_chosen":"THE_SILENT","items_purchased":["Terror","Orrery","Sucker Punch"],"campfire_rested":4,"item_purchase_floors":[22,22,22],"current_hp_per_floor":[59,59,59,59,59,59,15,34,34,34,33,33,33,32,53,39,65,55,55,55,52,52,52,51,29,29,29,29,50,32,32,53,0,0],"gold":202,"neow_bonus":"ONE_RARE_RELIC","is_prod":false,"is_daily":false,"chose_seed":false,"campfire_upgraded":3,"win_rate":0,"timestamp":1607487821,"path_taken":["M","M","M","M","M","R","E","R","T","R","E","?","?","E","R","BOSS","M","?","$","M","$","R","M","E","T","M","M","R","E","?","R","BOSS"],"build_version":"2020-11-30","purchased_purges":2,"victory":false,"max_hp_per_floor":[66,66,66,66,66,66,66,66,66,66,73,73,73,73,73,73,73,73,73,73,73,73,73,73,73,73,73,73,73,73,73,73,73,73],"card_choices":[{"not_picked":["PiercingWail","Acrobatics"],"picked":"Sucker Punch","floor":1},{"not_picked":["Endless Agony","Grand Finale"],"picked":"Deflect","floor":2},{"not_picked":["Dodge and Roll","PiercingWail"],"picked":"Dash","floor":3},{"not_picked":["Acrobatics","Underhanded Strike"],"picked":"Backflip","floor":4},{"not_picked":["Dodge and Roll","Underhanded Strike"],"picked":"PiercingWail","floor":5},{"not_picked":["Caltrops","Outmaneuver"],"picked":"Cloak And Dagger","floor":7},{"not_picked":["Deflect","Bane"],"picked":"Masterful Stab","floor":11},{"not_picked":["Bouncing Flask","Deflect"],"picked":"Poisoned Stab","floor":12},{"not_picked":["Escape Plan","Die Die Die"],"picked":"Bane","floor":13},{"not_picked":["Caltrops","Poisoned Stab"],"picked":"Flying Knee","floor":14},{"not_picked":["Wraith Form v2","Unload"],"picked":"After Image","floor":16},{"not_picked":["Concentrate","Acrobatics"],"picked":"Quick Slash+1","floor":18},{"not_picked":["Slice","Outmaneuver"],"picked":"Dagger Spray","floor":21},{"not_picked":["Bane","Prepared"],"picked":"Corpse Explosion","floor":22},{"not_picked":["Blade Dance","PiercingWail+1"],"picked":"Backflip+1","floor":22},{"not_picked":["Masterful Stab","Choke"],"picked":"Escape Plan","floor":22},{"not_picked":["Dodge and Roll","Sucker Punch"],"picked":"Leg Sweep","floor":24},{"not_picked":["Dodge and Roll","Skewer"],"picked":"Deadly Poison","floor":25},{"not_picked":["Sucker Punch+1","Cloak And Dagger","Blade Dance"],"picked":"SKIP","floor":27},{"not_picked":["Endless Agony+1","Accuracy","Bullet Time"],"picked":"SKIP","floor":28},{"not_picked":["Well Laid Plans","Poisoned Stab+1","Accuracy"],"picked":"SKIP","floor":30}],"player_experience":1090749,"relics_obtained":[{"floor":7,"key":"Incense Burner"},{"floor":9,"key":"Smiling Mask"},{"floor":11,"key":"Strawberry"},{"floor":14,"key":"Matryoshka"},{"floor":25,"key":"Letter Opener"},{"floor":26,"key":"Boot"},{"floor":26,"key":"Mercury Hourglass"},{"floor":30,"key":"Anchor"}],"event_choices":[{"damage_healed":0,"gold_gain":50,"player_choice":"Steal","damage_taken":0,"max_hp_gain":0,"max_hp_loss":0,"event_name":"betterThird:BetterNest","floor":19,"gold_loss":0},{"damage_healed":0,"gold_gain":0,"player_choice":"1 cards matched","damage_taken":0,"max_hp_gain":0,"max_hp_loss":0,"event_name":"Match and Keep!","floor":31,"gold_loss":0,"cards_obtained":["Bouncing Flask"]}],"is_beta":false,"boss_relics":[{"not_picked":["Empty Cage","Snecko Eye"],"picked":"Astrolabe"}],"items_purged_floors":[20,22],"is_endless":false,"potions_floor_spawned":[1,3,5,11,12,14,21,30],"killed_by":"Champ","ascension_level":20}}