{"host":"87fdiiwflhrwsj8a","time":1607546428,"event":{"gold_per_floor":[118,118,130,130,229,263,278,9,36,36,54,54,54,74,74,152,152,152,152],"floor_reached":18,"playtime":472,"items_purged":["Regret"],"score":374,"play_id":"96fa8f93-cd12-40b7-97ee-d3fcad5d103f","local_time":"20201209154028","is_ascension_mode":true,"campfire_choices":[{"data":"White Noise","floor":10,"key":"SMITH"},{"floor":15,"key":"REST"}],"neow_cost":"NONE","seed_source_timestamp":100963071664800,"circlet_count":0,"master_deck":["AscendersBane","Strike_B","Strike_B","Strike_B","Strike_B","Defend_B","Defend_B","Defend_B","Defend_B","Zap","Dualcast","Beam Cell","Injury","FIFO Queue+1","Capacitor+1","White Noise+1","Tempest","Ball Lightning","Coolheaded","Conserve Battery","Ball Lightning","Machine Learning+1"],"relics":["Cracked Core","NeowsBlessing","aspiration:HiddenCompartment","Frozen Egg 2","infinitespire:PuzzleCube","Art of War","aspiration:BursterCore"],"potions_floor_usage":[12,16],"damage_taken":[{"damage":0,"enemies":"Jaw Worm","floor":1,"turns":1},{"damage":0,"enemies":"2 Louse","floor":3,"turns":1},{"damage":0,"enemies":"3 Sentries","floor":6,"turns":1},{"damage":15,"enemies":"Small Slimes","floor":7,"turns":4},{"damage":2,"enemies":"Exordium Thugs","floor":11,"turns":4},{"damage":0,"enemies":"Lots of Slimes","floor":12,"turns":1},{"damage":12,"enemies":"2 Fungi Beasts","floor":14,"turns":4},{"damage":31,"enemies":"The Guardian","floor":16,"turns":10},{"damage":20,"enemies":"Shell Parasite","floor":18,"turns":3}],"seed_played":"-3389949553446761280","potions_obtained":[{"floor":3,"key":"LiquidBronze"},{"floor":11,"key":"SmokeBomb"}],"is_trial":false,"path_per_floor":["M","?","M","?","?","E","M","$","T","R","M","M","R","M","R","B",null,"M"],"character_chosen":"DEFECT","items_purchased":["Art of War","Coolheaded"],"campfire_rested":1,"item_purchase_floors":[8,8],"current_hp_per_floor":[64,64,64,64,41,41,26,26,26,26,24,24,24,12,33,2,54,34,34],"gold":152,"neow_bonus":"THREE_ENEMY_KILL","is_prod":false,"is_daily":false,"chose_seed":false,"campfire_upgraded":1,"win_rate":0,"timestamp":1607546428,"path_taken":["M","?","M","?","?","E","M","$","T","R","?","M","R","M","R","BOSS","M"],"build_version":"2020-11-30","purchased_purges":1,"victory":false,"max_hp_per_floor":[71,71,71,71,71,71,71,71,71,71,71,71,71,71,71,71,71,71,71],"card_choices":[{"not_picked":["Turbo","Auto Shields","StuffTheSpire:LoadUp"],"picked":"SKIP","floor":1},{"not_picked":["Conserve Battery","BasicCrystalCard"],"picked":"Beam Cell","floor":3},{"not_picked":["Gash","Reprogram"],"picked":"FIFO Queue+1","floor":5},{"not_picked":["Auto Shields","Rebound"],"picked":"Capacitor+1","floor":5},{"not_picked":["Compile Driver","StuffTheSpire:NuclearReactor"],"picked":"White Noise","floor":5},{"not_picked":["Stack","Glacier"],"picked":"Tempest","floor":6},{"not_picked":["Capacitor+1","Conserve Battery"],"picked":"Ball Lightning","floor":7},{"not_picked":["Beam Cell","Steam Power"],"picked":"Conserve Battery","floor":11},{"not_picked":["FIFO Queue+1","Redo"],"picked":"Ball Lightning","floor":14},{"not_picked":["Fission","StuffTheSpire:Purify"],"picked":"Machine Learning+1","floor":16}],"player_experience":2508105,"relics_obtained":[{"floor":6,"key":"infinitespire:PuzzleCube"}],"event_choices":[{"damage_healed":0,"gold_gain":0,"player_choice":"Box","damage_taken":0,"relics_obtained":["aspiration:HiddenCompartment"],"max_hp_gain":0,"max_hp_loss":0,"event_name":"Big Fish","floor":2,"gold_loss":0,"cards_obtained":["Regret"]}],"is_beta":false,"boss_relics":[{"not_picked":["aspiration:FutureDiary","Ectoplasm"],"picked":"aspiration:BursterCore"}],"items_purged_floors":[8],"is_endless":false,"potions_floor_spawned":[3,11],"killed_by":"Shell Parasite","ascension_level":20}}