{"host":"muxwh5qjk0kn8zvo","time":1607491544,"event":{"gold_per_floor":[117,130,130,145,165,165,188,207,207,231,245,245,26,67,67,67,67,67,81,95,95,221,221,242,260,260,260,106,147,147,186,211,211,211,211,231,205,205,329,329,343,366,366,381,405,446,446,446,446,499,499,519,519,68,68,68,68],"floor_reached":52,"playtime":4885,"items_purged":[],"score":1051,"play_id":"383098a2-07fc-4bc3-979c-2596d5013a10","local_time":"20201209132544","is_ascension_mode":false,"campfire_choices":[],"neow_cost":"NONE","seed_source_timestamp":0,"circlet_count":0,"master_deck":["LongBird","BigBird","Woodsman","SpecialBullet","SpecialBullet","SpecialBullet","SpecialBullet","SpecialBullet","SpecialBullet","SpecialBullet","SpecialBullet","SecurityCode","InformationCode","CentralCode","Beak","UniverseFragment","RapturousDream","OldLady","RapturousDream","CUTE","MeatLantern","Horn","GreenStem","ShyLook","Wingbeat","Harvest","Wellcheers","Moonlight","SolemnVow","OSAHOGD","Pinks","CherryBlossoms","SomewhereSpear+1","FieryBird","CUTE+1","ControlCode","TrainingCode","Laetitia","GoldRush","Scorched","Beak+1","Rudolta","Adoration+1","RitualDagger","SoundOfStar+1","QueenBee","DisciplinaryCode","Lantern","TheSmile+1","GreedKing","Regret_ego+1","Variant","FourthMatchFlame+1","HappyTeddy","Porccubus","DespairKnight","MagicBullet","WelfareCode","TT2Protocol","BlackSwan","WristCuter+1"],"special_seed":0,"relics":["CogitoBucket","Golden Idol","LetterFromLob","SkinProphecy","Logging_r","Lee\u0027s Waffle","Incense Burner","Toxic Egg 2","Gaze_r","ShedSkin_r","Amita_r","Sozu","AdjustmentMirror","Mango","HandDrill","PreservedInsect","Centennial Puzzle","Bronze Scales","MutagenicStrength","Lamp_r","Black Star","Justitia_r","WingedGreaves","Boot","Ice Cream","Peace Pipe","Happy Flower","Bag of Marbles","Dream Catcher","TheAbacus"],"potions_floor_usage":[],"damage_taken":[{"damage":0.0,"enemies":"Cultist","floor":1.0,"turns":2.0},{"damage":3.0,"enemies":"Jaw Worm","floor":2.0,"turns":3.0},{"damage":0.0,"enemies":"Small Slimes","floor":4.0,"turns":2.0},{"damage":23.0,"enemies":"Exordium Wildlife","floor":5.0,"turns":4.0},{"damage":0.0,"enemies":"Cultist","floor":1.0,"turns":3.0},{"damage":5.0,"enemies":"Small Slimes","floor":2.0,"turns":4.0},{"damage":7.0,"enemies":"Jaw Worm","floor":4.0,"turns":20.0},{"damage":56.0,"enemies":"Exordium Wildlife","floor":5.0,"turns":10.0},{"damage":13.0,"enemies":"Lagavulin","floor":8.0,"turns":6.0},{"damage":11.0,"enemies":"The Mushroom Lair","floor":11.0,"turns":4.0},{"damage":0.0,"enemies":"3 Louse","floor":13.0,"turns":1.0},{"damage":75.0,"enemies":"Exordium Thugs","floor":14.0,"turns":11.0},{"damage":27.0,"enemies":"Slime Boss","floor":16.0,"turns":9.0},{"damage":55.0,"enemies":"Spheric Guardian","floor":18.0,"turns":11.0},{"damage":0.0,"enemies":"Chosen","floor":19.0,"turns":3.0},{"damage":4.0,"enemies":"Gremlin Leader","floor":23.0,"turns":5.0},{"damage":5.0,"enemies":"Book of Stabbing","floor":25.0,"turns":4.0},{"damage":0.0,"enemies":"3 Cultists","floor":30.0,"turns":2.0},{"damage":48.0,"enemies":"Collector","floor":33.0,"turns":6.0},{"damage":46.0,"enemies":"3 Shapes","floor":35.0,"turns":8.0},{"damage":0.0,"enemies":"Orb Walker","floor":36.0,"turns":2.0},{"damage":37.0,"enemies":"Spire Growth","floor":38.0,"turns":4.0},{"damage":2.0,"enemies":"3 Darklings","floor":39.0,"turns":3.0},{"damage":1.0,"enemies":"Giant Head","floor":40.0,"turns":3.0},{"damage":3.0,"enemies":"Maw","floor":46.0,"turns":3.0},{"damage":135.0,"enemies":"FixerMidnight","floor":50.0,"turns":6.0},{"damage":53.0,"enemies":"Malkuth","floor":51.0,"turns":5.0},{"damage":36.0,"enemies":"Netzach","floor":51.0,"turns":5.0},{"damage":0,"enemies":"Geburah","floor":52,"turns":23},{"damage":136,"enemies":"Hokma","floor":52,"turns":11}],"seed_played":"7622997137320046269","potions_obtained":[{"floor":1.0,"key":"SpeedPotion"},{"floor":4.0,"key":"DistilledChaos"},{"floor":2.0,"key":"DistilledChaos"},{"floor":5.0,"key":"FearPotion"},{"floor":13.0,"key":"Strength Potion"}],"is_trial":false,"path_per_floor":["M","M","?","M","M","R","?","M","M","?","M","M","R","$","E","T","R","?","R","M","M","R","B",null,"M","M","?","?","$","E","R","E","T","R","?","R","M","$","R","B",null,"M","M","T","M","M","E","R","R","T","T","R","M","R","$","R","B",null,null,null],"character_chosen":"Angela","items_purchased":["Lee\u0027s Waffle","SolemnVow","HandDrill","Lantern","Bag of Marbles","Dream Catcher","TheAbacus"],"campfire_rested":0,"item_purchase_floors":[7,7,22,31,48,48,48],"current_hp_per_floor":[70,70,53,64,55,55,70,70,70,70,24,24,79,81,81,81,83,83,89,50,50,71,104,75,105,119,113,113,140,140,147,147,147,147,147,156,156,156,158,164,180,187,187,190,206,213,213,213,213,213,213,220,220,220,220,123,201],"gold":68,"neow_bonus":"THREE_CARDS","is_prod":false,"is_daily":false,"chose_seed":false,"campfire_upgraded":0,"win_rate":0,"timestamp":1607491544,"path_taken":["M","M","?","M","M","R","?","M","M","?","M","M","R","?","E","T","R","?","R","?","M","R","BOSS","M","M","?","?","$","E","R","E","T","R","?","R","?","$","R","BOSS","M","M","?","M","?","E","R","R","T","?","R","M","R","$","R","BOSS"],"build_version":"2020-11-30","purchased_purges":0,"victory":true,"max_hp_per_floor":[70,70,70,70,70,70,70,70,70,70,72,72,79,81,81,81,83,83,89,95,95,104,104,116,123,137,137,137,140,140,147,147,147,147,147,156,156,156,164,164,180,187,187,194,206,213,213,213,213,213,213,220,220,220,220,223,229],"card_choices":[{"not_picked":["FourthMatchFlame","Harmony"],"picked":"Beak","floor":0.0},{"not_picked":["CrumblingArmor","Bloodbath"],"picked":"UniverseFragment","floor":1.0},{"not_picked":["Tough"],"picked":"RapturousDream","floor":1.0},{"not_picked":["OSAHOGD","CrumblingArmor"],"picked":"OldLady","floor":2.0},{"not_picked":["Tough"],"picked":"RapturousDream","floor":2.0},{"not_picked":["Horn"],"picked":"CUTE","floor":4.0},{"not_picked":["Laetitia","FairyFestival"],"picked":"MeatLantern","floor":5.0},{"not_picked":["CherryBlossom"],"picked":"Horn","floor":5.0},{"not_picked":["ShyLook","Bloodbath"],"picked":"Woodsman","floor":1.0},{"not_picked":["Beak"],"picked":"GreenStem","floor":1.0},{"not_picked":["Bloodbath","Murderer"],"picked":"ShyLook","floor":2.0},{"not_picked":["FrostShard"],"picked":"Wingbeat","floor":2.0},{"not_picked":["TodaysExpression"],"picked":"Harvest","floor":4.0},{"not_picked":["PunishingBird","Yin"],"picked":"Wellcheers","floor":4.0},{"not_picked":["CrumblingArmor","LittlePrince"],"picked":"CherryBlossoms","floor":5.0},{"not_picked":["Harvest"],"picked":"Moonlight","floor":5.0},{"not_picked":["Funeral","Murderer"],"picked":"OSAHOGD","floor":8.0},{"not_picked":["FourthMatchFlame"],"picked":"Pinks","floor":8.0},{"not_picked":["Bloodbath","FairyFestival"],"picked":"CherryBlossoms","floor":13.0},{"not_picked":["FrostShard+1"],"picked":"SomewhereSpear+1","floor":13.0},{"not_picked":["VoidDream","Scorched"],"picked":"FieryBird","floor":14.0},{"not_picked":["Loneliness+1"],"picked":"CUTE+1","floor":14.0},{"not_picked":["Bloodbath","LittlePrince"],"picked":"Laetitia","floor":16.0},{"not_picked":["Adoration+1"],"picked":"GoldRush","floor":16.0},{"not_picked":["BeautyBeast","WhitesApple"],"picked":"Scorched","floor":18.0},{"not_picked":["Penitence+1"],"picked":"Beak+1","floor":18.0},{"not_picked":["BeautyBeast","FairyFestival"],"picked":"Rudolta","floor":19.0},{"not_picked":["Noise+1"],"picked":"Adoration+1","floor":19.0},{"not_picked":["RapturousDream+1"],"picked":"SoundOfStar+1","floor":23.0},{"not_picked":["FairyFestival","GalaxyChild"],"picked":"QueenBee","floor":25.0},{"not_picked":["SolemnVow","Discord"],"picked":"SKIP","floor":25.0},{"not_picked":["WhitesApple","Scarecrow"],"picked":"BigBird","floor":30.0},{"not_picked":["Loneliness+1","Horn"],"picked":"SKIP","floor":30.0},{"not_picked":["Porccubus","WallGazer"],"picked":"LongBird","floor":33.0},{"not_picked":["Justitia"],"picked":"TheSmile+1","floor":33.0},{"not_picked":["SilentOrchestra","NakedNest"],"picked":"GreedKing","floor":35.0},{"not_picked":["Lantern"],"picked":"Regret_ego+1","floor":35.0},{"not_picked":["HeroicMonk","CrumblingArmor"],"picked":"Variant","floor":36.0},{"not_picked":["LifeForTheDareDevil+1"],"picked":"FourthMatchFlame+1","floor":36.0},{"not_picked":["VoidDream","GalaxyChild"],"picked":"HappyTeddy","floor":38.0},{"not_picked":["Soda","Logging"],"picked":"SKIP","floor":38.0},{"not_picked":["HeroicMonk","SilentOrchestra"],"picked":"Porccubus","floor":39.0},{"not_picked":["Galaxy+1","Regret_ego+1"],"picked":"SKIP","floor":39.0},{"not_picked":["Scarecrow","WallGazer"],"picked":"DespairKnight","floor":40.0},{"not_picked":["Regret_ego"],"picked":"MagicBullet","floor":40.0},{"not_picked":["NakedNest","SnowQueen"],"picked":"BlackSwan","floor":46.0},{"not_picked":["Reverberation"],"picked":"WristCuter+1","floor":46.0}],"player_experience":328875,"relics_obtained":[{"floor":1.0,"key":"LetterFromLob"},{"floor":1.0,"key":"LetterFromLob"},{"floor":8.0,"key":"Incense Burner"},{"floor":9.0,"key":"Toxic Egg 2"},{"floor":23.0,"key":"PreservedInsect"},{"floor":25.0,"key":"Centennial Puzzle"},{"floor":26.0,"key":"Bronze Scales"},{"floor":37.0,"key":"WingedGreaves"},{"floor":40.0,"key":"Boot"},{"floor":40.0,"key":"Ice Cream"},{"floor":43.0,"key":"Peace Pipe"},{"floor":44.0,"key":"Happy Flower"}],"event_choices":[{"damage_healed":0.0,"max_hp_gain":0.0,"max_hp_loss":0.0,"gold_gain":0.0,"event_name":"Golden Idol","player_choice":"Take Damage","floor":3.0,"gold_loss":0.0,"damage_taken":17.0,"relics_obtained":["Golden Idol"]},{"damage_healed":0.0,"max_hp_gain":0.0,"max_hp_loss":0.0,"gold_gain":0.0,"event_name":"NoteForYourself","player_choice":"Ignored","floor":3.0,"gold_loss":0.0,"damage_taken":0.0},{"damage_healed":0.0,"max_hp_gain":0.0,"max_hp_loss":0.0,"gold_gain":0.0,"event_name":"Mushrooms","player_choice":"Fought Mushrooms","floor":11.0,"gold_loss":0.0,"damage_taken":0.0},{"damage_healed":0.0,"max_hp_gain":0.0,"max_hp_loss":0.0,"gold_gain":0.0,"event_name":"The Mausoleum","player_choice":"Opened","floor":20.0,"gold_loss":0.0,"damage_taken":0.0,"relics_obtained":["Mango"],"cards_obtained":["Writhe"]},{"damage_healed":0.0,"max_hp_gain":0.0,"max_hp_loss":0.0,"gold_gain":0.0,"event_name":"Nest","player_choice":"Joined the Cult","floor":21.0,"gold_loss":0.0,"damage_taken":6.0,"cards_obtained":["RitualDagger"]},{"damage_healed":0.0,"max_hp_gain":0.0,"max_hp_loss":0.0,"gold_gain":0.0,"event_name":"Drug Dealer","player_choice":"Inject Mutagens","floor":28.0,"gold_loss":0.0,"damage_taken":0.0,"relics_obtained":["MutagenicStrength"]}],"is_beta":false,"boss_relics":[{"not_picked":["SacredBark","Cursed Key"],"picked":"Sozu"},{"not_picked":["Empty Cage","Astrolabe"],"picked":"Black Star"}],"items_purged_floors":[],"is_endless":false,"potions_floor_spawned":[1,4,2,5,11,13,19,30,36,38,39,46],"ascension_level":0}}