{"host":"bxdue9bkfm2khp2x","time":1607496096,"event":{"gold_per_floor":[110,124,104,117,97,97,123,123,123,136,183,215,234,11,11,11,11],"floor_reached":16,"playtime":957,"items_purged":["alterego_mod:Strike"],"score":182,"play_id":"ed19f0b2-ff5e-46fa-868c-6e122363b077","local_time":"20201209144136","is_ascension_mode":true,"campfire_choices":[{"data":"alterego_mod:BigMeatyClaws","floor":6,"key":"SMITH"},{"data":"MostiFishMod:PathToVictory","floor":8,"key":"SMITH"},{"data":"alterego_mod:Belts","floor":15,"key":"SMITH"}],"neow_cost":"NONE","seed_source_timestamp":100738375677600,"circlet_count":0,"master_deck":["alterego_mod:Strike","alterego_mod:Strike","alterego_mod:Strike","alterego_mod:Defend","alterego_mod:Defend","alterego_mod:Defend","alterego_mod:Defend","alterego_mod:BigMeatyClaws+1","alterego_mod:BrynhildrsRune","MostiFishMod:PathToVictory+1","alterego_mod:Exercise","alterego_mod:DeftHands","alterego_mod:Belts+1"],"relics":["alterego_mod:MasochisticConstitution","REME_ComplimentaryCards","DaveBox","ice","ShadowXiaoBlade","Question Card","GodSword3","Centennial Puzzle","Dota2Spire:DivineRapier","Dota2Spire:MagicBottle"],"potions_floor_usage":[3,7],"damage_taken":[{"damage":3,"enemies":"2 Louse","floor":1,"turns":4},{"damage":1,"enemies":"Cultist","floor":2,"turns":4},{"damage":18,"enemies":"Jaw Worm","floor":4,"turns":5},{"damage":22,"enemies":"Lagavulin","floor":7,"turns":4},{"damage":24,"enemies":"Exordium Wildlife","floor":10,"turns":2},{"damage":0,"enemies":"Gremlin Nob","floor":12,"turns":2},{"damage":24,"enemies":"Large Slime","floor":13,"turns":2},{"damage":9,"enemies":"The Guardian","floor":16,"turns":3}],"seed_played":"3889058343538660001","potions_obtained":[{"floor":3,"key":"Fruit Juice"},{"floor":4,"key":"Regen Potion"},{"floor":10,"key":"Fire Potion"}],"is_trial":false,"path_per_floor":["M","M","?","M","?","R","E","R","T","M","T","E","M","$","R","B"],"character_chosen":"The_Alterego","items_purchased":["Dota2Spire:MagicBottle"],"campfire_rested":0,"item_purchase_floors":[14],"current_hp_per_floor":[71,71,76,66,66,66,61,61,61,38,38,38,15,15,15,6,6],"gold":11,"neow_bonus":"REMOVE_CARD","is_prod":false,"is_daily":false,"chose_seed":false,"campfire_upgraded":3,"win_rate":0,"timestamp":1607496096,"path_taken":["M","M","?","?","?","R","E","R","T","M","?","E","?","$","R","BOSS"],"build_version":"2020-11-30","purchased_purges":1,"victory":false,"max_hp_per_floor":[71,72,77,78,78,78,79,79,79,80,80,80,81,81,81,81,81],"card_choices":[{"not_picked":["alterego_mod:MagicResistance","alterego_mod:Birthday","alterego_mod:Table"],"picked":"SKIP","floor":1},{"not_picked":["alterego_mod:BiFurious","alterego_mod:TrashNCrash","alterego_mod:MagicResistance","alterego_mod:Pet"],"picked":"SKIP","floor":2},{"not_picked":["alterego_mod:MaintainEyeContact","alterego_mod:Stockings","alterego_mod:Bounce"],"picked":"alterego_mod:Exercise","floor":4},{"not_picked":["alterego_mod:Punishment","alterego_mod:Bounce","alterego_mod:TrashNCrash"],"picked":"alterego_mod:DeftHands","floor":7},{"not_picked":["alterego_mod:Cycle","alterego_mod:Exercise","alterego_mod:Weigh","alterego_mod:SakuraFive"],"picked":"SKIP","floor":10},{"not_picked":["alterego_mod:Crossover","alterego_mod:Maid","alterego_mod:Table","alterego_mod:Bounce"],"picked":"SKIP","floor":12},{"not_picked":["alterego_mod:Pet","alterego_mod:BustOut","alterego_mod:Skirt"],"picked":"alterego_mod:Belts","floor":13}],"player_experience":1340627,"relics_obtained":[{"floor":1,"key":"Question Card"},{"floor":9,"key":"GodSword3"},{"floor":11,"key":"Centennial Puzzle"},{"floor":12,"key":"Dota2Spire:DivineRapier"}],"event_choices":[{"damage_healed":0,"gold_gain":0,"player_choice":"Bought 1 Potion","damage_taken":0,"max_hp_gain":0,"max_hp_loss":0,"event_name":"The Woman in Blue","floor":3,"gold_loss":0}],"is_beta":false,"boss_relics":[],"items_purged_floors":[14],"is_endless":false,"potions_floor_spawned":[4,10],"killed_by":"The Guardian","ascension_level":7}}