{"host":"yciysiy0jlorh0h5","time":1607501015,"event":{"gold_per_floor":[117,117,42,42,42,76,91,126,126,126,55,73,103,103,103,103,103],"floor_reached":16,"playtime":1255,"items_purged":[],"score":166,"play_id":"2746fcc4-56e8-43cb-a819-148bb2770ced","local_time":"20201209020335","is_ascension_mode":false,"campfire_choices":[{"data":"InstantArmor","floor":10,"key":"SMITH"},{"data":"SpecialFormula","floor":15,"key":"SMITH"}],"neow_cost":"NONE","seed_source_timestamp":820568670224000,"circlet_count":0,"master_deck":["Strike_S","Strike_S","Strike_S","Defend_S","Defend_S","Defend_S","Defend_S","KidneyShot","Exchange","Spin","Ricochet","ShiftingGears","InstantArmor+1","Snipe","FanOfKnives","DoubleEdge","SpecialFormula+1"],"relics":["Uniform","NeowsBlessing","Gambling Chip","CaptainsWheel","Snack Pack","hubris:CrystalStatue","Hallownest:DreamNailRelic"],"potions_floor_usage":[8],"damage_taken":[{"damage":0,"enemies":"2_ Uuma","floor":1,"turns":1},{"damage":0,"enemies":"Hallownest:eliteCrystalGuardian","floor":6,"turns":1},{"damage":3,"enemies":"Hallownest:2_Tiktiks_and_1_Crawlid","floor":7,"turns":1},{"damage":3,"enemies":"Hallownest:eliteMossKnight","floor":8,"turns":16},{"damage":0,"enemies":"Hallownest:2_Baldur","floor":12,"turns":2},{"damage":0,"enemies":"Hallownest:eliteCrystalGuardian","floor":13,"turns":4},{"damage":68,"enemies":"Hallownest:BossHornet","floor":16,"turns":8}],"seed_played":"5899029921166532363","potions_obtained":[{"floor":1,"key":"SkillPotion"},{"floor":12,"key":"Elixir"}],"is_trial":false,"path_per_floor":["M","?","?","?","$","E","M","E","T","R","$","M","E","?","R","B"],"character_chosen":"THE_SERVANT","items_purchased":["FanOfKnives"],"campfire_rested":0,"item_purchase_floors":[11],"current_hp_per_floor":[65,56,56,56,56,56,53,50,50,50,50,52,54,54,54,0,0],"gold":103,"neow_bonus":"THREE_ENEMY_KILL","is_prod":false,"is_daily":false,"chose_seed":false,"campfire_upgraded":2,"win_rate":0.0,"timestamp":1607501015,"path_taken":["M","?","?","?","$","E","?","E","T","R","$","M","E","?","R","BOSS"],"build_version":"2020-11-30","purchased_purges":0,"victory":false,"max_hp_per_floor":[65,65,65,65,65,65,65,65,65,65,65,65,65,65,65,65,65],"card_choices":[{"not_picked":["ShiftingGears","Advance"],"picked":"Spin","floor":1},{"not_picked":["Potential","TimeWarp"],"picked":"ShiftingGears","floor":6},{"not_picked":["Revamp","ShatteredReality"],"picked":"InstantArmor","floor":7},{"not_picked":["Ricochet","Revamp"],"picked":"Snipe","floor":8},{"not_picked":["Shuttle","FastForward"],"picked":"DoubleEdge","floor":12},{"not_picked":["Alleviate","Shuttle"],"picked":"SpecialFormula","floor":13}],"player_experience":278816,"relics_obtained":[{"floor":6,"key":"Gambling Chip"},{"floor":8,"key":"CaptainsWheel"},{"floor":9,"key":"Snack Pack"},{"floor":13,"key":"hubris:CrystalStatue"}],"event_choices":[{"damage_healed":0,"gold_gain":0,"player_choice":"3","damage_taken":0,"max_hp_gain":0,"max_hp_loss":0,"event_name":"betterMatch:BetterMatch","floor":3,"gold_loss":0,"cards_obtained":[]}],"is_beta":false,"boss_relics":[],"items_purged_floors":[],"is_endless":false,"potions_floor_spawned":[1,12],"killed_by":"Hallownest:BossHornet","ascension_level":0}}