{"host":"spdo1rkrnctwf3z7","time":1607504160,"event":{"gold_per_floor":[12,12,39,39,39,39,54,54,54,79,79,99,130,55,55,55,55],"floor_reached":16,"playtime":363,"items_purged":["Regret"],"score":98,"play_id":"05138174-4542-4f82-ad80-b74085b5f0cb","local_time":"20201209175600","is_ascension_mode":false,"campfire_choices":[{"data":"ForeignInfluence","floor":6,"key":"SMITH"},{"data":"Eruption","floor":8,"key":"SMITH"},{"floor":15,"key":"REST"}],"neow_cost":"NO_GOLD","seed_source_timestamp":73128478127900,"circlet_count":0,"master_deck":["Strike_P","Strike_P","Strike_P","Defend_P","Defend_P","Defend_P","Eruption+1","Vigilance","ForeignInfluence+1","TalkToTheHand","EmptyBody","EmptyFist","Establishment","MentalFortress"],"relics":["PureWater","Golden Idol","Centennial Puzzle","Gremlin Horn","Singing Bowl","Strawberry"],"potions_floor_usage":[13,16],"damage_taken":[{"damage":0,"enemies":"Small Slimes","floor":1,"turns":2},{"damage":3,"enemies":"Jaw Worm","floor":7,"turns":3},{"damage":0,"enemies":"2 Louse","floor":10,"turns":1},{"damage":2,"enemies":"2 Fungi Beasts","floor":12,"turns":2},{"damage":42,"enemies":"Gremlin Nob","floor":13,"turns":6},{"damage":42,"enemies":"The Guardian","floor":16,"turns":6}],"seed_played":"-2433589510314548293","potions_obtained":[{"floor":12,"key":"SpeedPotion"},{"floor":13,"key":"Energy Potion"}],"is_trial":false,"path_per_floor":["M","?","T","?","$","R","M","R","T","M","?","M","E","$","R","B"],"character_chosen":"WATCHER","items_purchased":[],"campfire_rested":1,"item_purchase_floors":[],"current_hp_per_floor":[72,54,54,54,54,54,51,51,51,51,51,49,16,16,40,0,0],"gold":55,"neow_bonus":"TRANSFORM_TWO_CARDS","is_prod":false,"is_daily":false,"chose_seed":false,"campfire_upgraded":2,"win_rate":0.0,"timestamp":1607504160,"path_taken":["M","?","?","?","$","R","M","R","T","M","?","M","E","?","R","BOSS"],"build_version":"2020-11-30","purchased_purges":1,"victory":false,"max_hp_per_floor":[72,72,72,72,72,72,72,72,72,72,72,72,81,81,81,81,81],"card_choices":[{"not_picked":["EmptyMind","FollowUp"],"picked":"EmptyBody","floor":1},{"not_picked":["WreathOfFlame","SashWhip"],"picked":"EmptyFist","floor":7},{"not_picked":["EmptyFist","ReachHeaven"],"picked":"Establishment","floor":10},{"not_picked":["Worship","WheelKick"],"picked":"MentalFortress","floor":12},{"not_picked":["Crescendo","ClearTheMind","Pray"],"picked":"Singing Bowl","floor":13}],"player_experience":102655,"relics_obtained":[{"floor":3,"key":"Centennial Puzzle"},{"floor":9,"key":"Singing Bowl"},{"floor":13,"key":"Strawberry"}],"event_choices":[{"damage_healed":0,"gold_gain":0,"player_choice":"Take Damage","damage_taken":18,"relics_obtained":["Golden Idol"],"max_hp_gain":0,"max_hp_loss":0,"event_name":"Golden Idol","floor":2,"gold_loss":0},{"damage_healed":0,"gold_gain":0,"player_choice":"Box","damage_taken":0,"relics_obtained":["Gremlin Horn"],"max_hp_gain":0,"max_hp_loss":0,"event_name":"Big Fish","floor":4,"gold_loss":0,"cards_obtained":["Regret"]},{"damage_healed":0,"gold_gain":0,"player_choice":"Ignored","damage_taken":0,"max_hp_gain":0,"max_hp_loss":0,"event_name":"Liars Game","floor":11,"gold_loss":0}],"is_beta":false,"boss_relics":[],"items_purged_floors":[14],"is_endless":false,"potions_floor_spawned":[12,13],"killed_by":"The Guardian","ascension_level":0}}