{"host":"cxlfijb3ipw68228","time":1607487201,"event":{"gold_per_floor":[119,49,107,120,120,120,139,174,174,1920,1920,1920,1920],"floor_reached":12,"playtime":652,"items_purged":[],"score":78,"play_id":"06a68c9a-aacb-4a57-99d4-876b62cee72b","local_time":"20201208231321","is_ascension_mode":false,"campfire_choices":[{"data":"Phantasmal Killer","floor":6,"key":"SMITH"},{"data":"hubris:SlightOfHand","floor":11,"key":"SMITH"}],"neow_cost":"NONE","seed_source_timestamp":624570924551600,"circlet_count":0,"master_deck":["Strike_G","Strike_G","Strike_G","Strike_G","Defend_G","Defend_G","Defend_G","Defend_G","Defend_G","Survivor","Neutralize","Phantasmal Killer+1","Quick Slash","Bane","Poisoned Stab","Prepared","Backstab","Poison Darts","Die Die Die","hubris:SlightOfHand+1"],"relics":["Ring of the Snake","Ninja Scroll","ReplayFunnel"],"potions_floor_usage":[12,12,12],"damage_taken":[{"damage":4,"enemies":"Cultist","floor":1,"turns":4},{"damage":0,"enemies":"Jaw Worm","floor":4,"turns":2},{"damage":0,"enemies":"2 Louse","floor":7,"turns":1},{"damage":4,"enemies":"Replay:BlueRogue","floor":8,"turns":3},{"damage":7,"enemies":"Large Slime","floor":10,"turns":4},{"damage":56,"enemies":"hubris:Merchant","floor":12,"turns":6}],"seed_played":"3883115162196169466","potions_obtained":[{"floor":1,"key":"Reflective Coating"},{"floor":3,"key":"GamblersBrew"},{"floor":8,"key":"Block Potion"}],"is_trial":false,"path_per_floor":["M","$","?","M","?","R","M","E","T","M","R","$"],"character_chosen":"THE_SILENT","items_purchased":["Bane","Poisoned Stab"],"campfire_rested":0,"item_purchase_floors":[2,2],"current_hp_per_floor":[66,66,66,66,66,66,66,62,62,55,55,0,0],"gold":1920,"neow_bonus":"ONE_RANDOM_RARE_CARD","is_prod":false,"is_daily":false,"chose_seed":false,"campfire_upgraded":2,"win_rate":0,"timestamp":1607487201,"path_taken":["M","?","?","?","?","R","M","E","T","?","R","$"],"build_version":"2020-11-30","purchased_purges":0,"victory":false,"max_hp_per_floor":[70,70,70,70,70,70,70,70,70,70,70,70,70],"card_choices":[{"not_picked":["Terror","Slice"],"picked":"Quick Slash","floor":1},{"not_picked":["Quick Slash","Dagger Throw"],"picked":"Prepared","floor":3},{"not_picked":["Acrobatics","Dodge and Roll"],"picked":"Backstab","floor":4},{"not_picked":["Deadly Poison","Dodge and Roll"],"picked":"Poison Darts","floor":7},{"not_picked":["Escape Plan","PiercingWail"],"picked":"Die Die Die","floor":8},{"not_picked":["Blade Dance","Deflect"],"picked":"hubris:SlightOfHand","floor":10}],"player_experience":498332,"relics_obtained":[{"floor":3,"key":"Ninja Scroll"},{"floor":8,"key":"ReplayFunnel"}],"event_choices":[{"cards_removed":["Strike_G"],"damage_healed":0,"gold_gain":0,"player_choice":"Offered Basic","damage_taken":0,"max_hp_gain":0,"max_hp_loss":0,"event_name":"Bonfire Elementals","floor":5,"gold_loss":0}],"is_beta":false,"boss_relics":[],"items_purged_floors":[],"is_endless":false,"potions_floor_spawned":[1,8],"killed_by":"hubris:Merchant","ascension_level":0}}