{"host":"dhxdkxsvr0kfcb1i","time":1607546001,"event":{"gold_per_floor":[111,37,37,0,19,19,48,67,67,67,82,82,95,111,111,236,236,256,206,206,230,271,286,286],"floor_reached":23,"playtime":1757,"items_purged":[],"score":293,"play_id":"0bc32961-c3fb-4763-9d99-e213c33e431c","local_time":"20201209133321","is_ascension_mode":false,"campfire_choices":[{"data":"blazmod:TrueOfHeart","floor":6,"key":"SMITH"},{"data":"Enlightenment","floor":12,"key":"SMITH"},{"floor":15,"key":"REST"}],"neow_cost":"NONE","seed_source_timestamp":10241675783679,"circlet_count":0,"master_deck":["conspire:GhostlyStrike","conspire:GhostlyStrike","conspire:GhostlyStrike","conspire:GhostlyStrike","conspire:GhostlyDefend","conspire:GhostlyDefend","conspire:GhostlyDefend","conspire:GhostlyDefend","blazmod:ButterflyEffect","blazmod:Kyokasuigetsu","blazmod:ButterFlutter","blazmod:TrueOfHeart+1","Enlightenment+1","blazmod:TandenKatsu","blazmod:FleetOfFoot","blazmod:Setsuna","blazmod:BoulderFlash","blazmod:WildButterfly","blazmod:FancifulFlutter","conspire:SpireCoStock","blazmod:Valiance+1","blazmod:WildButterfly"],"relics":["blazmod:Venustas","Pear","blazmod:BladeOfPurification","Golden Idol","construct:ClawGrip"],"potions_floor_usage":[16,22,23],"damage_taken":[{"damage":0,"enemies":"Jaw Worm","floor":1,"turns":6},{"damage":0,"enemies":"conspire:RoseBush","floor":5,"turns":3},{"damage":20,"enemies":"3 Sentries","floor":7,"turns":6},{"damage":0,"enemies":"2 Louse","floor":8,"turns":4},{"damage":0,"enemies":"Looter","floor":11,"turns":4},{"damage":3,"enemies":"Blue Slaver","floor":13,"turns":5},{"damage":5,"enemies":"conspire:2 RoseBushes","floor":14,"turns":5},{"damage":21,"enemies":"The Guardian","floor":16,"turns":9},{"damage":2,"enemies":"theJungle:GiantWrat","floor":18,"turns":4},{"damage":8,"enemies":"theJungle:5_Spyders","floor":21,"turns":8},{"damage":1,"enemies":"theJungle:JungleHuntersEncounter","floor":22,"turns":6},{"damage":73,"enemies":"theJungle:MamaSnecko","floor":23,"turns":7}],"seed_played":"-8025797584749294222","potions_obtained":[{"floor":1,"key":"Ancient Potion"},{"floor":13,"key":"Block Potion"},{"floor":14,"key":"SpeedPotion"},{"floor":21,"key":"DistilledChaos"}],"is_trial":false,"path_per_floor":["M","$","?","?","M","R","E","M","T","?","M","R","M","M","R","B",null,"M","?","?","M","M","E"],"character_chosen":"THE_SWORDSWOMAN","items_purchased":["blazmod:TrueOfHeart"],"campfire_rested":1,"item_purchase_floors":[2],"current_hp_per_floor":[44,44,44,50,50,50,40,40,40,25,25,25,22,17,35,14,60,79,79,79,71,70,0,0],"gold":286,"neow_bonus":"TEN_PERCENT_HP_BONUS","is_prod":false,"is_daily":false,"chose_seed":false,"campfire_upgraded":2,"win_rate":0.0,"timestamp":1607546001,"path_taken":["M","$","?","?","M","R","E","M","T","?","M","R","M","M","R","BOSS","M","?","?","M","M","E"],"build_version":"2020-11-30","purchased_purges":0,"victory":false,"max_hp_per_floor":[44,44,44,50,50,50,60,60,60,60,60,60,60,60,60,60,60,81,81,81,81,81,81,81],"card_choices":[{"not_picked":["blazmod:UnderPurifyingWaters","blazmod:KatanaStrike"],"picked":"blazmod:ButterFlutter","floor":1},{"not_picked":["blazmod:FlashRock","blazmod:Crosscut"],"picked":"blazmod:TandenKatsu","floor":5},{"not_picked":["blazmod:BoulderFlash","blazmod:KatanaStrike"],"picked":"blazmod:FleetOfFoot","floor":7},{"not_picked":["blazmod:LoveAndHonor","blazmod:FancifulFlutter"],"picked":"blazmod:Setsuna","floor":8},{"not_picked":["blazmod:FleetOfFoot","blazmod:StanceChange","blazmod:FlashRock"],"picked":"SKIP","floor":11},{"not_picked":["blazmod:FocusThroughFalls","blazmod:ApexLegends"],"picked":"blazmod:BoulderFlash","floor":13},{"not_picked":["blazmod:PhysicalEndurance","blazmod:DanceOfTheGods"],"picked":"blazmod:WildButterfly","floor":14},{"not_picked":["blazmod:AlmightyPassage","blazmod:VisionsOfButterflies"],"picked":"blazmod:CrescentMoon","floor":16},{"not_picked":["blazmod:MentalFocus+1","blazmod:StanceChange"],"picked":"blazmod:FancifulFlutter","floor":18},{"not_picked":["blazmod:FlashRock","blazmod:StanceChange+1"],"picked":"blazmod:Valiance+1","floor":21},{"not_picked":["blazmod:ButterFlutter+1","blazmod:CastAwayDew"],"picked":"blazmod:WildButterfly","floor":22}],"player_experience":519261,"relics_obtained":[{"floor":7,"key":"Pear"},{"floor":9,"key":"blazmod:BladeOfPurification"}],"event_choices":[{"damage_healed":0,"gold_gain":0,"player_choice":"Agree","damage_taken":0,"max_hp_gain":0,"max_hp_loss":0,"event_name":"conspire:LoneGhost","floor":3,"gold_loss":0},{"damage_healed":0,"gold_gain":0,"player_choice":"RENOUNCE","damage_taken":37,"max_hp_gain":0,"max_hp_loss":0,"event_name":"betterThird:BetterSerpent","floor":4,"gold_loss":37,"cards_obtained":["Enlightenment"]},{"damage_healed":0,"gold_gain":0,"player_choice":"Take Damage","damage_taken":15,"relics_obtained":["Golden Idol"],"max_hp_gain":0,"max_hp_loss":0,"event_name":"Golden Idol","floor":10,"gold_loss":0},{"damage_healed":0,"gold_gain":0,"player_choice":"Invest 1","damage_taken":0,"max_hp_gain":0,"max_hp_loss":0,"event_name":"conspire:Investor","floor":19,"gold_loss":0}],"is_beta":false,"boss_relics":[{"not_picked":["blazmod:SoshuMasabe","Runic Pyramid"],"picked":"construct:ClawGrip"}],"items_purged_floors":[],"is_endless":false,"potions_floor_spawned":[1,13,14,21],"killed_by":"theJungle:MamaSnecko","ascension_level":0}}