{"host":"1x0iiauhsd6tfigj","time":1607473951,"event":{"gold_per_floor":[144,189,38,83,83,173,218,218,218,218,308,308,353,398,398,698,698,743,214,259,109,154,163,181,271,271,316,415,150,195,294,303,612,621,666,711,411,456,456,465,465,311,336,435,444,666,666,675,684,684],"floor_reached":51,"playtime":2473,"items_purged":[],"score":923,"play_id":"70c56b2d-b521-4963-8a1d-429fb7409afe","local_time":"20201208173231","daily_mods":["Heirloom","Vintage","Midas"],"is_ascension_mode":false,"campfire_choices":[{"floor":8.0,"key":"REST"},{"floor":12.0,"key":"REST"},{"floor":15,"key":"REST"},{"floor":23,"key":"REST"},{"floor":32,"key":"REST"},{"floor":40,"key":"REST"},{"floor":45,"key":"REST"},{"floor":49,"key":"REST"}],"neow_cost":"","seed_source_timestamp":0,"circlet_count":0,"master_deck":["Strike_P+1","Defend_P","Defend_P","Defend_P","Defend_P","Eruption","Vigilance","FollowUp+1","Halt","Protect","Conclude+1","Ragnarok+1","Consecrate+1","BattleHymn","EmptyBody","FlurryOfBlows+1","SashWhip+1","JustLucky+1","CutThroughFate+1","Conclude+1","CutThroughFate+1","FollowUp+1","Consecrate+1","Ragnarok+1","CurseOfTheBell","TalkToTheHand+1","PathToVictory","TalkToTheHand+1","ThirdEye+1","PathToVictory","BowlingBash+1"],"special_seed":18604,"relics":["PureWater","Gambling Chip","Oddly Smooth Stone","Molten Egg 2","Bag of Preparation","Nunchaku","Incense Burner","Du-Vu Doll","Blood Vial","Ornamental Fan","Mercury Hourglass","Empty Cage","Kunai","OrangePellets","Happy Flower","Boot","Dream Catcher","CeramicFish","Red Mask","Juzu Bracelet","Pear","Akabeko","Letter Opener","Orrery","Bronze Scales","Calling Bell","Anchor","White Beast Statue","Prayer Wheel","Mummified Hand","Omamori","Membership Card","Bottled Lightning","Whetstone","ClockworkSouvenir","PreservedInsect","Centennial Puzzle","Shuriken"],"potions_floor_usage":[16,16,20,24,25,28,33,33,50,50],"damage_taken":[{"damage":0.0,"enemies":"Cultist","floor":1.0,"turns":3.0},{"damage":4.0,"enemies":"2 Louse","floor":2.0,"turns":2.0},{"damage":0.0,"enemies":"Jaw Worm","floor":4.0,"turns":3.0},{"damage":0.0,"enemies":"3 Sentries","floor":6.0,"turns":7.0},{"damage":0.0,"enemies":"2 Fungi Beasts","floor":7.0,"turns":4.0},{"damage":0.0,"enemies":"Gremlin Nob","floor":11.0,"turns":1.0},{"damage":0.0,"enemies":"Blue Slaver","floor":13.0,"turns":1.0},{"damage":0.0,"enemies":"Looter","floor":14.0,"turns":2.0},{"damage":20,"enemies":"The Guardian","floor":16,"turns":14},{"damage":0,"enemies":"Chosen","floor":18,"turns":3},{"damage":2,"enemies":"3 Byrds","floor":20,"turns":4},{"damage":0,"enemies":"3 Cultists","floor":22,"turns":2},{"damage":0,"enemies":"Masked Bandits","floor":24,"turns":3},{"damage":19,"enemies":"Slavers","floor":25,"turns":4},{"damage":0,"enemies":"Sentry and Sphere","floor":27,"turns":3},{"damage":11,"enemies":"Book of Stabbing","floor":28,"turns":5},{"damage":0,"enemies":"Centurion and Healer","floor":30,"turns":4},{"damage":0,"enemies":"Champ","floor":33,"turns":6},{"damage":0,"enemies":"3 Shapes","floor":35,"turns":2},{"damage":0,"enemies":"Orb Walker","floor":36,"turns":3},{"damage":5,"enemies":"Jaw Worm Horde","floor":38,"turns":3},{"damage":17,"enemies":"Nemesis","floor":44,"turns":3},{"damage":40,"enemies":"Donu and Deca","floor":50,"turns":6}],"seed_played":"-3393203535006853122","potions_obtained":[{"floor":6.0,"key":"GamblersBrew"},{"floor":7.0,"key":"ColorlessPotion"},{"floor":11.0,"key":"Swift Potion"},{"floor":14.0,"key":"BlessingOfTheForge"},{"floor":16,"key":"AttackPotion"},{"floor":22,"key":"StancePotion"},{"floor":24,"key":"Dexterity Potion"},{"floor":25,"key":"Fire Potion"},{"floor":35,"key":"LiquidBronze"},{"floor":36,"key":"SpeedPotion"}],"is_trial":false,"path_per_floor":["M","M","$","M","?","E","M","R","T","?","E","R","M","M","R","B",null,"M","$","M","$","M","R","?","E","T","M","E","$","M","?","R","B",null,"M","M","$","M","?","R","?","$","T","E","R","?","?","?","R","B",null],"character_chosen":"WATCHER","items_purchased":["FollowUp+1","PowerPotion","Halt","Consecrate+1","BattleHymn","OrangePellets","FairyPotion","EmptyBody","Happy Flower","Dream Catcher","Orrery","Dexterity Potion","PowerPotion","FollowUp+1","Membership Card","Bottled Lightning","PowerPotion","ClockworkSouvenir","PreservedInsect","PathToVictory"],"campfire_rested":8,"item_purchase_floors":[3,3,3,19,19,19,19,19,19,21,29,29,29,29,37,37,37,42,42,42],"current_hp_per_floor":[72,68,68,68,68,68,68,72,72,72,72,72,72,72,72,52,72,72,72,70,70,72,72,72,53,63,65,56,56,58,58,82,82,82,82,82,82,77,77,82,82,82,82,65,82,82,82,82,82,42],"gold":684,"neow_bonus":"","is_prod":false,"is_daily":true,"chose_seed":false,"campfire_upgraded":0,"win_rate":0,"timestamp":1607473951,"path_taken":["M","M","$","M","?","E","M","R","T","?","E","R","M","M","R","BOSS","M","$","M","$","M","R","?","E","T","M","E","$","M","?","R","BOSS","M","M","$","M","?","R","?","$","T","E","R","?","?","?","R","BOSS"],"build_version":"2020-11-30","purchased_purges":0,"victory":true,"max_hp_per_floor":[72,72,72,72,72,72,72,72,72,72,72,72,72,72,72,72,72,72,72,72,72,72,72,72,72,82,82,82,82,82,82,82,82,82,82,82,82,82,82,82,82,82,82,82,82,82,82,82,82,82],"relic_stats":{"Happy Flower":[16],"counters":[23,84],"CeramicFish":144,"PreservedInsect":47,"Bag of Preparation":[40],"Juzu Bracelet":1,"Letter Opener":[10],"Whetstone":["Strike_P","Strike_P"],"Boot":[7],"Mercury Hourglass":[234],"Blood Vial":8,"OrangePellets":[0],"Nunchaku":[16],"Dream Catcher":5,"Centennial Puzzle":[6],"Ornamental Fan":[124],"Mummified Hand":[3],"Shuriken":[3],"Gambling Chip":[33],"Bronze Scales":[43],"Prayer Wheel":0,"Kunai":[25],"obtain_stats":[{"CeramicFish":22,"Bag of Preparation":4,"Incense Burner":7,"Juzu Bracelet":25,"Whetstone":38,"Empty Cage":17,"Boot":20,"ClockworkSouvenir":42,"Blood Vial":11,"Nunchaku":6,"Dream Catcher":21,"Centennial Puzzle":43,"Mummified Hand":35,"Gambling Chip":0,"Prayer Wheel":34,"Red Mask":24,"Kunai":18,"Pear":26,"Happy Flower":19,"Oddly Smooth Stone":1,"PreservedInsect":42,"Omamori":36,"Letter Opener":28,"Akabeko":27,"White Beast Statue":34,"Mercury Hourglass":14,"Du-Vu Doll":9,"Calling Bell":34,"OrangePellets":19,"Anchor":34,"Ornamental Fan":13,"Shuriken":44,"Bronze Scales":30,"Orrery":29,"Molten Egg 2":2,"Membership Card":37,"Bottled Lightning":37,"PureWater":0},{"CeramicFish":12,"Bag of Preparation":3,"Incense Burner":5,"Juzu Bracelet":14,"Whetstone":21,"Empty Cage":9,"Boot":11,"ClockworkSouvenir":21,"Blood Vial":6,"Nunchaku":4,"Dream Catcher":11,"Centennial Puzzle":21,"Mummified Hand":19,"Gambling Chip":0,"Prayer Wheel":18,"Red Mask":13,"Kunai":10,"Pear":14,"Happy Flower":10,"Oddly Smooth Stone":1,"PreservedInsect":21,"Omamori":20,"Letter Opener":16,"Akabeko":15,"White Beast Statue":18,"Mercury Hourglass":8,"Du-Vu Doll":5,"Calling Bell":18,"OrangePellets":10,"Anchor":18,"Ornamental Fan":7,"Shuriken":22,"Bronze Scales":17,"Orrery":16,"Molten Egg 2":2,"Membership Card":20,"Bottled Lightning":20,"PureWater":0},{"CeramicFish":44,"Bag of Preparation":8,"Incense Burner":19,"Juzu Bracelet":49,"Whetstone":75,"Empty Cage":37,"Boot":43,"ClockworkSouvenir":75,"Blood Vial":20,"Nunchaku":15,"Dream Catcher":43,"Centennial Puzzle":75,"Mummified Hand":69,"Gambling Chip":0,"Prayer Wheel":67,"Red Mask":46,"Kunai":40,"Pear":49,"Happy Flower":40,"Oddly Smooth Stone":3,"PreservedInsect":75,"Omamori":72,"Letter Opener":57,"Akabeko":52,"White Beast Statue":67,"Mercury Hourglass":23,"Du-Vu Doll":19,"Calling Bell":67,"OrangePellets":40,"Anchor":67,"Ornamental Fan":21,"Shuriken":78,"Bronze Scales":61,"Orrery":57,"Molten Egg 2":5,"Membership Card":72,"Bottled Lightning":72,"PureWater":0}]},"card_choices":[{"not_picked":["ReachHeaven+1","Meditate"],"picked":"Protect","floor":6.0},{"not_picked":["Prostrate","Consecrate+1"],"picked":"Conclude+1","floor":11.0},{"not_picked":["Devotion","Vault"],"picked":"Ragnarok+1","floor":16},{"not_picked":["Prostrate","SignatureMove+1"],"picked":"FlurryOfBlows+1","floor":23},{"not_picked":["Evaluate","InnerPeace"],"picked":"SashWhip+1","floor":24},{"not_picked":["SashWhip+1","Worship","InnerPeace"],"picked":"SKIP","floor":25},{"not_picked":["ClearTheMind","FlyingSleeves+1"],"picked":"JustLucky+1","floor":28},{"not_picked":["ConjureBlade","Crescendo"],"picked":"CutThroughFate+1","floor":29},{"not_picked":["LikeWater+1","EmptyFist+1"],"picked":"Conclude+1","floor":29},{"not_picked":["ThirdEye","EmptyBody"],"picked":"CutThroughFate+1","floor":29},{"not_picked":["Halt","BattleHymn+1"],"picked":"Consecrate+1","floor":32},{"not_picked":["SpiritShield","Omniscience"],"picked":"Ragnarok+1","floor":33},{"not_picked":["JustLucky+1","Perseverance+1"],"picked":"TalkToTheHand+1","floor":40},{"not_picked":["Brilliance+1","ThirdEye"],"picked":"TalkToTheHand+1","floor":44},{"not_picked":["Worship","WaveOfTheHand+1"],"picked":"ThirdEye+1","floor":45},{"not_picked":["Crescendo+1","FollowUp+1"],"picked":"BowlingBash+1","floor":49}],"player_experience":1539271,"relics_obtained":[{"floor":1.0,"key":"Oddly Smooth Stone"},{"floor":2.0,"key":"Molten Egg 2"},{"floor":4.0,"key":"Bag of Preparation"},{"floor":6.0,"key":"Nunchaku"},{"floor":7.0,"key":"Incense Burner"},{"floor":9.0,"key":"Du-Vu Doll"},{"floor":11.0,"key":"Blood Vial"},{"floor":13.0,"key":"Ornamental Fan"},{"floor":14.0,"key":"Mercury Hourglass"},{"floor":18,"key":"Kunai"},{"floor":20,"key":"Boot"},{"floor":22,"key":"CeramicFish"},{"floor":24,"key":"Red Mask"},{"floor":25,"key":"Juzu Bracelet"},{"floor":26,"key":"Pear"},{"floor":27,"key":"Akabeko"},{"floor":28,"key":"Letter Opener"},{"floor":30,"key":"Bronze Scales"},{"floor":34,"key":"Anchor"},{"floor":34,"key":"White Beast Statue"},{"floor":34,"key":"Prayer Wheel"},{"floor":35,"key":"Mummified Hand"},{"floor":36,"key":"Omamori"},{"floor":38,"key":"Whetstone"},{"floor":43,"key":"Centennial Puzzle"},{"floor":44,"key":"Shuriken"}],"event_choices":[{"damage_healed":0.0,"max_hp_gain":0.0,"max_hp_loss":0.0,"gold_gain":0.0,"event_name":"Shining Light","player_choice":"Ignored","floor":5.0,"gold_loss":0.0,"damage_taken":0.0},{"damage_healed":0.0,"max_hp_gain":0.0,"max_hp_loss":0.0,"gold_gain":0.0,"event_name":"Golden Idol","player_choice":"Ignored","floor":10.0,"gold_loss":0.0,"damage_taken":0.0},{"damage_healed":0,"gold_gain":0,"player_choice":"Fought Bandits","damage_taken":0,"max_hp_gain":0,"max_hp_loss":0,"event_name":"Masked Bandits","floor":24,"gold_loss":0},{"damage_healed":0,"gold_gain":99,"player_choice":"Stole From Cult","damage_taken":0,"max_hp_gain":0,"max_hp_loss":0,"event_name":"Nest","floor":31,"gold_loss":0},{"damage_healed":0,"gold_gain":0,"player_choice":"Ignored","damage_taken":0,"max_hp_gain":0,"max_hp_loss":0,"event_name":"Mysterious Sphere","floor":39,"gold_loss":0},{"cards_removed":["Strike_P"],"damage_healed":0,"gold_gain":0,"player_choice":"Purged","damage_taken":0,"max_hp_gain":0,"max_hp_loss":0,"event_name":"Purifier","floor":41,"gold_loss":0},{"damage_healed":0,"gold_gain":222,"player_choice":"Wore Mask","damage_taken":0,"max_hp_gain":0,"max_hp_loss":0,"event_name":"Tomb of Lord Red Mask","floor":46,"gold_loss":0},{"damage_healed":0,"gold_gain":0,"player_choice":"Memory 1","damage_taken":0,"max_hp_gain":0,"max_hp_loss":0,"event_name":"SensoryStone","floor":47,"gold_loss":0},{"damage_healed":0,"gold_gain":0,"player_choice":"Copied","damage_taken":0,"max_hp_gain":0,"max_hp_loss":0,"event_name":"Duplicator","floor":48,"gold_loss":0,"cards_obtained":["PathToVictory"]}],"is_beta":false,"boss_relics":[{"not_picked":["Runic Dome","Astrolabe"],"picked":"Empty Cage"},{"not_picked":["Snecko Eye","Philosopher\u0027s Stone"],"picked":"Calling Bell"}],"items_purged_floors":[],"is_endless":false,"potions_floor_spawned":[6,7,11,14,16,22,24,25,30,35,36,38,44],"ascension_level":0}}