{"host":"kux12pw67lc1ca9q","time":1607545439,"event":{"gold_per_floor":[119,136,144,64,88,88,106,73,73,78,63,93,124,149,149,224,224,203,213,227,238,238,264,279,279,279],"floor_reached":25,"playtime":3402,"items_purged":[],"score":504,"play_id":"35086e59-8fe8-44f6-8427-4874939478bd","local_time":"20201209202359","is_ascension_mode":true,"campfire_choices":[{"data":"hierophant:Kindle","floor":6,"key":"SMITH"},{"floor":15,"key":"REST"}],"neow_cost":"NONE","seed_source_timestamp":357184656079700,"circlet_count":0,"master_deck":["AscendersBane","hierophant:Strike_Hierophant","hierophant:Strike_Hierophant","hierophant:Strike_Hierophant","hierophant:Punish","hierophant:Defend_Hierophant","hierophant:Defend_Hierophant","hierophant:Defend_Hierophant","hierophant:Defend_Hierophant","hierophant:ChurchCoffers","hierophant:Kindle+1","hierophant:Exaltation","hierophant:MorningPrayer","hierophant:Sermon","hierophant:HolyVerse","hierophant:HolyVerse+1","hierophant:RepressedViolence","hierophant:Endure+1","hierophant:Batter","hierophant:Smite","hierophant:PristineSoul","hierophant:Racketeering","hierophant:HammerAndAnvil+1"],"relics":["hierophant:PropheticMaskRelic","Anchor","Blue Doll","StuffTheSpire:Rhapsscallions","CCEMRelics:GrindingGear","StuffTheSpire:ForceGauntlet","Bronze Scales","Sozu","Art of War"],"potions_floor_usage":[11,14,16],"damage_taken":[{"damage":6,"enemies":"Menagerie:2_RABBITS","floor":1,"turns":3},{"damage":1,"enemies":"Menagerie:WhisperingWraith","floor":2,"turns":4},{"damage":7,"enemies":"Menagerie:StygianBoar","floor":3,"turns":3},{"damage":17,"enemies":"Menagerie:MeltingSalamander","floor":7,"turns":5},{"damage":0,"enemies":"Menagerie:RedMage","floor":10,"turns":3},{"damage":2,"enemies":"Menagerie:Hexasnake","floor":11,"turns":3},{"damage":0,"enemies":"Menagerie:MaskedSummoner","floor":12,"turns":4},{"damage":7,"enemies":"Hallownest:eliteVengeflyKing","floor":13,"turns":5},{"damage":3,"enemies":"Menagerie:Hydra","floor":14,"turns":4},{"damage":20,"enemies":"Menagerie:Chimera","floor":16,"turns":8},{"damage":0,"enemies":"2 Thieves","floor":18,"turns":2},{"damage":7,"enemies":"Shell Parasite","floor":19,"turns":3},{"damage":0,"enemies":"Sentry and Sphere","floor":20,"turns":2},{"damage":22,"enemies":"Snecko","floor":21,"turns":6},{"damage":28,"enemies":"Gremlin Leader","floor":23,"turns":7},{"damage":8,"enemies":"Shelled Parasite and Fungi","floor":24,"turns":4},{"damage":1,"enemies":"Cultist and Chosen","floor":25,"turns":3}],"seed_played":"9097958691876825416","potions_obtained":[{"floor":1,"key":"SCP261:EnergyGasPotion"},{"floor":7,"key":"Fire Potion"},{"floor":11,"key":"Fire Potion"},{"floor":12,"key":"Block Potion"}],"is_trial":false,"path_per_floor":["M","M","M","$","T","R","M","$","T","M","M","E","?","E","R","B",null,"M","M","M","M","?","E","M","M"],"character_chosen":"HIEROPHANT","items_purchased":["Anchor","hierophant:HolyVerse+1"],"campfire_rested":1,"item_purchase_floors":[4,8],"current_hp_per_floor":[62,61,54,54,54,54,37,37,40,40,38,38,31,28,51,31,66,66,59,59,37,37,9,1,0,0],"gold":279,"neow_bonus":"ONE_RANDOM_RARE_CARD","is_prod":false,"is_daily":false,"chose_seed":false,"campfire_upgraded":1,"win_rate":0,"timestamp":1607545439,"path_taken":["M","?","?","$","?","R","M","$","T","?","M","E","?","E","R","BOSS","M","M","M","M","?","E","?","M"],"build_version":"2020-11-30","purchased_purges":0,"victory":false,"max_hp_per_floor":[75,75,75,75,75,75,75,75,78,78,78,78,78,78,78,78,78,78,78,78,78,78,78,78,78,78],"card_choices":[{"not_picked":["hierophant:SolarFlare","hierophant:Purify"],"picked":"hierophant:Exaltation","floor":1},{"not_picked":["hierophant:Charity","hierophant:OrnateBuckler"],"picked":"hierophant:MorningPrayer","floor":2},{"not_picked":["hierophant:Shelter","hierophant:RecallFunds"],"picked":"hierophant:Sermon","floor":3},{"not_picked":["hierophant:OrnateBuckler","hierophant:Upheaval"],"picked":"hierophant:HolyVerse","floor":7},{"not_picked":["hierophant:Encroach","hierophant:AuricBeam"],"picked":"hierophant:RepressedViolence","floor":10},{"not_picked":["hierophant:AuricShield","hierophant:Invocation","hierophant:DisplayOfPower"],"picked":"SKIP","floor":11},{"not_picked":["hierophant:Cornucopia","hierophant:HammerAndAnvil"],"picked":"hierophant:Endure","floor":12},{"not_picked":["hierophant:Chorus","hierophant:AuricBeam","hierophant:HammerAndAnvil"],"picked":"SKIP","floor":14},{"not_picked":["hierophant:DeathKnell","hierophant:Generosity"],"picked":"hierophant:Batter","floor":16},{"not_picked":["hierophant:TollTheBells","hierophant:Refuge","hierophant:Embezzle"],"picked":"SKIP","floor":18},{"not_picked":["hierophant:AuricBeam+1","hierophant:Sermon","hierophant:Mercenaries"],"picked":"SKIP","floor":19},{"not_picked":["hierophant:Purify","hierophant:Doubloon"],"picked":"hierophant:Smite","floor":20},{"not_picked":["hierophant:AuricBeam","hierophant:Racketeering+1"],"picked":"hierophant:PristineSoul","floor":21},{"not_picked":["hierophant:ArchangelShield","hierophant:EyeForCoin"],"picked":"hierophant:Racketeering","floor":23},{"not_picked":["hierophant:Remorse+1","hierophant:FlamingChariot"],"picked":"hierophant:HammerAndAnvil+1","floor":24}],"player_experience":1306720,"relics_obtained":[{"floor":5,"key":"Blue Doll"},{"floor":9,"key":"StuffTheSpire:Rhapsscallions"},{"floor":12,"key":"CCEMRelics:GrindingGear"},{"floor":13,"key":"StuffTheSpire:ForceGauntlet"},{"floor":14,"key":"Bronze Scales"},{"floor":23,"key":"Art of War"}],"event_choices":[{"damage_healed":0,"gold_gain":0,"player_choice":"Release","damage_taken":0,"max_hp_gain":0,"max_hp_loss":0,"event_name":"Menagerie:StasisChamber","floor":13,"gold_loss":0},{"damage_healed":0,"gold_gain":0,"player_choice":"Upgraded","damage_taken":0,"max_hp_gain":0,"max_hp_loss":0,"event_name":"Upgrade Shrine","floor":22,"gold_loss":0,"cards_upgraded":["hierophant:Endure"]}],"is_beta":false,"boss_relics":[{"not_picked":["vexMod:MegatonBomb","thethorton:BottledFunds"],"picked":"Sozu"}],"items_purged_floors":[],"is_endless":false,"potions_floor_spawned":[1,7,11,12,19,24],"killed_by":"Cultist and Chosen","ascension_level":20}}