{"host":"6fbjdsiu9jij34p7","time":1607504816,"event":{"gold_per_floor":[114,40,5,21,21,50,50,66,66,20,20,32,46,121,121,199,199,211,211,228,241,257,257,276,276,276,292,292,305,123,138,138,215,215,226,226,239,239,514,525,525,525,597,616,616,42,61,61,61],"floor_reached":48,"playtime":1573,"items_purged":["Strike_B","Regret"],"score":791,"play_id":"09231f1d-55a4-4edc-8a16-00815f6311db","local_time":"20201209180656","is_ascension_mode":true,"campfire_choices":[{"floor":7.0,"key":"REST"},{"floor":11.0,"key":"REST"},{"floor":15.0,"key":"REST"},{"floor":23.0,"key":"REST"},{"floor":25.0,"key":"REST"},{"floor":32.0,"key":"REST"},{"floor":41,"key":"REST"},{"floor":45,"key":"REST"}],"neow_cost":"NONE","seed_source_timestamp":0,"circlet_count":0,"master_deck":["AscendersBane","Strike_B+1","Strike_B","Defend_B","Defend_B","Defend_B","Defend_B","Zap","Dualcast","Leap","Capacitor","Compile Driver","Hologram","Cold Snap","Melter","Sweeping Beam+1","Echo Form","Consume","Barrage","Barrage","Defragment+1","Blizzard","Glacier","Capacitor","Cold Snap","Lockon","Conserve Battery+1","Capacitor","Coolheaded+1","Hologram+1","Capacitor","Barrage+1"],"special_seed":0,"relics":["FrozenCore","Vajra","Bottled Tornado","Question Card","Cables","Ginger","Whetstone","Inserter","Prayer Wheel","Darkstone Periapt","Mummified Hand","MealTicket"],"potions_floor_usage":[],"damage_taken":[{"damage":0.0,"enemies":"Cultist","floor":1.0,"turns":2.0},{"damage":7.0,"enemies":"Jaw Worm","floor":4.0,"turns":3.0},{"damage":38.0,"enemies":"Lagavulin","floor":6.0,"turns":7.0},{"damage":6.0,"enemies":"2 Louse","floor":8.0,"turns":4.0},{"damage":17.0,"enemies":"Lots of Slimes","floor":12.0,"turns":4.0},{"damage":11.0,"enemies":"Blue Slaver","floor":13.0,"turns":3.0},{"damage":45.0,"enemies":"Hexaghost","floor":16.0,"turns":13.0},{"damage":8.0,"enemies":"3 Byrds","floor":18.0,"turns":10.0},{"damage":7.0,"enemies":"Shell Parasite","floor":20.0,"turns":5.0},{"damage":3.0,"enemies":"Snake Plant","floor":21.0,"turns":6.0},{"damage":12.0,"enemies":"Centurion and Healer","floor":22.0,"turns":6.0},{"damage":16.0,"enemies":"Shelled Parasite and Fungi","floor":24.0,"turns":8.0},{"damage":19.0,"enemies":"Sentry and Sphere","floor":27.0,"turns":6.0},{"damage":0.0,"enemies":"Snecko","floor":29.0,"turns":7.0},{"damage":5.0,"enemies":"Centurion and Healer","floor":31.0,"turns":8.0},{"damage":17.0,"enemies":"Automaton","floor":33.0,"turns":11.0},{"damage":33.0,"enemies":"3 Darklings","floor":35.0,"turns":8.0},{"damage":0.0,"enemies":"Orb Walker","floor":37.0,"turns":6.0},{"damage":23,"enemies":"3 Darklings","floor":40,"turns":11},{"damage":2,"enemies":"Maw","floor":44,"turns":10},{"damage":62,"enemies":"Jaw Worm Horde","floor":47,"turns":5},{"damage":22,"enemies":"Writhing Mass","floor":48,"turns":1}],"seed_played":"174909666066269157","potions_obtained":[{"floor":4.0,"key":"EssenceOfSteel"},{"floor":8.0,"key":"DuplicationPotion"},{"floor":12.0,"key":"FairyPotion"},{"floor":16.0,"key":"Block Potion"},{"floor":27.0,"key":"BlessingOfTheForge"},{"floor":33.0,"key":"GamblersBrew"},{"floor":35.0,"key":"BlessingOfTheForge"},{"floor":47,"key":"Explosive Potion"}],"is_trial":false,"path_per_floor":["M","$","?","M","T","E","R","M","T","$","R","M","M","?","R","B",null,"M","?","M","M","M","R","M","R","T","M","?","M","$","M","R","B",null,"M","?","M","?","?","M","R","T","T","M","R","$","M","M"],"character_chosen":"DEFECT","items_purchased":["Capacitor","Cold Snap","Glacier","Capacitor","Mummified Hand","Capacitor","MealTicket"],"campfire_rested":8,"item_purchase_floors":[2,10,30,30,46,46,46],"current_hp_per_floor":[64,64,71,64,64,26,47,41,41,41,62,45,34,34,55,10,56,48,48,41,38,26,47,31,52,52,33,33,33,33,28,49,32,61,28,28,28,28,28,5,26,26,26,24,45,45,6,0,0],"gold":61,"neow_bonus":"RANDOM_COMMON_RELIC","is_prod":false,"is_daily":false,"chose_seed":false,"campfire_upgraded":0,"win_rate":0,"timestamp":1607504816,"path_taken":["M","?","?","M","?","E","R","M","T","?","R","M","?","?","R","BOSS","M","?","?","M","M","R","M","R","T","M","?","M","?","M","R","BOSS","M","?","?","?","?","?","R","?","T","?","R","$","M","M"],"build_version":"2020-11-30","purchased_purges":2,"victory":false,"max_hp_per_floor":[71,71,71,71,71,71,71,71,71,71,71,71,71,71,71,71,71,71,71,71,71,71,71,71,71,71,71,71,71,71,71,71,71,71,71,71,71,71,71,71,71,71,71,71,71,71,71,71,71],"card_choices":[{"not_picked":["Turbo","Chaos"],"picked":"Leap","floor":1.0},{"not_picked":["Steam","Coolheaded"],"picked":"Compile Driver","floor":4.0},{"not_picked":["Steam","Gash"],"picked":"Hologram","floor":6.0},{"not_picked":["Double Energy","Reprogram","BootSequence"],"picked":"Coolheaded","floor":8.0},{"not_picked":["Conserve Battery","Aggregate","Beam Cell"],"picked":"Melter","floor":12.0},{"not_picked":["Amplify","Redo","Coolheaded"],"picked":"Sweeping Beam","floor":13.0},{"not_picked":["Fission","Rainbow","Thunder Strike"],"picked":"Echo Form","floor":16.0},{"not_picked":["Go for the Eyes","Steam Power","Double Energy"],"picked":"Consume","floor":18.0},{"not_picked":["Conserve Battery","Static Discharge","Rebound"],"picked":"Barrage","floor":20.0},{"not_picked":["Cold Snap","Coolheaded+1","Steam"],"picked":"Barrage","floor":21.0},{"not_picked":["Redo","Stack","Tempest","Aggregate"],"picked":"SKIP","floor":22.0},{"not_picked":["Self Repair","Coolheaded","Thunder Strike"],"picked":"Defragment","floor":24.0},{"not_picked":["Sweeping Beam","Lockon","Rip and Tear"],"picked":"Blizzard","floor":27.0},{"not_picked":["Ball Lightning","Hologram","Rebound","Gash"],"picked":"SKIP","floor":29.0},{"not_picked":["Stack","Conserve Battery+1","Undo+1","Beam Cell"],"picked":"SKIP","floor":31.0},{"not_picked":["Gash+1","Conserve Battery+1","Rebound"],"picked":"Cold Snap","floor":35.0},{"not_picked":["FTL+1","Doom and Gloom","Leap"],"picked":"Conserve Battery+1","floor":37.0},{"not_picked":["Coolheaded+1","Streamline","Beam Cell+1"],"picked":"Capacitor","floor":40},{"not_picked":["Rebound","Stack","Doom and Gloom"],"picked":"Coolheaded+1","floor":44},{"not_picked":["Steam Power","Go for the Eyes","Auto Shields"],"picked":"Hologram+1","floor":44},{"not_picked":["Gash+1","Compile Driver","Tempest"],"picked":"Barrage+1","floor":47},{"not_picked":["Skim","Melter","Conserve Battery","Go for the Eyes"],"picked":"SKIP","floor":47}],"player_experience":214367,"relics_obtained":[{"floor":5.0,"key":"Bottled Tornado"},{"floor":6.0,"key":"Question Card"},{"floor":9.0,"key":"Cables"},{"floor":26.0,"key":"Whetstone"},{"floor":42,"key":"Prayer Wheel"},{"floor":43,"key":"Darkstone Periapt"}],"event_choices":[{"damage_healed":17.0,"max_hp_gain":0.0,"max_hp_loss":0.0,"gold_gain":0.0,"event_name":"The Cleric","player_choice":"Healed","floor":3.0,"gold_loss":35.0,"damage_taken":0.0},{"damage_healed":0.0,"max_hp_gain":0.0,"max_hp_loss":0.0,"gold_gain":75.0,"event_name":"Golden Wing","player_choice":"Gained Gold","floor":14.0,"gold_loss":0.0,"damage_taken":0.0},{"cards_removed":["Coolheaded"],"damage_healed":0.0,"max_hp_gain":0.0,"max_hp_loss":0.0,"gold_gain":0.0,"event_name":"WeMeetAgain","player_choice":"Gave Card","floor":19.0,"gold_loss":0.0,"damage_taken":0.0,"relics_obtained":["Ginger"]},{"damage_healed":0.0,"max_hp_gain":0.0,"max_hp_loss":0.0,"gold_gain":0.0,"event_name":"Upgrade Shrine","player_choice":"Upgraded","floor":28.0,"gold_loss":0.0,"damage_taken":0.0,"cards_upgraded":["Defragment"]},{"damage_healed":0.0,"max_hp_gain":0.0,"max_hp_loss":0.0,"gold_gain":0.0,"cards_transformed":["Strike_B"],"event_name":"Transmorgrifier","player_choice":"Transformed","floor":36.0,"gold_loss":0.0,"damage_taken":0.0,"cards_obtained":["Lockon"]},{"damage_healed":0,"gold_gain":0,"player_choice":"Ignored","damage_taken":0,"max_hp_gain":0,"max_hp_loss":0,"event_name":"Mysterious Sphere","floor":38,"gold_loss":0},{"damage_healed":0,"gold_gain":275,"player_choice":"Desecrate","damage_taken":0,"max_hp_gain":0,"max_hp_loss":0,"event_name":"Golden Shrine","floor":39,"gold_loss":0,"cards_obtained":["Regret"]}],"is_beta":false,"boss_relics":[{"not_picked":["Runic Dome","Busted Crown"],"picked":"FrozenCore"},{"not_picked":["Black Star","Calling Bell"],"picked":"Inserter"}],"items_purged_floors":[30,46],"is_endless":false,"potions_floor_spawned":[4,8,12,13,16,18,20,27,33,35,40,47],"killed_by":"Writhing Mass","ascension_level":14}}