{"host":"mi0eibewekhugwl1","time":1607501440,"event":{"gold_per_floor":[111,111,124,124,124,156,156,156,211,211,232,232,251,271,271,271,271],"floor_reached":16,"playtime":191,"items_purged":[],"score":250,"play_id":"3358a717-e395-4c92-a439-14152a84dede","local_time":"20201209171040","is_ascension_mode":true,"campfire_choices":[{"data":"Cloak And Dagger","floor":12,"key":"SMITH"},{"floor":15,"key":"REST"}],"neow_cost":"NONE","seed_source_timestamp":929435295286100,"circlet_count":0,"master_deck":["AscendersBane","Strike_G","Strike_G","Strike_G","Strike_G","Defend_G","Defend_G","Defend_G","Defend_G","Defend_G","Survivor","Neutralize+1","Tactician","Prepared+1","Deadly Poison","Cloak And Dagger+1","Poisoned Stab","Finisher"],"relics":["Ring of the Snake","NeowsBlessing","Darkstone Periapt","Golden Idol","Art of War"],"potions_floor_usage":[],"damage_taken":[{"damage":0,"enemies":"Jaw Worm","floor":1,"turns":1},{"damage":0,"enemies":"Cultist","floor":3,"turns":1},{"damage":0,"enemies":"Gremlin Nob","floor":6,"turns":1},{"damage":9,"enemies":"Small Slimes","floor":11,"turns":4},{"damage":3,"enemies":"2 Fungi Beasts","floor":13,"turns":4},{"damage":9,"enemies":"3 Louse","floor":14,"turns":4},{"damage":33,"enemies":"Slime Boss","floor":16,"turns":7}],"seed_played":"-664063058596099574","potions_obtained":[{"floor":3,"key":"SneckoOil"},{"floor":6,"key":"Explosive Potion"}],"is_trial":false,"path_per_floor":["M","?","M","?","?","E","?","?","T","?","M","R","M","M","R","B"],"character_chosen":"THE_SILENT","items_purchased":[],"campfire_rested":1,"item_purchase_floors":[],"current_hp_per_floor":[59,59,59,64,64,64,40,40,40,33,24,24,21,12,33,0,0],"gold":271,"neow_bonus":"THREE_ENEMY_KILL","is_prod":false,"is_daily":false,"chose_seed":false,"campfire_upgraded":1,"win_rate":0,"timestamp":1607501440,"path_taken":["M","?","?","?","?","E","?","?","T","?","M","R","M","M","R","BOSS"],"build_version":"2020-11-30","purchased_purges":0,"victory":false,"max_hp_per_floor":[66,66,66,71,71,71,71,71,71,71,71,71,71,71,71,71,71],"relic_stats":{"Darkstone Periapt":0,"counters":[7,22],"Golden Idol":12,"Art of War":[0],"obtain_stats":[{"Darkstone Periapt":6,"NeowsBlessing":0,"Golden Idol":7,"Art of War":9,"Ring of the Snake":0},{"Darkstone Periapt":3,"NeowsBlessing":0,"Golden Idol":3,"Art of War":3,"Ring of the Snake":0},{"Darkstone Periapt":3,"NeowsBlessing":0,"Golden Idol":3,"Art of War":3,"Ring of the Snake":0}],"Ring of the Snake":[14]},"card_choices":[{"not_picked":["Deflect","Bane"],"picked":"Tactician","floor":1},{"not_picked":["Dagger Spray","Concentrate"],"picked":"Prepared","floor":3},{"not_picked":["Leg Sweep","Dodge and Roll"],"picked":"Deadly Poison","floor":6},{"not_picked":["Tactician","Grand Finale"],"picked":"Cloak And Dagger","floor":11},{"not_picked":["PiercingWail","Flechettes"],"picked":"Poisoned Stab","floor":13},{"not_picked":["Finisher","Quick Slash","Deadly Poison"],"picked":"SKIP","floor":14},{"not_picked":["Quick Slash","Deadly Poison"],"picked":"Finisher","floor":14}],"player_experience":1654214,"relics_obtained":[{"floor":6,"key":"Darkstone Periapt"},{"floor":9,"key":"Art of War"}],"event_choices":[{"damage_healed":0,"gold_gain":0,"player_choice":"Upgraded","damage_taken":0,"max_hp_gain":0,"max_hp_loss":0,"event_name":"Upgrade Shrine","floor":2,"gold_loss":0,"cards_upgraded":["Neutralize"]},{"damage_healed":0,"gold_gain":0,"player_choice":"Donut","damage_taken":0,"max_hp_gain":5,"max_hp_loss":0,"event_name":"Big Fish","floor":4,"gold_loss":0},{"damage_healed":0,"gold_gain":0,"player_choice":"Grow","damage_taken":0,"max_hp_gain":0,"max_hp_loss":0,"event_name":"Living Wall","floor":5,"gold_loss":0,"cards_upgraded":["Prepared"]},{"damage_healed":0,"gold_gain":0,"player_choice":"Take Damage","damage_taken":24,"relics_obtained":["Golden Idol"],"max_hp_gain":0,"max_hp_loss":0,"event_name":"Golden Idol","floor":7,"gold_loss":0},{"damage_healed":0,"gold_gain":0,"player_choice":"Ignored","damage_taken":0,"max_hp_gain":0,"max_hp_loss":0,"event_name":"Liars Game","floor":8,"gold_loss":0},{"cards_removed":["Strike_G"],"damage_healed":0,"gold_gain":0,"player_choice":"Card Removal","damage_taken":7,"max_hp_gain":0,"max_hp_loss":0,"event_name":"Golden Wing","floor":10,"gold_loss":0}],"is_beta":false,"boss_relics":[],"items_purged_floors":[],"is_endless":false,"potions_floor_spawned":[3,6,11],"killed_by":"Slime Boss","ascension_level":20}}