{"host":"aifnrwt6v0oyvxsq","time":1607496720,"event":{"gold_per_floor":[536,457,457,471,481,481,507,507,533,547,562,562,572,600,600,696,696,710,310,323,336,336,336,370,382,409,427,415,447,522,552,552,657,657,675,675,704,704,704,750,750,750,774,774,820,820,820,820,820,829,829,829,829,865,883],"floor_reached":56,"playtime":2266,"items_purged":[],"score":1455,"play_id":"115b0a0e-7b9c-4073-b565-b83a44eb8d26","local_time":"20201209015200","is_ascension_mode":false,"campfire_choices":[{"floor":6,"key":"REST"},{"floor":8,"key":"REST"},{"floor":15,"key":"RECALL"},{"floor":32,"key":"REST"},{"floor":42,"key":"REST"},{"floor":46,"key":"REST"},{"floor":52,"key":"REST"}],"neow_cost":"NONE","seed_source_timestamp":2242682545486299,"circlet_count":0,"master_deck":["Defend_G+1","Defend_G+1","Defend_G+1","Neutralize+1","Corpse Explosion+1","Catalyst+1","Footwork+1","Poisoned Stab+1","Envenom+1","Deadly Poison+1","Die Die Die+1","Noxious Fumes+1","Backstab+1","Panacea+1","Die Die Die+1","Well Laid Plans+1","ReplayTheSpireMod:Brewmster+1","Backstab+1","Slice+1","Specialist+1","Poisoned Stab+1","Madness+1","Madness+1"],"relics":["Hammer of Thor","Seething Fire","Anvil of the Gods","REME_ComplimentaryCards","Astrolabe","hubris:Zylophone","Bronze Scales","hubris:GlazedTorus","Fusion Hammer","War Paint","hubris:TenFootPole","Replay:Mystery Machine","Toy Ornithopter","Replay:Rubber Ducky","TwistedFunnel","Juzu Bracelet","hubris:NiceRug","REME_ArchaeologicalTools","SacredBark","Nunchaku","hubris:SphereOfDissonance","hubris:Icosahedron","Ring of Hypnosis","Vajra"],"potions_floor_usage":[24,28,28,31,55,55,55],"damage_taken":[{"damage":0,"enemies":"Small Slimes","floor":1,"turns":3},{"damage":4,"enemies":"Cultist","floor":4,"turns":3},{"damage":4,"enemies":"Jaw Worm","floor":5,"turns":2},{"damage":16,"enemies":"Replay:BlueRogue","floor":7,"turns":5},{"damage":4,"enemies":"3 Louse","floor":10,"turns":2},{"damage":2,"enemies":"Blue Slaver","floor":11,"turns":3},{"damage":2,"enemies":"Looter","floor":13,"turns":3},{"damage":0,"enemies":"Gremlin Nob","floor":14,"turns":2},{"damage":4,"enemies":"The Guardian","floor":16,"turns":3},{"damage":2,"enemies":"Chosen","floor":18,"turns":4},{"damage":11,"enemies":"2 Thieves","floor":20,"turns":2},{"damage":22,"enemies":"Centurion and Healer","floor":21,"turns":4},{"damage":0,"enemies":"Slavers","floor":24,"turns":1},{"damage":0,"enemies":"3 Cultists","floor":25,"turns":2},{"damage":11,"enemies":"Snecko","floor":27,"turns":4},{"damage":17,"enemies":"hubris:Merchant","floor":28,"turns":5},{"damage":0,"enemies":"Centurion and Healer","floor":29,"turns":1},{"damage":0,"enemies":"Gremlin Leader","floor":30,"turns":3},{"damage":3,"enemies":"Shelled Parasite and Fungi","floor":31,"turns":2},{"damage":5,"enemies":"hubris:MusketHawk","floor":33,"turns":2},{"damage":5,"enemies":"3 Darklings","floor":35,"turns":2},{"damage":0,"enemies":"3 Shapes","floor":37,"turns":4},{"damage":13,"enemies":"Reptomancer","floor":40,"turns":3},{"damage":9,"enemies":"Nemesis","floor":45,"turns":5},{"damage":0,"enemies":"Donu and Deca","floor":50,"turns":4},{"damage":30,"enemies":"Shield and Spear","floor":54,"turns":5},{"damage":53,"enemies":"The Heart","floor":55,"turns":6}],"seed_played":"3690224421753361188","potions_obtained":[{"floor":1,"key":"Adrenaline Potion"},{"floor":4,"key":"LiquidMemories"},{"floor":10,"key":"Poison Potion"},{"floor":11,"key":"Dexterity Potion"},{"floor":24,"key":"EssenceOfSteel"},{"floor":28,"key":"SkillPotion"},{"floor":28,"key":"Strength Potion"},{"floor":31,"key":"Energy Potion"},{"floor":49,"key":"DuplicationPotion"},{"floor":54,"key":"PowerPotion"}],"is_trial":false,"path_per_floor":["M","$","?","M","M","R","E","R","T","M","M","?","M","E","R","B",null,"M","$","M","M","?","?","E","M","T","M","$","M","E","M","R","B",null,"M","?","M","?","?","E","$","R","T","?","E","R","?","?","R","B",null,"R","$","E","B",null],"character_chosen":"THE_SILENT","items_purchased":["Footwork","Noxious Fumes","Backstab","Panacea","War Paint","TwistedFunnel","Juzu Bracelet"],"campfire_rested":6,"item_purchase_floors":[2,19,19,19,19,28,28],"current_hp_per_floor":[70,70,63,59,55,70,54,70,70,66,64,64,62,62,62,58,70,68,68,57,35,80,44,49,49,49,38,31,31,31,33,57,52,80,75,75,75,75,75,62,62,80,80,75,66,80,80,80,80,80,80,80,80,50,12],"gold":883,"neow_bonus":"BOSS_RELIC","is_prod":false,"is_daily":false,"chose_seed":false,"campfire_upgraded":0,"win_rate":0,"timestamp":1607496720,"path_taken":["M","$","?","?","M","R","E","R","T","M","M","?","M","E","R","BOSS","M","$","M","M","?","?","E","M","T","M","$","M","E","M","R","BOSS","M","?","M","?","?","E","$","R","T","?","E","R","?","?","R","BOSS","R","$","E","BOSS"],"build_version":"2020-11-30","purchased_purges":0,"victory":true,"max_hp_per_floor":[70,70,70,70,70,70,70,70,70,70,70,70,70,70,70,70,70,70,70,70,70,80,80,80,80,80,80,80,80,80,80,80,80,80,80,80,80,80,80,80,80,80,80,80,80,80,80,80,80,80,80,80,80,80,80],"card_choices":[{"not_picked":["ReplayTheSpireMod:Exploit Weakness","Quick Slash"],"picked":"Catalyst","floor":1},{"not_picked":["Acrobatics","Outmaneuver","Dagger Throw"],"picked":"SKIP","floor":4},{"not_picked":["Terror","ReplayTheSpireMod:Exploit Weakness","REME_ShadowStrike"],"picked":"SKIP","floor":5},{"not_picked":["ReplayTheSpireMod:Speed Training","Hidden Blade"],"picked":"Poisoned Stab","floor":7},{"not_picked":["Prepared","Quick Slash"],"picked":"Envenom","floor":10},{"not_picked":["Sucker Punch","REME_GreenPollution"],"picked":"Deadly Poison","floor":11},{"not_picked":["Deadly Poison","Blade Dance","Skewer"],"picked":"SKIP","floor":13},{"not_picked":["Dodge and Roll","Bane"],"picked":"Malaise","floor":14},{"not_picked":["Burst","Wraith Form v2"],"picked":"Die Die Die","floor":16},{"not_picked":["Sucker Punch","Acrobatics","Dagger Throw"],"picked":"SKIP","floor":18},{"not_picked":["Cloak And Dagger+1","REME_SpectralBlade","Accuracy"],"picked":"SKIP","floor":20},{"not_picked":["Expertise+1","hubris:SlightOfHand","Dodge and Roll"],"picked":"SKIP","floor":21},{"not_picked":["Acrobatics","Cloak And Dagger","Hidden Blade+1"],"picked":"SKIP","floor":24},{"not_picked":["hubris:Counter","PiercingWail+1","Replay:Poison Smokescreen"],"picked":"SKIP","floor":25},{"not_picked":["Backflip","Replay:Poison Smokescreen","Quick Slash"],"picked":"SKIP","floor":27},{"not_picked":[],"picked":"Die Die Die","floor":28},{"not_picked":[],"picked":"Well Laid Plans","floor":28},{"not_picked":[],"picked":"ReplayTheSpireMod:Brewmster","floor":28},{"not_picked":["Predator"],"picked":"SKIP","floor":28},{"not_picked":["ReplayTheSpireMod:Shiv Toss"],"picked":"SKIP","floor":28},{"not_picked":["Blade Dance"],"picked":"SKIP","floor":28},{"not_picked":["hubris:Insight"],"picked":"SKIP","floor":28},{"not_picked":["hubris:SlightOfHand","Flechettes+1","ReplayTheSpireMod:Scrap Shanks"],"picked":"SKIP","floor":29},{"not_picked":["Prepared","Leg Sweep+1"],"picked":"Backstab","floor":30},{"not_picked":["Cloak And Dagger","Well Laid Plans","Acrobatics"],"picked":"SKIP","floor":31},{"not_picked":["Deadly Poison","Hidden Blade+1"],"picked":"Slice+1","floor":35},{"not_picked":["Replay:Poison Smokescreen","Backflip","Caltrops"],"picked":"SKIP","floor":37},{"not_picked":["Secret Weapon","Thinking Ahead"],"picked":"Specialist","floor":39},{"not_picked":["hubris:SlightOfHand+1","Flying Knee"],"picked":"Poisoned Stab+1","floor":40},{"not_picked":["ReplayTheSpireMod:Scrap Shanks+1","Dagger Throw","Backflip"],"picked":"SKIP","floor":45},{"not_picked":["Wraith Form v2","PiercingWail","Quick Slash"],"picked":"SKIP","floor":54}],"player_experience":80032,"relics_obtained":[{"floor":7,"key":"hubris:Zylophone"},{"floor":9,"key":"Bronze Scales"},{"floor":14,"key":"hubris:GlazedTorus"},{"floor":24,"key":"Replay:Rubber Ducky"},{"floor":28,"key":"REME_ArchaeologicalTools"},{"floor":40,"key":"Nunchaku"},{"floor":45,"key":"hubris:SphereOfDissonance"},{"floor":48,"key":"Ring of Hypnosis"},{"floor":54,"key":"Vajra"}],"event_choices":[{"damage_healed":0,"gold_gain":0,"player_choice":"Damaged","damage_taken":7,"max_hp_gain":0,"max_hp_loss":0,"event_name":"Wheel of Change","floor":3,"gold_loss":0},{"cards_removed":["Malaise"],"damage_healed":35,"gold_gain":0,"player_choice":"Offered Rare","damage_taken":0,"max_hp_gain":10,"max_hp_loss":0,"event_name":"Bonfire Elementals","floor":22,"gold_loss":0},{"damage_healed":0,"gold_gain":0,"player_choice":"RE RE RE ","damage_taken":64,"relics_obtained":["hubris:TenFootPole","Replay:Mystery Machine","Toy Ornithopter"],"max_hp_gain":0,"max_hp_loss":0,"event_name":"betterSkull:BetterSkull","floor":23,"gold_loss":0,"cards_upgraded":[]},{"damage_healed":0,"gold_gain":0,"player_choice":"Bought 0 Potions","damage_taken":0,"max_hp_gain":0,"max_hp_loss":0,"event_name":"The Woman in Blue","floor":36,"gold_loss":0},{"damage_healed":0,"gold_gain":0,"player_choice":"Ignored","damage_taken":0,"max_hp_gain":0,"max_hp_loss":0,"event_name":"Tomb of Lord Red Mask","floor":38,"gold_loss":0},{"damage_healed":0,"gold_gain":3,"player_choice":"1","damage_taken":0,"max_hp_gain":0,"max_hp_loss":0,"event_name":"betterStone:BetterStone","floor":39,"gold_loss":0},{"damage_healed":0,"gold_gain":0,"player_choice":"Embrace Madness","damage_taken":10,"max_hp_gain":0,"max_hp_loss":0,"event_name":"Winding Halls","floor":44,"gold_loss":0,"cards_obtained":["Madness","Madness"]}],"is_beta":false,"boss_relics":[{"not_picked":["REME_DuelDisc","hubris:TerracottaHorce"],"picked":"Fusion Hammer"},{"not_picked":["Snecko Scales","Coffee Dripper"],"picked":"SacredBark"}],"items_purged_floors":[],"is_endless":false,"potions_floor_spawned":[1,4,10,11,14,16,24,29,30,31,33,37,45,54],"ascension_level":0}}