{"host":"cjhtzh7tp54jdfyv","time":1607525480,"event":{"gold_per_floor":[99,99,99,99,99,99,99,99,99,99,99,99,99,99,99,99,99,99,99,99,99,99,99,99,99,99,99,99,99,99,99,99,99,99,99,99,99,99,99,99,99,99,99,99,99,99,99,99,99,99,99,99,99,22,22,22],"floor_reached":57,"playtime":8559,"items_purged":[],"score":3042,"play_id":"c3ade727-77d0-438a-aa83-7800db7834d4","local_time":"20201209095120","is_ascension_mode":true,"campfire_choices":[{"floor":7,"key":"REST"},{"data":"Berserk","floor":15,"key":"SMITH"},{"data":"Offering","floor":24,"key":"SMITH"},{"data":"Offering","floor":30,"key":"SMITH"},{"data":"Battle Trance","floor":32,"key":"SMITH"},{"floor":40,"key":"RECALL"},{"data":"Inflame","floor":42,"key":"SMITH"},{"data":"Warcry","floor":46,"key":"SMITH"},{"data":"Brutality","floor":49,"key":"SMITH"},{"data":"Dark Embrace","floor":53,"key":"SMITH"}],"neow_cost":"NONE","seed_source_timestamp":667909463018600,"circlet_count":0,"master_deck":["AscendersBane","Bash","Uppercut","True Grit","Headbutt","Double Tap","Berserk+1","Intimidate","Reaper","Battle Trance+1","Feed","Limit Break","Disarm","Corruption","Offering+1","Inflame+1","Entrench","Exhume","Offering+1","Intimidate","Fiend Fire","Warcry+1","Brutality+1","Pommel Strike+1","Barricade","Rupture+1","Dark Embrace+1","Shrug It Off","Warcry","True Grit"],"relics":["Ectoplasm","The Courier","Dead Branch","Lizard Tail","FossilizedHelix","Pandora\u0027s Box","Pocketwatch","StrikeDummy","Art of War","Lantern","Coffee Dripper","Thread and Needle","Regal Pillow","Anchor","Vajra"],"potions_floor_usage":[11,12,14,38,56,56],"damage_taken":[{"damage":2,"enemies":"Jaw Worm","floor":1,"turns":3},{"damage":2,"enemies":"2 Louse","floor":2,"turns":3},{"damage":0,"enemies":"Cultist","floor":4,"turns":2},{"damage":29,"enemies":"Gremlin Nob","floor":6,"turns":4},{"damage":18,"enemies":"Lagavulin","floor":8,"turns":6},{"damage":6,"enemies":"Blue Slaver","floor":11,"turns":6},{"damage":8,"enemies":"3 Sentries","floor":12,"turns":6},{"damage":0,"enemies":"Large Slime","floor":13,"turns":4},{"damage":0,"enemies":"Lots of Slimes","floor":14,"turns":2},{"damage":30,"enemies":"Hexaghost","floor":16,"turns":8},{"damage":6,"enemies":"Spheric Guardian","floor":18,"turns":1},{"damage":0,"enemies":"Shell Parasite","floor":19,"turns":3},{"damage":9,"enemies":"3 Cultists","floor":20,"turns":4},{"damage":15,"enemies":"Centurion and Healer","floor":21,"turns":5},{"damage":12,"enemies":"Slavers","floor":23,"turns":2},{"damage":6,"enemies":"Book of Stabbing","floor":25,"turns":3},{"damage":38,"enemies":"Snake Plant","floor":27,"turns":4},{"damage":13,"enemies":"Gremlin Leader","floor":28,"turns":3},{"damage":25,"enemies":"Chosen and Byrds","floor":29,"turns":4},{"damage":24,"enemies":"Cultist and Chosen","floor":31,"turns":5},{"damage":0,"enemies":"Automaton","floor":33,"turns":4},{"damage":30,"enemies":"3 Darklings","floor":35,"turns":3},{"damage":18,"enemies":"Orb Walker","floor":36,"turns":3},{"damage":64,"enemies":"4 Shapes","floor":38,"turns":5},{"damage":17,"enemies":"Mind Bloom Boss Battle","floor":39,"turns":6},{"damage":27,"enemies":"Nemesis","floor":41,"turns":8},{"damage":55,"enemies":"Jaw Worm Horde","floor":44,"turns":6},{"damage":41,"enemies":"Giant Head","floor":45,"turns":6},{"damage":50,"enemies":"Sphere and 2 Shapes","floor":47,"turns":28},{"damage":117,"enemies":"Time Eater","floor":50,"turns":9},{"damage":48,"enemies":"Donu and Deca","floor":51,"turns":13},{"damage":102,"enemies":"Shield and Spear","floor":55,"turns":36},{"damage":188,"enemies":"The Heart","floor":56,"turns":8}],"seed_played":"-7626995175780120307","potions_obtained":[{"floor":1,"key":"FairyPotion"},{"floor":10,"key":"Regen Potion"},{"floor":11,"key":"BlessingOfTheForge"},{"floor":12,"key":"LiquidBronze"},{"floor":13,"key":"Strength Potion"},{"floor":18,"key":"Explosive Potion"},{"floor":21,"key":"FearPotion"},{"floor":27,"key":"DistilledChaos"},{"floor":29,"key":"Fruit Juice"},{"floor":38,"key":"Strength Potion"},{"floor":44,"key":"SteroidPotion"},{"floor":47,"key":"LiquidMemories"}],"is_trial":false,"path_per_floor":["M","M","?","M","?","E","R","E","T","?","M","E","M","M","R","B",null,"M","M","M","M","$","E","R","E","T","M","E","M","R","M","R","B",null,"M","M","?","M","?","R","E","R","T","M","E","R","M","?","R","B","B",null,"R","$","E","B",null],"character_chosen":"IRONCLAD","items_purchased":["Shrug It Off","Warcry"],"campfire_rested":1,"item_purchase_floors":[54,54],"current_hp_per_floor":[66,64,64,64,57,28,50,32,32,32,41,33,37,67,67,43,67,67,70,84,81,81,96,96,90,90,75,77,64,64,46,46,117,117,105,105,105,60,104,104,92,92,92,63,117,117,104,99,99,39,165,165,165,165,106,71],"gold":22,"neow_bonus":"BOSS_RELIC","is_prod":false,"is_daily":false,"chose_seed":false,"campfire_upgraded":8,"win_rate":0,"timestamp":1607525480,"path_taken":["M","M","?","M","?","E","R","E","T","?","M","E","M","M","R","BOSS","M","M","M","M","$","E","R","E","T","M","E","M","R","M","R","BOSS","M","M","?","M","?","R","E","R","T","M","E","R","M","?","R","BOSS","BOSS","R","$","E","BOSS"],"build_version":"2020-11-30","purchased_purges":0,"victory":true,"max_hp_per_floor":[75,75,75,75,75,75,75,75,75,75,75,75,75,75,75,75,75,78,81,84,90,90,96,96,96,96,99,102,108,108,114,114,117,117,121,124,124,135,138,138,141,141,141,147,150,150,159,159,159,162,165,165,165,165,168,168],"card_choices":[{"not_picked":["Bloodletting","Pommel Strike"],"picked":"Uppercut","floor":1},{"not_picked":["Cleave","Armaments"],"picked":"True Grit","floor":2},{"not_picked":["Second Wind","Shrug It Off"],"picked":"Headbutt","floor":4},{"not_picked":["Intimidate","Bludgeon"],"picked":"Double Tap","floor":6},{"not_picked":["Rupture","Blood for Blood"],"picked":"Berserk","floor":8},{"not_picked":["Warcry","Dropkick"],"picked":"Intimidate","floor":11},{"not_picked":["Reckless Charge","Combust"],"picked":"Reaper","floor":12},{"not_picked":["Cleave","Wild Strike","Iron Wave"],"picked":"SKIP","floor":13},{"not_picked":["Wild Strike","Havoc"],"picked":"Battle Trance","floor":14},{"not_picked":["Limit Break","Reaper"],"picked":"Feed","floor":16},{"not_picked":["Clash","Heavy Blade","Pommel Strike"],"picked":"SKIP","floor":18},{"not_picked":["Metallicize","Iron Wave","Perfected Strike"],"picked":"SKIP","floor":19},{"not_picked":["Wild Strike","Reckless Charge","Clash"],"picked":"SKIP","floor":20},{"not_picked":["Dropkick","Clash+1"],"picked":"Intimidate","floor":21},{"not_picked":["Ghostly Armor","Twin Strike"],"picked":"Fiend Fire","floor":23},{"not_picked":["Thunderclap","Combust"],"picked":"Warcry","floor":25},{"not_picked":["Anger","Heavy Blade","Flex"],"picked":"SKIP","floor":27},{"not_picked":["Thunderclap","Anger","Sword Boomerang"],"picked":"SKIP","floor":28},{"not_picked":["Armaments","Wild Strike","Heavy Blade+1"],"picked":"SKIP","floor":29},{"not_picked":["Ghostly Armor","Second Wind","Whirlwind"],"picked":"SKIP","floor":31},{"not_picked":["Ghostly Armor","Second Wind","Whirlwind"],"picked":"SKIP","floor":31},{"not_picked":["Juggernaut","Bludgeon"],"picked":"Brutality","floor":33},{"not_picked":["Sever Soul","Power Through"],"picked":"Pommel Strike+1","floor":35},{"not_picked":["Cleave","Whirlwind","Clash"],"picked":"SKIP","floor":36},{"not_picked":["Flex","Carnage","Bloodletting+1"],"picked":"SKIP","floor":38},{"not_picked":["Perfected Strike","Infernal Blade"],"picked":"Barricade","floor":39},{"not_picked":["Blood for Blood+1","Spot Weakness","Twin Strike"],"picked":"SKIP","floor":41},{"not_picked":["Metallicize","Flex+1"],"picked":"Rupture+1","floor":44},{"not_picked":["Headbutt","Dropkick","Metallicize"],"picked":"SKIP","floor":45},{"not_picked":["Headbutt","Dropkick","Metallicize"],"picked":"SKIP","floor":45},{"not_picked":["Entrench","Cleave"],"picked":"Dark Embrace","floor":47},{"not_picked":["Bloodletting","Warcry"],"picked":"True Grit","floor":55}],"player_experience":4053773,"relics_obtained":[{"floor":6,"key":"The Courier"},{"floor":8,"key":"Dead Branch"},{"floor":9,"key":"Lizard Tail"},{"floor":12,"key":"FossilizedHelix"},{"floor":23,"key":"Pocketwatch"},{"floor":25,"key":"StrikeDummy"},{"floor":26,"key":"Art of War"},{"floor":28,"key":"Lantern"},{"floor":39,"key":"Thread and Needle"},{"floor":41,"key":"Regal Pillow"},{"floor":45,"key":"Anchor"},{"floor":55,"key":"Vajra"}],"event_choices":[{"damage_healed":0,"gold_gain":0,"player_choice":"Ignored","damage_taken":0,"max_hp_gain":0,"max_hp_loss":0,"event_name":"Golden Idol","floor":3,"gold_loss":0},{"cards_removed":["Strike_R"],"damage_healed":0,"gold_gain":0,"player_choice":"Card Removal","damage_taken":7,"max_hp_gain":0,"max_hp_loss":0,"event_name":"Golden Wing","floor":5,"gold_loss":0},{"damage_healed":0,"gold_gain":0,"player_choice":"Got Potions","damage_taken":0,"max_hp_gain":0,"max_hp_loss":0,"event_name":"Lab","floor":10,"gold_loss":0},{"damage_healed":0,"gold_gain":0,"player_choice":"Ignored","damage_taken":0,"max_hp_gain":0,"max_hp_loss":0,"event_name":"Tomb of Lord Red Mask","floor":37,"gold_loss":0},{"damage_healed":0,"gold_gain":0,"player_choice":"Fight","damage_taken":0,"max_hp_gain":0,"max_hp_loss":0,"event_name":"MindBloom","floor":39,"gold_loss":0},{"damage_healed":0,"gold_gain":0,"player_choice":"Punched","damage_taken":5,"max_hp_gain":0,"max_hp_loss":0,"event_name":"Designer","floor":48,"gold_loss":0}],"is_beta":false,"boss_relics":[{"not_picked":["Runic Dome","Astrolabe"],"picked":"Pandora\u0027s Box"},{"not_picked":["Empty Cage","Velvet Choker"],"picked":"Coffee Dripper"}],"items_purged_floors":[],"is_endless":false,"potions_floor_spawned":[1,11,12,13,18,21,27,29,38,39,44,47,55],"ascension_level":20}}