{"host":"gn6ds4edjslinxdh","time":1607501702,"event":{"gold_per_floor":[112,128,128,140,157,192,192,218,218,218,253,353,353,372,372,472,472,482,500,519,0,11,11,11,11,11,25,39,73,88,104,104,201,201,216,216,216],"floor_reached":38,"playtime":2758,"items_purged":["Strike_R"],"score":969,"play_id":"5a9d18a3-a364-4c56-95ae-d6ebe7b5df7a","local_time":"20201209001502","is_ascension_mode":true,"campfire_choices":[{"data":"Carnage","floor":7,"key":"SMITH"},{"floor":10,"key":"REST"},{"data":"Bash","floor":13,"key":"SMITH"},{"data":"Limit Break","floor":15,"key":"SMITH"},{"data":"Spot Weakness","floor":23,"key":"SMITH"},{"data":"Battle Trance","floor":25,"key":"SMITH"},{"data":"Disarm","floor":32,"key":"SMITH"}],"neow_cost":"NONE","seed_source_timestamp":397880576499700,"circlet_count":0,"master_deck":["AscendersBane","Defend_R","Defend_R","Defend_R","Defend_R","Bash+1","Shrug It Off","Battle Trance+1","Spot Weakness+1","Carnage+1","Limit Break+1","Pummel","Impervious","Bloodletting","Flame Barrier+1","Bite","Bite","Bite","Bite","Bite","Disarm+1","Flame Barrier+1","Heavy Blade"],"special_seed":0,"relics":["Cursed Key","Vajra","Ancient Tea Set","Toy Ornithopter","Runic Pyramid","ClockworkSouvenir","Eternal Feather","The Courier","Coffee Dripper"],"potions_floor_usage":[6,8,14,28,29,37,37],"damage_taken":[{"damage":4,"enemies":"Jaw Worm","floor":1,"turns":3},{"damage":1,"enemies":"Small Slimes","floor":2,"turns":4},{"damage":0,"enemies":"Cultist","floor":4,"turns":3},{"damage":6,"enemies":"Looter","floor":5,"turns":3},{"damage":12,"enemies":"3 Sentries","floor":6,"turns":7},{"damage":20,"enemies":"Lagavulin","floor":8,"turns":4},{"damage":18,"enemies":"Gremlin Nob","floor":11,"turns":4},{"damage":0,"enemies":"Lots of Slimes","floor":14,"turns":3},{"damage":12,"enemies":"The Guardian","floor":16,"turns":7},{"damage":15,"enemies":"3 Byrds","floor":18,"turns":5},{"damage":7,"enemies":"Chosen","floor":19,"turns":2},{"damage":8,"enemies":"Centurion and Healer","floor":20,"turns":4},{"damage":3,"enemies":"Snecko","floor":22,"turns":4},{"damage":5,"enemies":"3 Cultists","floor":27,"turns":5},{"damage":14,"enemies":"Snake Plant","floor":28,"turns":2},{"damage":7,"enemies":"Gremlin Leader","floor":29,"turns":4},{"damage":6,"enemies":"Snecko","floor":30,"turns":6},{"damage":10,"enemies":"3 Cultists","floor":31,"turns":6},{"damage":23,"enemies":"Champ","floor":33,"turns":12},{"damage":3,"enemies":"3 Shapes","floor":35,"turns":4},{"damage":43,"enemies":"Time Eater","floor":37,"turns":6}],"seed_played":"-2509666577444974252","potions_obtained":[{"floor":2,"key":"Fire Potion"},{"floor":5,"key":"SpeedPotion"},{"floor":11,"key":"PowerPotion"},{"floor":16,"key":"Explosive Potion"},{"floor":22,"key":"SteroidPotion"},{"floor":28,"key":"Energy Potion"},{"floor":30,"key":"FearPotion"},{"floor":33,"key":"AttackPotion"},{"floor":35,"key":"GamblersBrew"}],"is_trial":false,"path_per_floor":["M","M","?","M","M","E","R","E","T","R","E","?","R","M","R","B",null,"M","M","M","$","M","R","?","R","T","M","M","E","M","M","R","B",null,"M","?","B",null],"character_chosen":"IRONCLAD","items_purchased":["ClockworkSouvenir","Eternal Feather","SteroidPotion"],"campfire_rested":1,"item_purchase_floors":[21,21,21],"current_hp_per_floor":[68,67,67,67,61,49,49,29,29,53,35,35,35,40,40,28,67,52,45,37,37,34,43,43,55,55,56,46,50,52,56,56,56,56,55,55,28],"gold":216,"neow_bonus":"BOSS_RELIC","is_prod":false,"is_daily":false,"chose_seed":false,"campfire_upgraded":6,"win_rate":0,"timestamp":1607501702,"path_taken":["M","M","?","M","M","E","R","E","T","R","E","?","R","M","R","BOSS","M","M","M","$","M","R","?","R","T","M","M","E","M","M","R","BOSS","M","?","BOSS"],"build_version":"2020-11-30","purchased_purges":1,"victory":true,"max_hp_per_floor":[80,80,80,80,80,80,80,80,80,80,80,80,80,80,80,80,80,80,80,80,80,80,80,56,56,56,56,56,56,56,56,56,56,56,56,56,56],"relic_stats":{"counters":[21,98],"Eternal Feather":21,"Cursed Key":0,"obtain_stats":[{"Vajra":6,"Eternal Feather":21,"The Courier":29,"Coffee Dripper":34,"Cursed Key":0,"Ancient Tea Set":8,"Burning Blood":0,"Toy Ornithopter":11,"Runic Pyramid":17,"ClockworkSouvenir":21},{"Vajra":5,"Eternal Feather":12,"The Courier":16,"Coffee Dripper":19,"Cursed Key":0,"Ancient Tea Set":6,"Burning Blood":0,"Toy Ornithopter":7,"Runic Pyramid":9,"ClockworkSouvenir":12},{"Vajra":20,"Eternal Feather":49,"The Courier":64,"Coffee Dripper":88,"Cursed Key":0,"Ancient Tea Set":24,"Burning Blood":0,"Toy Ornithopter":28,"Runic Pyramid":38,"ClockworkSouvenir":49}],"Toy Ornithopter":16},"card_choices":[{"not_picked":["Sword Boomerang","Wild Strike"],"picked":"Shrug It Off","floor":1},{"not_picked":["Heavy Blade","Dropkick"],"picked":"Battle Trance","floor":2},{"not_picked":["Heavy Blade","Body Slam"],"picked":"Spot Weakness","floor":4},{"not_picked":["Heavy Blade","Wild Strike"],"picked":"Carnage","floor":5},{"not_picked":["Shrug It Off","Heavy Blade"],"picked":"Limit Break","floor":6},{"not_picked":["Warcry","Searing Blow","Wild Strike"],"picked":"SKIP","floor":8},{"not_picked":["Dark Embrace","Thunderclap"],"picked":"Pummel","floor":11},{"not_picked":["Sentinel","Flex","Ghostly Armor"],"picked":"SKIP","floor":14},{"not_picked":["Berserk","Bludgeon"],"picked":"Impervious","floor":16},{"not_picked":["Body Slam","Iron Wave","Warcry"],"picked":"SKIP","floor":18},{"not_picked":["Havoc","Sword Boomerang","Twin Strike"],"picked":"SKIP","floor":19},{"not_picked":["Hemokinesis","Body Slam"],"picked":"Bloodletting","floor":20},{"not_picked":["Combust+1","Perfected Strike"],"picked":"Flame Barrier+1","floor":22},{"not_picked":["Clothesline","Sentinel+1","Iron Wave"],"picked":"SKIP","floor":27},{"not_picked":["Perfected Strike","Hemokinesis"],"picked":"Disarm","floor":28},{"not_picked":["Headbutt","True Grit+1"],"picked":"Flame Barrier+1","floor":29},{"not_picked":["Immolate","Twin Strike","Power Through"],"picked":"SKIP","floor":30},{"not_picked":["Immolate","Twin Strike","Power Through"],"picked":"SKIP","floor":30},{"not_picked":["Power Through+1","Dual Wield+1","Anger"],"picked":"SKIP","floor":31},{"not_picked":["Entrench+1","Headbutt+1"],"picked":"Heavy Blade","floor":35}],"player_experience":485794,"relics_obtained":[{"floor":6,"key":"Vajra"},{"floor":8,"key":"Ancient Tea Set"},{"floor":11,"key":"Toy Ornithopter"},{"floor":29,"key":"The Courier"}],"event_choices":[{"damage_healed":0,"gold_gain":0,"player_choice":"Ignored","damage_taken":0,"max_hp_gain":0,"max_hp_loss":0,"event_name":"Liars Game","floor":3,"gold_loss":0},{"damage_healed":0,"gold_gain":100,"player_choice":"Pray","damage_taken":0,"max_hp_gain":0,"max_hp_loss":0,"event_name":"Golden Shrine","floor":12,"gold_loss":0},{"damage_healed":0,"gold_gain":0,"player_choice":"Became a vampire","damage_taken":0,"max_hp_gain":0,"max_hp_loss":24,"event_name":"Vampires","floor":24,"gold_loss":0,"cards_obtained":["Bite","Bite","Bite","Bite","Bite"]},{"damage_healed":0,"gold_gain":0,"player_choice":"Took Portal","damage_taken":0,"max_hp_gain":0,"max_hp_loss":0,"event_name":"SecretPortal","floor":36,"gold_loss":0}],"is_beta":false,"boss_relics":[{"not_picked":["Pandora\u0027s Box","Velvet Choker"],"picked":"Runic Pyramid"},{"not_picked":["Astrolabe","Snecko Eye"],"picked":"Coffee Dripper"}],"items_purged_floors":[21],"is_endless":false,"potions_floor_spawned":[2,5,11,16,22,27,28,30,33,35],"ascension_level":11}}