{"host":"reugk9pd1uotrglt","time":1607522288,"event":{"gold_per_floor":[110,110,121,196,32,32,106,106,106,139,139,154,154,188,188,262,312,331,381,398,11,28,28,62,62,62,91,124,139,168,168,168,168,168],"floor_reached":33,"playtime":1203,"items_purged":[],"score":988,"play_id":"975b078d-f73a-4a66-a5ee-c37d7537a963","local_time":"20201209145808","is_ascension_mode":true,"campfire_choices":[{"data":"Bash","floor":6.0,"key":"SMITH"},{"data":"Spot Weakness","floor":8.0,"key":"SMITH"},{"data":"Shrug It Off","floor":15.0,"key":"SMITH"},{"data":"Whirlwind","floor":23.0,"key":"SMITH"},{"data":"Barricade","floor":25.0,"key":"SMITH"},{"floor":32.0,"key":"REST"}],"neow_cost":"","seed_source_timestamp":216310445225000,"circlet_count":0,"master_deck":["AscendersBane","Strike_R","Strike_R","Strike_R","Strike_R","Strike_R","Defend_R","Defend_R+1","Defend_R","Defend_R","Bash+1","Spot Weakness+1","Pain","Heavy Blade+1","Dropkick","Shrug It Off+1","Juggernaut","Metallicize","Heavy Blade","Pummel","Whirlwind+1","Flame Barrier","Barricade+1","Shrug It Off","Body Slam+1"],"special_seed":0,"relics":["Burning Blood","TungstenRod","WarpedTongs","Chemical X","PreservedInsect","Nunchaku","Juzu Bracelet","Toy Ornithopter","Tiny House","Bottled Lightning","Anchor","Sundial","Red Mask","Eternal Feather","The Courier"],"potions_floor_usage":[33,33],"damage_taken":[{"damage":2.0,"enemies":"Jaw Worm","floor":1.0,"turns":5.0},{"damage":5.0,"enemies":"Cultist","floor":3.0,"turns":3.0},{"damage":19.0,"enemies":"3 Sentries","floor":7.0,"turns":8.0},{"damage":25.0,"enemies":"Lagavulin","floor":10.0,"turns":4.0},{"damage":0.0,"enemies":"2 Louse","floor":12.0,"turns":2.0},{"damage":0.0,"enemies":"Gremlin Nob","floor":14.0,"turns":2.0},{"damage":22.0,"enemies":"The Guardian","floor":16.0,"turns":11.0},{"damage":10.0,"enemies":"2 Thieves","floor":18.0,"turns":4.0},{"damage":0.0,"enemies":"3 Byrds","floor":20.0,"turns":6.0},{"damage":8.0,"enemies":"Snecko","floor":22.0,"turns":5.0},{"damage":0.0,"enemies":"Slavers","floor":24.0,"turns":1.0},{"damage":20.0,"enemies":"Masked Bandits","floor":27.0,"turns":3.0},{"damage":36.0,"enemies":"Gremlin Leader","floor":28.0,"turns":3.0},{"damage":6.0,"enemies":"Snake Plant","floor":29.0,"turns":3.0},{"damage":17.0,"enemies":"Slavers","floor":30.0,"turns":3.0},{"damage":93,"enemies":"Automaton","floor":33,"turns":10}],"seed_played":"-6954955769048871937","potions_obtained":[{"floor":3.0,"key":"ColorlessPotion"},{"floor":10.0,"key":"LiquidMemories"},{"floor":14.0,"key":"PowerPotion"},{"floor":16.0,"key":"Strength Potion"},{"floor":17.0,"key":"LiquidMemories"},{"floor":18.0,"key":"Explosive Potion"},{"floor":22.0,"key":"Energy Potion"},{"floor":28.0,"key":"Regen Potion"},{"floor":30.0,"key":"Swift Potion"}],"is_trial":false,"path_per_floor":["M","?","M","?","$","R","E","R","T","E","?","M","?","E","R","B",null,"M","?","M","$","M","R","E","R","T","?","E","M","E","?","R","B"],"character_chosen":"IRONCLAD","items_purchased":["Spot Weakness","Chemical X","Whirlwind","Bottled Lightning","Flame Barrier"],"campfire_rested":1,"item_purchase_floors":[0,5,21,21,21],"current_hp_per_floor":[58,58,59,49,49,49,36,36,36,17,17,23,23,29,29,18,66,72,72,80,80,78,78,80,80,80,66,36,36,25,25,64,0,0],"gold":168,"neow_bonus":"","is_prod":false,"is_daily":false,"chose_seed":false,"campfire_upgraded":5,"win_rate":0,"timestamp":1607522288,"path_taken":["M","?","?","?","?","R","E","R","T","E","?","M","?","E","R","BOSS","M","?","M","$","M","R","E","R","T","?","E","M","E","?","R","BOSS"],"build_version":"2020-11-30","purchased_purges":0,"victory":false,"max_hp_per_floor":[75,75,75,75,75,75,75,75,75,75,75,75,75,75,75,75,80,80,80,80,80,80,80,80,80,80,80,80,80,80,80,80,80,80],"card_choices":[{"not_picked":["Flex","Sentinel","Rage"],"picked":"SKIP","floor":1.0},{"not_picked":["Battle Trance","Clothesline"],"picked":"Heavy Blade","floor":3.0},{"not_picked":["Havoc","Sever Soul","Fire Breathing"],"picked":"SKIP","floor":7.0},{"not_picked":["Pommel Strike","Havoc"],"picked":"Dropkick","floor":10.0},{"not_picked":["Clash","Bloodletting","Second Wind"],"picked":"SKIP","floor":12.0},{"not_picked":["Sword Boomerang","Headbutt"],"picked":"Shrug It Off","floor":14.0},{"not_picked":["Reaper","Immolate"],"picked":"Juggernaut","floor":16.0},{"not_picked":["Wild Strike","Burning Pact"],"picked":"Metallicize","floor":17.0},{"not_picked":["Iron Wave","Clothesline"],"picked":"Heavy Blade","floor":18.0},{"not_picked":["Battle Trance","Flex+1"],"picked":"Pummel","floor":20.0},{"not_picked":["Headbutt","Iron Wave","Perfected Strike"],"picked":"SKIP","floor":22.0},{"not_picked":["Intimidate","Anger"],"picked":"Barricade","floor":24.0},{"not_picked":["Hemokinesis+1","Havoc"],"picked":"Shrug It Off","floor":28.0},{"not_picked":["Wild Strike","Warcry"],"picked":"Body Slam+1","floor":29.0},{"not_picked":["Infernal Blade+1","Evolve","Twin Strike"],"picked":"SKIP","floor":30.0}],"player_experience":1460098,"relics_obtained":[{"floor":7.0,"key":"PreservedInsect"},{"floor":9.0,"key":"Nunchaku"},{"floor":10.0,"key":"Juzu Bracelet"},{"floor":14.0,"key":"Toy Ornithopter"},{"floor":24.0,"key":"Anchor"},{"floor":26.0,"key":"Sundial"},{"floor":27.0,"key":"Red Mask"},{"floor":28.0,"key":"Eternal Feather"},{"floor":30.0,"key":"The Courier"}],"event_choices":[{"damage_healed":0.0,"max_hp_gain":0.0,"max_hp_loss":0.0,"gold_gain":0.0,"event_name":"Accursed Blacksmith","player_choice":"Rummage","floor":2.0,"gold_loss":0.0,"damage_taken":0.0,"relics_obtained":["WarpedTongs"],"cards_obtained":["Pain"]},{"damage_healed":0.0,"max_hp_gain":0.0,"max_hp_loss":0.0,"gold_gain":75.0,"event_name":"World of Goop","player_choice":"Gather Gold","floor":4.0,"gold_loss":0.0,"damage_taken":11.0},{"damage_healed":0.0,"max_hp_gain":0.0,"max_hp_loss":0.0,"gold_gain":0.0,"event_name":"Liars Game","player_choice":"Ignored","floor":11.0,"gold_loss":0.0,"damage_taken":0.0},{"damage_healed":0.0,"max_hp_gain":0.0,"max_hp_loss":0.0,"gold_gain":0.0,"event_name":"Living Wall","player_choice":"Grow","floor":13.0,"gold_loss":0.0,"damage_taken":0.0,"cards_upgraded":["Heavy Blade"]},{"damage_healed":0.0,"max_hp_gain":0.0,"max_hp_loss":0.0,"gold_gain":50.0,"event_name":"Nest","player_choice":"Stole From Cult","floor":19.0,"gold_loss":0.0,"damage_taken":0.0},{"damage_healed":0.0,"max_hp_gain":0.0,"max_hp_loss":0.0,"gold_gain":0.0,"event_name":"Masked Bandits","player_choice":"Fought Bandits","floor":27.0,"gold_loss":0.0,"damage_taken":0.0},{"damage_healed":0.0,"max_hp_gain":0.0,"max_hp_loss":0.0,"gold_gain":0.0,"event_name":"Ghosts","player_choice":"Ignored","floor":31.0,"gold_loss":0.0,"damage_taken":0.0}],"is_beta":false,"boss_relics":[{"not_picked":["Empty Cage","Cursed Key"],"picked":"Tiny House"}],"items_purged_floors":[],"is_endless":false,"potions_floor_spawned":[3,10,14,16,18,22,28,30],"killed_by":"Automaton","ascension_level":20}}