{"host":"rqqbfuknpdvy86th","time":1607500752,"event":{"gold_per_floor":[109,129,139,139,69,99,99,134,134,148,175,192,69,104,104,205,205,221,238,87,100,120,148,175,175,198,230,230,258,285,91,91,188,188,201,217,235,246,246,277,309,309,309,320,30,58,89,101,101,206,206,209,209,232,252,252,282,336,352,352,382,390,406,406,433,433,523,523,523,523,523,523,77,87,87,113,113,130,149,30,39,39,39,120,120,120],"floor_reached":85,"playtime":2453,"items_purged":["strawberrySpire:ZonePlayer"],"score":2621,"play_id":"718ee175-0cab-4a62-9861-7d1d87a721a2","local_time":"20201209015912","daily_mods":["Vintage","Heirloom","Time Dilation","Flight"],"is_ascension_mode":true,"campfire_choices":[{"data":"Spot Weakness","floor":15,"key":"SMITH"},{"data":"jedi:controlledanger","floor":28,"key":"SMITH"},{"data":"Heavy Blade","floor":32,"key":"SMITH"},{"data":"Corruption","floor":42,"key":"SMITH"},{"data":"Feed","floor":49,"key":"SMITH"},{"data":"Barricade","floor":66,"key":"SMITH"},{"data":"Offering","floor":75,"key":"SMITH"},{"data":"Juggernaut","floor":83,"key":"SMITH"}],"neow_cost":"","seed_source_timestamp":0,"circlet_count":0,"master_deck":["Bash+1","Metallicize+1","Heavy Blade+1","Spot Weakness+1","jedi:controlledanger+1","Flex","Demon Form","hubris:Rewind","jedi:controlledanger+1","Armaments+1","Cleave","Berserk","Flex","Feed+1","Clothesline","Feed+1","jedi:hate","Heavy Blade","StuffTheSpire:RockThrow","Sword Boomerang","Whirlwind+1","Corruption+1","Dark Embrace+1","Clothesline+1","Barricade+1","strawberrySpire:DebrisPile","Offering+1","Flex","ReplayTheSpireMod:Faulty Equipment","jedi:fear+1","hubris:Despair","Juggernaut+1","Bash","Violence"],"relics":["Snecko Eye","jedi:maincommand","Dead Branch","Akabeko","jedi:heavyjacket","StuffTheSpire:ForceGauntlet","Potion Belt","jedi:shrinkray","jedi:crownofsimplicity","StuffTheSpire:Gunfinga","Bronze Scales","hubris:64BitClover","Shuriken","jedi:battlestandard","infinitespire:CheckeredPen","War Paint","Simple Rune","Unceasing Top","strawberrySpire:DirtyLipstick","Bag of Preparation","StuffTheSpire:CocoNut","Mark of Pain","hubris:Metronome","Lantern","StuffTheSpire:PointBlank","hubris:CrystalStatue","conspire:DeflatedDodgeball","Sling","Pandora\u0027s Box","Oddly Smooth Stone","Matryoshka","strawberrySpire:KineticCharger","PreservedInsect","Ornamental Fan","Bird Faced Urn","Whetstone","infinitespire:Lucky Rock","aspiration:Lifesprig","Gungnir","Bottled Tornado","aspiration:MysteriousAuxiliaryCore","Vajra","Inserter","jedi:maincommand","Pen Nib","StuffTheSpire:GrapeVine","hubris:SlimyHat","Juzu Bracelet","Replay:Rubber Ducky","hubris:CuriousFeather","Mummified Hand","jedi:laserpointer","strawberrySpire:MawJerky","infinitespire:Freezer","Gremlin Horn","jedi:archwizardhat","Cursed Key","aspiration:HatOfInfinitePower","PrismaticShard","Paper Frog","Membership Card","Symbiotic Virus","Happy Flower","Strawberry","Bag of Marbles","Mercury Hourglass","hubris:DeckOfHolding","Ginger","HolyWater"],"potions_floor_usage":[40],"damage_taken":[{"damage":0,"enemies":"Jaw Worm","floor":1,"turns":2},{"damage":2,"enemies":"Small Slimes","floor":2,"turns":4},{"damage":0,"enemies":"Cultist","floor":3,"turns":2},{"damage":13,"enemies":"3 Sentries","floor":6,"turns":5},{"damage":17,"enemies":"Lagavulin","floor":8,"turns":6},{"damage":0,"enemies":"Looter","floor":10,"turns":2},{"damage":0,"enemies":"3 Sentries","floor":11,"turns":4},{"damage":0,"enemies":"Red Slaver","floor":12,"turns":2},{"damage":0,"enemies":"Gremlin Nob","floor":14,"turns":1},{"damage":0,"enemies":"The Guardian","floor":16,"turns":4},{"damage":0,"enemies":"conspire:FuzzyDice","floor":18,"turns":3},{"damage":0,"enemies":"2 Thieves","floor":19,"turns":3},{"damage":0,"enemies":"Sentry and Sphere","floor":21,"turns":2},{"damage":0,"enemies":"Snake Plant","floor":22,"turns":2},{"damage":0,"enemies":"Nightmare","floor":23,"turns":3},{"damage":0,"enemies":"conspire:Head Lice","floor":24,"turns":2},{"damage":0,"enemies":"Replay:Snechameleon","floor":27,"turns":1},{"damage":0,"enemies":"conspire:Head Lice","floor":29,"turns":4},{"damage":0,"enemies":"conspire:SneckoGhost","floor":30,"turns":2},{"damage":0,"enemies":"Collector","floor":33,"turns":1},{"damage":16,"enemies":"3 Shapes","floor":35,"turns":2},{"damage":0,"enemies":"3 Darklings","floor":36,"turns":1},{"damage":0,"enemies":"Jaw Worm Horde","floor":37,"turns":1},{"damage":0,"enemies":"Writhing Mass","floor":38,"turns":1},{"damage":0,"enemies":"Nemesis","floor":40,"turns":1},{"damage":0,"enemies":"R_Hoarder","floor":41,"turns":1},{"damage":11,"enemies":"4 Shapes","floor":44,"turns":1},{"damage":0,"enemies":"Nemesis","floor":46,"turns":1},{"damage":0,"enemies":"Giant Head","floor":47,"turns":1},{"damage":0,"enemies":"Transient","floor":48,"turns":1},{"damage":0,"enemies":"hubris:GrandSnecko","floor":50,"turns":1},{"damage":0,"enemies":"2 Louse","floor":52,"turns":1},{"damage":3,"enemies":"conspire:MimicChest","floor":55,"turns":1},{"damage":0,"enemies":"Gremlin Nob","floor":57,"turns":1},{"damage":0,"enemies":"Gremlin Nob","floor":58,"turns":1},{"damage":0,"enemies":"3 Sentries","floor":59,"turns":1},{"damage":0,"enemies":"Lagavulin","floor":61,"turns":1},{"damage":0,"enemies":"Cultist","floor":62,"turns":1},{"damage":0,"enemies":"3 Sentries","floor":63,"turns":1},{"damage":0,"enemies":"Gremlin Nob","floor":65,"turns":1},{"damage":0,"enemies":"Hexaghost","floor":67,"turns":1},{"damage":0,"enemies":"3 Byrds","floor":69,"turns":1},{"damage":6,"enemies":"Slavers","floor":74,"turns":1},{"damage":0,"enemies":"Nightmare","floor":76,"turns":1},{"damage":0,"enemies":"conspire:Head Lice","floor":78,"turns":1},{"damage":6,"enemies":"Book of Stabbing","floor":79,"turns":1},{"damage":0,"enemies":"Chosen","floor":81,"turns":1},{"damage":0,"enemies":"hubris:MusketHawk","floor":84,"turns":1}],"seed_played":"-4108753213263967876","potions_obtained":[{"floor":10,"key":"Weak Potion"},{"floor":11,"key":"PowerPotion"},{"floor":12,"key":"Cursed Concoction"},{"floor":21,"key":"Energy Potion"},{"floor":27,"key":"jedi:StrikingPotion"},{"floor":47,"key":"Block Potion"}],"is_trial":true,"path_per_floor":["M","M","M","?","$","E","?","E","T","M","E","M","$","E","R","B",null,"M","M","$","M","M","NM","E","AVR","T","E","R","E","E","$","R","B",null,"M","M","M","M","?","E","E","R","T","M","$","E","E","M","R","B",null,"M","?","T","?","$","E","?","E","T","E","M","E","?","E","R","B",null,"M","?","?","T","$","E","R","NM","T","E","E","$","M","?","R","B",null],"character_chosen":"IRONCLAD","items_purchased":["Metallicize","jedi:controlledanger","Flex","jedi:command_common","jedi:command_shop","jedi:command_rare","jedi:command_shop","jedi:command_uncommon","Juggernaut"],"campfire_rested":0,"item_purchase_floors":[5,13,13,20,31,45,73,73,80],"current_hp_per_floor":[80,78,78,78,78,65,65,48,48,48,48,48,48,48,48,48,80,80,80,80,80,80,80,87,87,87,87,87,87,87,87,87,87,87,71,74,74,74,74,74,74,74,74,65,65,77,81,90,90,90,90,94,94,94,95,95,97,98,102,102,102,102,106,106,110,110,110,110,110,102,110,110,110,114,114,125,125,133,135,135,137,137,137,137,137,137],"gold":120,"neow_bonus":"","is_prod":false,"is_daily":false,"chose_seed":false,"campfire_upgraded":8,"win_rate":0,"timestamp":1607500752,"path_taken":["M","M","M","?","$","E","?","E","T","?","E","M","$","E","R","BOSS","M","M","$","M","M","NM","E","AVR","T","E","R","E","E","$","R","BOSS","M","?","M","M","?","E","E","R","T","M","$","E","E","M","R","BOSS","M","?","?","?","?","E","?","E","T","E","M","E","?","E","R","BOSS","M","?","?","?","?","E","R","NM","T","E","E","$","M","?","R","BOSS"],"build_version":"2020-11-30","purchased_purges":1,"victory":false,"max_hp_per_floor":[80,80,80,80,80,80,80,80,80,80,80,80,80,80,80,80,80,80,80,80,80,80,80,87,87,87,87,87,87,87,87,87,87,87,87,90,90,90,90,90,90,90,90,90,90,90,90,90,90,90,90,94,94,94,98,98,98,98,102,102,102,102,106,106,110,110,110,110,110,110,110,110,110,114,114,125,125,133,137,137,137,137,137,137,137,137],"card_choices":[{"not_picked":["strawberrySpire:FireDrill","Hemokinesis"],"picked":"Heavy Blade","floor":6},{"not_picked":["Run Through","Pommel Strike"],"picked":"Spot Weakness","floor":8},{"not_picked":["Shockwave","strawberrySpire:JustAWound","jedi:controlledanger"],"picked":"SKIP","floor":11},{"not_picked":["jedi:bloodyhammer","Power Through","Second Wind"],"picked":"SKIP","floor":14},{"not_picked":["jedi:harder","Berserk"],"picked":"Demon Form","floor":16},{"not_picked":["infinitespire:Gouge","infinitespire:DeathsTouch"],"picked":"hubris:Rewind","floor":23},{"not_picked":["Pommel Strike+1","Iron Wave+1"],"picked":"jedi:controlledanger+1","floor":23},{"not_picked":["Bloodletting","Life Link+1"],"picked":"Armaments+1","floor":24},{"not_picked":["Ghostly Armor","Clash+1","Armaments"],"picked":"SKIP","floor":27},{"not_picked":["ReplayTheSpireMod:LeadingStrike","infinitespire:OneForAll"],"picked":"Cleave","floor":29},{"not_picked":["Iron Wave","StuffTheSpire:RockThrow","Wild Strike"],"picked":"SKIP","floor":30},{"not_picked":["conspire:Purge","Demonic Infusion"],"picked":"Berserk","floor":33},{"not_picked":["StuffTheSpire:Slingshot+1","Evolve"],"picked":"Whirlwind","floor":40},{"not_picked":["Disarm","Havoc+1"],"picked":"Corruption","floor":41},{"not_picked":["Body Slam","ReplayTheSpireMod:Stacked"],"picked":"Dark Embrace+1","floor":46},{"not_picked":["Shockwave+1","Ghostly Armor+1"],"picked":"Clothesline+1","floor":47},{"not_picked":["Limit Break","conspire:Purge"],"picked":"Barricade","floor":50},{"not_picked":["strawberrySpire:Harvest","Defy Death","Shrug It Off"],"picked":"SKIP","floor":57},{"not_picked":["Blood for Blood","ReplayTheSpireMod:Stacked","Sword Boomerang"],"picked":"SKIP","floor":59},{"not_picked":["hubris:ReadiedAction","Twin Strike","strawberrySpire:ZonePlayer"],"picked":"SKIP","floor":61},{"not_picked":["jedi:unlimitedpower","Cleave","strawberrySpire:DraftPunk"],"picked":"SKIP","floor":63},{"not_picked":["jedi:collectorstrike","Clash"],"picked":"strawberrySpire:DebrisPile","floor":65},{"not_picked":["Corruption","hubris:StunningStrike"],"picked":"Offering","floor":67},{"not_picked":["strawberrySpire:GettingOverIt","Thunderclap"],"picked":"Flex","floor":70},{"not_picked":["strawberrySpire:SearchEngine+1","Underhanded Strike","FollowUp"],"picked":"SKIP","floor":74},{"not_picked":["animator:Jibril","PrismaMod:IllyaAOECommonAttack"],"picked":"jedi:fear+1","floor":76},{"not_picked":["Fire Breathing","strawberrySpire:DataDump","animator:Chung"],"picked":"SKIP","floor":78},{"not_picked":["PrismaMod:IllyaCheapDefend","animator:YaoHaDucy","Replay:BasicMightCard"],"picked":"SKIP","floor":79},{"not_picked":["PrismaMod:MiyuEvokeAllDefend","animator:Saber"],"picked":"Violence","floor":84}],"player_experience":364136,"relics_obtained":[{"floor":1,"key":"jedi:command_common"},{"floor":2,"key":"jedi:command_uncommon"},{"floor":3,"key":"jedi:command_uncommon"},{"floor":6,"key":"jedi:command_common"},{"floor":8,"key":"jedi:command_common"},{"floor":9,"key":"jedi:command_common"},{"floor":10,"key":"jedi:command_common"},{"floor":11,"key":"jedi:command_common"},{"floor":12,"key":"jedi:command_rare"},{"floor":14,"key":"jedi:command_uncommon"},{"floor":18,"key":"jedi:command_uncommon"},{"floor":19,"key":"jedi:command_common"},{"floor":21,"key":"jedi:command_rare"},{"floor":22,"key":"jedi:command_uncommon"},{"floor":23,"key":"jedi:command_common"},{"floor":24,"key":"jedi:command_uncommon"},{"floor":26,"key":"jedi:command_common"},{"floor":27,"key":"jedi:command_uncommon"},{"floor":29,"key":"jedi:command_uncommon"},{"floor":30,"key":"jedi:command_uncommon"},{"floor":35,"key":"jedi:command_common"},{"floor":36,"key":"jedi:command_uncommon"},{"floor":37,"key":"jedi:command_common"},{"floor":38,"key":"jedi:command_common"},{"floor":40,"key":"jedi:command_uncommon"},{"floor":41,"key":"jedi:command_rare"},{"floor":43,"key":"jedi:command_common"},{"floor":43,"key":"jedi:command_common"},{"floor":44,"key":"jedi:command_common"},{"floor":46,"key":"jedi:command_uncommon"},{"floor":47,"key":"jedi:command_rare"},{"floor":48,"key":"jedi:command_common"},{"floor":52,"key":"jedi:command_common"},{"floor":54,"key":"jedi:command_common"},{"floor":54,"key":"jedi:command_common"},{"floor":55,"key":"jedi:command_common"},{"floor":57,"key":"jedi:command_common"},{"floor":58,"key":"jedi:command_rare"},{"floor":59,"key":"jedi:command_uncommon"},{"floor":60,"key":"jedi:command_common"},{"floor":61,"key":"jedi:command_common"},{"floor":62,"key":"jedi:command_common"},{"floor":63,"key":"jedi:command_uncommon"},{"floor":65,"key":"jedi:command_uncommon"},{"floor":69,"key":"jedi:command_rare"},{"floor":70,"key":"PrismaticShard"},{"floor":72,"key":"jedi:command_uncommon"},{"floor":74,"key":"jedi:command_common"},{"floor":76,"key":"jedi:command_common"},{"floor":77,"key":"jedi:command_common"},{"floor":78,"key":"jedi:command_uncommon"},{"floor":79,"key":"jedi:command_uncommon"},{"floor":81,"key":"jedi:command_rare"}],"event_choices":[{"damage_healed":0,"gold_gain":0,"player_choice":"Bought 0 Potions","damage_taken":0,"max_hp_gain":0,"max_hp_loss":0,"event_name":"The Woman in Blue","floor":39,"gold_loss":0},{"damage_healed":0,"gold_gain":30,"player_choice":"Searched \u00272\u0027 times","damage_taken":0,"max_hp_gain":0,"max_hp_loss":0,"event_name":"Dead Adventurer","floor":58,"gold_loss":0},{"damage_healed":0,"gold_gain":0,"player_choice":"1 cards matched","damage_taken":0,"max_hp_gain":0,"max_hp_loss":0,"event_name":"Match and Keep!","floor":82,"gold_loss":0,"cards_obtained":["Bash"]}],"is_beta":false,"boss_relics":[{"not_picked":["jedi:command_boss","jedi:command_boss"],"picked":"jedi:command_boss"},{"not_picked":["jedi:command_boss","jedi:command_boss"],"picked":"jedi:command_boss"},{"not_picked":["jedi:command_boss","jedi:command_boss"],"picked":"jedi:command_boss"},{"not_picked":["jedi:command_boss","jedi:command_boss"],"picked":"jedi:command_boss"},{"not_picked":["jedi:command_boss","jedi:command_boss"],"picked":"jedi:command_boss"}],"items_purged_floors":[80],"is_endless":true,"potions_floor_spawned":[10,11,12,19,21,27,29,33,37,40,41,47,50,55,57,59,61,63,74,78],"ascension_level":1}}