{"host":"ueef25wtkg2eer3h","time":1607502671,"event":{"gold_per_floor":[113,123,93,111,121,121,152,152,175,195,208,208,208],"floor_reached":12,"playtime":955,"items_purged":[],"score":111,"play_id":"306ccef9-cc76-42d5-8e8d-c570fbe3c98c","local_time":"20201209093111","is_ascension_mode":true,"campfire_choices":[{"data":"Streamline","floor":6,"key":"SMITH"},{"floor":8,"key":"REST"}],"neow_cost":"PERCENT_DAMAGE","seed_source_timestamp":72504984721800,"circlet_count":0,"master_deck":["Strike_B","Strike_B","Strike_B","Strike_B","Defend_B","Defend_B","Defend_B","Defend_B","Zap","Dualcast","Streamline+1","Cold Snap","Turbo","Go for the Eyes","Beam Cell","Rip and Tear","Cold Snap"],"relics":["Cracked Core","Dead Branch","Nunchaku"],"potions_floor_usage":[5,5,10,12],"damage_taken":[{"damage":0,"enemies":"Small Slimes","floor":1,"turns":4},{"damage":0,"enemies":"Cultist","floor":2,"turns":3},{"damage":2,"enemies":"2 Louse","floor":4,"turns":3},{"damage":1,"enemies":"Large Slime","floor":5,"turns":4},{"damage":20,"enemies":"Lagavulin","floor":7,"turns":6},{"damage":22,"enemies":"Lots of Slimes","floor":10,"turns":4},{"damage":15,"enemies":"Gremlin Gang","floor":11,"turns":4},{"damage":13,"enemies":"3 Sentries","floor":12,"turns":2}],"seed_played":"-7865383310801439662","potions_obtained":[{"floor":2,"key":"FearPotion"},{"floor":3,"key":"SpeedPotion"},{"floor":3,"key":"Swift Potion"},{"floor":5,"key":"LiquidBronze"},{"floor":10,"key":"CultistPotion"}],"is_trial":false,"path_per_floor":["M","M","?","M","M","R","E","R","T","M","M","E"],"character_chosen":"DEFECT","items_purchased":[],"campfire_rested":1,"item_purchase_floors":[],"current_hp_per_floor":[50,50,50,48,47,47,27,49,49,27,12,0,0],"gold":208,"neow_bonus":"ONE_RARE_RELIC","is_prod":false,"is_daily":false,"chose_seed":false,"campfire_upgraded":1,"win_rate":0,"timestamp":1607502671,"path_taken":["M","M","?","M","M","R","E","R","T","M","?","E"],"build_version":"2020-11-30","purchased_purges":0,"victory":false,"max_hp_per_floor":[75,75,75,75,75,75,75,75,75,75,75,75,75],"card_choices":[{"not_picked":["Ball Lightning","Redo"],"picked":"Streamline","floor":1},{"not_picked":["Coolheaded","Gash"],"picked":"Cold Snap","floor":2},{"not_picked":["FTL","Loop"],"picked":"Turbo","floor":4},{"not_picked":["Coolheaded","Turbo"],"picked":"Go for the Eyes","floor":5},{"not_picked":["Barrage","Rebound"],"picked":"Beam Cell","floor":7},{"not_picked":["Reboot","Compile Driver"],"picked":"Rip and Tear","floor":10},{"not_picked":["Force Field","Recycle"],"picked":"Cold Snap","floor":11}],"player_experience":204047,"relics_obtained":[{"floor":7,"key":"Nunchaku"}],"event_choices":[{"damage_healed":0,"gold_gain":0,"player_choice":"Bought 2 Potions","damage_taken":0,"max_hp_gain":0,"max_hp_loss":0,"event_name":"The Woman in Blue","floor":3,"gold_loss":0}],"is_beta":false,"boss_relics":[],"items_purged_floors":[],"is_endless":false,"potions_floor_spawned":[2,5,10],"killed_by":"3 Sentries","ascension_level":7}}