{"host":"lw874zp3en0pz6a7","time":1607504132,"event":{"gold_per_floor":[113,41,16,36,36,71,71,71,71,82,24,59,59,78,78,179,179,179,179],"floor_reached":18,"playtime":1311,"items_purged":[],"score":243,"play_id":"d68b4f80-91cf-41e1-9369-94e105d546f1","local_time":"20201209165532","is_ascension_mode":false,"campfire_choices":[{"data":"AdministrixMod:MixOfMercury","floor":7,"key":"SMITH"},{"data":"AdministrixMod:TouchOfCinnabar","floor":15,"key":"SMITH"}],"neow_cost":"NONE","seed_source_timestamp":720080022968500,"circlet_count":0,"master_deck":["AdministrixMod:Strike_Administrix","AdministrixMod:Strike_Administrix","AdministrixMod:Strike_Administrix","AdministrixMod:RedCloak","AdministrixMod:Defend_Administrix","AdministrixMod:Defend_Administrix","AdministrixMod:Defend_Administrix","AdministrixMod:BlueCloak","AdministrixMod:RebukeDesires","AdministrixMod:MixOfMercury+1","AdministrixMod:FiendishCrimson+1","AdministrixMod:SipOfSparks","AdministrixMod:TouchOfCinnabar+1","AdministrixMod:XianArts+1","AdministrixMod:CosmosControl"],"relics":["AdministrixMod:ConductorRitualBaton","LagranYue:RandomDrawCardRelic","NeowsBlessing","Pear","PreservedInsect","Bottled Tornado","AdministrixMod:ElixirOfImmorality"],"potions_floor_usage":[12,16],"damage_taken":[{"damage":0,"enemies":"Cultist","floor":1,"turns":1},{"damage":0,"enemies":"Small Slimes","floor":4,"turns":1},{"damage":0,"enemies":"Lagavulin","floor":6,"turns":1},{"damage":6,"enemies":"Jaw Worm","floor":10,"turns":4},{"damage":17,"enemies":"3 Sentries","floor":12,"turns":7},{"damage":4,"enemies":"Looter","floor":14,"turns":3},{"damage":0,"enemies":"The Guardian","floor":16,"turns":10},{"damage":27,"enemies":"Spheric Guardian","floor":18,"turns":4}],"seed_played":"-4425345619881147107","potions_obtained":[{"floor":4,"key":"Guardian:BlockOnCardUsePotion"},{"floor":12,"key":"hexamod:EctoCoolerPotion"},{"floor":14,"key":"AttackPotion"}],"is_trial":false,"path_per_floor":["M","$","?","M","?","E","R","$","T","M","$","E","?","M","R","B",null,"M"],"character_chosen":"TheAdministrix","items_purchased":["AdministrixMod:MixOfMercury","AdministrixMod:XianArts+1"],"campfire_rested":0,"item_purchase_floors":[2,11],"current_hp_per_floor":[65,65,65,65,65,75,75,75,75,75,75,65,65,68,68,75,75,49,49],"gold":179,"neow_bonus":"THREE_ENEMY_KILL","is_prod":false,"is_daily":false,"chose_seed":false,"campfire_upgraded":2,"win_rate":0.0,"timestamp":1607504132,"path_taken":["M","$","?","M","?","E","R","?","T","M","$","E","?","?","R","BOSS","M"],"build_version":"2020-11-30","purchased_purges":0,"victory":false,"max_hp_per_floor":[65,65,65,65,65,75,75,75,75,75,75,75,75,75,75,75,75,75,75],"card_choices":[{"not_picked":["AdministrixMod:ImmortalGrace","AdministrixMod:PlateOfAntiquity"],"picked":"AdministrixMod:RebukeDesires","floor":1},{"not_picked":["AdministrixMod:RebukeDesires","AdministrixMod:FuneraryRites","AdministrixMod:PassageOfAges"],"picked":"SKIP","floor":4},{"not_picked":["AdministrixMod:QuietConspiracy","AdministrixMod:LuminaryPath"],"picked":"AdministrixMod:SipOfSparks","floor":6},{"not_picked":["AdministrixMod:NoblePath","AdministrixMod:ShadowPlay"],"picked":"AdministrixMod:TouchOfCinnabar","floor":10},{"not_picked":["AdministrixMod:ReachToHeaven","AdministrixMod:NoblePath","AdministrixMod:ChooseYourEnd"],"picked":"SKIP","floor":12},{"not_picked":["AdministrixMod:UnstableVigor","AdministrixMod:FuneraryRites","AdministrixMod:CastOffRegrets"],"picked":"SKIP","floor":14},{"not_picked":["AdministrixMod:NewbornDivinity","AdministrixMod:Schism"],"picked":"AdministrixMod:CosmosControl","floor":16}],"player_experience":195053,"relics_obtained":[{"floor":6,"key":"Pear"},{"floor":9,"key":"PreservedInsect"},{"floor":12,"key":"Bottled Tornado"}],"event_choices":[{"cards_removed":["AdministrixMod:Defend_Administrix"],"damage_healed":0,"gold_gain":0,"player_choice":"Purged","damage_taken":0,"max_hp_gain":0,"max_hp_loss":0,"event_name":"Purifier","floor":13,"gold_loss":0}],"is_beta":false,"boss_relics":[{"not_picked":["Black Star","vexMod:EndlessSickness"],"picked":"AdministrixMod:ElixirOfImmorality"}],"items_purged_floors":[],"is_endless":false,"potions_floor_spawned":[4,12,14],"killed_by":"Spheric Guardian","ascension_level":0}}