{"host":"33tdiii64sqff79a","time":1607519487,"event":{"gold_per_floor":[113,123,48,48,48,77,77,105,155,181,181,213,213,228,228,335,335,351,371,371,371],"floor_reached":20,"playtime":1400,"items_purged":["Strike_B"],"score":210,"play_id":"96cad697-3314-455a-85e3-da9848c5401d","local_time":"20201209131127","daily_mods":["Diverse","Heirloom","DeadlyEvents","Elite Swarm"],"is_ascension_mode":true,"campfire_choices":[{"data":"Corpse Explosion","floor":7,"key":"SMITH"},{"floor":11,"key":"REST"},{"floor":13,"key":"REST"},{"data":"Rainbow","floor":15,"key":"SMITH"}],"neow_cost":"","seed_source_timestamp":0,"circlet_count":0,"master_deck":["Strike_B","Strike_B","Strike_B","Defend_B+1","Defend_B+1","Defend_B","Defend_B","Zap","Dualcast","Acrobatics","Riddle With Holes","Injury","Corpse Explosion+1","Runesmith:CraftMedicinae","Adrenaline","Rainbow+1","Runesmith:UnlimitedPower","FlyingSleeves+1","Self Repair"],"relics":["Cracked Core","trackpad:HandOfMidas","Molten Egg 2","Nunchaku","Dota2Spire:ArcaneBoots","War Paint","Tiny Chest","Potion Belt","Inserter"],"potions_floor_usage":[8,19,19],"damage_taken":[{"damage":7,"enemies":"Small Slimes","floor":1,"turns":3},{"damage":0,"enemies":"Cultist","floor":2,"turns":4},{"damage":25,"enemies":"Gremlin Nob","floor":6,"turns":4},{"damage":35,"enemies":"Lagavulin","floor":8,"turns":6},{"damage":38,"enemies":"Gremlin Nob","floor":10,"turns":5},{"damage":18,"enemies":"Lagavulin","floor":12,"turns":7},{"damage":0,"enemies":"2 Louse","floor":14,"turns":2},{"damage":34,"enemies":"Slime Boss","floor":16,"turns":12},{"damage":7,"enemies":"3 Byrds","floor":18,"turns":3},{"damage":15,"enemies":"Shell Parasite","floor":19,"turns":7},{"damage":57,"enemies":"Snake Plant","floor":20,"turns":7}],"seed_played":"-1137438084426350559","potions_obtained":[{"floor":1,"key":"FairyPotion"},{"floor":6,"key":"Swift Potion"},{"floor":16,"key":"FearPotion"},{"floor":18,"key":"SkillPotion"}],"is_trial":true,"path_per_floor":["M","M","$","?","?","E","R","E","T","E","R","E","R","M","R","B",null,"M","M","M"],"character_chosen":"DEFECT","items_purchased":[],"campfire_rested":2,"item_purchase_floors":[],"current_hp_per_floor":[68,68,68,68,75,50,50,15,15,22,44,26,48,48,48,14,75,68,54,0,0],"gold":371,"neow_bonus":"","is_prod":false,"is_daily":false,"chose_seed":false,"campfire_upgraded":2,"win_rate":0,"timestamp":1607519487,"path_taken":["M","M","$","?","?","E","R","E","T","E","R","E","R","M","R","BOSS","M","M","M"],"build_version":"2020-11-30","purchased_purges":1,"victory":false,"max_hp_per_floor":[75,75,75,75,75,75,75,75,75,75,75,75,75,75,75,75,75,75,75,75,75],"card_choices":[{"not_picked":["Runesmith:CraftObretio","True Grit"],"picked":"Acrobatics","floor":1},{"not_picked":["LikeWater","Runesmith:HammerThrow"],"picked":"Riddle With Holes","floor":2},{"not_picked":["Echo Form","Hyperbeam+1"],"picked":"Corpse Explosion","floor":6},{"not_picked":["Hyperbeam+1","Fiend Fire+1"],"picked":"Runesmith:CraftMedicinae","floor":8},{"not_picked":["Omniscience","Echo Form"],"picked":"Adrenaline","floor":10},{"not_picked":["Grand Finale+1","Exhume"],"picked":"Rainbow","floor":12},{"not_picked":["Riddle With Holes+1","ThirdEye","Wild Strike+1"],"picked":"SKIP","floor":14},{"not_picked":["Blasphemy","Glass Knife+1"],"picked":"Runesmith:UnlimitedPower","floor":16},{"not_picked":["Steam","Hemokinesis+1"],"picked":"FlyingSleeves+1","floor":18},{"not_picked":["CrushJoints+1","FlurryOfBlows+1"],"picked":"Self Repair","floor":19}],"player_experience":751680,"relics_obtained":[{"floor":6,"key":"Nunchaku"},{"floor":8,"key":"Dota2Spire:ArcaneBoots"},{"floor":9,"key":"War Paint"},{"floor":10,"key":"Tiny Chest"},{"floor":12,"key":"Potion Belt"}],"event_choices":[{"damage_healed":7,"gold_gain":0,"player_choice":"Full Heal","damage_taken":0,"max_hp_gain":0,"max_hp_loss":0,"event_name":"Wheel of Change","floor":5,"gold_loss":0}],"is_beta":false,"boss_relics":[{"not_picked":["Dota2Spire:Bloodstone","Coffee Dripper"],"picked":"Inserter"}],"items_purged_floors":[3],"is_endless":true,"potions_floor_spawned":[1,6,16,18],"killed_by":"Snake Plant","ascension_level":1}}