{"host":"bq4pt811tk9yrmjl","time":1607474823,"event":{"gold_per_floor":[109,109,59,77,77,118,118,141,188,204,204,169,169,184,184,293,352,371,371,92,111,111,111],"floor_reached":22,"playtime":309,"items_purged":[],"score":219,"play_id":"975b2b6e-b680-45c7-a7df-64e2f291efb6","local_time":"20201208224703","is_ascension_mode":true,"campfire_choices":[{"data":"Zap","floor":7,"key":"SMITH"},{"data":"Loop","floor":15,"key":"SMITH"}],"neow_cost":"NONE","seed_source_timestamp":13689042063500,"circlet_count":0,"master_deck":["Strike_B","Strike_B+1","Strike_B","Strike_B","Defend_B","Defend_B","Defend_B","Defend_B","Zap+1","Dualcast","Streamline+1","Loop+1","Buffer+1","Defragment","Reinforced Body+1"],"relics":["Cracked Core","NeowsBlessing","CeramicFish","Blue Candle","Tiny House","Membership Card","Matryoshka"],"potions_floor_usage":[21],"damage_taken":[{"damage":0,"enemies":"Jaw Worm","floor":1,"turns":1},{"damage":0,"enemies":"2 Louse","floor":4,"turns":1},{"damage":0,"enemies":"Lagavulin","floor":6,"turns":1},{"damage":0,"enemies":"Cultist","floor":8,"turns":3},{"damage":10,"enemies":"Looter","floor":10,"turns":3},{"damage":12,"enemies":"2 Fungi Beasts","floor":14,"turns":3},{"damage":47,"enemies":"The Guardian","floor":16,"turns":12},{"damage":10,"enemies":"Spheric Guardian","floor":18,"turns":4},{"damage":39,"enemies":"3 Byrds","floor":21,"turns":7},{"damage":0,"enemies":"Sentry and Sphere","floor":22,"turns":1}],"seed_played":"-6617922507842666278","potions_obtained":[{"floor":1,"key":"BlessingOfTheForge"},{"floor":14,"key":"EssenceOfDarkness"},{"floor":17,"key":"FocusPotion"}],"is_trial":false,"path_per_floor":["M","?","$","M","?","E","R","M","T","M","?","?","?","M","R","B",null,"M","?","$","M","M"],"character_chosen":"DEFECT","items_purchased":["Streamline","Membership Card","Matryoshka"],"campfire_rested":0,"item_purchase_floors":[3,20,20],"current_hp_per_floor":[75,75,75,75,75,75,75,75,75,65,50,68,68,56,56,9,80,70,70,70,31,31,31],"gold":111,"neow_bonus":"THREE_ENEMY_KILL","is_prod":false,"is_daily":false,"chose_seed":false,"campfire_upgraded":2,"win_rate":0,"timestamp":1607474823,"path_taken":["M","?","$","M","?","E","R","?","T","M","?","?","?","?","R","BOSS","M","?","$","?","M"],"build_version":"2020-11-30","purchased_purges":0,"victory":false,"max_hp_per_floor":[75,75,75,75,75,75,75,75,75,75,75,75,75,75,75,75,80,80,80,80,80,80,80],"card_choices":[{"not_picked":["Consume","Cold Snap","Rebound"],"picked":"SKIP","floor":1},{"not_picked":["Coolheaded","Blizzard","Gash"],"picked":"SKIP","floor":4},{"not_picked":["Aggregate","Undo"],"picked":"Loop","floor":6},{"not_picked":["Coolheaded","Streamline"],"picked":"BootSequence","floor":8},{"not_picked":["Compile Driver","Force Field","Hello World"],"picked":"SKIP","floor":10},{"not_picked":["Barrage","Streamline","Steam"],"picked":"SKIP","floor":14},{"not_picked":["Multi-Cast","Hyperbeam"],"picked":"Buffer","floor":16},{"not_picked":["Barrage","Chill"],"picked":"Defragment","floor":17},{"not_picked":["Rebound","BootSequence"],"picked":"Reinforced Body+1","floor":18},{"not_picked":["Consume","Turbo","Steam"],"picked":"SKIP","floor":21}],"player_experience":48105,"relics_obtained":[{"floor":6,"key":"CeramicFish"}],"event_choices":[{"damage_healed":0,"gold_gain":0,"player_choice":"Ignored","damage_taken":0,"max_hp_gain":0,"max_hp_loss":0,"event_name":"Golden Wing","floor":2,"gold_loss":0},{"damage_healed":0,"gold_gain":0,"player_choice":"Ignored","damage_taken":0,"max_hp_gain":0,"max_hp_loss":0,"event_name":"NoteForYourself","floor":5,"gold_loss":0},{"damage_healed":0,"gold_gain":0,"player_choice":"Entered Light","damage_taken":15,"max_hp_gain":0,"max_hp_loss":0,"event_name":"Shining Light","floor":11,"gold_loss":0,"cards_upgraded":["Strike_B","Streamline"]},{"damage_healed":18,"gold_gain":0,"player_choice":"Healed","damage_taken":0,"max_hp_gain":0,"max_hp_loss":0,"event_name":"The Cleric","floor":12,"gold_loss":35},{"cards_removed":["BootSequence"],"damage_healed":0,"gold_gain":0,"player_choice":"Gave Card","damage_taken":0,"relics_obtained":["Blue Candle"],"max_hp_gain":0,"max_hp_loss":0,"event_name":"WeMeetAgain","floor":13,"gold_loss":0},{"damage_healed":0,"gold_gain":0,"player_choice":"Bought 0 Potions","damage_taken":0,"max_hp_gain":0,"max_hp_loss":0,"event_name":"The Woman in Blue","floor":19,"gold_loss":0}],"is_beta":false,"boss_relics":[{"not_picked":["SacredBark","Empty Cage"],"picked":"Tiny House"}],"items_purged_floors":[],"is_endless":false,"potions_floor_spawned":[1,14],"killed_by":"Sentry and Sphere","ascension_level":1}}