{"host":"i0s8vbixp24k5aul","time":1607507208,"event":{"gold_per_floor":[12,0,15,34,34,34,46,80,106,106,122,122,142,142,142,142,142],"floor_reached":16,"playtime":1092,"items_purged":[],"score":173,"play_id":"06676b2d-0431-475d-a6d7-74369523118b","local_time":"20201209124648","is_ascension_mode":true,"campfire_choices":[{"floor":6,"key":"REST"},{"floor":10,"key":"REST"},{"data":"Creative AI","floor":12,"key":"SMITH"},{"floor":15,"key":"REST"}],"neow_cost":"NO_GOLD","seed_source_timestamp":174085558945480,"circlet_count":0,"master_deck":["AscendersBane","Strike_B","Strike_B","Strike_B","Defend_B","Defend_B","Defend_B","Dualcast","StuffTheSpire:Rend","Wraith Form v2","Loop+1","Cold Snap","Chill","StuffTheSpire:Snapshot","Lockon","Creative AI+1","Panic Button"],"relics":["Cracked Core","REME_ComplimentaryCards","vexMod:ScavengeHelm"],"potions_floor_usage":[8,8],"damage_taken":[{"damage":14,"enemies":"Jaw Worm","floor":1,"turns":5},{"damage":9,"enemies":"Small Slimes","floor":3,"turns":4},{"damage":3,"enemies":"Cultist","floor":4,"turns":4},{"damage":13,"enemies":"Large Slime","floor":7,"turns":5},{"damage":20,"enemies":"HollowMod:MossKnight","floor":8,"turns":14},{"damage":17,"enemies":"Exordium Thugs","floor":11,"turns":6},{"damage":16,"enemies":"Gremlin Gang","floor":13,"turns":9},{"damage":30,"enemies":"The Guardian","floor":16,"turns":10}],"seed_played":"7622595162432554229","potions_obtained":[{"floor":1,"key":"SkillPotion"},{"floor":7,"key":"FearPotion"}],"is_trial":false,"path_per_floor":["M","?","M","M","?","R","M","E","T","R","M","R","M","?","R","B"],"character_chosen":"DEFECT","items_purchased":[],"campfire_rested":3,"item_purchase_floors":[],"current_hp_per_floor":[50,50,41,38,38,59,46,26,26,47,30,30,14,7,28,0,0],"gold":142,"neow_bonus":"TRANSFORM_TWO_CARDS","is_prod":false,"is_daily":false,"chose_seed":false,"campfire_upgraded":1,"win_rate":0,"timestamp":1607507208,"path_taken":["M","?","M","M","?","R","M","E","T","R","M","R","?","?","R","BOSS"],"build_version":"2020-11-30","purchased_purges":0,"victory":false,"max_hp_per_floor":[71,71,71,71,71,71,71,71,71,71,71,71,71,71,71,71,71],"card_choices":[{"not_picked":["jedi:BurstFrost","BasicCrystalCard"],"picked":"Loop","floor":1},{"not_picked":["Go for the Eyes","jedi:spotbugs"],"picked":"Cold Snap","floor":3},{"not_picked":["BasicCrystalCard","jedi:spotbugs","StuffTheSpire:LoadUp"],"picked":"SKIP","floor":4},{"not_picked":["Compile Driver","Hologram"],"picked":"Chill","floor":7},{"not_picked":["jedi:blockon","Cold Snap"],"picked":"Lockon","floor":8},{"not_picked":["Aggregate","StuffTheSpire:NuclearReactor"],"picked":"Creative AI","floor":11},{"not_picked":["Time Bomb","StuffTheSpire:LoadUp"],"picked":"Panic Button","floor":13}],"player_experience":880804,"relics_obtained":[{"floor":8,"key":"vexMod:ScavengeHelm"}],"event_choices":[{"damage_healed":0,"gold_gain":0,"player_choice":"Upgraded","damage_taken":0,"max_hp_gain":0,"max_hp_loss":0,"event_name":"Upgrade Shrine","floor":5,"gold_loss":0,"cards_upgraded":["Loop"]},{"cards_removed":["Zap"],"damage_healed":0,"gold_gain":0,"player_choice":"Card Removal","damage_taken":7,"max_hp_gain":0,"max_hp_loss":0,"event_name":"Golden Wing","floor":14,"gold_loss":0}],"is_beta":false,"boss_relics":[],"items_purged_floors":[],"is_endless":false,"potions_floor_spawned":[1,7],"killed_by":"The Guardian","ascension_level":14}}