{"host":"cqhg4aqsua29vw60","time":1607530589,"event":{"gold_per_floor":[118,134,152,152,32,66,84,84,84,84,84],"floor_reached":10,"playtime":1169,"items_purged":["Defend_R"],"score":88,"play_id":"3916c916-a7af-4f6d-aaab-006f5f4e284d","local_time":"20201209101629","is_ascension_mode":true,"campfire_choices":[{"data":"Bash","floor":8,"key":"SMITH"}],"neow_cost":"NONE","seed_source_timestamp":473986443143916,"circlet_count":0,"master_deck":["Strike_R","Strike_R","Strike_R","Strike_R","Defend_R","Defend_R","Defend_R","Bash+1","Pommel Strike","Bloodletting","Shrug It Off","Rage","Power Through"],"relics":["Burning Blood","Hammer of Thor","Seething Fire","Anvil of the Gods","White Beast Statue","Meat on the Bone"],"potions_floor_usage":[10],"damage_taken":[{"damage":11,"enemies":"Cultist","floor":1,"turns":4},{"damage":4,"enemies":"Small Slimes","floor":2,"turns":4},{"damage":2,"enemies":"2 Louse","floor":3,"turns":5},{"damage":57,"enemies":"Lagavulin","floor":6,"turns":7},{"damage":12,"enemies":"Lots of Slimes","floor":7,"turns":6},{"damage":3,"enemies":"Gremlin Nob","floor":10,"turns":3}],"seed_played":"-3218782763814334136","potions_obtained":[{"floor":1,"key":"SmokeBomb"},{"floor":6,"key":"PowerPotion"},{"floor":7,"key":"FearPotion"}],"is_trial":false,"path_per_floor":["M","M","M","?","$","E","M","R","T","E"],"character_chosen":"IRONCLAD","items_purchased":["Shrug It Off"],"campfire_rested":0,"item_purchase_floors":[5],"current_hp_per_floor":[67,69,73,73,73,22,16,16,16,13,13],"gold":84,"neow_bonus":"REMOVE_CARD","is_prod":false,"is_daily":false,"chose_seed":false,"campfire_upgraded":1,"win_rate":0,"timestamp":1607530589,"path_taken":["M","M","M","?","$","E","M","R","T","E"],"build_version":"2020-11-30","purchased_purges":1,"victory":false,"max_hp_per_floor":[80,80,80,80,80,80,80,80,80,80,80],"card_choices":[{"not_picked":["Inflame","Headbutt"],"picked":"Pommel Strike","floor":1},{"not_picked":["Headbutt","Infernal Blade","Combust"],"picked":"SKIP","floor":2},{"not_picked":["Body Slam","Warcry"],"picked":"Bloodletting","floor":3},{"not_picked":["Thunderclap","Warcry"],"picked":"Rage","floor":6},{"not_picked":["Sever Soul","Clash"],"picked":"Power Through","floor":7}],"player_experience":635281,"relics_obtained":[{"floor":6,"key":"White Beast Statue"},{"floor":9,"key":"Meat on the Bone"}],"event_choices":[{"damage_healed":0,"gold_gain":0,"player_choice":"Ignored","damage_taken":0,"max_hp_gain":0,"max_hp_loss":0,"event_name":"Liars Game","floor":4,"gold_loss":0}],"is_beta":false,"boss_relics":[],"items_purged_floors":[5],"is_endless":false,"potions_floor_spawned":[1,6,7],"killed_by":"Gremlin Nob","ascension_level":6}}