{"host":"dse7mhnsc79f1w8v","time":1607528577,"event":{"gold_per_floor":[117,137,137,156,169,169,205,205,205,205,205,76,151,170,170,291,291,309,41,59,78,98,98,21,21,21,21,21],"floor_reached":27,"playtime":978,"items_purged":["hermit:Strike_Hermit","hermit:Strike_Hermit"],"score":213,"play_id":"19c90cd9-c79e-4a28-bf23-49f3b15ef9f4","local_time":"20201210004257","is_ascension_mode":false,"campfire_choices":[{"data":"hermit:FullyLoaded","floor":6,"key":"SMITH"},{"data":"hermit:PistolWhip","floor":8,"key":"SMITH"},{"data":"hermit:Covet","floor":11,"key":"SMITH"},{"data":"hermit:Roughhouse","floor":15,"key":"SMITH"},{"data":"hermit:GoldenBullet","floor":23,"key":"SMITH"},{"floor":25,"key":"REST"}],"neow_cost":"NONE","seed_source_timestamp":87746441260900,"circlet_count":0,"master_deck":["hermit:Strike_Hermit","hermit:Strike_Hermit","hermit:Defend_Hermit","hermit:Defend_Hermit","hermit:Defend_Hermit","hermit:Defend_Hermit","hermit:Snapshot+1","hermit:Covet+1","hermit:Horror","hermit:Manifest","hermit:Grudge","hermit:FullyLoaded+1","hermit:PistolWhip+1","hermit:SprayPray","hermit:Ricochet","hermit:Roughhouse+1","hermit:Reprieve","hermit:Snipe","hermit:LuckOfTheDraw","Finesse","hermit:GoldenBullet+1","hermit:LowProfile+1","hermit:WideOpen+1","hermit:CursedWeapon"],"relics":["hermit:Momento","Happy Flower","Golden Idol","Boot","Toy Ornithopter","Blue Candle","Black Star","Bottled Lightning"],"potions_floor_usage":[7,13,22,27,27],"damage_taken":[{"damage":0,"enemies":"Cultist","floor":1,"turns":3},{"damage":0,"enemies":"Small Slimes","floor":2,"turns":2},{"damage":0,"enemies":"Jaw Worm","floor":4,"turns":2},{"damage":1,"enemies":"3 Louse","floor":5,"turns":3},{"damage":7,"enemies":"Lagavulin","floor":7,"turns":6},{"damage":22,"enemies":"Gremlin Nob","floor":13,"turns":4},{"damage":0,"enemies":"2 Fungi Beasts","floor":14,"turns":2},{"damage":21,"enemies":"Slime Boss","floor":16,"turns":9},{"damage":0,"enemies":"Chosen","floor":18,"turns":3},{"damage":29,"enemies":"Shell Parasite","floor":20,"turns":5},{"damage":8,"enemies":"Snecko","floor":21,"turns":3},{"damage":26,"enemies":"Shelled Parasite and Fungi","floor":22,"turns":5},{"damage":57,"enemies":"Gremlin Leader","floor":27,"turns":3}],"seed_played":"-7038960306996611985","potions_obtained":[{"floor":2,"key":"Block Potion"},{"floor":4,"key":"Fire Potion"},{"floor":5,"key":"Ancient Potion"},{"floor":20,"key":"Weak Potion"},{"floor":22,"key":"Dexterity Potion"}],"is_trial":false,"path_per_floor":["M","M","?","M","M","R","E","R","T","?","R","$","?","M","R","B",null,"M","$","M","M","M","R","$","R","T","E"],"character_chosen":"HERMIT","items_purchased":["hermit:SprayPray","hermit:LuckOfTheDraw","Finesse","hermit:CursedWeapon"],"campfire_rested":1,"item_purchase_floors":[12,19,19,24],"current_hp_per_floor":[75,75,57,57,56,56,49,49,49,49,49,49,32,32,32,11,75,75,75,50,42,25,25,25,47,47,0,0],"gold":21,"neow_bonus":"RANDOM_COMMON_RELIC","is_prod":false,"is_daily":false,"chose_seed":false,"campfire_upgraded":5,"win_rate":0.0,"timestamp":1607528577,"path_taken":["M","M","?","M","M","R","E","R","T","?","R","$","?","M","R","BOSS","M","$","M","M","M","R","$","R","T","E"],"build_version":"2020-11-30","purchased_purges":2,"victory":false,"max_hp_per_floor":[75,75,75,75,75,75,75,75,75,75,75,75,75,75,75,75,75,75,75,75,75,75,75,75,75,75,75,75],"card_choices":[{"not_picked":["hermit:WideOpen","hermit:Manifest"],"picked":"hermit:Horror","floor":1},{"not_picked":["hermit:BigShot","hermit:SprayPray"],"picked":"hermit:Manifest","floor":2},{"not_picked":["hermit:Headshot","hermit:BigShot"],"picked":"hermit:Grudge","floor":4},{"not_picked":["hermit:WideOpen","hermit:HighCaliber"],"picked":"hermit:FullyLoaded","floor":5},{"not_picked":["hermit:Horror","hermit:Grudge"],"picked":"hermit:PistolWhip","floor":7},{"not_picked":["hermit:TrackingShot","hermit:FlashPowder"],"picked":"hermit:Ricochet","floor":13},{"not_picked":["hermit:Ricochet","hermit:ItchyTrigger"],"picked":"hermit:Roughhouse","floor":14},{"not_picked":["hermit:EternalForm","hermit:FromBeyond"],"picked":"hermit:Reprieve","floor":16},{"not_picked":["hermit:FlashPowder","hermit:Horror+1"],"picked":"hermit:Snipe","floor":18},{"not_picked":["hermit:Snipe+1","hermit:Ricochet"],"picked":"hermit:GoldenBullet","floor":20},{"not_picked":["hermit:Manifest","hermit:Horror"],"picked":"hermit:LowProfile+1","floor":21},{"not_picked":["hermit:Coalescence","hermit:Enervate"],"picked":"hermit:WideOpen+1","floor":22}],"player_experience":789827,"relics_obtained":[{"floor":7,"key":"Boot"},{"floor":9,"key":"Toy Ornithopter"},{"floor":13,"key":"Blue Candle"},{"floor":26,"key":"Bottled Lightning"}],"event_choices":[{"damage_healed":0,"gold_gain":0,"player_choice":"Take Damage","damage_taken":18,"relics_obtained":["Golden Idol"],"max_hp_gain":0,"max_hp_loss":0,"event_name":"Golden Idol","floor":3,"gold_loss":0},{"damage_healed":0,"gold_gain":0,"player_choice":"Grow","damage_taken":0,"max_hp_gain":0,"max_hp_loss":0,"event_name":"Living Wall","floor":10,"gold_loss":0,"cards_upgraded":["hermit:Snapshot"]},{"damage_healed":0,"gold_gain":0,"player_choice":"Searched \u00272\u0027 times","damage_taken":0,"max_hp_gain":0,"max_hp_loss":0,"event_name":"Dead Adventurer","floor":13,"gold_loss":0}],"is_beta":false,"boss_relics":[{"not_picked":["Runic Dome","Sozu"],"picked":"Black Star"}],"items_purged_floors":[12,19],"is_endless":false,"potions_floor_spawned":[2,4,5,20,22],"killed_by":"Gremlin Leader","ascension_level":0}}