{"host":"brlhu57vzmgrzvkq","time":1607537529,"event":{"gold_per_floor":[115,133,147,147,147,147,182,202,202,221,221,249,259,273,273,374,374,385,396,89,89,89,122,122,22,48,48,60,60,95,95,95,194,194,208,219,219,229,229,229,256,256,256,256,268,268,268,279,279,279],"floor_reached":51,"playtime":1441,"items_purged":["Strike_P","Strike_P"],"score":750,"play_id":"398ebb41-96e7-4c04-a9ea-846de6757b7f","local_time":"20201209111209","is_ascension_mode":false,"campfire_choices":[{"data":"Eruption","floor":6.0,"key":"SMITH"},{"data":"Conclude","floor":11.0,"key":"SMITH"},{"data":"Tantrum","floor":15.0,"key":"SMITH"},{"data":"WreathOfFlame","floor":24.0,"key":"SMITH"},{"data":"Ragnarok","floor":29.0,"key":"SMITH"},{"data":"ThirdEye","floor":32.0,"key":"SMITH"},{"data":"Ragnarok","floor":40.0,"key":"SMITH"},{"data":"DeceiveReality","floor":42.0,"key":"SMITH"},{"floor":44.0,"key":"REST"},{"data":"CutThroughFate","floor":47.0,"key":"SMITH"},{"data":"FearNoEvil","floor":49.0,"key":"SMITH"}],"neow_cost":"NONE","seed_source_timestamp":0,"circlet_count":0,"master_deck":["Strike_P","Strike_P","Defend_P","Defend_P+1","Defend_P","Eruption+1","Vigilance","ThirdEye+1","SandsOfTime","Vengeance","Conclude+1","CutThroughFate+1","BowlingBash","Tantrum+1","WreathOfFlame+1","Halt","Ragnarok+1","DeceiveReality+1","Halt","Judgement+1","Protect+1","Halt+1","Ragnarok+1","FlurryOfBlows","WindmillStrike+1","Madness+1","Madness+1","EmptyBody+1","EmptyFist+1","Panacea+1","FearNoEvil+1"],"special_seed":0,"relics":["HolyWater","Meat on the Bone","StoneCalendar","Du-Vu Doll","Potion Belt","Anchor","MutagenicStrength","Toxic Egg 2","War Paint","Bag of Preparation","Tiny Chest","VioletLotus","Toy Ornithopter","Torii"],"potions_floor_usage":[50,50,50],"damage_taken":[{"damage":1.0,"enemies":"Jaw Worm","floor":1.0,"turns":4.0},{"damage":0.0,"enemies":"Cultist","floor":2.0,"turns":2.0},{"damage":0.0,"enemies":"Small Slimes","floor":3.0,"turns":3.0},{"damage":27.0,"enemies":"3 Sentries","floor":7.0,"turns":6.0},{"damage":4.0,"enemies":"3 Louse","floor":8.0,"turns":3.0},{"damage":0.0,"enemies":"2 Fungi Beasts","floor":10.0,"turns":2.0},{"damage":18.0,"enemies":"Lagavulin","floor":12.0,"turns":4.0},{"damage":6.0,"enemies":"Large Slime","floor":13.0,"turns":3.0},{"damage":0.0,"enemies":"Looter","floor":14.0,"turns":1.0},{"damage":45.0,"enemies":"The Guardian","floor":16.0,"turns":6.0},{"damage":8.0,"enemies":"Shell Parasite","floor":18.0,"turns":2.0},{"damage":0.0,"enemies":"Chosen","floor":19.0,"turns":3.0},{"damage":21.0,"enemies":"Book of Stabbing","floor":23.0,"turns":5.0},{"damage":0.0,"enemies":"Shelled Parasite and Fungi","floor":28.0,"turns":2.0},{"damage":0.0,"enemies":"Gremlin Leader","floor":30.0,"turns":1.0},{"damage":43.0,"enemies":"Champ","floor":33.0,"turns":6.0},{"damage":20.0,"enemies":"3 Darklings","floor":35.0,"turns":4.0},{"damage":0.0,"enemies":"3 Shapes","floor":36.0,"turns":2.0},{"damage":0.0,"enemies":"Writhing Mass","floor":38.0,"turns":1.0},{"damage":27.0,"enemies":"Giant Head","floor":41.0,"turns":7.0},{"damage":0.0,"enemies":"4 Shapes","floor":45.0,"turns":2.0},{"damage":0.0,"enemies":"Sphere and 2 Shapes","floor":48.0,"turns":1.0},{"damage":34,"enemies":"Awakened One","floor":50,"turns":10}],"seed_played":"5911475481404952890","potions_obtained":[{"floor":1.0,"key":"ColorlessPotion"},{"floor":3.0,"key":"Dexterity Potion"},{"floor":10.0,"key":"SteroidPotion"},{"floor":12.0,"key":"Weak Potion"},{"floor":13.0,"key":"BottledMiracle"},{"floor":28.0,"key":"BlessingOfTheForge"},{"floor":30.0,"key":"LiquidMemories"},{"floor":36.0,"key":"BottledMiracle"},{"floor":45.0,"key":"Ancient Potion"}],"is_trial":false,"path_per_floor":["M","M","M","?","?","R","E","M","T","M","R","E","M","M","R","B",null,"M","M","$","?","?","E","R","$","T","?","M","R","E","$","R","B",null,"M","M","?","M","?","R","E","R","T","R","M","?","R","M","R","B",null],"character_chosen":"WATCHER","items_purchased":["Anchor","Judgement"],"campfire_rested":1,"item_purchase_floors":[20,20],"current_hp_per_floor":[78,78,78,78,78,78,51,47,47,47,47,41,47,47,47,14,79,71,71,71,71,56,47,47,47,47,47,47,47,47,47,47,16,84,64,64,53,53,53,53,38,38,38,63,63,63,63,63,63,44],"gold":279,"neow_bonus":"TEN_PERCENT_HP_BONUS","is_prod":false,"is_daily":false,"chose_seed":false,"campfire_upgraded":10,"win_rate":1,"timestamp":1607537529,"path_taken":["M","M","M","?","?","R","E","M","T","M","R","E","?","M","R","BOSS","M","M","$","?","?","E","R","$","T","?","M","R","E","$","R","BOSS","M","M","?","M","?","R","E","R","T","R","M","?","R","M","R","BOSS"],"build_version":"2020-11-30","purchased_purges":2,"victory":true,"max_hp_per_floor":[79,79,79,79,79,79,79,79,79,79,79,79,79,79,79,79,79,79,79,79,79,84,84,84,84,84,84,84,84,84,84,84,84,84,84,84,84,84,84,84,84,84,84,84,84,84,84,84,84,84],"card_choices":[{"not_picked":["FlurryOfBlows","Worship"],"picked":"ThirdEye","floor":1.0},{"not_picked":["JustLucky","Sanctity"],"picked":"SandsOfTime","floor":2.0},{"not_picked":["EmptyMind","ClearTheMind"],"picked":"Vengeance","floor":3.0},{"not_picked":["Consecrate","Fasting2"],"picked":"Conclude","floor":7.0},{"not_picked":["FlyingSleeves","ReachHeaven"],"picked":"CutThroughFate","floor":8.0},{"not_picked":["Fasting2","Pray"],"picked":"BowlingBash","floor":10.0},{"not_picked":["DeusExMachina","PathToVictory"],"picked":"Tantrum","floor":12.0},{"not_picked":["Pray","Protect"],"picked":"WreathOfFlame","floor":13.0},{"not_picked":["Conclude","EmptyFist"],"picked":"Halt","floor":14.0},{"not_picked":["Vault","Judgement"],"picked":"Ragnarok","floor":16.0},{"not_picked":["SandsOfTime","Fasting2"],"picked":"DeceiveReality","floor":18.0},{"not_picked":["ThirdEye","Pray"],"picked":"Halt","floor":19.0},{"not_picked":["Halt+1","FollowUp"],"picked":"Protect+1","floor":23.0},{"not_picked":["Sanctity+1","Fasting2","CrushJoints"],"picked":"SKIP","floor":28.0},{"not_picked":["LikeWater","ThirdEye+1"],"picked":"Halt+1","floor":30.0},{"not_picked":["Judgement+1","MasterReality"],"picked":"Ragnarok","floor":33.0},{"not_picked":["Indignation+1","CrushJoints"],"picked":"FlurryOfBlows","floor":35.0},{"not_picked":["WaveOfTheHand+1","Protect+1"],"picked":"WindmillStrike+1","floor":36.0},{"not_picked":["Protect+1","CrushJoints"],"picked":"EmptyBody+1","floor":38.0},{"not_picked":["SandsOfTime+1","FollowUp+1","Crescendo+1"],"picked":"SKIP","floor":41.0},{"not_picked":["CrushJoints+1","ConjureBlade+1"],"picked":"EmptyFist+1","floor":45.0},{"not_picked":["Impatience+1","Panache"],"picked":"Panacea+1","floor":46.0},{"not_picked":["Halt+1","FlyingSleeves+1"],"picked":"FearNoEvil","floor":48.0}],"player_experience":48559,"relics_obtained":[{"floor":7.0,"key":"StoneCalendar"},{"floor":9.0,"key":"Du-Vu Doll"},{"floor":12.0,"key":"Potion Belt"},{"floor":23.0,"key":"Toxic Egg 2"},{"floor":26.0,"key":"War Paint"},{"floor":30.0,"key":"Tiny Chest"},{"floor":41.0,"key":"Toy Ornithopter"},{"floor":43.0,"key":"Torii"}],"event_choices":[{"damage_healed":0.0,"max_hp_gain":0.0,"max_hp_loss":0.0,"gold_gain":0.0,"event_name":"Big Fish","player_choice":"Box","floor":4.0,"gold_loss":0.0,"damage_taken":0.0,"relics_obtained":["Meat on the Bone"],"cards_obtained":["Regret"]},{"cards_removed":["Regret"],"damage_healed":0.0,"max_hp_gain":0.0,"max_hp_loss":0.0,"gold_gain":0.0,"event_name":"Fountain of Cleansing","player_choice":"Removed Curses","floor":5.0,"gold_loss":0.0,"damage_taken":0.0},{"damage_healed":0.0,"max_hp_gain":0.0,"max_hp_loss":0.0,"gold_gain":0.0,"event_name":"Drug Dealer","player_choice":"Inject Mutagens","floor":21.0,"gold_loss":0.0,"damage_taken":0.0,"relics_obtained":["MutagenicStrength"]},{"damage_healed":0.0,"max_hp_gain":5.0,"max_hp_loss":0.0,"gold_gain":0.0,"event_name":"Forgotten Altar","player_choice":"Shed Blood","floor":22.0,"gold_loss":0.0,"damage_taken":20.0},{"damage_healed":0.0,"max_hp_gain":0.0,"max_hp_loss":0.0,"gold_gain":0.0,"event_name":"The Mausoleum","player_choice":"Opened","floor":27.0,"gold_loss":0.0,"damage_taken":0.0,"relics_obtained":["Bag of Preparation"]},{"damage_healed":0.0,"max_hp_gain":0.0,"max_hp_loss":0.0,"gold_gain":0.0,"event_name":"Winding Halls","player_choice":"Embrace Madness","floor":37.0,"gold_loss":0.0,"damage_taken":11.0,"cards_obtained":["Madness","Madness"]},{"cards_removed":["Defend_P"],"damage_healed":0.0,"max_hp_gain":0.0,"max_hp_loss":0.0,"gold_gain":0.0,"event_name":"Falling","player_choice":"Removed Skill","floor":39.0,"gold_loss":0.0,"damage_taken":0.0},{"damage_healed":0.0,"max_hp_gain":0.0,"max_hp_loss":0.0,"gold_gain":0.0,"event_name":"SensoryStone","player_choice":"Memory 1","floor":46.0,"gold_loss":0.0,"damage_taken":0.0}],"is_beta":false,"boss_relics":[{"not_picked":["Coffee Dripper","Runic Dome"],"picked":"HolyWater"},{"not_picked":["SlaversCollar","Fusion Hammer"],"picked":"VioletLotus"}],"items_purged_floors":[20,25],"is_endless":false,"potions_floor_spawned":[1,3,10,12,13,28,30,36,45],"ascension_level":0}}