{"host":"fevvm7bbzuh4s1jc","time":1607546290,"event":{"gold_per_floor":[14,14,28,28,43,71,71,96,147,147,160,185,201,201,201,278,278,289,302,71,85,85,85,111,111,136,155,484,170,188,188,188,265,265,276,276,276,295,305,305,335,335,335,351,366,397,397,65,65,65,65,65,65,9,34,34],"floor_reached":57,"playtime":6605,"items_purged":["Terror","Defend_G"],"score":3115,"play_id":"934b81e6-eb2a-4086-ac22-b815fbb6fc83","local_time":"20201209153810","is_ascension_mode":true,"campfire_choices":[{"data":"Well Laid Plans","floor":7,"key":"SMITH"},{"data":"Bouncing Flask","floor":15,"key":"SMITH"},{"data":"Wraith Form v2","floor":23,"key":"SMITH"},{"data":"After Image","floor":25,"key":"SMITH"},{"data":"Noxious Fumes","floor":32,"key":"SMITH"},{"floor":40,"key":"RECALL"},{"data":"Footwork","floor":47,"key":"SMITH"},{"floor":49,"key":"REST"},{"floor":53,"key":"REST"}],"neow_cost":"NO_GOLD","seed_source_timestamp":789289567818100,"circlet_count":0,"master_deck":["AscendersBane","Strike_G+1","Strike_G+1","Defend_G+1","Defend_G+1","Defend_G+1","Defend_G+1","Survivor+1","Neutralize+1","After Image+1","Well Laid Plans+1","Sucker Punch+1","Dash+1","Bouncing Flask+1","Die Die Die+1","PiercingWail+1","Blur+1","Tools of the Trade+1","Escape Plan+1","Terror+1","Blade Dance+1","PiercingWail+1","Wraith Form v2+1","Escape Plan+1","Deadly Poison+1","Backflip+1","Adrenaline+1","Noxious Fumes+1","Venomology+1","Leg Sweep+1","Adrenaline+1","Deadly Poison+1","Footwork+1"],"relics":["Ring of the Snake","Matryoshka","Centennial Puzzle","Anchor","Happy Flower","Lantern","Mummified Hand","StoneCalendar","Astrolabe","Gremlin Horn","Old Coin","SlaversCollar","Mark of the Bloom","Ornamental Fan","Molten Egg 2","Art of War","Paper Crane","Vajra"],"potions_floor_usage":[8,16,16,28,30,33,35,38,39,41,44,45,46,50,51,51,55,55,56,56],"damage_taken":[{"damage":0,"enemies":"Jaw Worm","floor":1,"turns":5},{"damage":4,"enemies":"Cultist","floor":3,"turns":5},{"damage":0,"enemies":"Small Slimes","floor":5,"turns":6},{"damage":20,"enemies":"Gremlin Nob","floor":6,"turns":6},{"damage":16,"enemies":"3 Sentries","floor":8,"turns":14},{"damage":8,"enemies":"Looter","floor":11,"turns":3},{"damage":2,"enemies":"Lagavulin","floor":12,"turns":5},{"damage":0,"enemies":"Exordium Thugs","floor":13,"turns":3},{"damage":5,"enemies":"Hexaghost","floor":16,"turns":8},{"damage":6,"enemies":"Chosen","floor":18,"turns":5},{"damage":8,"enemies":"Spheric Guardian","floor":19,"turns":5},{"damage":0,"enemies":"Centurion and Healer","floor":21,"turns":7},{"damage":0,"enemies":"Book of Stabbing","floor":24,"turns":6},{"damage":0,"enemies":"Snecko","floor":27,"turns":6},{"damage":2,"enemies":"Gremlin Leader","floor":28,"turns":7},{"damage":1,"enemies":"3 Cultists","floor":30,"turns":6},{"damage":7,"enemies":"Collector","floor":33,"turns":7},{"damage":0,"enemies":"3 Darklings","floor":35,"turns":5},{"damage":0,"enemies":"Orb Walker","floor":38,"turns":4},{"damage":0,"enemies":"Jaw Worm Horde","floor":39,"turns":5},{"damage":0,"enemies":"Reptomancer","floor":41,"turns":5},{"damage":6,"enemies":"Spire Growth","floor":44,"turns":4},{"damage":0,"enemies":"Writhing Mass","floor":45,"turns":6},{"damage":0,"enemies":"Giant Head","floor":46,"turns":8},{"damage":0,"enemies":"Awakened One","floor":50,"turns":16},{"damage":0,"enemies":"Donu and Deca","floor":51,"turns":10},{"damage":0,"enemies":"Shield and Spear","floor":55,"turns":8},{"damage":46,"enemies":"The Heart","floor":56,"turns":12}],"seed_played":"4046874680577529200","potions_obtained":[{"floor":6,"key":"ColorlessPotion"},{"floor":8,"key":"SpeedPotion"},{"floor":11,"key":"Dexterity Potion"},{"floor":13,"key":"Swift Potion"},{"floor":16,"key":"SmokeBomb"},{"floor":18,"key":"CunningPotion"},{"floor":28,"key":"DistilledChaos"},{"floor":30,"key":"Poison Potion"},{"floor":38,"key":"SpeedPotion"}],"is_trial":false,"path_per_floor":["M","?","M","?","M","E","R","E","T","T","M","E","M","?","R","B",null,"M","M","$","M","?","R","E","R","T","M","E","$","M","?","R","B",null,"M","?","?","M","M","R","E","?","T","M","M","E","R","$","R","B","B",null,"R","$","E","B",null],"character_chosen":"THE_SILENT","items_purchased":["Wraith Form v2","Noxious Fumes","Venomology","Fire Potion","Paper Crane","Dexterity Potion","SteroidPotion"],"campfire_rested":2,"item_purchase_floors":[20,29,29,29,48,48,54],"current_hp_per_floor":[59,66,62,62,62,42,42,26,26,26,18,16,16,16,16,11,52,46,38,38,38,38,38,38,38,38,38,36,36,35,35,35,28,57,57,57,57,57,57,57,57,57,57,51,51,51,51,51,51,51,51,51,51,51,51,5],"gold":34,"neow_bonus":"THREE_RARE_CARDS","is_prod":false,"is_daily":false,"chose_seed":false,"campfire_upgraded":6,"win_rate":0,"timestamp":1607546290,"path_taken":["M","?","?","?","?","E","R","E","T","?","M","E","M","?","R","BOSS","M","M","$","M","?","R","E","R","T","M","E","$","M","?","R","BOSS","M","?","?","M","M","R","E","?","T","M","M","E","R","?","R","BOSS","BOSS","R","$","E","BOSS"],"build_version":"2020-11-30","purchased_purges":2,"victory":true,"max_hp_per_floor":[66,66,66,66,66,66,66,66,66,66,66,66,66,66,66,66,66,66,66,66,66,66,66,66,66,66,66,66,66,66,66,66,66,66,66,66,66,66,66,66,66,63,63,63,63,63,63,63,63,63,63,63,63,63,63,63],"relic_stats":{"Centennial Puzzle":[30],"Mark of the Bloom":45,"Happy Flower":[50],"Gremlin Horn":[23,23],"counters":[28,187],"Mummified Hand":[106],"Ornamental Fan":[104],"Astrolabe":["Escape Plan","Terror","Blade Dance"],"StoneCalendar":[434],"Art of War":[5],"obtain_stats":[{"Lantern":10,"Mark of the Bloom":36,"Happy Flower":9,"Gremlin Horn":24,"Astrolabe":17,"Vajra":55,"StoneCalendar":12,"Paper Crane":48,"Old Coin":28,"SlaversCollar":34,"Centennial Puzzle":8,"Anchor":9,"Matryoshka":6,"Mummified Hand":10,"Ornamental Fan":41,"Molten Egg 2":43,"Art of War":46,"Ring of the Snake":0},{"Lantern":5,"Mark of the Bloom":18,"Happy Flower":5,"Gremlin Horn":13,"Astrolabe":9,"Vajra":27,"StoneCalendar":7,"Paper Crane":24,"Old Coin":15,"SlaversCollar":17,"Centennial Puzzle":5,"Anchor":5,"Matryoshka":4,"Mummified Hand":5,"Ornamental Fan":21,"Molten Egg 2":21,"Art of War":24,"Ring of the Snake":0},{"Lantern":36,"Mark of the Bloom":109,"Happy Flower":36,"Gremlin Horn":78,"Astrolabe":55,"Vajra":175,"StoneCalendar":44,"Paper Crane":141,"Old Coin":91,"SlaversCollar":104,"Centennial Puzzle":36,"Anchor":36,"Matryoshka":22,"Mummified Hand":36,"Ornamental Fan":123,"Molten Egg 2":123,"Art of War":141,"Ring of the Snake":0}],"Ring of the Snake":[56]},"card_choices":[{"not_picked":["Phantasmal Killer","Doppelganger"],"picked":"After Image","floor":0},{"not_picked":["PiercingWail","Underhanded Strike"],"picked":"Well Laid Plans","floor":1},{"not_picked":["Slice","Backflip"],"picked":"Sucker Punch","floor":3},{"not_picked":["PiercingWail","Sucker Punch"],"picked":"Dash","floor":5},{"not_picked":["Choke","Dodge and Roll"],"picked":"Terror","floor":6},{"not_picked":["Calculated Gamble","Flying Knee"],"picked":"Bouncing Flask","floor":8},{"not_picked":["Cloak And Dagger","Backflip"],"picked":"Die Die Die","floor":11},{"not_picked":["Masterful Stab","Setup"],"picked":"PiercingWail","floor":12},{"not_picked":["Infinite Blades","PiercingWail"],"picked":"Blur","floor":13},{"not_picked":["A Thousand Cuts","Storm of Steel"],"picked":"Tools of the Trade","floor":16},{"not_picked":["Bane","Reflex","Flying Knee"],"picked":"SKIP","floor":18},{"not_picked":["Slice","Sucker Punch"],"picked":"PiercingWail","floor":19},{"not_picked":["All Out Attack","Slice"],"picked":"Escape Plan+1","floor":21},{"not_picked":["Outmaneuver","Prepared"],"picked":"Deadly Poison+1","floor":24},{"not_picked":["Sucker Punch","Flying Knee"],"picked":"Backflip","floor":27},{"not_picked":["Slice","Caltrops"],"picked":"Adrenaline","floor":28},{"not_picked":["Poisoned Stab","Slice"],"picked":"Leg Sweep+1","floor":30},{"not_picked":["Glass Knife","Phantasmal Killer"],"picked":"Adrenaline","floor":33},{"not_picked":["PiercingWail","Flechettes","Blade Dance"],"picked":"SKIP","floor":35},{"not_picked":["Deadly Poison","Dagger Throw","Outmaneuver"],"picked":"SKIP","floor":38},{"not_picked":["Deadly Poison","Dagger Throw","Outmaneuver"],"picked":"SKIP","floor":38},{"not_picked":["Acrobatics","Dagger Spray"],"picked":"Deadly Poison+1","floor":39},{"not_picked":["Skewer+1","Phantasmal Killer","PiercingWail"],"picked":"SKIP","floor":41},{"not_picked":["Choke+1","Deflect","Bane+1"],"picked":"SKIP","floor":44},{"not_picked":["Skewer+1","Underhanded Strike+1"],"picked":"Footwork","floor":45},{"not_picked":["Blade Dance","Slice+1","Prepared"],"picked":"SKIP","floor":46},{"not_picked":["Blade Dance","Calculated Gamble","Heel Hook+1"],"picked":"SKIP","floor":55}],"player_experience":2522829,"relics_obtained":[{"floor":6,"key":"Matryoshka"},{"floor":8,"key":"Centennial Puzzle"},{"floor":9,"key":"Anchor"},{"floor":9,"key":"Happy Flower"},{"floor":10,"key":"Lantern"},{"floor":10,"key":"Mummified Hand"},{"floor":12,"key":"StoneCalendar"},{"floor":24,"key":"Gremlin Horn"},{"floor":28,"key":"Old Coin"},{"floor":41,"key":"Ornamental Fan"},{"floor":43,"key":"Molten Egg 2"},{"floor":46,"key":"Art of War"},{"floor":55,"key":"Vajra"}],"event_choices":[{"damage_healed":7,"gold_gain":0,"player_choice":"Full Heal","damage_taken":0,"max_hp_gain":0,"max_hp_loss":0,"event_name":"Wheel of Change","floor":2,"gold_loss":0},{"damage_healed":0,"gold_gain":0,"player_choice":"Forge","damage_taken":0,"max_hp_gain":0,"max_hp_loss":0,"event_name":"Accursed Blacksmith","floor":4,"gold_loss":0,"cards_upgraded":["Sucker Punch"]},{"damage_healed":0,"gold_gain":0,"player_choice":"Ignored","damage_taken":0,"max_hp_gain":0,"max_hp_loss":0,"event_name":"Golden Idol","floor":14,"gold_loss":0},{"damage_healed":0,"gold_gain":0,"player_choice":"Ignored","damage_taken":0,"max_hp_gain":0,"max_hp_loss":0,"event_name":"Vampires","floor":22,"gold_loss":0},{"damage_healed":0,"gold_gain":0,"player_choice":"0 cards matched","damage_taken":0,"max_hp_gain":0,"max_hp_loss":0,"event_name":"Match and Keep!","floor":31,"gold_loss":0,"cards_obtained":[]},{"damage_healed":0,"gold_gain":0,"player_choice":"Upgrade","damage_taken":0,"relics_obtained":["Mark of the Bloom"],"max_hp_gain":0,"max_hp_loss":0,"event_name":"MindBloom","floor":36,"gold_loss":0,"cards_upgraded":["Strike_G","Strike_G","Defend_G","Defend_G","Defend_G","Defend_G","Survivor","Neutralize","Dash","Die Die Die","PiercingWail","Blur","Tools of the Trade","PiercingWail","Backflip","Adrenaline","Venomology","Adrenaline"]},{"damage_healed":0,"gold_gain":0,"player_choice":"Ignored","damage_taken":0,"max_hp_gain":0,"max_hp_loss":0,"event_name":"Tomb of Lord Red Mask","floor":37,"gold_loss":0},{"damage_healed":0,"gold_gain":0,"player_choice":"Max HP","damage_taken":0,"max_hp_gain":0,"max_hp_loss":3,"event_name":"Winding Halls","floor":42,"gold_loss":0}],"is_beta":false,"boss_relics":[{"not_picked":["Coffee Dripper","Runic Dome"],"picked":"Astrolabe"},{"not_picked":["Calling Bell","Fusion Hammer"],"picked":"SlaversCollar"}],"items_purged_floors":[20,29],"is_endless":false,"potions_floor_spawned":[6,8,11,13,16,18,28,30,38,39,41,46],"ascension_level":20}}