{"host":"m7puq4mk16tgc6yn","time":1607474027,"event":{"gold_per_floor":[117,127,145,145,165,200,200,216,243,257,292,309,309,309],"floor_reached":13,"playtime":472,"items_purged":[],"score":114,"play_id":"43b8b354-3ca9-4159-b4e4-51ed072becc4","local_time":"20201208163347","is_ascension_mode":true,"campfire_choices":[{"data":"Eviscerate","floor":7,"key":"SMITH"}],"neow_cost":"NONE","seed_source_timestamp":0,"circlet_count":0,"master_deck":["Strike_G","Strike_G","Strike_G","Strike_G","Strike_G","Defend_G","Defend_G","Defend_G","Defend_G","Defend_G","Survivor","Neutralize","Eviscerate+1","Dagger Spray","Flying Knee","Dagger Spray","Burst","Finisher","Underhanded Strike","Cloak And Dagger","Envenom"],"special_seed":0,"relics":["Sozu","Toy Ornithopter","Orichalcum","Bag of Marbles"],"potions_floor_usage":[],"damage_taken":[{"damage":2,"enemies":"Small Slimes","floor":1,"turns":6},{"damage":0,"enemies":"2 Louse","floor":2,"turns":2},{"damage":2,"enemies":"Jaw Worm","floor":3,"turns":3},{"damage":0,"enemies":"Exordium Thugs","floor":5,"turns":5},{"damage":18,"enemies":"Gremlin Nob","floor":6,"turns":4},{"damage":9,"enemies":"Blue Slaver","floor":8,"turns":3},{"damage":14,"enemies":"Large Slime","floor":10,"turns":6},{"damage":21,"enemies":"Lagavulin","floor":11,"turns":5},{"damage":0,"enemies":"2 Fungi Beasts","floor":12,"turns":2},{"damage":11,"enemies":"3 Sentries","floor":13,"turns":3}],"seed_played":"7666109527780210479","potions_obtained":[],"is_trial":false,"path_per_floor":["M","M","M","?","M","E","R","M","T","M","E","M","E"],"character_chosen":"THE_SILENT","items_purchased":[],"campfire_rested":0,"item_purchase_floors":[],"current_hp_per_floor":[68,68,66,71,71,53,53,44,44,30,9,9,0,0],"gold":309,"neow_bonus":"BOSS_RELIC","is_prod":false,"is_daily":false,"chose_seed":false,"campfire_upgraded":1,"win_rate":0,"timestamp":1607474027,"path_taken":["M","M","M","?","M","E","R","M","T","M","E","M","E"],"build_version":"2020-11-30","purchased_purges":0,"victory":false,"max_hp_per_floor":[70,70,70,75,75,75,75,75,75,75,75,75,75,75],"relic_stats":{"Sozu":6,"counters":[10,39],"Orichalcum":[42],"obtain_stats":[{"Sozu":0,"Bag of Marbles":11,"Orichalcum":9,"Toy Ornithopter":6},{"Sozu":0,"Bag of Marbles":8,"Orichalcum":6,"Toy Ornithopter":5},{"Sozu":0,"Bag of Marbles":34,"Orichalcum":23,"Toy Ornithopter":20}],"Toy Ornithopter":0},"card_choices":[{"not_picked":["Quick Slash","Poisoned Stab"],"picked":"Eviscerate","floor":1},{"not_picked":["Expertise","PiercingWail"],"picked":"Dagger Spray","floor":2},{"not_picked":["Poisoned Stab","Outmaneuver"],"picked":"Flying Knee","floor":3},{"not_picked":["Catalyst","Dodge and Roll"],"picked":"Dagger Spray","floor":5},{"not_picked":["Prepared","Cloak And Dagger"],"picked":"Burst","floor":6},{"not_picked":["Dagger Spray","Slice"],"picked":"Finisher","floor":8},{"not_picked":["Dagger Throw","Backflip"],"picked":"Underhanded Strike","floor":10},{"not_picked":["Quick Slash","Catalyst"],"picked":"Cloak And Dagger","floor":11},{"not_picked":["Dagger Throw","Dagger Spray"],"picked":"Envenom","floor":12}],"player_experience":34824,"relics_obtained":[{"floor":6,"key":"Toy Ornithopter"},{"floor":9,"key":"Orichalcum"},{"floor":11,"key":"Bag of Marbles"}],"event_choices":[{"damage_healed":0,"gold_gain":0,"player_choice":"Donut","damage_taken":0,"max_hp_gain":5,"max_hp_loss":0,"event_name":"Big Fish","floor":4,"gold_loss":0}],"is_beta":false,"boss_relics":[],"items_purged_floors":[],"is_endless":false,"potions_floor_spawned":[1,2,3,6,11,12],"killed_by":"3 Sentries","ascension_level":3}}