{"host":"3a1ypf1irl30q4k8","time":1607548805,"event":{"gold_per_floor":[16,27,27,27,50,50,11,46,46,60,85,104,27,41,41,167,167,152,168,168,168],"floor_reached":20,"playtime":1208,"items_purged":[],"score":233,"play_id":"fe7ddaac-184e-4758-b70a-4c8de193f149","local_time":"20201209212005","is_ascension_mode":true,"campfire_choices":[{"data":"Strike_P","floor":6,"key":"PURGE"},{"data":"TalkToTheHand","floor":15,"key":"SMITH"}],"neow_cost":"NO_GOLD","seed_source_timestamp":2383474327507700,"circlet_count":0,"master_deck":["Strike_P","Strike_P","Strike_P","Defend_P","Defend_P","Defend_P","Defend_P","Eruption","Vigilance","FlyingSleeves","EmptyBody","FollowUp","SignatureMove","Halt","Conclude","Protect","ClearTheMind","TalkToTheHand+1","CutThroughFate","DevaForm","BattleHymn"],"relics":["HolyWater","Peace Pipe","Golden Idol","InkBottle","TungstenRod","Meat on the Bone"],"potions_floor_usage":[11,11,16,16,19],"damage_taken":[{"damage":4,"enemies":"2 Louse","floor":1,"turns":4},{"damage":2,"enemies":"Jaw Worm","floor":2,"turns":4},{"damage":1,"enemies":"Cultist","floor":5,"turns":3},{"damage":0,"enemies":"Gremlin Nob","floor":8,"turns":2},{"damage":16,"enemies":"Lots of Slimes","floor":10,"turns":5},{"damage":3,"enemies":"Exordium Wildlife","floor":11,"turns":3},{"damage":0,"enemies":"Exordium Thugs","floor":12,"turns":3},{"damage":0,"enemies":"Red Slaver","floor":14,"turns":1},{"damage":22,"enemies":"The Guardian","floor":16,"turns":12},{"damage":5,"enemies":"2 Thieves","floor":18,"turns":4},{"damage":0,"enemies":"Chosen","floor":19,"turns":6},{"damage":66,"enemies":"Snake Plant","floor":20,"turns":4}],"seed_played":"-7514637113317562780","potions_obtained":[{"floor":1,"key":"StancePotion"},{"floor":5,"key":"Ancient Potion"},{"floor":10,"key":"BlessingOfTheForge"},{"floor":14,"key":"Weak Potion"},{"floor":16,"key":"Fruit Juice"},{"floor":18,"key":"Dexterity Potion"}],"is_trial":false,"path_per_floor":["M","M","?","T","M","R","$","E","T","M","M","M","$","M","R","B",null,"M","M","M"],"character_chosen":"WATCHER","items_purchased":["SignatureMove","TalkToTheHand"],"campfire_rested":0,"item_purchase_floors":[7,13],"current_hp_per_floor":[68,66,66,66,65,65,65,65,65,49,46,46,46,46,46,36,67,62,62,0,0],"gold":168,"neow_bonus":"ONE_RARE_RELIC","is_prod":false,"is_daily":false,"chose_seed":false,"campfire_upgraded":1,"win_rate":0,"timestamp":1607548805,"path_taken":["M","M","?","?","M","R","?","E","T","M","M","?","$","M","R","BOSS","M","M","M"],"build_version":"2020-11-30","purchased_purges":0,"victory":false,"max_hp_per_floor":[72,72,67,67,67,67,67,67,67,67,67,67,67,67,67,67,67,67,67,67,67],"relic_stats":{"Peace Pipe":1,"counters":[12,51],"Golden Idol":58,"obtain_stats":[{"Peace Pipe":0,"Golden Idol":3,"HolyWater":17,"PureWater":0,"InkBottle":4,"TungstenRod":8,"Meat on the Bone":9},{"Peace Pipe":0,"Golden Idol":2,"HolyWater":9,"PureWater":0,"InkBottle":2,"TungstenRod":4,"Meat on the Bone":4},{"Peace Pipe":0,"Golden Idol":8,"HolyWater":37,"PureWater":0,"InkBottle":8,"TungstenRod":13,"Meat on the Bone":13}],"InkBottle":[12],"TungstenRod":21,"Meat on the Bone":12},"card_choices":[{"not_picked":["Worship","LikeWater"],"picked":"FlyingSleeves","floor":1},{"not_picked":["FlyingSleeves","BowlingBash"],"picked":"EmptyBody","floor":2},{"not_picked":["JustLucky","BowlingBash"],"picked":"FollowUp","floor":5},{"not_picked":["Wireheading","Worship"],"picked":"Halt","floor":8},{"not_picked":["BowlingBash","DeceiveReality"],"picked":"Conclude","floor":10},{"not_picked":["Weave","Perseverance"],"picked":"Protect","floor":11},{"not_picked":["ConjureBlade","ThirdEye"],"picked":"ClearTheMind","floor":12},{"not_picked":["FlurryOfBlows","EmptyBody"],"picked":"CutThroughFate","floor":14},{"not_picked":["ConjureBlade","MasterReality"],"picked":"DevaForm","floor":16},{"not_picked":["JustLucky","Collect"],"picked":"BattleHymn","floor":18},{"not_picked":["Consecrate+1","WreathOfFlame+1","SignatureMove+1"],"picked":"SKIP","floor":19}],"player_experience":799968,"relics_obtained":[{"floor":4,"key":"InkBottle"},{"floor":8,"key":"TungstenRod"},{"floor":9,"key":"Meat on the Bone"}],"event_choices":[{"damage_healed":0,"gold_gain":0,"player_choice":"Lose Max HP","damage_taken":0,"relics_obtained":["Golden Idol"],"max_hp_gain":0,"max_hp_loss":5,"event_name":"Golden Idol","floor":3,"gold_loss":0}],"is_beta":false,"boss_relics":[{"not_picked":["Sozu","Velvet Choker"],"picked":"HolyWater"}],"items_purged_floors":[],"is_endless":false,"potions_floor_spawned":[1,5,10,14,16,18],"killed_by":"Snake Plant","ascension_level":3}}