{"host":"Moondoggy","time":1607536956,"event":{"gold_per_floor":[116,132,132,147,158,178,194,212,212,212,212,246,246,280,293,293,326,340,359,427,524,524,544,544,568,588,26,26,26,26],"floor_reached":24,"playtime":3201,"items_purged":["MadScienceMod:Defend_MadScience","MadScienceMod:Defend_MadScience"],"score":239,"play_id":"9c6ca406-3728-4449-9eaa-0b8e2521220b","local_time":"20201209130236","is_ascension_mode":false,"campfire_choices":[{"floor":6,"key":"RECALL"},{"floor":11,"key":"REST"},{"data":"MadScienceMod:NowOrNever","floor":23,"key":"SMITH"},{"data":"MadScienceMod:CloneVats","floor":23,"key":"SMITH"}],"neow_cost":"","seed_source_timestamp":331124602312800,"circlet_count":0,"master_deck":["MadScienceMod:Strike_MadScience","MadScienceMod:Strike_MadScience","MadScienceMod:Strike_MadScience","MadScienceMod:Strike_MadScience","MadScienceMod:Defend_MadScience","MadScienceMod:Defend_MadScience","MadScienceMod:PoweredStrike","MadScienceMod:HideBehindJunk","MadScienceMod:BandageBot+1","MadScienceMod:OilDrum","MadScienceMod:FumeBlast+1","MadScienceMod:FragmentationGrenade","MadScienceMod:MindControlBeam","MadScienceMod:Strafe","MadScienceMod:AutoStrike","MadScienceMod:Bayonet","MadScienceMod:FlameCannon","MadScienceMod:NowOrNever+1","MadScienceMod:Strafe","MadScienceMod:ImposingConstruct","MadScienceMod:ArtilleryShot","MadScienceMod:OilDrum","MadScienceMod:OilDrum","MadScienceMod:CloneVats+1","MadScienceMod:AntimatterBomb","MadScienceMod:RadioactiveSword+1","MadScienceMod:PowerArmor","MadScienceMod:EnergyBarrier","MadScienceMod:AcidSpray"],"special_seed":0,"relics":["MadScienceMod:FuelTank","LagranYue:RandomDrawCardRelic","DemoMod:GnawedKey","Replay:Arrowhead","Tiny Chest","hubris:CrystalStatue","DemoMod:WhiteGuonStone","LetterFromLob","RedMistMask","Vajra","PreservedInsect","DemoMod:ClearGuonStone","construct:ClawGrip","Regal Pillow","DemoMod:SerJunkan"],"potions_floor_usage":[16,21,24,24],"damage_taken":[{"damage":0.0,"enemies":"Gensokyo:3_Fairies","floor":1.0,"turns":5.0},{"damage":0.0,"enemies":"Gensokyo:Python","floor":2.0,"turns":3.0},{"damage":7.0,"enemies":"Gensokyo:Gryphon","floor":4.0,"turns":4.0},{"damage":3.0,"enemies":"Gensokyo:2_Rabbits","floor":5.0,"turns":5.0},{"damage":2.0,"enemies":"2 Louse","floor":1.0,"turns":3.0},{"damage":0.0,"enemies":"Cultist","floor":2.0,"turns":4.0},{"damage":0.0,"enemies":"Small Slimes","floor":3.0,"turns":3.0},{"damage":8,"enemies":"Lagavulin","floor":7,"turns":6},{"damage":7,"enemies":"Exordium Wildlife","floor":9,"turns":6},{"damage":4,"enemies":"Exordium Wildlife","floor":10,"turns":3},{"damage":0,"enemies":"Gremlin Nob","floor":12,"turns":2},{"damage":0,"enemies":"2 Fungi Beasts","floor":13,"turns":2},{"damage":0,"enemies":"Large Slime","floor":14,"turns":4},{"damage":6,"enemies":"The Guardian","floor":16,"turns":10},{"damage":0,"enemies":"Orb Walker","floor":18,"turns":4},{"damage":16,"enemies":"3 Darklings","floor":21,"turns":7},{"damage":111,"enemies":"Giant Head","floor":24,"turns":9}],"seed_played":"-31879523668265129","potions_obtained":[{"floor":5.0,"key":"Energy Potion"},{"floor":7,"key":"MagicPotion:ReiMu"}],"is_trial":false,"path_per_floor":["M","M","?","M","M","M","M","M","M","?","T","R","E","?","MIM","M","R","E","M","M","R_BF","B",null,"M","?","T","M","$","R","E"],"character_chosen":"MAD_SCIENTIST","items_purchased":["MadScienceMod:BandageBot+1","DemoMod:GnawedKey","MadScienceMod:OilDrum","MadScienceMod:FumeBlast","Tiny Chest","MadScienceMod:PowerArmor","DemoMod:SerJunkan","MadScienceMod:EnergyBarrier","MadScienceMod:AcidSpray"],"campfire_rested":1,"item_purchase_floors":[0,0,0,0,0,22,22,22,22],"current_hp_per_floor":[51,51,34,30,27,73,73,73,73,73,73,68,68,61,57,75,75,75,75,75,69,75,75,75,75,65,65,65,0,0],"gold":26,"neow_bonus":"","is_prod":false,"is_daily":false,"chose_seed":false,"campfire_upgraded":2,"win_rate":0.0,"timestamp":1607536956,"path_taken":["M","M","?","M","?","M","M","M","M","?","?","R","E","?","MIM","?","R","E","M","M","R_BF","BOSS","M","?","?","M","$","R","E"],"build_version":"2020-12-07","purchased_purges":2,"victory":false,"max_hp_per_floor":[75,75,75,75,75,75,75,75,75,75,75,75,75,75,75,75,75,75,75,75,75,75,75,75,75,75,75,75,75,75],"card_choices":[{"not_picked":["MadScienceMod:Inflate","MadScienceMod:FlammableWall"],"picked":"MadScienceMod:FragmentationGrenade","floor":1.0},{"not_picked":["MadScienceMod:MakeOrBreak","MadScienceMod:MechanicalClaw"],"picked":"MadScienceMod:MindControlBeam","floor":2.0},{"not_picked":["MadScienceMod:EnergyBarrier","MadScienceMod:OilDrum"],"picked":"MadScienceMod:ExtractOil","floor":4.0},{"not_picked":["MadScienceMod:FlameThrower","MadScienceMod:EnergyBarrier"],"picked":"MadScienceMod:Strafe","floor":5.0},{"not_picked":["MadScienceMod:Mechanize","MadScienceMod:MechanicalClaw"],"picked":"MadScienceMod:AutoStrike","floor":1.0},{"not_picked":["MadScienceMod:FumeBlast","MadScienceMod:AcidSpray"],"picked":"MadScienceMod:Bayonet","floor":2.0},{"not_picked":["MadScienceMod:RadioactiveSword","MadScienceMod:Refuel"],"picked":"MadScienceMod:FlameCannon","floor":3},{"not_picked":["MadScienceMod:BoxOfScraps","MadScienceMod:Refine"],"picked":"MadScienceMod:NowOrNever","floor":7},{"not_picked":["MadScienceMod:EnergyBarrier","MadScienceMod:MechanicalClaw"],"picked":"MadScienceMod:Strafe","floor":9},{"not_picked":["MadScienceMod:MechanicalClaw","MadScienceMod:ShrinkRay"],"picked":"MadScienceMod:ImposingConstruct","floor":10},{"not_picked":["MadScienceMod:EnergyBarrier","MadScienceMod:Poke"],"picked":"MadScienceMod:ArtilleryShot","floor":12},{"not_picked":["MadScienceMod:SoftenUp","MadScienceMod:NowOrNever"],"picked":"MadScienceMod:OilDrum","floor":13},{"not_picked":["MadScienceMod:FlammableWall","MadScienceMod:EnergyBarrier"],"picked":"MadScienceMod:OilDrum","floor":14},{"not_picked":["MadScienceMod:GlassCannon","MadScienceMod:LabAccident"],"picked":"MadScienceMod:CloneVats","floor":16},{"not_picked":["MadScienceMod:MechanicalClaw","MadScienceMod:FumeBlast+1"],"picked":"MadScienceMod:AntimatterBomb","floor":18},{"not_picked":["MadScienceMod:GoldenGun","MadScienceMod:MechanicalClaw+1"],"picked":"MadScienceMod:RadioactiveSword+1","floor":21}],"player_experience":229744,"relics_obtained":[{"floor":1.0,"key":"LetterFromLob"},{"floor":1.0,"key":"LetterFromLob"},{"floor":3,"key":"RedMistMask"},{"floor":7,"key":"Vajra"},{"floor":9,"key":"PreservedInsect"},{"floor":12,"key":"DemoMod:ClearGuonStone"},{"floor":20,"key":"Regal Pillow"}],"event_choices":[{"damage_healed":0.0,"max_hp_gain":0.0,"max_hp_loss":0.0,"gold_gain":0.0,"event_name":"betterSkull:BetterSkull","player_choice":"RE ","floor":3.0,"gold_loss":0.0,"damage_taken":19.0,"cards_upgraded":[],"relics_obtained":["DemoMod:WhiteGuonStone"]},{"damage_healed":0,"gold_gain":0,"player_choice":"Ignored","damage_taken":0,"max_hp_gain":0,"max_hp_loss":0,"event_name":"betterNote:BetterNote","floor":4,"gold_loss":0,"cards_obtained":["hermit:Defend_Hermit"]},{"cards_removed":["MadScienceMod:ExtractOil"],"damage_healed":0,"gold_gain":0,"player_choice":"Removed Attack","damage_taken":0,"max_hp_gain":0,"max_hp_loss":0,"event_name":"Falling","floor":19,"gold_loss":0}],"is_beta":true,"boss_relics":[{"not_picked":["Coffee Dripper","aspiration:DefectSkillbook"],"picked":"construct:ClawGrip"}],"items_purged_floors":[22,22],"is_endless":false,"potions_floor_spawned":[5,1,3,7,12,13,18],"killed_by":"Giant Head","ascension_level":0}}