{"host":"qqjv58wfhopf6ysa","time":1607496205,"event":{"gold_per_floor":[118,118,118,118,137,170,170,170,194,207,207,254,254,266,266,362,362,381,395,395,407,407,407,407,417,417,417,427,437,437,449,449,449,449],"floor_reached":33,"playtime":848,"items_purged":["Replay:Hysterical Blindness"],"score":272,"play_id":"16d8ca4f-1793-4d8c-b3f4-dd32ea822c0c","local_time":"20201209154325","is_ascension_mode":false,"campfire_choices":[{"data":"infinitespire:Oblivion","floor":8,"key":"SMITH"},{"data":"Dualcast","floor":11,"key":"SMITH"},{"data":"Zap","floor":13,"key":"SMITH"},{"data":"Consume","floor":15,"key":"SMITH"},{"data":"infinitespire:Oblivion","floor":23,"key":"SMITH"},{"data":"Biased Cognition","floor":30,"key":"SMITH"}],"neow_cost":"NONE","seed_source_timestamp":45537242491000,"circlet_count":0,"master_deck":["Strike_B","Strike_B","Defend_B","Defend_B","Zap+1","Dualcast+1","ReplayTheSpireMod:Reroute Power","Consume+1","infinitespire:Oblivion+1","Core Surge","Biased Cognition+1","Injury","Overencumbered","FTL","infinitespire:Oblivion+1","Doom and Gloom"],"relics":["Cracked Core","REME_ComplimentaryCards","NeowsBlessing","infinitespire:Freezer","Potion Belt","Vajra","Replay:Ancient Bell","Bag of Preparation","Replay:Bottled Flurry","Calipers","StrikeDummy","infinitespire:Broken Mirror","Nilry\u0027s Codex"],"potions_floor_usage":[28,33,33],"damage_taken":[{"damage":0,"enemies":"Small Slimes","floor":1,"turns":1},{"damage":0,"enemies":"Jaw Worm","floor":5,"turns":1},{"damage":0,"enemies":"Lagavulin","floor":6,"turns":1},{"damage":0,"enemies":"2 Louse","floor":10,"turns":2},{"damage":9,"enemies":"Red Slaver","floor":14,"turns":2},{"damage":23,"enemies":"Slime Boss","floor":16,"turns":9},{"damage":5,"enemies":"Spheric Guardian","floor":18,"turns":4},{"damage":13,"enemies":"3 Byrds","floor":19,"turns":5},{"damage":13,"enemies":"Shelled Parasite and Fungi","floor":21,"turns":4},{"damage":0,"enemies":"Cultist and Chosen","floor":25,"turns":3},{"damage":0,"enemies":"Centurion and Healer","floor":28,"turns":2},{"damage":0,"enemies":"3 Cultists","floor":29,"turns":3},{"damage":0,"enemies":"Snecko","floor":31,"turns":2},{"damage":17,"enemies":"Collector","floor":33,"turns":3}],"seed_played":"7544849381338983220","potions_obtained":[{"floor":1,"key":"FocusPotion"},{"floor":6,"key":"Reflective Coating"},{"floor":18,"key":"Elixir"},{"floor":19,"key":"FearPotion"},{"floor":28,"key":"Block Potion"}],"is_trial":false,"path_per_floor":["M","?","?","?","M","E","?","R","T","M","R","T","R","M","R","B",null,"M","M","?","M","AVR","R","?","M","T","?","M","M","R","M","R","B"],"character_chosen":"DEFECT","items_purchased":[],"campfire_rested":0,"item_purchase_floors":[],"current_hp_per_floor":[75,68,68,68,68,68,51,51,51,51,51,51,51,42,42,19,75,70,57,57,44,44,44,44,44,44,28,28,28,28,28,14,0,0],"gold":449,"neow_bonus":"THREE_ENEMY_KILL","is_prod":false,"is_daily":false,"chose_seed":false,"campfire_upgraded":6,"win_rate":0,"timestamp":1607496205,"path_taken":["M","?","?","?","?","E","?","R","T","M","R","?","R","M","R","BOSS","M","M","?","?","AVR","R","?","?","T","?","M","M","R","M","R","BOSS"],"build_version":"2020-11-30","purchased_purges":1,"victory":false,"max_hp_per_floor":[75,75,75,75,75,75,75,75,75,75,75,75,75,75,75,75,75,75,75,75,75,75,75,75,75,75,75,75,75,75,75,80,80,80],"card_choices":[{"not_picked":["Sweeping Beam","FTL","Scrape"],"picked":"SKIP","floor":1},{"not_picked":["Beam Cell","Time Bomb","Barrage"],"picked":"SKIP","floor":5},{"not_picked":["Cold Snap","ReplaySolidLightProjector"],"picked":"Consume","floor":6},{"not_picked":["infinitespire:SealOfDarkness+","infinitespire:Starlight"],"picked":"infinitespire:Oblivion","floor":7},{"not_picked":["Reprogram","Streamline","Redo"],"picked":"SKIP","floor":10},{"not_picked":["Sunder","Redo","Stack"],"picked":"SKIP","floor":14},{"not_picked":["Meteor Strike","Buffer"],"picked":"Biased Cognition","floor":16},{"not_picked":["ReplayTheSpireMod:Faulty Equipment","sneckomod:Bewildered"],"picked":"Injury","floor":17},{"not_picked":["Looming Evil","CurseOfTheBell"],"picked":"Replay:Hysterical Blindness","floor":17},{"not_picked":["Spreading Infection","hubris:Compulsion"],"picked":"Overencumbered","floor":17},{"not_picked":["Hologram+1","Rebound","Coolheaded+1"],"picked":"SKIP","floor":18},{"not_picked":["Cold Snap+1","Gash"],"picked":"FTL","floor":19},{"not_picked":["Panic Button","Steam","Beam Cell"],"picked":"SKIP","floor":21},{"not_picked":["Stack","Leap","Coolheaded"],"picked":"SKIP","floor":25},{"not_picked":["Cold Snap","Stack+1","Recycle"],"picked":"SKIP","floor":28},{"not_picked":["REME_Shoggoth","Stack","Hologram"],"picked":"SKIP","floor":29},{"not_picked":["Go for the Eyes","Ball Lightning+1","Rebound"],"picked":"SKIP","floor":31}],"player_experience":405252,"relics_obtained":[{"floor":6,"key":"infinitespire:Freezer"},{"floor":9,"key":"Potion Belt"},{"floor":12,"key":"Vajra"},{"floor":26,"key":"infinitespire:Broken Mirror"},{"floor":27,"key":"Nilry\u0027s Codex"}],"event_choices":[{"cards_removed":["Strike_B"],"damage_healed":0,"gold_gain":0,"player_choice":"Card Removal","damage_taken":7,"max_hp_gain":0,"max_hp_loss":0,"event_name":"Golden Wing","floor":2,"gold_loss":0},{"damage_healed":0,"gold_gain":0,"cards_transformed":["Strike_B"],"player_choice":"Transformed","damage_taken":0,"max_hp_gain":0,"max_hp_loss":0,"event_name":"Transmorgrifier","floor":4,"gold_loss":0,"cards_obtained":["ReplayTheSpireMod:Reroute Power"]},{"damage_healed":0,"gold_gain":0,"player_choice":"Gave Potion","damage_taken":0,"relics_obtained":["StrikeDummy"],"max_hp_gain":0,"max_hp_loss":0,"event_name":"WeMeetAgain","floor":20,"gold_loss":0},{"damage_healed":0,"gold_gain":0,"cards_transformed":["Defend_B"],"player_choice":"Transformed","damage_taken":0,"max_hp_gain":0,"max_hp_loss":0,"event_name":"Transmorgrifier","floor":24,"gold_loss":0,"cards_obtained":["Doom and Gloom"]},{"damage_healed":0,"gold_gain":0,"player_choice":"Obtained Book","damage_taken":16,"max_hp_gain":0,"max_hp_loss":0,"event_name":"Cursed Tome","floor":27,"gold_loss":0},{"damage_healed":0,"gold_gain":0,"player_choice":"Shed Blood","damage_taken":19,"max_hp_gain":5,"max_hp_loss":0,"event_name":"Forgotten Altar","floor":32,"gold_loss":0}],"is_beta":false,"boss_relics":[{"not_picked":["SacredBark","Snecko Heart"],"picked":"Replay:Ancient Bell"},{"not_picked":["Bronze Scales","CeramicFish"],"picked":"Bag of Preparation"},{"not_picked":["The Courier","hubris:SoftwareUpdate"],"picked":"Replay:Bottled Flurry"},{"not_picked":["Replay:PocketPolymizer","Replay:Arrowhead"],"picked":"Calipers"}],"items_purged_floors":[22],"is_endless":false,"potions_floor_spawned":[1,6,18,19,28],"killed_by":"Collector","ascension_level":0}}