{"host":"Krakhan","time":1607493724,"event":{"gold_per_floor":[112,123,123,133,144,173,173,204,204,218,218,246,266,277,277,355,355,370,370,460,474,57,57,57,85,385,417,437,437,449,25,25,97,97,110,10,0,54,72,72,105,124,124,22,52,77,105,123,123,123,123,123,123,39,39,39],"floor_reached":55,"playtime":5336,"items_purged":["Strike_B","Strike_B"],"score":2005,"play_id":"3224e610-b9da-41fc-967f-5541664815c2","local_time":"20201209010204","is_ascension_mode":true,"campfire_choices":[{"data":"Thunder Strike","floor":7.0,"key":"SMITH"},{"data":"Biased Cognition","floor":15.0,"key":"SMITH"},{"floor":23.0,"key":"REST"},{"data":"Defragment","floor":29.0,"key":"SMITH"},{"data":"Loop","floor":32.0,"key":"SMITH"},{"data":"Seek","floor":40,"key":"SMITH"},{"floor":49,"key":"RECALL"},{"floor":53,"key":"REST"}],"neow_cost":"NONE","seed_source_timestamp":513766128070995,"circlet_count":0,"master_deck":["AscendersBane","Strike_B","Defend_B","Defend_B","Defend_B","Defend_B","Zap","Dualcast","Ball Lightning","Ball Lightning","Tempest","Chill","Thunder Strike+1","Seek+1","Leap","Biased Cognition+1","Sweeping Beam","Doom and Gloom","Core Surge","Coolheaded+1","Defragment+1","Ghostly","Ghostly","Ghostly","Aggregate","BootSequence","Loop+1","Buffer","Compile Driver","Aggregate+1","White Noise+1","Skim+1","Coolheaded+1","Panacea+1","Coolheaded+1","Coolheaded+1","Seek+1","Static Discharge"],"special_seed":0,"relics":["Cracked Core","NeowsBlessing","Bag of Marbles","Pantograph","Juzu Bracelet","Philosopher\u0027s Stone","Medical Kit","Bronze Scales","Dream Catcher","Old Coin","Meat on the Bone","Toxic Egg 2","Cursed Key","Red Mask","Thread and Needle","Toy Ornithopter","Gambling Chip","Pocketwatch","Girya"],"potions_floor_usage":[38,45,50],"damage_taken":[{"damage":0.0,"enemies":"Cultist","floor":1.0,"turns":1.0},{"damage":0.0,"enemies":"2 Louse","floor":2.0,"turns":1.0},{"damage":0.0,"enemies":"Small Slimes","floor":4.0,"turns":1.0},{"damage":10.0,"enemies":"Exordium Thugs","floor":5.0,"turns":4.0},{"damage":13.0,"enemies":"Lagavulin","floor":6.0,"turns":7.0},{"damage":11.0,"enemies":"Gremlin Nob","floor":8.0,"turns":3.0},{"damage":0.0,"enemies":"3 Louse","floor":10.0,"turns":3.0},{"damage":14.0,"enemies":"Lagavulin","floor":12.0,"turns":5.0},{"damage":7.0,"enemies":"Lots of Slimes","floor":13.0,"turns":4.0},{"damage":7.0,"enemies":"Exordium Wildlife","floor":14.0,"turns":4.0},{"damage":26.0,"enemies":"The Guardian","floor":16.0,"turns":10.0},{"damage":14.0,"enemies":"Shell Parasite","floor":18.0,"turns":3.0},{"damage":1.0,"enemies":"Chosen","floor":21.0,"turns":3.0},{"damage":17.0,"enemies":"Book of Stabbing","floor":25.0,"turns":5.0},{"damage":33.0,"enemies":"Slavers","floor":27.0,"turns":5.0},{"damage":1.0,"enemies":"Shelled Parasite and Fungi","floor":28.0,"turns":4.0},{"damage":7.0,"enemies":"Centurion and Healer","floor":30.0,"turns":8.0},{"damage":15.0,"enemies":"Automaton","floor":33.0,"turns":8.0},{"damage":26.0,"enemies":"3 Darklings","floor":35.0,"turns":6.0},{"damage":0,"enemies":"2 Orb Walkers","floor":38,"turns":4},{"damage":0,"enemies":"3 Shapes","floor":39,"turns":5},{"damage":2,"enemies":"Nemesis","floor":41,"turns":9},{"damage":0,"enemies":"Sphere and 2 Shapes","floor":42,"turns":3},{"damage":24,"enemies":"Reptomancer","floor":45,"turns":7},{"damage":0,"enemies":"Mind Bloom Boss Battle","floor":46,"turns":8},{"damage":3,"enemies":"Giant Head","floor":47,"turns":8},{"damage":0,"enemies":"3 Darklings","floor":48,"turns":3},{"damage":24,"enemies":"Awakened One","floor":50,"turns":12},{"damage":12,"enemies":"Donu and Deca","floor":51,"turns":11},{"damage":36,"enemies":"Shield and Spear","floor":55,"turns":5}],"seed_played":"7349978567141190906","potions_obtained":[{"floor":4.0,"key":"GamblersBrew"},{"floor":5.0,"key":"AttackPotion"},{"floor":10.0,"key":"EssenceOfSteel"},{"floor":12.0,"key":"SkillPotion"},{"floor":14.0,"key":"Block Potion"},{"floor":27.0,"key":"Weak Potion"},{"floor":35.0,"key":"FocusPotion"},{"floor":41,"key":"Weak Potion"},{"floor":45,"key":"FocusPotion"}],"is_trial":false,"path_per_floor":["M","M","?","M","M","E","R","E","T","M","?","E","M","M","R","B",null,"M","?","?","M","$","R","?","E","T","E","M","R","M","$","R","B",null,"M","$","?","?","M","R","E","M","T","$","E","?","E","M","R","B","B",null,"R","$","E"],"character_chosen":"DEFECT","items_purchased":["Defragment","Medical Kit","Bronze Scales","Loop","Toxic Egg 2","Panacea+1","Static Discharge"],"campfire_rested":2,"item_purchase_floors":[22,22,22,31,31,44,54],"current_hp_per_floor":[64,64,64,64,54,41,41,30,30,30,71,57,50,43,43,42,64,50,50,32,31,31,52,35,18,18,10,21,21,26,26,26,20,31,17,17,17,29,29,29,27,27,27,27,20,35,32,32,32,23,23,32,35,35,0,0],"gold":39,"neow_bonus":"THREE_ENEMY_KILL","is_prod":false,"is_daily":false,"chose_seed":false,"campfire_upgraded":5,"win_rate":0,"timestamp":1607493724,"path_taken":["M","?","?","?","M","E","R","E","T","M","?","E","M","M","R","BOSS","M","?","?","M","$","R","?","E","T","E","M","R","M","$","R","BOSS","M","$","?","?","M","R","E","M","T","?","E","?","E","M","R","BOSS","BOSS","R","$","E"],"build_version":"2020-12-07","purchased_purges":2,"victory":false,"max_hp_per_floor":[71,71,71,71,71,71,71,71,71,71,71,71,71,71,71,71,71,71,71,71,71,71,71,35,35,35,35,35,35,35,35,35,35,35,35,35,35,35,35,35,35,35,35,35,35,35,35,35,35,35,35,35,35,35,35,35],"relic_stats":{"Dream Catcher":1,"counters":[30,157],"Pantograph":64,"Bronze Scales":[394],"Gambling Chip":[22],"Juzu Bracelet":2,"Medical Kit":[15],"Cursed Key":0,"obtain_stats":[{"Girya":47,"NeowsBlessing":0,"Thread and Needle":38,"Juzu Bracelet":12,"Medical Kit":22,"Cursed Key":34,"Old Coin":26,"Dream Catcher":25,"Pantograph":8,"Bronze Scales":22,"Gambling Chip":45,"Philosopher\u0027s Stone":17,"Bag of Marbles":6,"Red Mask":37,"Toxic Egg 2":31,"Cracked Core":0,"Toy Ornithopter":41,"Meat on the Bone":27,"Pocketwatch":46},{"Girya":26,"NeowsBlessing":0,"Thread and Needle":20,"Juzu Bracelet":8,"Medical Kit":13,"Cursed Key":18,"Old Coin":14,"Dream Catcher":14,"Pantograph":6,"Bronze Scales":13,"Gambling Chip":24,"Philosopher\u0027s Stone":11,"Bag of Marbles":5,"Red Mask":19,"Toxic Egg 2":17,"Cracked Core":0,"Toy Ornithopter":22,"Meat on the Bone":15,"Pocketwatch":25},{"Girya":126,"NeowsBlessing":0,"Thread and Needle":89,"Juzu Bracelet":25,"Medical Kit":49,"Cursed Key":79,"Old Coin":54,"Dream Catcher":54,"Pantograph":17,"Bronze Scales":49,"Gambling Chip":111,"Philosopher\u0027s Stone":43,"Bag of Marbles":14,"Red Mask":85,"Toxic Egg 2":71,"Cracked Core":0,"Toy Ornithopter":102,"Meat on the Bone":59,"Pocketwatch":118}],"Toy Ornithopter":5,"Meat on the Bone":72,"Pocketwatch":[9]},"card_choices":[{"not_picked":["Conserve Battery","Chill"],"picked":"Ball Lightning","floor":1.0},{"not_picked":["Leap","Coolheaded"],"picked":"Ball Lightning","floor":2.0},{"not_picked":["Compile Driver","Rebound"],"picked":"Chill","floor":4.0},{"not_picked":["Stack","Melter"],"picked":"Thunder Strike","floor":5.0},{"not_picked":["Turbo","Sweeping Beam"],"picked":"Seek","floor":6.0},{"not_picked":["Hello World","Compile Driver"],"picked":"Auto Shields","floor":8.0},{"not_picked":["Consume","Cold Snap"],"picked":"Leap","floor":10.0},{"not_picked":["Redo","Double Energy"],"picked":"Biased Cognition","floor":12.0},{"not_picked":["Beam Cell","Barrage"],"picked":"Sweeping Beam","floor":13.0},{"not_picked":["Go for the Eyes","Cold Snap"],"picked":"Doom and Gloom","floor":14.0},{"not_picked":["Thunder Strike","Biased Cognition"],"picked":"Core Surge","floor":16.0},{"not_picked":["Reinforced Body","Gash"],"picked":"Coolheaded+1","floor":18.0},{"not_picked":["Heatsinks","Rip and Tear","Cold Snap"],"picked":"SKIP","floor":21.0},{"not_picked":["All For One","Gash"],"picked":"Aggregate","floor":25.0},{"not_picked":["Ball Lightning+1","Rip and Tear","Turbo"],"picked":"SKIP","floor":27.0},{"not_picked":["Heatsinks","Auto Shields"],"picked":"BootSequence","floor":28.0},{"not_picked":["Double Energy","Fusion","Leap"],"picked":"SKIP","floor":30.0},{"not_picked":["Reboot+1","All For One"],"picked":"Buffer","floor":33.0},{"not_picked":["BootSequence+1","Auto Shields+1"],"picked":"Compile Driver","floor":35.0},{"not_picked":["Go for the Eyes+1","Leap+1"],"picked":"Aggregate+1","floor":38},{"not_picked":["Ball Lightning+1","Reprogram+1"],"picked":"White Noise+1","floor":39},{"not_picked":["Reprogram+1","Doom and Gloom"],"picked":"Skim+1","floor":41},{"not_picked":["Conserve Battery+1","Hologram+1"],"picked":"Coolheaded+1","floor":42},{"not_picked":["BootSequence+1","Hologram+1"],"picked":"Coolheaded+1","floor":45},{"not_picked":["Recycle+1","Turbo+1","Sweeping Beam"],"picked":"SKIP","floor":47},{"not_picked":["Leap+1","Barrage"],"picked":"Coolheaded+1","floor":48},{"not_picked":["Compile Driver+1","Ball Lightning"],"picked":"Seek+1","floor":53}],"player_experience":1182968,"relics_obtained":[{"floor":6.0,"key":"Bag of Marbles"},{"floor":8.0,"key":"Pantograph"},{"floor":12.0,"key":"Juzu Bracelet"},{"floor":25.0,"key":"Dream Catcher"},{"floor":26.0,"key":"Old Coin"},{"floor":27.0,"key":"Meat on the Bone"},{"floor":38,"key":"Thread and Needle"},{"floor":41,"key":"Toy Ornithopter"},{"floor":45,"key":"Gambling Chip"},{"floor":46,"key":"Pocketwatch"},{"floor":47,"key":"Girya"}],"event_choices":[{"damage_healed":0.0,"max_hp_gain":0.0,"max_hp_loss":0.0,"gold_gain":0.0,"cards_transformed":["Strike_B"],"event_name":"Transmorgrifier","player_choice":"Transformed","floor":3.0,"gold_loss":0.0,"damage_taken":0.0,"cards_obtained":["Tempest"]},{"cards_removed":["Auto Shields"],"damage_healed":41.0,"max_hp_gain":0.0,"max_hp_loss":0.0,"gold_gain":0.0,"event_name":"Bonfire Elementals","player_choice":"Offered Uncommon","floor":11.0,"gold_loss":0.0,"damage_taken":0.0},{"damage_healed":0.0,"max_hp_gain":0.0,"max_hp_loss":0.0,"gold_gain":0.0,"event_name":"Vampires","player_choice":"Ignored","floor":19.0,"gold_loss":0.0,"damage_taken":0.0},{"damage_healed":0.0,"max_hp_gain":0.0,"max_hp_loss":0.0,"gold_gain":90.0,"event_name":"Knowing Skull","player_choice":"POTION GOLD ","floor":20.0,"potions_obtained":["FairyPotion"],"gold_loss":0.0,"damage_taken":18.0,"cards_obtained":[]},{"damage_healed":0.0,"max_hp_gain":0.0,"max_hp_loss":36.0,"gold_gain":0.0,"event_name":"Ghosts","player_choice":"Became a Ghost","floor":24.0,"gold_loss":0.0,"damage_taken":0.0,"cards_obtained":["Ghostly","Ghostly","Ghostly"]},{"damage_healed":0.0,"max_hp_gain":0.0,"max_hp_loss":0.0,"gold_gain":0.0,"event_name":"Tomb of Lord Red Mask","player_choice":"Paid","floor":37.0,"gold_loss":10.0,"damage_taken":0.0,"relics_obtained":["Red Mask"]},{"damage_healed":0,"gold_gain":0,"player_choice":"Fight","damage_taken":0,"max_hp_gain":0,"max_hp_loss":0,"event_name":"Mysterious Sphere","floor":38,"gold_loss":0},{"damage_healed":0,"gold_gain":0,"player_choice":"Fight","damage_taken":0,"max_hp_gain":0,"max_hp_loss":0,"event_name":"MindBloom","floor":46,"gold_loss":0}],"is_beta":true,"boss_relics":[{"not_picked":["Fusion Hammer","Coffee Dripper"],"picked":"Philosopher\u0027s Stone"},{"not_picked":["Snecko Eye","FrozenCore"],"picked":"Cursed Key"}],"items_purged_floors":[31,36],"is_endless":false,"potions_floor_spawned":[4,5,10,12,13,14,21,27,35,41,45],"killed_by":"Shield and Spear","ascension_level":20}}