{"host":"0kaxg9rjckhp4v2r","time":1607494671,"event":{"gold_per_floor":[114,126,144,160,179,192,210,210,210,210,235,235,246,246,246,342,342,352,365,365,14,33,33,68,68,68,88,115,115,135,135,135],"floor_reached":31,"playtime":1006,"items_purged":[],"score":339,"play_id":"c14ab50e-c647-44df-839d-132e65a6077d","local_time":"20201209011751","is_ascension_mode":true,"campfire_choices":[{"data":"Flex","floor":8.0,"key":"SMITH"},{"data":"Double Tap","floor":10.0,"key":"SMITH"},{"data":"Flame Barrier","floor":12.0,"key":"SMITH"},{"data":"Heavy Blade","floor":15,"key":"SMITH"},{"data":"Rage","floor":23,"key":"SMITH"}],"neow_cost":"NONE","seed_source_timestamp":168151921311600,"circlet_count":0,"master_deck":["Strike_R","Strike_R","Strike_R","Strike_R","Defend_R+1","Defend_R","Defend_R+1","Defend_R","Bash","Pummel","Iron Wave","Flex+1","Flame Barrier+1","Headbutt","Double Tap+1","Wild Strike","Inflame","Heavy Blade+1","Reaper","Rage+1","Pommel Strike+1","Shrug It Off","Twin Strike+1","Anger","Armaments+1","Body Slam+1","Warcry+1"],"special_seed":0,"relics":["Burning Blood","Vajra","Matryoshka","Odd Mushroom","Sozu","ClockworkSouvenir","PreservedInsect","Mummified Hand","Oddly Smooth Stone","Toxic Egg 2","Gremlin Horn"],"potions_floor_usage":[13,18,24],"damage_taken":[{"damage":1.0,"enemies":"Cultist","floor":1.0,"turns":3.0},{"damage":3.0,"enemies":"2 Louse","floor":2.0,"turns":3.0},{"damage":0.0,"enemies":"Small Slimes","floor":3.0,"turns":4.0},{"damage":6.0,"enemies":"Blue Slaver","floor":4.0,"turns":3.0},{"damage":4.0,"enemies":"Exordium Wildlife","floor":5.0,"turns":5.0},{"damage":0.0,"enemies":"Red Slaver","floor":6.0,"turns":1.0},{"damage":4.0,"enemies":"Blue Slaver","floor":7.0,"turns":4.0},{"damage":25.0,"enemies":"The Mushroom Lair","floor":11.0,"turns":4.0},{"damage":20,"enemies":"Gremlin Gang","floor":13,"turns":4},{"damage":14,"enemies":"Hexaghost","floor":16,"turns":6},{"damage":0,"enemies":"3 Byrds","floor":18,"turns":3},{"damage":4,"enemies":"Chosen","floor":19,"turns":3},{"damage":13,"enemies":"Snecko","floor":22,"turns":3},{"damage":16,"enemies":"Slavers","floor":24,"turns":3},{"damage":42,"enemies":"Snake Plant","floor":27,"turns":4},{"damage":47,"enemies":"Gremlin Leader","floor":28,"turns":9},{"damage":23,"enemies":"Centurion and Healer","floor":30,"turns":4},{"damage":12,"enemies":"Cultist and Chosen","floor":31,"turns":1}],"seed_played":"-3258486529624207403","potions_obtained":[{"floor":1.0,"key":"ElixirPotion"},{"floor":4.0,"key":"SteroidPotion"},{"floor":5.0,"key":"PowerPotion"},{"floor":11.0,"key":"FearPotion"},{"floor":13,"key":"AttackPotion"},{"floor":16,"key":"SkillPotion"}],"is_trial":false,"path_per_floor":["M","M","M","M","M","M","M","R","T","R","?","R","M","?","R","B",null,"M","M","?","$","M","R","E","?","T","M","E","?","M","M"],"character_chosen":"IRONCLAD","items_purchased":["ClockworkSouvenir","Shrug It Off","PreservedInsect"],"campfire_rested":0,"item_purchase_floors":[21,21,21],"current_hp_per_floor":[80,80,80,80,80,80,80,80,80,80,61,61,47,31,31,23,66,80,80,80,80,73,73,74,74,74,40,23,23,11,0,0],"gold":135,"neow_bonus":"RANDOM_COMMON_RELIC","is_prod":false,"is_daily":false,"chose_seed":false,"campfire_upgraded":5,"win_rate":0,"timestamp":1607494671,"path_taken":["M","?","M","M","M","M","M","R","T","R","?","R","M","?","R","BOSS","M","M","?","$","M","R","E","?","T","?","E","?","?","M"],"build_version":"2020-11-30","purchased_purges":0,"victory":false,"max_hp_per_floor":[80,80,80,80,80,80,80,80,80,80,80,80,80,80,80,80,80,80,80,80,80,80,80,80,80,80,80,80,80,80,80,80],"card_choices":[{"not_picked":["Hemokinesis","Dual Wield"],"picked":"Pummel","floor":1.0},{"not_picked":["Feel No Pain","Headbutt"],"picked":"Iron Wave","floor":2.0},{"not_picked":["Havoc","Blood for Blood"],"picked":"Flex","floor":3.0},{"not_picked":["Iron Wave","Armaments"],"picked":"Flame Barrier","floor":4.0},{"not_picked":["Havoc","Seeing Red"],"picked":"Headbutt","floor":5.0},{"not_picked":["Shrug It Off","Rupture"],"picked":"Double Tap","floor":6.0},{"not_picked":["Dual Wield","Iron Wave"],"picked":"Wild Strike","floor":7.0},{"not_picked":["Heavy Blade","Thunderclap"],"picked":"Inflame","floor":11.0},{"not_picked":["Clothesline","Anger"],"picked":"Heavy Blade","floor":13},{"not_picked":["Offering","Feed"],"picked":"Reaper","floor":16},{"not_picked":["Sword Boomerang","Heavy Blade"],"picked":"Rage","floor":18},{"not_picked":["Shrug It Off","Bloodletting"],"picked":"Pommel Strike+1","floor":19},{"not_picked":["Heavy Blade","Impervious"],"picked":"Twin Strike+1","floor":22},{"not_picked":["Rampage","Flame Barrier"],"picked":"Anger","floor":24},{"not_picked":["Flame Barrier+1","Anger"],"picked":"Armaments+1","floor":27},{"not_picked":["Reckless Charge","Clothesline"],"picked":"Body Slam+1","floor":28},{"not_picked":["Havoc+1","Flame Barrier+1"],"picked":"Warcry+1","floor":30}],"player_experience":263573,"relics_obtained":[{"floor":9.0,"key":"Matryoshka"},{"floor":11.0,"key":"Odd Mushroom"},{"floor":24,"key":"Mummified Hand"},{"floor":26,"key":"Oddly Smooth Stone"},{"floor":26,"key":"Toxic Egg 2"},{"floor":28,"key":"Gremlin Horn"}],"event_choices":[{"damage_healed":0.0,"max_hp_gain":0.0,"max_hp_loss":0.0,"gold_gain":0.0,"event_name":"Mushrooms","player_choice":"Fought Mushrooms","floor":11.0,"gold_loss":0.0,"damage_taken":0.0},{"damage_healed":47,"gold_gain":0,"player_choice":"Upgrade","damage_taken":16,"max_hp_gain":0,"max_hp_loss":80,"event_name":"betterThird:BetterShining","floor":14,"gold_loss":0,"cards_upgraded":["Defend_R","Defend_R"]},{"damage_healed":0,"gold_gain":0,"player_choice":"Ignored","damage_taken":0,"max_hp_gain":0,"max_hp_loss":0,"event_name":"Ghosts","floor":20,"gold_loss":0},{"damage_healed":0,"gold_gain":0,"player_choice":"Got Potions","damage_taken":0,"max_hp_gain":0,"max_hp_loss":0,"event_name":"Lab","floor":25,"gold_loss":0},{"cards_removed":["Strike_R"],"damage_healed":0,"gold_gain":0,"player_choice":"Purged","damage_taken":0,"max_hp_gain":0,"max_hp_loss":0,"event_name":"Purifier","floor":29,"gold_loss":0}],"is_beta":false,"boss_relics":[{"not_picked":["Runic Dome","Snecko Eye"],"picked":"Sozu"}],"items_purged_floors":[],"is_endless":false,"potions_floor_spawned":[1,4,5,11,13,16,22,24],"killed_by":"Cultist and Chosen","ascension_level":5}}