{"host":"aeidq2c3auzxo1yh","time":1607536929,"event":{"gold_per_floor":[115,134,152,152,152,152,183,183,183,183,163,163,173,201,201,273,273,287,360,360,360,372,372,405,405,405,431,29,46,62,89,89,167,167,180,180,180,22,40,40,65,12,12,28,42,74,74,74,74,74,74,74,18,48,48,48],"floor_reached":55,"playtime":4131,"items_purged":["Defend_G+1","Backflip"],"score":1612,"play_id":"aa54ca35-eaf1-4132-830b-4f7a8573a268","local_time":"20201209230209","is_ascension_mode":true,"campfire_choices":[{"data":"Neutralize","floor":6.0,"key":"SMITH"},{"data":"All Out Attack","floor":8.0,"key":"SMITH"},{"floor":10.0,"key":"REST"},{"data":"Dagger Spray","floor":12.0,"key":"SMITH"},{"data":"Wraith Form v2","floor":15.0,"key":"SMITH"},{"data":"Sucker Punch","floor":23.0,"key":"SMITH"},{"data":"Survivor","floor":25.0,"key":"SMITH"},{"data":"Malaise","floor":32,"key":"SMITH"},{"data":"Night Terror","floor":40,"key":"SMITH"},{"floor":49,"key":"RECALL"},{"data":"Storm of Steel","floor":52,"key":"SMITH"}],"neow_cost":"NONE","seed_source_timestamp":3047404760831700,"circlet_count":0,"master_deck":["AscendersBane","Strike_G+1","Strike_G+1","Strike_G+1","Defend_G+1","Defend_G+1","Defend_G+1","Defend_G+1","Survivor+1","Neutralize+1","All Out Attack+1","Dagger Spray","Dagger Spray+1","Prepared","Wraith Form v2+1","Sucker Punch+1","Storm of Steel+1","Die Die Die","Dagger Throw","Malaise+1","Night Terror+1","Madness","Madness","Underhanded Strike","Accuracy+1","Underhanded Strike"],"special_seed":0,"relics":["Ring of the Serpent","NeowsBlessing","Tough Bandages","Du-Vu Doll","Akabeko","Bottled Flame","MutagenicStrength","Incense Burner","Paper Crane","Lizard Tail","Potion Belt","Ginger","Runic Pyramid","Bag of Preparation","CaptainsWheel","Question Card","StrikeDummy"],"potions_floor_usage":[27,33,33,33,46,55,55],"damage_taken":[{"damage":0.0,"enemies":"Cultist","floor":1.0,"turns":1.0},{"damage":0.0,"enemies":"Jaw Worm","floor":2.0,"turns":1.0},{"damage":0.0,"enemies":"Small Slimes","floor":3.0,"turns":1.0},{"damage":43.0,"enemies":"Lagavulin","floor":7.0,"turns":7.0},{"damage":0.0,"enemies":"3 Louse","floor":13.0,"turns":2.0},{"damage":0.0,"enemies":"3 Sentries","floor":14.0,"turns":4.0},{"damage":11.0,"enemies":"Hexaghost","floor":16.0,"turns":10.0},{"damage":1.0,"enemies":"Spheric Guardian","floor":18.0,"turns":4.0},{"damage":2.0,"enemies":"Shell Parasite","floor":22.0,"turns":5.0},{"damage":0.0,"enemies":"Slavers","floor":24.0,"turns":1.0},{"damage":2,"enemies":"Book of Stabbing","floor":27,"turns":4},{"damage":0,"enemies":"3 Cultists","floor":29,"turns":1},{"damage":0,"enemies":"Snake Plant","floor":30,"turns":5},{"damage":0,"enemies":"Slavers","floor":31,"turns":1},{"damage":18,"enemies":"Champ","floor":33,"turns":16},{"damage":0,"enemies":"3 Darklings","floor":35,"turns":1},{"damage":0,"enemies":"3 Shapes","floor":39,"turns":2},{"damage":1,"enemies":"Giant Head","floor":41,"turns":11},{"damage":0,"enemies":"3 Darklings","floor":44,"turns":1},{"damage":6,"enemies":"Transient","floor":45,"turns":6},{"damage":15,"enemies":"Reptomancer","floor":46,"turns":8},{"damage":20,"enemies":"Awakened One","floor":50,"turns":26},{"damage":38,"enemies":"Shield and Spear","floor":54,"turns":11},{"damage":67,"enemies":"The Heart","floor":55,"turns":11}],"seed_played":"-7827852341372232100","potions_obtained":[{"floor":1.0,"key":"CunningPotion"},{"floor":2.0,"key":"FairyPotion"},{"floor":11.0,"key":"LiquidBronze"},{"floor":24.0,"key":"SteroidPotion"},{"floor":27,"key":"GamblersBrew"},{"floor":35,"key":"BlessingOfTheForge"},{"floor":39,"key":"GhostInAJar"},{"floor":46,"key":"Explosive Potion"}],"is_trial":false,"path_per_floor":["M","M","M","?","?","R","E","R","T","R","?","R","M","E","R","B",null,"M","T","?","?","M","R","E","R","T","E","$","M","M","E","R","B",null,"M","?","?","$","M","R","E","$","T","M","M","E","T","?","R","B",null,"R","$","E","B"],"character_chosen":"THE_SILENT","items_purchased":["Potion Belt","Dagger Throw","Strength Potion","Strength Potion","Underhanded Strike","SkillPotion","Strength Potion"],"campfire_rested":1,"item_purchase_floors":[28,28,28,28,38,42,53],"current_hp_per_floor":[59,59,59,59,52,52,9,9,9,28,28,28,28,28,28,17,54,53,53,53,53,51,51,51,51,51,49,49,49,49,49,49,31,57,57,57,45,45,45,45,44,44,44,44,38,23,23,23,23,3,50,50,50,12,0,0],"gold":48,"neow_bonus":"THREE_ENEMY_KILL","is_prod":false,"is_daily":false,"chose_seed":false,"campfire_upgraded":9,"win_rate":0,"timestamp":1607536929,"path_taken":["M","M","?","?","?","R","E","R","T","R","?","R","?","E","R","BOSS","M","?","?","?","?","R","E","R","T","E","$","M","M","E","R","BOSS","M","?","?","$","M","R","E","?","T","?","M","E","?","?","R","BOSS","R","$","E","BOSS"],"build_version":"2020-11-30","purchased_purges":2,"victory":false,"max_hp_per_floor":[66,66,66,66,66,66,66,66,66,66,66,66,66,66,66,66,66,66,66,66,66,66,66,66,66,66,66,66,66,66,66,66,66,66,66,66,66,66,66,66,66,66,66,66,66,66,66,66,66,66,66,66,66,66,66,66],"relic_stats":{"Tough Bandages":[624],"Lizard Tail":33,"counters":[24,140],"Bag of Preparation":[12],"Ginger":[9],"Question Card":1,"obtain_stats":[{"Potion Belt":28,"NeowsBlessing":0,"Incense Burner":24,"Bag of Preparation":41,"Ginger":31,"Paper Crane":26,"Question Card":47,"Akabeko":14,"Du-Vu Doll":9,"Tough Bandages":7,"Bottled Flame":19,"Lizard Tail":27,"CaptainsWheel":46,"MutagenicStrength":20,"StrikeDummy":54,"Ring of the Serpent":17,"Ring of the Snake":0,"Runic Pyramid":34},{"Potion Belt":11,"NeowsBlessing":0,"Incense Burner":10,"Bag of Preparation":18,"Ginger":14,"Paper Crane":10,"Question Card":21,"Akabeko":6,"Du-Vu Doll":4,"Tough Bandages":4,"Bottled Flame":8,"Lizard Tail":11,"CaptainsWheel":21,"MutagenicStrength":8,"StrikeDummy":23,"Ring of the Serpent":7,"Ring of the Snake":0,"Runic Pyramid":15},{"Potion Belt":40,"NeowsBlessing":0,"Incense Burner":36,"Bag of Preparation":77,"Ginger":47,"Paper Crane":36,"Question Card":92,"Akabeko":16,"Du-Vu Doll":10,"Tough Bandages":10,"Bottled Flame":30,"Lizard Tail":40,"CaptainsWheel":92,"MutagenicStrength":30,"StrikeDummy":129,"Ring of the Serpent":26,"Ring of the Snake":0,"Runic Pyramid":63}]},"card_choices":[{"not_picked":["Dagger Spray","Deadly Poison"],"picked":"All Out Attack","floor":1.0},{"not_picked":["Sucker Punch","Prepared"],"picked":"Dagger Spray","floor":2.0},{"not_picked":["Bouncing Flask","Catalyst"],"picked":"Dagger Spray","floor":3.0},{"not_picked":["Poisoned Stab","Concentrate"],"picked":"Prepared","floor":7.0},{"not_picked":["Bane","Well Laid Plans"],"picked":"Wraith Form v2","floor":13.0},{"not_picked":["Outmaneuver","Setup"],"picked":"Sucker Punch","floor":14.0},{"not_picked":["Grand Finale","Phantasmal Killer"],"picked":"Storm of Steel","floor":16.0},{"not_picked":["Quick Slash","Dagger Spray","Cloak And Dagger"],"picked":"SKIP","floor":18.0},{"not_picked":["PiercingWail","Poisoned Stab","Dagger Spray"],"picked":"SKIP","floor":22.0},{"not_picked":["All Out Attack","Backflip"],"picked":"Die Die Die","floor":24.0},{"not_picked":["Concentrate","Setup"],"picked":"Backflip","floor":27},{"not_picked":["Dagger Spray","Blade Dance"],"picked":"Backflip","floor":29},{"not_picked":["Flying Knee","Deflect","Catalyst"],"picked":"SKIP","floor":30},{"not_picked":["Deadly Poison","Prepared+1"],"picked":"Malaise","floor":31},{"not_picked":["Burst","Envenom"],"picked":"Night Terror","floor":33},{"not_picked":["Catalyst","Dodge and Roll","Acrobatics"],"picked":"SKIP","floor":35},{"not_picked":["Predator","Dagger Spray","Backflip"],"picked":"SKIP","floor":39},{"not_picked":["Reflex","PiercingWail"],"picked":"Accuracy+1","floor":41},{"not_picked":["Sucker Punch","Dodge and Roll","Acrobatics+1"],"picked":"SKIP","floor":44},{"not_picked":["Deflect","Quick Slash"],"picked":"Underhanded Strike","floor":45},{"not_picked":["Underhanded Strike","Heel Hook+1","Finisher"],"picked":"SKIP","floor":46},{"not_picked":["Underhanded Strike","Distraction","Masterful Stab+1","Flechettes"],"picked":"SKIP","floor":54}],"player_experience":809517,"relics_obtained":[{"floor":7.0,"key":"Tough Bandages"},{"floor":9.0,"key":"Du-Vu Doll"},{"floor":14.0,"key":"Akabeko"},{"floor":19.0,"key":"Bottled Flame"},{"floor":24.0,"key":"Incense Burner"},{"floor":26.0,"key":"Paper Crane"},{"floor":27,"key":"Lizard Tail"},{"floor":31,"key":"Ginger"},{"floor":41,"key":"Bag of Preparation"},{"floor":46,"key":"CaptainsWheel"},{"floor":47,"key":"Question Card"},{"floor":54,"key":"StrikeDummy"}],"event_choices":[{"damage_healed":0.0,"max_hp_gain":0.0,"max_hp_loss":0.0,"gold_gain":0.0,"event_name":"Liars Game","player_choice":"Ignored","floor":4.0,"gold_loss":0.0,"damage_taken":0.0},{"cards_removed":["Strike_G"],"damage_healed":0.0,"max_hp_gain":0.0,"max_hp_loss":0.0,"gold_gain":0.0,"event_name":"Golden Wing","player_choice":"Card Removal","floor":5.0,"gold_loss":0.0,"damage_taken":7.0},{"damage_healed":0.0,"max_hp_gain":0.0,"max_hp_loss":0.0,"gold_gain":0.0,"event_name":"The Woman in Blue","player_choice":"Bought 1 Potion","floor":11.0,"gold_loss":0.0,"damage_taken":0.0},{"damage_healed":0.0,"max_hp_gain":0.0,"max_hp_loss":0.0,"gold_gain":0.0,"event_name":"Drug Dealer","player_choice":"Inject Mutagens","floor":20.0,"gold_loss":0.0,"damage_taken":0.0,"relics_obtained":["MutagenicStrength"]},{"damage_healed":0.0,"max_hp_gain":0.0,"max_hp_loss":0.0,"gold_gain":0.0,"event_name":"Back to Basics","player_choice":"Simplicity","floor":21.0,"gold_loss":0.0,"damage_taken":0.0,"cards_upgraded":["Strike_G","Strike_G","Strike_G","Strike_G","Defend_G","Defend_G","Defend_G","Defend_G","Defend_G"]},{"cards_removed":["Strike_G"],"damage_healed":0,"gold_gain":0,"player_choice":"Removed Attack","damage_taken":0,"max_hp_gain":0,"max_hp_loss":0,"event_name":"Falling","floor":36,"gold_loss":0},{"damage_healed":0,"gold_gain":0,"player_choice":"Embrace Madness","damage_taken":12,"max_hp_gain":0,"max_hp_loss":0,"event_name":"Winding Halls","floor":37,"gold_loss":0,"cards_obtained":["Madness","Madness"]},{"cards_removed":["Backflip"],"damage_healed":0,"gold_gain":0,"player_choice":"Card Removal","damage_taken":0,"max_hp_gain":0,"max_hp_loss":0,"event_name":"Wheel of Change","floor":48,"gold_loss":0}],"is_beta":false,"boss_relics":[{"not_picked":["Runic Dome","Philosopher\u0027s Stone"],"picked":"Ring of the Serpent"},{"not_picked":["Snecko Eye","Sozu"],"picked":"Runic Pyramid"}],"items_purged_floors":[28,38],"is_endless":false,"potions_floor_spawned":[1,2,24,27,29,31,35,39,46],"killed_by":"The Heart","ascension_level":19}}