{"host":"9ndbo4kgsfoemf7y","time":1607516418,"event":{"gold_per_floor":[113,128,143,156,169,169,183,10,10,36,36,69,88,99,99,174,174,184,197,197,197,214,214,53,53,53,88,88,107,107,124,124,124,124],"floor_reached":33,"playtime":821,"items_purged":["Strike_R"],"score":520,"play_id":"301cbfbf-c732-49a2-b2d1-55b2b1bfd571","local_time":"20201209212018","is_ascension_mode":true,"campfire_choices":[{"data":"Uppercut","floor":6.0,"key":"SMITH"},{"data":"Blood for Blood","floor":11.0,"key":"SMITH"},{"data":"Armaments","floor":15.0,"key":"SMITH"},{"data":"Limit Break","floor":23,"key":"SMITH"},{"data":"Entrench","floor":25,"key":"SMITH"},{"data":"Sword Boomerang","floor":28,"key":"SMITH"},{"floor":30,"key":"REST"},{"floor":32,"key":"REST"}],"neow_cost":"NONE","seed_source_timestamp":10780553752200,"circlet_count":0,"master_deck":["AscendersBane","Strike_R","Strike_R","Strike_R","Strike_R","Defend_R","Defend_R","Defend_R","Defend_R","Bash","Bludgeon","Cleave","Uppercut+1","Reaper","Blood for Blood+1","Inflame","Pommel Strike","Twin Strike","Sword Boomerang+1","Armaments+1","Limit Break+1","Entrench+1","Evolve","Flex"],"special_seed":0,"relics":["Burning Blood","Medical Kit","FossilizedHelix","Vajra","Calipers","Sozu","CeramicFish","Letter Opener"],"potions_floor_usage":[27,29],"damage_taken":[{"damage":1.0,"enemies":"Cultist","floor":1.0,"turns":3.0},{"damage":12.0,"enemies":"Jaw Worm","floor":2.0,"turns":2.0},{"damage":2.0,"enemies":"2 Louse","floor":3.0,"turns":3.0},{"damage":15.0,"enemies":"Exordium Wildlife","floor":4.0,"turns":3.0},{"damage":1.0,"enemies":"2 Fungi Beasts","floor":5.0,"turns":3.0},{"damage":38.0,"enemies":"Exordium Thugs","floor":7.0,"turns":4.0},{"damage":15.0,"enemies":"Lagavulin","floor":10.0,"turns":6.0},{"damage":30.0,"enemies":"3 Sentries","floor":12.0,"turns":6.0},{"damage":0.0,"enemies":"Looter","floor":13.0,"turns":2.0},{"damage":0.0,"enemies":"Blue Slaver","floor":14.0,"turns":2.0},{"damage":41.0,"enemies":"Hexaghost","floor":16.0,"turns":8.0},{"damage":33.0,"enemies":"3 Byrds","floor":18.0,"turns":5.0},{"damage":0.0,"enemies":"Chosen","floor":19.0,"turns":3.0},{"damage":26.0,"enemies":"Centurion and Healer","floor":22.0,"turns":4.0},{"damage":49,"enemies":"Slavers","floor":27,"turns":4},{"damage":43,"enemies":"Cultist and Chosen","floor":29,"turns":5},{"damage":32,"enemies":"Snecko","floor":31,"turns":6},{"damage":65,"enemies":"Champ","floor":33,"turns":7}],"seed_played":"3208176237160587709","potions_obtained":[{"floor":1.0,"key":"SteroidPotion"},{"floor":4.0,"key":"SneckoOil"},{"floor":5.0,"key":"Swift Potion"},{"floor":10.0,"key":"LiquidMemories"},{"floor":13.0,"key":"PowerPotion"}],"is_trial":false,"path_per_floor":["M","M","M","M","M","R","M","$","T","E","R","E","M","M","R","B",null,"M","M","?","?","M","R","$","R","T","E","R","M","R","M","R","B"],"character_chosen":"IRONCLAD","items_purchased":["Medical Kit","Evolve"],"campfire_rested":2,"item_purchase_floors":[8,24],"current_hp_per_floor":[73,67,71,66,75,75,44,44,44,51,51,41,47,53,53,25,63,36,60,60,60,54,54,54,54,54,38,38,15,37,15,37,0,0],"gold":124,"neow_bonus":"ONE_RANDOM_RARE_CARD","is_prod":false,"is_daily":false,"chose_seed":false,"campfire_upgraded":6,"win_rate":0,"timestamp":1607516418,"path_taken":["M","M","M","M","?","R","M","$","T","E","R","E","M","M","R","BOSS","M","M","?","?","M","R","$","R","T","E","R","M","R","M","R","BOSS"],"build_version":"2020-11-30","purchased_purges":1,"victory":false,"max_hp_per_floor":[75,75,75,75,75,75,75,75,75,75,75,75,75,75,75,75,75,75,75,75,75,75,75,75,75,75,75,75,75,75,75,75,75,75],"relic_stats":{"Sozu":3,"counters":[18,76],"CeramicFish":9,"Letter Opener":[10],"Medical Kit":[8],"obtain_stats":[{"Sozu":17,"Calipers":12,"CeramicFish":26,"Vajra":10,"Letter Opener":27,"Medical Kit":8,"Burning Blood":0,"FossilizedHelix":9},{"Sozu":11,"Calipers":8,"CeramicFish":14,"Vajra":7,"Letter Opener":15,"Medical Kit":6,"Burning Blood":0,"FossilizedHelix":6},{"Sozu":42,"Calipers":30,"CeramicFish":54,"Vajra":24,"Letter Opener":58,"Medical Kit":18,"Burning Blood":0,"FossilizedHelix":18}],"Burning Blood":102},"card_choices":[{"not_picked":["Carnage","Body Slam"],"picked":"Cleave","floor":1.0},{"not_picked":["Cleave","Body Slam"],"picked":"Uppercut","floor":2.0},{"not_picked":["Dual Wield","Clothesline"],"picked":"Reaper","floor":3.0},{"not_picked":["Iron Wave","Fire Breathing"],"picked":"Blood for Blood","floor":4.0},{"not_picked":["Infernal Blade","Armaments"],"picked":"Inflame","floor":5.0},{"not_picked":["Heavy Blade","Clash"],"picked":"Pommel Strike","floor":7.0},{"not_picked":["Dark Embrace","Dropkick"],"picked":"Twin Strike","floor":10.0},{"not_picked":["True Grit","Sentinel"],"picked":"Sword Boomerang","floor":12.0},{"not_picked":["Fire Breathing","Cleave","Clash"],"picked":"SKIP","floor":13.0},{"not_picked":["Perfected Strike","Twin Strike"],"picked":"Armaments","floor":14.0},{"not_picked":["Corruption","Exhume"],"picked":"Limit Break","floor":16.0},{"not_picked":["Wild Strike","Clash","Combust"],"picked":"SKIP","floor":18.0},{"not_picked":["Thunderclap+1","Shrug It Off","Warcry"],"picked":"SKIP","floor":19.0},{"not_picked":["Twin Strike","Thunderclap","Warcry"],"picked":"SKIP","floor":22},{"not_picked":["Clash+1","Sword Boomerang"],"picked":"Flex","floor":27},{"not_picked":["Shrug It Off","Spot Weakness+1","Whirlwind"],"picked":"SKIP","floor":29},{"not_picked":["Dark Embrace","Anger+1","Warcry+1"],"picked":"SKIP","floor":31}],"player_experience":666583,"relics_obtained":[{"floor":9.0,"key":"FossilizedHelix"},{"floor":10.0,"key":"Vajra"},{"floor":12.0,"key":"Calipers"},{"floor":26,"key":"CeramicFish"},{"floor":27,"key":"Letter Opener"}],"event_choices":[{"damage_healed":0.0,"max_hp_gain":0.0,"max_hp_loss":0.0,"gold_gain":0.0,"event_name":"The Library","player_choice":"Read","floor":20.0,"gold_loss":0.0,"damage_taken":0.0,"cards_obtained":["Entrench"]},{"damage_healed":0.0,"max_hp_gain":0.0,"max_hp_loss":0.0,"gold_gain":0.0,"event_name":"Cursed Tome","player_choice":"Ignored","floor":21.0,"gold_loss":0.0,"damage_taken":0.0}],"is_beta":false,"boss_relics":[{"not_picked":["Runic Cube","Black Blood"],"picked":"Sozu"}],"items_purged_floors":[24],"is_endless":false,"potions_floor_spawned":[1,4,5,10,13,14,16,19,22,31],"killed_by":"Champ","ascension_level":17}}