{"host":"fq1bpa5mgr3rtgnr","time":1607521003,"event":{"gold_per_floor":[112,35,35,35,56,91,91,91,167,211,223,248,279,322,334,476,488,515,527,539,564,576,632,644,656,656],"floor_reached":25,"playtime":1193,"items_purged":[],"score":344,"play_id":"a9c982d0-016c-4bff-8918-814cfb382e3f","local_time":"20201209083643","is_ascension_mode":true,"campfire_choices":[{"data":"Perseverance","floor":7.0,"key":"SMITH"},{"data":"ConjureBlade","floor":11.0,"key":"SMITH"},{"data":"Vigilance","floor":15.0,"key":"SMITH"},{"floor":24,"key":"REST"}],"neow_cost":"NONE","seed_source_timestamp":191940588674200,"circlet_count":0,"master_deck":["Strike_P","Strike_P","Strike_P","Strike_P","Defend_P","Defend_P","Defend_P","Defend_P","Eruption","Vigilance+1","PathToVictory","DeusExMachina+1","ThirdEye","Perseverance+1","ConjureBlade+1","ThirdEye","ThirdEye","Wireheading","ConjureBlade","Nirvana","Writhe","TalkToTheHand+1","InnerPeace"],"special_seed":0,"relics":["HolyWater","NeowsBlessing","Golden Idol","The Courier","InkBottle","MawBank","StoneCalendar","Frozen Egg 2","Enchiridion","Anchor"],"potions_floor_usage":[23,25],"damage_taken":[{"damage":0.0,"enemies":"Jaw Worm","floor":1.0,"turns":1.0},{"damage":0.0,"enemies":"2 Louse","floor":5.0,"turns":1.0},{"damage":0.0,"enemies":"Lagavulin","floor":6.0,"turns":1.0},{"damage":29.0,"enemies":"Gremlin Nob","floor":10.0,"turns":5.0},{"damage":0.0,"enemies":"Cultist","floor":12.0,"turns":3.0},{"damage":0.0,"enemies":"Large Slime","floor":13.0,"turns":3.0},{"damage":0.0,"enemies":"Lagavulin","floor":14.0,"turns":4.0},{"damage":4.0,"enemies":"Slime Boss","floor":16.0,"turns":7.0},{"damage":12.0,"enemies":"Chosen","floor":18.0,"turns":2.0},{"damage":15.0,"enemies":"2 Thieves","floor":21.0,"turns":4.0},{"damage":3,"enemies":"Gremlin Leader","floor":23,"turns":5},{"damage":36,"enemies":"Slavers","floor":25,"turns":3}],"seed_played":"7876639846662464510","potions_obtained":[{"floor":4.0,"key":"GamblersBrew"},{"floor":4.0,"key":"Ancient Potion"},{"floor":4.0,"key":"EssenceOfSteel"},{"floor":10.0,"key":"SteroidPotion"},{"floor":16.0,"key":"DistilledChaos"}],"is_trial":false,"path_per_floor":["M","$","?","?","M","E","R","?","T","E","R","M","M","E","R","B",null,"M","?","?","M","?","E","R","E"],"character_chosen":"WATCHER","items_purchased":["DeusExMachina"],"campfire_rested":1,"item_purchase_floors":[2],"current_hp_per_floor":[72,72,54,54,54,54,54,54,54,25,25,25,25,25,25,21,72,60,60,47,32,16,13,36,0,0],"gold":656,"neow_bonus":"THREE_ENEMY_KILL","is_prod":false,"is_daily":false,"chose_seed":false,"campfire_upgraded":3,"win_rate":0,"timestamp":1607521003,"path_taken":["M","$","?","?","?","E","R","?","T","E","R","?","M","E","R","BOSS","M","?","?","M","?","E","R","E"],"build_version":"2020-11-30","purchased_purges":0,"victory":false,"max_hp_per_floor":[72,72,72,72,72,72,72,72,72,72,72,72,72,72,72,72,72,72,72,77,77,77,77,77,77,77],"relic_stats":{"counters":[12,39],"Golden Idol":74,"StoneCalendar":[0],"MawBank":180,"obtain_stats":[{"Anchor":23,"NeowsBlessing":0,"Golden Idol":3,"HolyWater":17,"Enchiridion":22,"StoneCalendar":14,"The Courier":6,"PureWater":0,"Frozen Egg 2":19,"MawBank":10,"InkBottle":9},{"Anchor":11,"NeowsBlessing":0,"Golden Idol":1,"HolyWater":8,"Enchiridion":10,"StoneCalendar":7,"The Courier":3,"PureWater":0,"Frozen Egg 2":9,"MawBank":4,"InkBottle":3},{"Anchor":36,"NeowsBlessing":0,"Golden Idol":1,"HolyWater":25,"Enchiridion":31,"StoneCalendar":18,"The Courier":3,"PureWater":0,"Frozen Egg 2":27,"MawBank":8,"InkBottle":3}],"InkBottle":[12]},"card_choices":[{"not_picked":["ThirdEye","Protect"],"picked":"PathToVictory","floor":1.0},{"not_picked":["Weave","CutThroughFate"],"picked":"ThirdEye","floor":5.0},{"not_picked":["CrushJoints","BowlingBash"],"picked":"Perseverance","floor":6.0},{"not_picked":["WheelKick","EmptyBody"],"picked":"ConjureBlade","floor":10.0},{"not_picked":["FollowUp","SandsOfTime"],"picked":"ThirdEye","floor":12.0},{"not_picked":["SignatureMove","Halt"],"picked":"ThirdEye","floor":13.0},{"not_picked":["ClearTheMind","ThirdEye"],"picked":"Wireheading","floor":14.0},{"not_picked":["Brilliance","Omniscience"],"picked":"ConjureBlade","floor":16.0},{"not_picked":["EmptyFist","WaveOfTheHand"],"picked":"Nirvana","floor":18.0},{"not_picked":["ThirdEye","CutThroughFate"],"picked":"TalkToTheHand+1","floor":21.0},{"not_picked":["Swivel+1","Consecrate+1"],"picked":"InnerPeace","floor":23}],"player_experience":318766,"relics_obtained":[{"floor":6.0,"key":"The Courier"},{"floor":9.0,"key":"InkBottle"},{"floor":10.0,"key":"MawBank"},{"floor":14.0,"key":"StoneCalendar"},{"floor":22.0,"key":"Enchiridion"},{"floor":23,"key":"Anchor"}],"event_choices":[{"damage_healed":0.0,"max_hp_gain":0.0,"max_hp_loss":0.0,"gold_gain":0.0,"event_name":"Golden Idol","player_choice":"Take Damage","floor":3.0,"gold_loss":0.0,"damage_taken":18.0,"relics_obtained":["Golden Idol"]},{"damage_healed":0.0,"max_hp_gain":0.0,"max_hp_loss":0.0,"gold_gain":0.0,"event_name":"Lab","player_choice":"Got Potions","floor":4.0,"gold_loss":0.0,"damage_taken":0.0},{"damage_healed":0.0,"max_hp_gain":0.0,"max_hp_loss":0.0,"gold_gain":0.0,"event_name":"Accursed Blacksmith","player_choice":"Forge","floor":8.0,"gold_loss":0.0,"damage_taken":0.0,"cards_upgraded":["DeusExMachina"]},{"damage_healed":0.0,"max_hp_gain":0.0,"max_hp_loss":0.0,"gold_gain":0.0,"event_name":"The Mausoleum","player_choice":"Opened","floor":19.0,"gold_loss":0.0,"damage_taken":0.0,"relics_obtained":["Frozen Egg 2"],"cards_obtained":["Writhe"]},{"damage_healed":0.0,"max_hp_gain":5.0,"max_hp_loss":0.0,"gold_gain":0.0,"event_name":"Forgotten Altar","player_choice":"Shed Blood","floor":20.0,"gold_loss":0.0,"damage_taken":18.0},{"damage_healed":0.0,"max_hp_gain":0.0,"max_hp_loss":0.0,"gold_gain":0.0,"event_name":"Cursed Tome","player_choice":"Obtained Book","floor":22.0,"gold_loss":0.0,"damage_taken":16.0}],"is_beta":false,"boss_relics":[{"not_picked":["Coffee Dripper","Cursed Key"],"picked":"HolyWater"}],"items_purged_floors":[],"is_endless":false,"potions_floor_spawned":[6,10,12,16,21],"killed_by":"Slavers","ascension_level":4}}