{"host":"4izqype2b9ama7cy","time":1607501269,"event":{"gold_per_floor":[114,57,74,74,23,57,57,57,128,128,143,206,206,219,219,219,219],"floor_reached":16,"playtime":660,"items_purged":[],"score":148,"play_id":"a1c0339d-ec79-4fd5-849f-0ddae6684e29","local_time":"20201209000749","is_ascension_mode":true,"campfire_choices":[{"data":"Perfected Strike","floor":7,"key":"SMITH"},{"data":"Replay:Undeath\u0027s Touch","floor":10,"key":"SMITH"},{"data":"Fire Breathing","floor":15,"key":"SMITH"}],"neow_cost":"NONE","seed_source_timestamp":125556637912338,"circlet_count":0,"master_deck":["Strike_R","Strike_R","Strike_R","Strike_R","Strike_R","Defend_R","Defend_R","Defend_R","Defend_R","Bash","Dual Wield","Dual Wield","Cleave","Spot Weakness+1","Replay:Undeath\u0027s Touch+1","Perfected Strike+1","Wild Strike","Fire Breathing+1","ReplayTheSpireMod:Strike From Hell"],"relics":["Burning Blood","NeowsBlessing","Ice Cream","infinitespire:BottledMercury","Vajra"],"potions_floor_usage":[],"damage_taken":[{"damage":0,"enemies":"Jaw Worm","floor":1,"turns":1},{"damage":0,"enemies":"Small Slimes","floor":3,"turns":1},{"damage":0,"enemies":"3 Sentries","floor":6,"turns":2},{"damage":10,"enemies":"conspire:RoseBush","floor":11,"turns":2},{"damage":20,"enemies":"3 Sentries","floor":12,"turns":5},{"damage":2,"enemies":"2 Fungi Beasts","floor":14,"turns":6},{"damage":68,"enemies":"The Guardian","floor":16,"turns":11}],"seed_played":"5235485289671487566","potions_obtained":[{"floor":6,"key":"Elixir"}],"is_trial":false,"path_per_floor":["M","$","M","?","$","E","R","?","T","R","M","?","?","M","R","B"],"character_chosen":"IRONCLAD","items_purchased":["Dual Wield","Replay:Undeath\u0027s Touch"],"campfire_rested":0,"item_purchase_floors":[2,5],"current_hp_per_floor":[80,80,80,80,80,80,80,80,80,80,76,62,62,66,66,0,0],"gold":219,"neow_bonus":"THREE_ENEMY_KILL","is_prod":false,"is_daily":false,"chose_seed":false,"campfire_upgraded":3,"win_rate":0,"timestamp":1607501269,"path_taken":["M","$","M","?","$","E","R","?","T","R","M","?","?","M","R","BOSS"],"build_version":"2020-11-30","purchased_purges":0,"victory":false,"max_hp_per_floor":[80,80,80,80,80,80,80,80,80,80,80,80,80,80,80,80,80],"card_choices":[{"not_picked":["Massacre","Wild Strike"],"picked":"Clothesline","floor":1},{"not_picked":["Warcry","Entrench"],"picked":"Cleave","floor":3},{"not_picked":["Cleave","Body Slam"],"picked":"Perfected Strike","floor":6},{"not_picked":["Shrug It Off","Intimidate"],"picked":"Wild Strike","floor":11},{"not_picked":["Feel No Pain","conspire:ExplosiveBarrier"],"picked":"Fire Breathing","floor":12},{"not_picked":["Headbutt","ReplayTheSpireMod:LeadingStrike"],"picked":"ReplayTheSpireMod:Strike From Hell","floor":14}],"player_experience":276904,"relics_obtained":[{"floor":6,"key":"Ice Cream"},{"floor":9,"key":"infinitespire:BottledMercury"},{"floor":12,"key":"Vajra"}],"event_choices":[{"damage_healed":0,"gold_gain":0,"player_choice":"Leave","damage_taken":0,"max_hp_gain":0,"max_hp_loss":0,"event_name":"conspire:Investor","floor":8,"gold_loss":0},{"damage_healed":0,"gold_gain":30,"player_choice":"Searched \u00272\u0027 times","damage_taken":0,"max_hp_gain":0,"max_hp_loss":0,"event_name":"Dead Adventurer","floor":12,"gold_loss":0},{"damage_healed":0,"gold_gain":0,"player_choice":"Ignored","damage_taken":0,"max_hp_gain":0,"max_hp_loss":0,"event_name":"Transmorgrifier","floor":13,"gold_loss":0}],"is_beta":false,"boss_relics":[],"items_purged_floors":[],"is_endless":false,"potions_floor_spawned":[6],"killed_by":"The Guardian","ascension_level":4}}