{"host":"Squid","time":1607527693,"event":{"gold_per_floor":[109,125,135,148,158,158,191,191,245,245,245,345,360,385,385,484,484,498,509,519,69,89,120,120,154,154,154,171,171,86,103,103,207,207,226,173,184,29,129,157,157,57,57,84,134,144,144,179,179,179,179,179,98,98,98],"floor_reached":54,"playtime":2723,"items_purged":["Strike_G","Strike_G"],"score":1251,"play_id":"ba4157ef-7caa-46d2-9ecf-3fb5ff14c8d1","local_time":"20201209102813","is_ascension_mode":true,"campfire_choices":[{"data":"Deadly Poison","floor":6.0,"key":"SMITH"},{"floor":8.0,"key":"REST"},{"data":"Blade Dance","floor":10.0,"key":"SMITH"},{"data":"Cloak And Dagger","floor":15.0,"key":"SMITH"},{"floor":24.0,"key":"REST"},{"floor":27.0,"key":"REST"},{"data":"1","floor":29.0,"key":"LIFT"},{"data":"2","floor":32.0,"key":"LIFT"},{"data":"3","floor":41,"key":"LIFT"},{"floor":49,"key":"RECALL"},{"data":"After Image","floor":52,"key":"SMITH"}],"neow_cost":"NONE","seed_source_timestamp":1736084263800,"circlet_count":0,"master_deck":["AscendersBane","Strike_G","Strike_G","Strike_G","Defend_G","Defend_G","Defend_G","Defend_G","Defend_G","Survivor","Neutralize","Deadly Poison+1","Dash","Quick Slash","Blade Dance+1","Cloak And Dagger+1","Blade Dance","Finisher","Bullet Time","After Image+1","CurseOfTheBell","Dagger Spray+1","Footwork","Adrenaline","Footwork","PiercingWail","Flechettes","Blade Dance+1","Infinite Blades","Storm of Steel","Leg Sweep","Corpse Explosion","Concentrate+1","Dodge and Roll","Dodge and Roll+1","Acrobatics","Flechettes+1","Deflect+1","Catalyst+1","Catalyst","Accuracy"],"special_seed":0,"relics":["Ring of the Snake","Bronze Scales","Regal Pillow","Oddly Smooth Stone","Blue Candle","Calling Bell","Lantern","Meat on the Bone","Girya","Happy Flower","Art of War","Juzu Bracelet","Paper Crane","Blood Vial","Runic Pyramid","ClockworkSouvenir","TungstenRod","Ninja Scroll","Mango","Turnip"],"potions_floor_usage":[40,50,50],"damage_taken":[{"damage":4.0,"enemies":"Jaw Worm","floor":1.0,"turns":6.0},{"damage":6.0,"enemies":"Cultist","floor":2.0,"turns":3.0},{"damage":0.0,"enemies":"Small Slimes","floor":3.0,"turns":3.0},{"damage":4.0,"enemies":"Looter","floor":4.0,"turns":3.0},{"damage":1.0,"enemies":"Exordium Thugs","floor":5.0,"turns":4.0},{"damage":20.0,"enemies":"Gremlin Nob","floor":7.0,"turns":4.0},{"damage":5.0,"enemies":"Gremlin Gang","floor":13.0,"turns":4.0},{"damage":5.0,"enemies":"3 Sentries","floor":14.0,"turns":4.0},{"damage":35.0,"enemies":"Slime Boss","floor":16.0,"turns":8.0},{"damage":6.0,"enemies":"Shell Parasite","floor":18.0,"turns":5.0},{"damage":0.0,"enemies":"Chosen","floor":19.0,"turns":1.0},{"damage":14.0,"enemies":"3 Cultists","floor":20.0,"turns":5.0},{"damage":17.0,"enemies":"Cultist and Chosen","floor":22.0,"turns":6.0},{"damage":29.0,"enemies":"Slavers","floor":23.0,"turns":7.0},{"damage":54.0,"enemies":"Gremlin Leader","floor":25.0,"turns":9.0},{"damage":20.0,"enemies":"Chosen and Byrds","floor":28.0,"turns":6.0},{"damage":8.0,"enemies":"Centurion and Healer","floor":31.0,"turns":7.0},{"damage":7.0,"enemies":"Champ","floor":33.0,"turns":16.0},{"damage":4.0,"enemies":"3 Darklings","floor":35.0,"turns":4.0},{"damage":21.0,"enemies":"3 Shapes","floor":37.0,"turns":5.0},{"damage":27,"enemies":"Giant Head","floor":40,"turns":7},{"damage":18,"enemies":"Reptomancer","floor":44,"turns":9},{"damage":0,"enemies":"Mind Bloom Boss Battle","floor":45,"turns":2},{"damage":19,"enemies":"Jaw Worm Horde","floor":46,"turns":3},{"damage":4,"enemies":"Giant Head","floor":48,"turns":7},{"damage":35,"enemies":"Donu and Deca","floor":50,"turns":6},{"damage":79,"enemies":"Shield and Spear","floor":54,"turns":5}],"seed_played":"1423462419900550414","potions_obtained":[{"floor":2.0,"key":"FearPotion"},{"floor":3.0,"key":"SteroidPotion"},{"floor":14.0,"key":"Swift Potion"},{"floor":16.0,"key":"CunningPotion"},{"floor":22.0,"key":"DuplicationPotion"},{"floor":31.0,"key":"SteroidPotion"},{"floor":37.0,"key":"GhostInAJar"},{"floor":44,"key":"AttackPotion"},{"floor":46,"key":"Block Potion"}],"is_trial":false,"path_per_floor":["M","M","M","M","M","R","E","R","T","R","?","?","M","E","R","B",null,"M","M","M","$","M","E","R","E","T","R","M","R","?","M","R","B",null,"M","$","M","$","?","E","R","$","T","E","?","M","?","E","R","B",null,"R","$","E"],"character_chosen":"THE_SILENT","items_purchased":["Footwork","PiercingWail","Happy Flower","GhostInAJar","Dodge and Roll","ClockworkSouvenir","Accuracy"],"campfire_rested":3,"item_purchase_floors":[21,21,21,21,36,38,53],"current_hp_per_floor":[59,53,53,49,48,48,28,64,64,64,69,69,64,59,59,24,62,56,56,42,42,37,20,57,15,15,52,44,44,44,38,38,45,68,66,66,47,47,47,34,34,34,34,30,58,53,53,51,51,30,71,71,71,0,0],"gold":98,"neow_bonus":"RANDOM_COMMON_RELIC","is_prod":false,"is_daily":false,"chose_seed":false,"campfire_upgraded":4,"win_rate":0,"timestamp":1607527693,"path_taken":["M","M","M","M","M","R","E","R","T","R","?","?","?","E","R","BOSS","M","M","M","$","M","E","R","E","T","R","M","R","?","M","R","BOSS","M","$","M","$","?","E","R","?","T","E","?","M","?","E","R","BOSS","R","$","E"],"build_version":"2020-12-07","purchased_purges":2,"victory":false,"max_hp_per_floor":[70,70,70,70,70,70,70,70,70,70,75,75,75,75,75,75,75,75,75,75,75,75,75,75,75,75,75,75,75,75,75,75,75,75,75,75,75,75,75,75,75,75,75,75,89,89,85,85,85,85,85,85,85,85,85],"card_choices":[{"not_picked":["Concentrate","Flying Knee"],"picked":"Deadly Poison","floor":1.0},{"not_picked":["Outmaneuver","Acrobatics"],"picked":"Dash","floor":2.0},{"not_picked":["Deflect","Tactician"],"picked":"Quick Slash","floor":3.0},{"not_picked":["Eviscerate","Prepared"],"picked":"Blade Dance","floor":4.0},{"not_picked":["Dagger Throw","Underhanded Strike"],"picked":"Cloak And Dagger","floor":5.0},{"not_picked":["Heel Hook","Tactician"],"picked":"Blade Dance","floor":7.0},{"not_picked":["Blade Dance","Caltrops"],"picked":"Finisher","floor":13.0},{"not_picked":["Dagger Spray","Poisoned Stab"],"picked":"Bullet Time","floor":14.0},{"not_picked":["Unload","Wraith Form v2"],"picked":"After Image","floor":16.0},{"not_picked":["Skewer+1","Slice"],"picked":"Dagger Spray+1","floor":18.0},{"not_picked":["Deadly Poison","Prepared"],"picked":"Footwork","floor":19.0},{"not_picked":["Underhanded Strike","Sucker Punch"],"picked":"Adrenaline","floor":20.0},{"not_picked":["Prepared","Bane"],"picked":"Flechettes","floor":22.0},{"not_picked":["Flechettes","Backflip"],"picked":"Blade Dance+1","floor":23.0},{"not_picked":["Bane+1","Prepared"],"picked":"Infinite Blades","floor":25.0},{"not_picked":["Dagger Throw","Flechettes"],"picked":"Storm of Steel","floor":28.0},{"not_picked":["Dodge and Roll","Footwork"],"picked":"Leg Sweep","floor":31.0},{"not_picked":["Bullet Time","After Image"],"picked":"Corpse Explosion","floor":33.0},{"not_picked":["Endless Agony+1","Expertise+1"],"picked":"Concentrate+1","floor":35.0},{"not_picked":["Deadly Poison+1","Eviscerate"],"picked":"Dodge and Roll+1","floor":37.0},{"not_picked":["Endless Agony+1","Tactician"],"picked":"Acrobatics","floor":40},{"not_picked":["Calculated Gamble","Dagger Throw"],"picked":"Flechettes+1","floor":44},{"not_picked":["Deadly Poison","Quick Slash"],"picked":"Deflect+1","floor":45},{"not_picked":["Tactician","Dodge and Roll"],"picked":"Catalyst+1","floor":46},{"not_picked":["Deadly Poison+1","Quick Slash"],"picked":"Catalyst","floor":48}],"player_experience":822757,"relics_obtained":[{"floor":7.0,"key":"Regal Pillow"},{"floor":9.0,"key":"Oddly Smooth Stone"},{"floor":14.0,"key":"Blue Candle"},{"floor":17.0,"key":"Lantern"},{"floor":17.0,"key":"Meat on the Bone"},{"floor":17.0,"key":"Girya"},{"floor":23.0,"key":"Art of War"},{"floor":25.0,"key":"Juzu Bracelet"},{"floor":26.0,"key":"Paper Crane"},{"floor":40,"key":"TungstenRod"},{"floor":44,"key":"Ninja Scroll"},{"floor":45,"key":"Mango"},{"floor":48,"key":"Turnip"}],"event_choices":[{"damage_healed":0.0,"max_hp_gain":5.0,"max_hp_loss":0.0,"gold_gain":0.0,"event_name":"Big Fish","player_choice":"Donut","floor":11.0,"gold_loss":0.0,"damage_taken":0.0},{"damage_healed":0.0,"max_hp_gain":0.0,"max_hp_loss":0.0,"gold_gain":100.0,"event_name":"Golden Shrine","player_choice":"Pray","floor":12.0,"gold_loss":0.0,"damage_taken":0.0},{"damage_healed":0.0,"max_hp_gain":0.0,"max_hp_loss":0.0,"gold_gain":0.0,"event_name":"Addict","player_choice":"Obtained Relic","floor":30.0,"gold_loss":85.0,"damage_taken":0.0,"relics_obtained":["Blood Vial"]},{"damage_healed":0.0,"max_hp_gain":0.0,"max_hp_loss":0.0,"gold_gain":100.0,"event_name":"Golden Shrine","player_choice":"Pray","floor":39.0,"gold_loss":0.0,"damage_taken":0.0},{"damage_healed":0,"gold_gain":0,"player_choice":"Fight","damage_taken":0,"max_hp_gain":0,"max_hp_loss":0,"event_name":"MindBloom","floor":45,"gold_loss":0},{"damage_healed":0,"gold_gain":0,"player_choice":"Max HP","damage_taken":0,"max_hp_gain":0,"max_hp_loss":4,"event_name":"Winding Halls","floor":47,"gold_loss":0}],"is_beta":true,"boss_relics":[{"not_picked":["Empty Cage","Velvet Choker"],"picked":"Calling Bell"},{"not_picked":["Black Star","HoveringKite"],"picked":"Runic Pyramid"}],"items_purged_floors":[21,42],"is_endless":false,"potions_floor_spawned":[2,3,14,16,18,20,22,31,37,44,46],"killed_by":"Shield and Spear","ascension_level":11}}