{"host":"5gc11emcm5chfr5t","time":1607543753,"event":{"gold_per_floor":[114,114,114,189,203,203,233,252,252,278,291,44,44,56,56,153,153,172,172,187,204,55,55,89,89,89,89,103,103,118,131,131,131,131],"floor_reached":33,"playtime":1478,"items_purged":[],"score":347,"play_id":"a5d824a0-c69f-454e-a7b8-8efb4fa38e33","local_time":"20201209145553","is_ascension_mode":true,"campfire_choices":[{"data":"Rebound","floor":6,"key":"SMITH"},{"floor":13,"key":"REST"},{"floor":15,"key":"REST"},{"floor":23,"key":"REST"},{"floor":25,"key":"REST"},{"floor":29,"key":"REST"},{"floor":32,"key":"REST"}],"neow_cost":"NONE","seed_source_timestamp":233785556348400,"circlet_count":0,"master_deck":["Strike_B","Strike_B","Strike_B","Strike_B","Defend_B","Defend_B","Defend_B","Defend_B+1","Dualcast","Rebound+1","Streamline","Hello World","Blizzard","Sweeping Beam","Redo","Steam+1","Core Surge","Coolheaded+1","Chill","Self Repair","Conserve Battery+1","Cold Snap"],"relics":["FrozenCore","NeowsBlessing","Sundial","Shuriken","Gremlin Horn","Letter Opener","DataDisk","War Paint","Art of War","Bottled Flame"],"potions_floor_usage":[10,10,11,12,16,16,16,21,24,28,30,30,31],"damage_taken":[{"damage":0,"enemies":"Jaw Worm","floor":1,"turns":1},{"damage":0,"enemies":"Small Slimes","floor":5,"turns":1},{"damage":0,"enemies":"Gremlin Nob","floor":7,"turns":1},{"damage":0,"enemies":"Cultist","floor":8,"turns":3},{"damage":29,"enemies":"3 Sentries","floor":10,"turns":7},{"damage":10,"enemies":"Large Slime","floor":11,"turns":3},{"damage":3,"enemies":"Lots of Slimes","floor":14,"turns":2},{"damage":10,"enemies":"Slime Boss","floor":16,"turns":8},{"damage":18,"enemies":"Chosen","floor":18,"turns":7},{"damage":13,"enemies":"Spheric Guardian","floor":20,"turns":6},{"damage":9,"enemies":"Cultist and Chosen","floor":21,"turns":6},{"damage":55,"enemies":"Slavers","floor":24,"turns":8},{"damage":13,"enemies":"Snake Plant","floor":28,"turns":6},{"damage":21,"enemies":"Shelled Parasite and Fungi","floor":30,"turns":8},{"damage":0,"enemies":"Snecko","floor":31,"turns":8},{"damage":42,"enemies":"Collector","floor":33,"turns":11}],"seed_played":"5616016338850987377","potions_obtained":[{"floor":5,"key":"BlessingOfTheForge"},{"floor":7,"key":"SteroidPotion"},{"floor":8,"key":"BlessingOfTheForge"},{"floor":14,"key":"Explosive Potion"},{"floor":20,"key":"Explosive Potion"},{"floor":24,"key":"EntropicBrew"},{"floor":30,"key":"Ancient Potion"}],"is_trial":false,"path_per_floor":["M","$","?","?","M","R","E","M","T","E","M","$","R","M","R","B",null,"M","?","M","M","$","R","E","R","T","?","M","R","M","M","R","B"],"character_chosen":"DEFECT","items_purchased":["DataDisk","EntropicBrew","War Paint"],"campfire_rested":6,"item_purchase_floors":[12,12,22],"current_hp_per_floor":[75,75,72,61,61,61,61,61,61,32,22,22,44,41,63,53,75,57,57,44,35,35,57,2,24,24,17,4,26,12,19,41,0,0],"gold":131,"neow_bonus":"THREE_ENEMY_KILL","is_prod":false,"is_daily":false,"chose_seed":false,"campfire_upgraded":1,"win_rate":0,"timestamp":1607543753,"path_taken":["M","$","?","?","M","R","E","M","T","E","M","$","R","M","R","BOSS","M","?","M","M","?","R","E","R","T","?","M","R","?","M","R","BOSS"],"build_version":"2020-11-30","purchased_purges":0,"victory":false,"max_hp_per_floor":[75,75,75,75,75,75,75,75,75,75,75,75,75,75,75,75,75,75,75,75,75,75,75,75,75,75,75,75,75,75,75,75,75,75],"card_choices":[{"not_picked":["Turbo","Hologram"],"picked":"Rebound","floor":1},{"not_picked":["Glacier","Biased Cognition"],"picked":"Streamline","floor":5},{"not_picked":["Compile Driver","Reprogram"],"picked":"Hello World","floor":7},{"not_picked":["Recycle","Redo"],"picked":"Blizzard","floor":8},{"not_picked":["Turbo","Stack"],"picked":"Sweeping Beam","floor":10},{"not_picked":["Go for the Eyes","Compile Driver"],"picked":"Redo","floor":11},{"not_picked":["Gash","Lockon"],"picked":"Steam","floor":14},{"not_picked":["Buffer","Fission"],"picked":"Core Surge","floor":16},{"not_picked":["Steam","Turbo+1","Rebound+1"],"picked":"SKIP","floor":18},{"not_picked":["BootSequence","Compile Driver"],"picked":"Coolheaded+1","floor":20},{"not_picked":["Streamline","FTL"],"picked":"Chill","floor":21},{"not_picked":["Doom and Gloom+1","Rebound","Thunder Strike"],"picked":"SKIP","floor":24},{"not_picked":["Skim","Redo"],"picked":"Self Repair","floor":28},{"not_picked":["Static Discharge","Beam Cell+1"],"picked":"Conserve Battery+1","floor":30},{"not_picked":["Recycle+1","Beam Cell"],"picked":"Cold Snap","floor":31}],"player_experience":298768,"relics_obtained":[{"floor":7,"key":"Shuriken"},{"floor":9,"key":"Gremlin Horn"},{"floor":10,"key":"Letter Opener"},{"floor":24,"key":"Art of War"},{"floor":26,"key":"Bottled Flame"}],"event_choices":[{"damage_healed":0,"gold_gain":0,"player_choice":"Success","damage_taken":3,"relics_obtained":["Sundial"],"max_hp_gain":0,"max_hp_loss":0,"event_name":"Scrap Ooze","floor":3,"gold_loss":0},{"damage_healed":0,"gold_gain":75,"player_choice":"Gather Gold","damage_taken":11,"max_hp_gain":0,"max_hp_loss":0,"event_name":"World of Goop","floor":4,"gold_loss":0},{"cards_removed":["Zap"],"damage_healed":0,"gold_gain":0,"player_choice":"Purged","damage_taken":0,"max_hp_gain":0,"max_hp_loss":0,"event_name":"Purifier","floor":19,"gold_loss":0},{"damage_healed":0,"gold_gain":0,"player_choice":"Damaged","damage_taken":7,"max_hp_gain":0,"max_hp_loss":0,"event_name":"Wheel of Change","floor":27,"gold_loss":0}],"is_beta":false,"boss_relics":[{"not_picked":["Snecko Eye","Coffee Dripper"],"picked":"FrozenCore"}],"items_purged_floors":[],"is_endless":false,"potions_floor_spawned":[5,7,8,14,20,24,30],"killed_by":"Collector","ascension_level":3}}