{"host":"0msxzbajcl1c78mb","time":1607485031,"event":{"gold_per_floor":[117,128,53,71,71,71,105,105,151,163,163],"floor_reached":10,"playtime":492,"items_purged":["Strike_G"],"score":86,"play_id":"e1d73d77-9355-46ea-a5f6-7313b4b2ee6f","local_time":"20201208223711","is_ascension_mode":true,"campfire_choices":[{"data":"Neutralize","floor":6,"key":"SMITH"},{"floor":8,"key":"REST"}],"neow_cost":"NONE","seed_source_timestamp":467771283235300,"circlet_count":0,"master_deck":["Strike_G","Strike_G","Strike_G","Strike_G","Defend_G","Defend_G","Defend_G","Defend_G","Defend_G","Survivor","Neutralize+1","Calculated Gamble","Dodge and Roll","Dodge and Roll","Well Laid Plans"],"relics":["SlaversCollar","Bag of Marbles","MawBank"],"potions_floor_usage":[7],"damage_taken":[{"damage":3,"enemies":"Cultist","floor":1,"turns":4},{"damage":1,"enemies":"Small Slimes","floor":2,"turns":4},{"damage":4,"enemies":"Jaw Worm","floor":4,"turns":4},{"damage":31,"enemies":"Lagavulin","floor":7,"turns":14},{"damage":21,"enemies":"3 Sentries","floor":10,"turns":16}],"seed_played":"4810039326495154660","potions_obtained":[{"floor":1,"key":"SteroidPotion"},{"floor":7,"key":"Fire Potion"}],"is_trial":false,"path_per_floor":["M","M","$","M","$","R","E","R","T","E"],"character_chosen":"THE_SILENT","items_purchased":[],"campfire_rested":1,"item_purchase_floors":[],"current_hp_per_floor":[60,59,59,55,55,55,24,45,45,24,24],"gold":163,"neow_bonus":"BOSS_RELIC","is_prod":false,"is_daily":false,"chose_seed":false,"campfire_upgraded":1,"win_rate":0,"timestamp":1607485031,"path_taken":["M","?","$","M","?","R","E","R","T","E"],"build_version":"2020-11-30","purchased_purges":1,"victory":false,"max_hp_per_floor":[70,70,70,70,70,70,70,70,70,70,70],"relic_stats":{"counters":[5,42],"MawBank":12,"obtain_stats":[{"SlaversCollar":0,"Bag of Marbles":7,"MawBank":9,"Ring of the Snake":0},{"SlaversCollar":0,"Bag of Marbles":4,"MawBank":4,"Ring of the Snake":0},{"SlaversCollar":0,"Bag of Marbles":26,"MawBank":26,"Ring of the Snake":0}]},"card_choices":[{"not_picked":["Underhanded Strike","Flying Knee"],"picked":"Calculated Gamble","floor":1},{"not_picked":["Bane","Prepared"],"picked":"Dodge and Roll","floor":2},{"not_picked":["Setup","Finisher"],"picked":"Dodge and Roll","floor":4},{"not_picked":["Heel Hook","Tactician"],"picked":"Well Laid Plans","floor":7}],"player_experience":224970,"relics_obtained":[{"floor":7,"key":"Bag of Marbles"},{"floor":9,"key":"MawBank"}],"event_choices":[],"is_beta":false,"boss_relics":[],"items_purged_floors":[3],"is_endless":false,"potions_floor_spawned":[1,7],"killed_by":"3 Sentries","ascension_level":6}}