{"host":"zr590xw2unlz0wv7","time":1607531401,"event":{"gold_per_floor":[115,115,115,115,128,157,172,184,207,218,218,229,84,101,101,203,203,218,253,77,95,95,127,154,174,174,188,203,203,215,26,26,26,26],"floor_reached":33,"playtime":1460,"items_purged":["Pain","Regret"],"score":340,"play_id":"c60eedf7-4250-4e2c-b815-0ca1e24c8617","local_time":"20201210003001","is_ascension_mode":true,"campfire_choices":[{"data":"Neutralize","floor":11.0,"key":"SMITH"},{"data":"Footwork","floor":15.0,"key":"SMITH"},{"floor":32.0,"key":"REST"}],"neow_cost":"NONE","seed_source_timestamp":0,"circlet_count":0,"master_deck":["Strike_G","Strike_G","Strike_G","Strike_G","Strike_G","Defend_G","Defend_G","Defend_G","Defend_G","Survivor","Neutralize+1","Finisher","Deadly Poison","Masterful Stab","Bouncing Flask","Prepared","Tools of the Trade","Footwork+1","Adrenaline","Sucker Punch+1","Noxious Fumes","Acrobatics","Well Laid Plans+1","Neutralize","Underhanded Strike","Flying Knee","Phantasmal Killer","Poisoned Stab"],"special_seed":0,"relics":["Ring of the Snake","NeowsBlessing","Lantern","WarpedTongs","Orichalcum","Vajra","Busted Crown","Red Mask","Akabeko","Art of War","Bronze Scales","Centennial Puzzle"],"potions_floor_usage":[33,33],"damage_taken":[{"damage":0.0,"enemies":"2 Louse","floor":1.0,"turns":1.0},{"damage":0.0,"enemies":"Jaw Worm","floor":5.0,"turns":1.0},{"damage":0.0,"enemies":"3 Sentries","floor":6.0,"turns":1.0},{"damage":2.0,"enemies":"Small Slimes","floor":7.0,"turns":2.0},{"damage":7.0,"enemies":"Red Slaver","floor":8.0,"turns":3.0},{"damage":6.0,"enemies":"Exordium Thugs","floor":10.0,"turns":4.0},{"damage":2.0,"enemies":"3 Louse","floor":12.0,"turns":2.0},{"damage":3.0,"enemies":"Blue Slaver","floor":14.0,"turns":2.0},{"damage":10.0,"enemies":"Hexaghost","floor":16.0,"turns":8.0},{"damage":9.0,"enemies":"Shell Parasite","floor":18.0,"turns":4.0},{"damage":4.0,"enemies":"Masked Bandits","floor":19.0,"turns":3.0},{"damage":0.0,"enemies":"Chosen","floor":21.0,"turns":3.0},{"damage":26.0,"enemies":"Slavers","floor":23.0,"turns":6.0},{"damage":9.0,"enemies":"Shelled Parasite and Fungi","floor":25.0,"turns":4.0},{"damage":3.0,"enemies":"Cultist and Chosen","floor":27.0,"turns":4.0},{"damage":0.0,"enemies":"Chosen and Byrds","floor":28.0,"turns":4.0},{"damage":7.0,"enemies":"Snecko","floor":30.0,"turns":4.0},{"damage":35,"enemies":"Collector","floor":33,"turns":6}],"seed_played":"8713439916462287422","potions_obtained":[{"floor":1.0,"key":"ColorlessPotion"},{"floor":7.0,"key":"AttackPotion"},{"floor":14.0,"key":"DuplicationPotion"},{"floor":16.0,"key":"Swift Potion"},{"floor":19.0,"key":"DuplicationPotion"},{"floor":25.0,"key":"Strength Potion"},{"floor":28.0,"key":"SneckoOil"}],"is_trial":false,"path_per_floor":["M","?","?","?","M","E","M","M","T","M","R","M","$","M","R","B",null,"M","?","$","M","?","E","T","M","T","M","M","?","M","$","R","B"],"character_chosen":"THE_SILENT","items_purchased":["Tools of the Trade","Noxious Fumes","Phantasmal Killer","Poisoned Stab"],"campfire_rested":1,"item_purchase_floors":[13,20,31,31],"current_hp_per_floor":[70,63,63,63,63,63,61,54,54,48,48,46,46,43,43,33,70,61,57,57,57,57,31,31,22,22,19,19,19,12,12,33,0,0],"gold":26,"neow_bonus":"THREE_ENEMY_KILL","is_prod":false,"is_daily":false,"chose_seed":false,"campfire_upgraded":2,"win_rate":0,"timestamp":1607531401,"path_taken":["M","?","?","?","M","E","M","?","T","M","R","M","$","M","R","BOSS","M","?","$","M","?","E","?","M","T","M","?","?","M","$","R","BOSS"],"build_version":"2020-11-30","purchased_purges":2,"victory":false,"max_hp_per_floor":[70,70,70,70,70,70,70,70,70,70,70,70,70,70,70,70,70,70,70,70,70,70,70,70,70,70,70,70,70,70,70,70,70,70],"card_choices":[{"not_picked":["Choke","Slice"],"picked":"Finisher","floor":1.0},{"not_picked":["Outmaneuver","Poisoned Stab"],"picked":"Deadly Poison","floor":5.0},{"not_picked":["Deflect","Dagger Throw"],"picked":"Masterful Stab","floor":6.0},{"not_picked":["Venomology","Noxious Fumes"],"picked":"Bouncing Flask","floor":7.0},{"not_picked":["Dagger Throw","Endless Agony","Cloak And Dagger"],"picked":"SKIP","floor":8.0},{"not_picked":["Quick Slash","Distraction"],"picked":"Prepared","floor":10.0},{"not_picked":["Setup","Choke","Reflex"],"picked":"SKIP","floor":12.0},{"not_picked":["Heel Hook","Flying Knee"],"picked":"Footwork","floor":14.0},{"not_picked":["Glass Knife","Grand Finale"],"picked":"Adrenaline","floor":16.0},{"not_picked":["Quick Slash"],"picked":"SKIP","floor":18.0},{"not_picked":[],"picked":"Sucker Punch+1","floor":19.0},{"not_picked":[],"picked":"Acrobatics","floor":21.0},{"not_picked":[],"picked":"Well Laid Plans+1","floor":23.0},{"not_picked":["Flechettes+1"],"picked":"SKIP","floor":25.0},{"not_picked":["Accuracy"],"picked":"SKIP","floor":27.0},{"not_picked":["Infinite Blades"],"picked":"SKIP","floor":28.0},{"not_picked":[],"picked":"Flying Knee","floor":30.0}],"player_experience":462547,"relics_obtained":[{"floor":6.0,"key":"Orichalcum"},{"floor":9.0,"key":"Vajra"},{"floor":19.0,"key":"Red Mask"},{"floor":23.0,"key":"Art of War"},{"floor":24.0,"key":"Bronze Scales"},{"floor":26.0,"key":"Centennial Puzzle"}],"event_choices":[{"cards_removed":["Defend_G"],"damage_healed":0.0,"max_hp_gain":0.0,"max_hp_loss":0.0,"gold_gain":0.0,"event_name":"Golden Wing","player_choice":"Card Removal","floor":2.0,"gold_loss":0.0,"damage_taken":7.0},{"damage_healed":0.0,"max_hp_gain":0.0,"max_hp_loss":0.0,"gold_gain":0.0,"event_name":"Big Fish","player_choice":"Box","floor":3.0,"gold_loss":0.0,"damage_taken":0.0,"relics_obtained":["Lantern"],"cards_obtained":["Regret"]},{"damage_healed":0.0,"max_hp_gain":0.0,"max_hp_loss":0.0,"gold_gain":0.0,"event_name":"Accursed Blacksmith","player_choice":"Rummage","floor":4.0,"gold_loss":0.0,"damage_taken":0.0,"relics_obtained":["WarpedTongs"],"cards_obtained":["Pain"]},{"damage_healed":0.0,"max_hp_gain":0.0,"max_hp_loss":0.0,"gold_gain":0.0,"event_name":"Masked Bandits","player_choice":"Fought Bandits","floor":19.0,"gold_loss":0.0,"damage_taken":0.0},{"damage_healed":0.0,"max_hp_gain":0.0,"max_hp_loss":0.0,"gold_gain":0.0,"event_name":"The Mausoleum","player_choice":"Opened","floor":22.0,"gold_loss":0.0,"damage_taken":0.0,"relics_obtained":["Akabeko"]},{"damage_healed":0.0,"max_hp_gain":0.0,"max_hp_loss":0.0,"gold_gain":0.0,"event_name":"Match and Keep!","player_choice":"2 cards matched","floor":29.0,"gold_loss":0.0,"damage_taken":0.0,"cards_obtained":["Neutralize","Underhanded Strike"]}],"is_beta":false,"boss_relics":[{"not_picked":["Coffee Dripper","Pandora\u0027s Box"],"picked":"Busted Crown"}],"items_purged_floors":[13,20],"is_endless":false,"potions_floor_spawned":[1,7,14,16,19,25,28,30],"killed_by":"Collector","ascension_level":3}}