{"host":"16pupetwkpt1jfy9","time":1607483234,"event":{"gold_per_floor":[119,119,44,63,78,78,93,108,133,33,45,45,45,57,57,157,157,171,86,86,97,97,97,114,114,114],"floor_reached":25,"playtime":1134,"items_purged":["Bash","Strike_R"],"score":195,"play_id":"a6033e33-57d7-4af0-b719-baa930ef4ca3","local_time":"20201208220714","is_ascension_mode":false,"campfire_choices":[{"data":"Anger","floor":6,"key":"SMITH"},{"floor":12,"key":"RECALL"},{"data":"Inflame","floor":15,"key":"SMITH"},{"data":"Double Tap","floor":23,"key":"SMITH"}],"neow_cost":"NONE","seed_source_timestamp":613317912947200,"circlet_count":0,"master_deck":["Strike_R","Strike_R","Strike_R","Defend_R","Defend_R","Defend_R","Defend_R","Anger+1","Inflame+1","Burning Pact","Double Tap+1","Anger"],"relics":["Burning Blood","NeowsBlessing","Black Star","PreservedInsect"],"potions_floor_usage":[7,7,7,14,24],"damage_taken":[{"damage":0,"enemies":"Small Slimes","floor":1,"turns":1},{"damage":0,"enemies":"2 Louse","floor":4,"turns":1},{"damage":0,"enemies":"Cultist","floor":5,"turns":1},{"damage":12,"enemies":"Exordium Thugs","floor":7,"turns":4},{"damage":7,"enemies":"Large Slime","floor":8,"turns":6},{"damage":2,"enemies":"2 Fungi Beasts","floor":11,"turns":3},{"damage":12,"enemies":"Blue Slaver","floor":14,"turns":2},{"damage":58,"enemies":"Slime Boss","floor":16,"turns":10},{"damage":32,"enemies":"Chosen","floor":18,"turns":5},{"damage":0,"enemies":"Spheric Guardian","floor":21,"turns":3},{"damage":30,"enemies":"Centurion and Healer","floor":24,"turns":5},{"damage":49,"enemies":"Gremlin Leader","floor":25,"turns":5}],"seed_played":"-7045051432734442381","potions_obtained":[{"floor":1,"key":"DistilledChaos"},{"floor":4,"key":"ColorlessPotion"},{"floor":5,"key":"Block Potion"},{"floor":11,"key":"ColorlessPotion"},{"floor":21,"key":"Energy Potion"}],"is_trial":false,"path_per_floor":["M","?","$","M","M","R","M","M","T","$","M","R","?","M","R","B",null,"M","?","?","M","$","R","M","E"],"character_chosen":"IRONCLAD","items_purchased":[],"campfire_rested":0,"item_purchase_floors":[],"current_hp_per_floor":[80,85,85,85,85,85,79,78,78,78,82,82,82,76,76,24,85,59,59,59,65,65,65,41,0,0],"gold":114,"neow_bonus":"THREE_ENEMY_KILL","is_prod":false,"is_daily":false,"chose_seed":false,"campfire_upgraded":3,"win_rate":0.0,"timestamp":1607483234,"path_taken":["M","?","$","M","M","R","M","M","T","$","M","R","?","?","R","BOSS","M","?","?","M","$","R","M","E"],"build_version":"2020-11-30","purchased_purges":2,"victory":false,"max_hp_per_floor":[80,85,85,85,85,85,85,85,85,85,85,85,85,85,85,85,85,85,85,85,85,85,85,85,85,85],"card_choices":[{"not_picked":["Rampage","Iron Wave","Searing Blow"],"picked":"SKIP","floor":1},{"not_picked":["Dropkick","Power Through"],"picked":"Anger","floor":4},{"not_picked":["Ghostly Armor","Intimidate","Warcry"],"picked":"SKIP","floor":5},{"not_picked":["Second Wind","Thunderclap","Body Slam"],"picked":"SKIP","floor":7},{"not_picked":["Disarm","Battle Trance"],"picked":"Inflame","floor":8},{"not_picked":["Clothesline","Cleave","Exhume"],"picked":"SKIP","floor":11},{"not_picked":["Hemokinesis","Havoc","Second Wind"],"picked":"SKIP","floor":14},{"not_picked":["Barricade","Bludgeon"],"picked":"Double Tap","floor":16},{"not_picked":["Thunderclap+1","Fire Breathing","Iron Wave"],"picked":"SKIP","floor":18},{"not_picked":["Power Through","Clothesline"],"picked":"Anger","floor":21},{"not_picked":["Shrug It Off","Fire Breathing+1","Bloodletting"],"picked":"SKIP","floor":24}],"player_experience":58699,"relics_obtained":[],"event_choices":[{"damage_healed":0,"gold_gain":0,"player_choice":"Donut","damage_taken":0,"max_hp_gain":5,"max_hp_loss":0,"event_name":"Big Fish","floor":2,"gold_loss":0},{"damage_healed":0,"gold_gain":0,"cards_transformed":["Strike_R"],"player_choice":"Transformed","damage_taken":0,"max_hp_gain":0,"max_hp_loss":0,"event_name":"Transmorgrifier","floor":13,"gold_loss":0,"cards_obtained":["Burning Pact"]},{"damage_healed":0,"gold_gain":0,"player_choice":"Obtained Relic","damage_taken":0,"relics_obtained":["PreservedInsect"],"max_hp_gain":0,"max_hp_loss":0,"event_name":"Addict","floor":19,"gold_loss":85}],"is_beta":false,"boss_relics":[{"not_picked":["Snecko Eye","SlaversCollar"],"picked":"Black Star"}],"items_purged_floors":[3,10],"is_endless":false,"potions_floor_spawned":[1,4,5,11,21],"killed_by":"Gremlin Leader","ascension_level":0}}