{"host":"6ko66ogg91i6g7xq","time":1607540611,"event":{"gold_per_floor":[110,127,59,71,71,71,96,96,96,130,148,31,63,73,73,171,171,183,183,98,98,109,109,138,138,138,138,173,173,192,221,221,318,318,333,348,348,348,203,203,238,238,238],"floor_reached":42,"playtime":1808,"items_purged":[],"score":655,"play_id":"a316d4ec-b1b2-4570-b5b7-6024881210f5","local_time":"20201209140331","is_ascension_mode":true,"campfire_choices":[{"floor":6,"key":"RECALL"},{"data":"Catalyst","floor":8,"key":"SMITH"},{"floor":15,"key":"REST"},{"floor":23,"key":"REST"},{"data":"Catalyst","floor":25,"key":"SMITH"},{"data":"Noxious Fumes","floor":27,"key":"SMITH"},{"floor":29,"key":"REST"},{"floor":32,"key":"REST"},{"floor":40,"key":"REST"}],"neow_cost":"NONE","seed_source_timestamp":168431223613600,"circlet_count":0,"master_deck":["Strike_G","Strike_G","Strike_G","Strike_G","Strike_G","Defend_G","Defend_G","Defend_G","Defend_G","Defend_G","Survivor","Neutralize","Catalyst+1","Deadly Poison","Catalyst+1","Deadly Poison","Malaise","Backflip","Glass Knife","Poisoned Stab","Noxious Fumes+1","Poisoned Stab","Dagger Spray","Sucker Punch","Glass Knife","Catalyst+1","Blur","Backflip+1","Catalyst+1","Doppelganger","Dodge and Roll+1","Heel Hook"],"relics":["Ring of the Snake","NeowsBlessing","FossilizedHelix","The Specimen","Pantograph","Bottled Tornado","SlaversCollar","Du-Vu Doll","Pen Nib","Bottled Lightning","Peace Pipe","Tiny Chest","Bronze Scales","Strawberry"],"potions_floor_usage":[22,31,36],"damage_taken":[{"damage":0,"enemies":"Cultist","floor":1,"turns":1},{"damage":0,"enemies":"Small Slimes","floor":2,"turns":1},{"damage":0,"enemies":"2 Louse","floor":4,"turns":1},{"damage":20,"enemies":"Gremlin Nob","floor":7,"turns":3},{"damage":15,"enemies":"3 Sentries","floor":10,"turns":8},{"damage":0,"enemies":"Exordium Wildlife","floor":11,"turns":3},{"damage":0,"enemies":"Gremlin Nob","floor":13,"turns":3},{"damage":0,"enemies":"3 Louse","floor":14,"turns":3},{"damage":0,"enemies":"Slime Boss","floor":16,"turns":5},{"damage":19,"enemies":"3 Byrds","floor":18,"turns":4},{"damage":17,"enemies":"Shell Parasite","floor":22,"turns":4},{"damage":3,"enemies":"Book of Stabbing","floor":24,"turns":4},{"damage":24,"enemies":"Slavers","floor":28,"turns":4},{"damage":1,"enemies":"Cultist and Chosen","floor":30,"turns":6},{"damage":7,"enemies":"Book of Stabbing","floor":31,"turns":5},{"damage":17,"enemies":"Automaton","floor":33,"turns":6},{"damage":17,"enemies":"3 Shapes","floor":35,"turns":3},{"damage":15,"enemies":"3 Darklings","floor":36,"turns":4},{"damage":47,"enemies":"Reptomancer","floor":41,"turns":5},{"damage":0,"enemies":"Spire Growth","floor":42,"turns":2}],"seed_played":"-6054933603778737760","potions_obtained":[{"floor":2,"key":"Weak Potion"},{"floor":7,"key":"SpeedPotion"},{"floor":16,"key":"FearPotion"},{"floor":18,"key":"PowerPotion"},{"floor":28,"key":"PowerPotion"},{"floor":33,"key":"Energy Potion"}],"is_trial":false,"path_per_floor":["M","M","$","M","?","R","E","R","T","E","M","$","E","M","R","B",null,"M","?","?","?","M","R","E","R","T","R","E","R","M","E","R","B",null,"M","M","$","?","$","R","E","M"],"character_chosen":"THE_SILENT","items_purchased":["Catalyst","Noxious Fumes","Poisoned Stab","Bronze Scales"],"campfire_rested":5,"item_purchase_floors":[3,12,12,39],"current_hp_per_floor":[70,70,70,70,70,70,50,50,50,35,35,35,35,35,56,70,70,51,51,51,51,34,55,52,52,52,52,28,49,48,41,62,53,70,53,38,38,38,38,59,19,19,19],"gold":238,"neow_bonus":"THREE_ENEMY_KILL","is_prod":false,"is_daily":false,"chose_seed":false,"campfire_upgraded":3,"win_rate":0,"timestamp":1607540611,"path_taken":["M","M","$","?","?","R","E","R","T","E","?","$","E","M","R","BOSS","M","?","?","?","M","R","E","R","T","R","E","R","?","E","R","BOSS","M","?","$","?","$","R","E","M"],"build_version":"2020-11-30","purchased_purges":0,"victory":false,"max_hp_per_floor":[70,70,70,70,70,70,70,70,70,70,70,70,70,70,70,70,70,70,70,70,70,70,70,70,70,70,70,70,70,70,70,70,70,70,70,70,70,70,70,70,77,77,77],"relic_stats":{"Peace Pipe":0,"counters":[20,75],"Pantograph":22,"Bronze Scales":[18],"Tiny Chest":0,"Pen Nib":[4],"obtain_stats":[{"NeowsBlessing":0,"The Specimen":9,"Pen Nib":24,"Bottled Tornado":13,"Du-Vu Doll":20,"Peace Pipe":28,"SlaversCollar":17,"Pantograph":10,"Bronze Scales":39,"Strawberry":41,"Tiny Chest":31,"Bottled Lightning":26,"FossilizedHelix":7,"Ring of the Snake":0},{"NeowsBlessing":0,"The Specimen":4,"Pen Nib":12,"Bottled Tornado":7,"Du-Vu Doll":10,"Peace Pipe":13,"SlaversCollar":9,"Pantograph":5,"Bronze Scales":18,"Strawberry":19,"Tiny Chest":15,"Bottled Lightning":12,"FossilizedHelix":4,"Ring of the Snake":0},{"NeowsBlessing":0,"The Specimen":6,"Pen Nib":40,"Bottled Tornado":20,"Du-Vu Doll":32,"Peace Pipe":44,"SlaversCollar":28,"Pantograph":14,"Bronze Scales":68,"Strawberry":73,"Tiny Chest":55,"Bottled Lightning":40,"FossilizedHelix":6,"Ring of the Snake":0}],"Ring of the Snake":[40]},"card_choices":[{"not_picked":["Poisoned Stab","Flying Knee"],"picked":"Catalyst","floor":1},{"not_picked":["Leg Sweep","Infinite Blades"],"picked":"Deadly Poison","floor":2},{"not_picked":["Sucker Punch","Caltrops"],"picked":"Deadly Poison","floor":4},{"not_picked":["Caltrops","Infinite Blades"],"picked":"Backflip","floor":7},{"not_picked":["Terror","Accuracy"],"picked":"Glass Knife","floor":10},{"not_picked":["Heel Hook","Outmaneuver"],"picked":"Poisoned Stab","floor":11},{"not_picked":["Sucker Punch","Escape Plan"],"picked":"Dagger Spray","floor":13},{"not_picked":["Tactician","Infinite Blades"],"picked":"Sucker Punch","floor":14},{"not_picked":["Wraith Form v2","Malaise"],"picked":"Glass Knife","floor":16},{"not_picked":["Deflect","Backflip"],"picked":"Catalyst","floor":18},{"not_picked":["Infinite Blades+1","Dagger Throw"],"picked":"Blur","floor":22},{"not_picked":["Backstab","Terror"],"picked":"Backflip+1","floor":24},{"not_picked":["Dodge and Roll","Eviscerate","All Out Attack+1"],"picked":"SKIP","floor":28},{"not_picked":["Finisher+1","Acrobatics","Underhanded Strike"],"picked":"SKIP","floor":30},{"not_picked":["Dagger Spray","Cloak And Dagger"],"picked":"Catalyst+1","floor":31},{"not_picked":["After Image","Unload"],"picked":"Doppelganger","floor":33},{"not_picked":["Dagger Spray+1","Blade Dance+1","Well Laid Plans+1"],"picked":"SKIP","floor":35},{"not_picked":["Underhanded Strike+1","Skewer+1"],"picked":"Dodge and Roll+1","floor":36},{"not_picked":["Prepared+1","Poisoned Stab+1"],"picked":"Heel Hook","floor":41}],"player_experience":248185,"relics_obtained":[{"floor":7,"key":"FossilizedHelix"},{"floor":9,"key":"The Specimen"},{"floor":10,"key":"Pantograph"},{"floor":13,"key":"Bottled Tornado"},{"floor":24,"key":"Pen Nib"},{"floor":26,"key":"Bottled Lightning"},{"floor":28,"key":"Peace Pipe"},{"floor":31,"key":"Tiny Chest"},{"floor":41,"key":"Strawberry"}],"event_choices":[{"damage_healed":0,"gold_gain":0,"player_choice":"1 cards matched","damage_taken":0,"max_hp_gain":0,"max_hp_loss":0,"event_name":"Match and Keep!","floor":5,"gold_loss":0,"cards_obtained":["Malaise"]},{"damage_healed":0,"gold_gain":0,"player_choice":"Obtained Relic","damage_taken":0,"relics_obtained":["Du-Vu Doll"],"max_hp_gain":0,"max_hp_loss":0,"event_name":"Addict","floor":20,"gold_loss":85},{"damage_healed":0,"gold_gain":0,"player_choice":"Forge","damage_taken":0,"max_hp_gain":0,"max_hp_loss":0,"event_name":"Accursed Blacksmith","floor":21,"gold_loss":0,"cards_upgraded":["Catalyst"]},{"damage_healed":0,"gold_gain":0,"player_choice":"Ignored","damage_taken":0,"max_hp_gain":0,"max_hp_loss":0,"event_name":"SecretPortal","floor":38,"gold_loss":0}],"is_beta":false,"boss_relics":[{"not_picked":["SacredBark","Runic Pyramid"],"picked":"SlaversCollar"},{"not_picked":["Fusion Hammer","Busted Crown","Philosopher\u0027s Stone"]}],"items_purged_floors":[],"is_endless":false,"potions_floor_spawned":[2,7,16,18,28,30,33],"killed_by":"Spire Growth","ascension_level":1}}