{"host":"qljq6nt1bltq73k9","time":1607514318,"event":{"gold_per_floor":[99999,98976,98946,98946,98946,98973,97534,97534,97602,97626,97626,97626,97650,96278,96278,96387,96487,96509,96532,96065,95990,95649,95649,95649,95649,95725,95760,95760,95760,95805,95845,95845,95948,95948,95981,96009,96059,96059,96121,95684,95750,95750,95750,96123,95619,95682,95745,95784,95784,95792],"floor_reached":51,"playtime":2743,"items_purged":["Defend_B","Regret","Strike_B","Defend_B","Defend_B","Dualcast","Cold Snap"],"score":939,"play_id":"e7eb2d52-4ea0-4486-ad0e-0bbae9c63ac3","local_time":"20201209194518","is_ascension_mode":false,"campfire_choices":[{"data":"Fusion","floor":8,"key":"SMITH"},{"data":"Zap","floor":11,"key":"SMITH"},{"data":"BasicCrystalCard","floor":23,"key":"SMITH"},{"data":"ReplayTheSpireMod:Brewmster","floor":28,"key":"SMITH"},{"data":"Creative AI","floor":32,"key":"SMITH"},{"data":"Creative AI","floor":42,"key":"SMITH"},{"floor":49,"key":"DIG"}],"neow_cost":"","seed_source_timestamp":788396202694500,"circlet_count":0,"master_deck":["Zap+1","LongBird","Fusion+1","Hello World","VoidDream","Storm","White Noise+1","Master of Strategy","FTL+1","All For One+1","Finesse","Beam Cell+1","OSAHOGD","ReplayTheSpireMod:Brewmster+1","Rainbow+1","Creative AI+1","Creative AI+1","UniverseFragment","ReplayTheSpireMod:Omega Cannon","BasicCrystalCard+1","ReplayUltimateDefense","Static Discharge","Static Discharge","Necronomicurse","Go for the Eyes","Scarecrow","Barrage","Heatsinks","Echo Form","WallGazer","Seek","FieryBird","Barrage","Pot Of Greed","Pot Of Greed","Pot Of Greed+1","Melter+1","Pot Of Greed","Compile Driver+1","Time Bomb","ReplayTheSpireMod:Brewmster","Defragment+1"],"special_seed":0,"relics":["Cracked Core","CogitoBucket","RabbitCall","Lizard Tail","StoneCalendar","Lee\u0027s Waffle","Gremlin Horn","Replay:Bandana","Replay:Frozen Program","White Beast Statue","Replay:WaspNest","Replay:Bottled Eggs","TheAbacus","Emotion Chip","Replay:Ringing Soul","Replay:Wanted Poster","AspirationHeart","Membership Card","Nunchaku","Pet Ghost","ReplayTheSpireMod:TigerMarble","Runic Capacitor","Regal Pillow","Necronomicon","Meat on the Bone","Juzu Bracelet","Replay:Baseball","Coffee Dripper","BackwardClock","Toolbox","Grinning Jar","Torii","TungstenRod","Incense Burner","Old Coin","Pondfish Scales","War Paint","Strange Spoon","SkinProphecy","Whetstone","Unceasing Top","Prayer Wheel"],"potions_floor_usage":[6,6,16,16,16,16,16,18,18,18,18,18,18,18,18,18,19,19,30,33,33,33,33,35,35,36,37,39,39,41,44,44,46,46,47,47,48,50,50,50,51,51,51,51,51,51,51,51,51,51,51,51,51,51,51,51,51,51],"damage_taken":[{"damage":3,"enemies":"2 Louse","floor":1,"turns":3},{"damage":14,"enemies":"Lagavulin","floor":6,"turns":6},{"damage":6,"enemies":"Jaw Worm","floor":10,"turns":3},{"damage":0,"enemies":"Small Slimes","floor":13,"turns":2},{"damage":9,"enemies":"Fading Forest","floor":16,"turns":9},{"damage":9,"enemies":"3 Byrds","floor":18,"turns":4},{"damage":12,"enemies":"Shell Parasite","floor":19,"turns":4},{"damage":4,"enemies":"Replay:Snechameleon","floor":27,"turns":4},{"damage":30,"enemies":"Slavers","floor":30,"turns":2},{"damage":0,"enemies":"Snecko","floor":31,"turns":2},{"damage":14,"enemies":"Collector","floor":33,"turns":5},{"damage":35,"enemies":"Orb Walker","floor":35,"turns":5},{"damage":5,"enemies":"3 Shapes","floor":36,"turns":2},{"damage":2,"enemies":"3 Darklings","floor":37,"turns":2},{"damage":17,"enemies":"Maw","floor":39,"turns":4},{"damage":2,"enemies":"Mind Bloom Boss Battle","floor":41,"turns":4},{"damage":8,"enemies":"R_Hoarder","floor":44,"turns":5},{"damage":62,"enemies":"Spire Growth","floor":46,"turns":5},{"damage":0,"enemies":"Reptomancer","floor":47,"turns":4},{"damage":1,"enemies":"Sphere and 2 Shapes","floor":48,"turns":2},{"damage":47,"enemies":"FixerMidnight","floor":50,"turns":5},{"damage":29,"enemies":"Malkuth","floor":51,"turns":5},{"damage":18,"enemies":"Yesod","floor":51,"turns":6},{"damage":122,"enemies":"Chesed","floor":51,"turns":7},{"damage":40,"enemies":"Binah","floor":51,"turns":10},{"damage":190,"enemies":"Angela","floor":51,"turns":10}],"seed_played":"-7003828287159307320","potions_obtained":[{"floor":1,"key":"EntropicBrew"},{"floor":6,"key":"Regen Potion"},{"floor":13,"key":"PowerPotion"},{"floor":16,"key":"EssenceOfDarkness"},{"floor":18,"key":"Cursed Concoction"},{"floor":19,"key":"CultistPotion"},{"floor":27,"key":"SteroidPotion"},{"floor":30,"key":"LiquidBronze"},{"floor":36,"key":"Block Potion"},{"floor":37,"key":"EssenceOfSteel"},{"floor":41,"key":"SmokeBomb"}],"is_trial":false,"path_per_floor":["M","$","?","?","?","E","$","R","T","M","R","?","M","$","R_BF","B",null,"M","M","$","?","$","R","?","?","T","E","R","?","E","M","R","B",null,"M","M","M","?","M","$","?","R","T","E","$","M","E","M","R_BF","B",null],"character_chosen":"DEFECT","items_purchased":["Lizard Tail","StoneCalendar","Hello World","Lee\u0027s Waffle","Fire Potion","Languid Potion","Replay:Frozen Program","White Beast Statue","Replay:WaspNest","Storm","White Noise","Master of Strategy","FTL","All For One","Finesse","Fire Potion","TheAbacus","Emotion Chip","Replay:Ringing Soul","ReplayTheSpireMod:Brewmster","Rainbow","DistilledChaos","Creative AI","Membership Card","Nunchaku","Pet Ghost","ReplayUltimateDefense","ReplayTheSpireMod:TigerMarble","Runic Capacitor","Regal Pillow","Static Discharge","Toolbox","Grinning Jar","Torii","Melter+1","Pondfish Scales","War Paint","Strange Spoon","ReplayTheSpireMod:Brewmster"],"campfire_rested":0,"item_purchase_floors":[2,2,2,2,2,2,7,7,7,7,7,7,7,7,7,7,14,14,14,14,14,14,14,20,20,20,20,22,22,22,22,40,40,40,40,45,45,45,45],"current_hp_per_floor":[72,82,82,75,75,61,61,61,61,55,55,55,55,58,83,77,88,98,89,92,92,95,95,95,82,82,81,81,81,66,85,85,122,122,125,128,131,131,130,133,137,137,137,140,143,117,137,147,147,133],"gold":95954,"neow_bonus":"","is_prod":false,"is_daily":false,"chose_seed":false,"campfire_upgraded":6,"win_rate":0,"timestamp":1607514318,"path_taken":["M","$","?","?","?","E","$","R","T","M","R","?","?","$","R_BF","BOSS","M","M","$","?","$","R","?","?","T","E","R","?","E","M","R","BOSS","M","M","M","?","M","$","?","R","T","E","$","M","E","M","R_BF","BOSS"],"build_version":"2020-11-30","purchased_purges":7,"victory":true,"max_hp_per_floor":[75,82,82,82,82,82,82,82,82,82,82,82,82,85,85,88,88,98,101,104,104,107,107,107,110,110,113,113,113,116,119,119,122,122,125,128,131,131,131,134,137,137,137,140,143,143,145,150,150,152],"card_choices":[{"not_picked":["Wellcheers","Variant"],"picked":"LongBird","floor":1},{"not_picked":["Leap","Go for the Eyes"],"picked":"Fusion","floor":1},{"not_picked":["Murderer","MeatLantern"],"picked":"VoidDream","floor":6},{"not_picked":["ReplaySolidLightProjector","Conserve Battery"],"picked":"Cold Snap","floor":6},{"not_picked":["Woodsman","Murderer","ShyLook"],"picked":"Singing Bowl","floor":10},{"not_picked":["Gash","BasicCrystalCard"],"picked":"Beam Cell","floor":10},{"not_picked":["OldLady","MHz","DespairKnight"],"picked":"Singing Bowl","floor":13},{"not_picked":["Freischutz","Porccubus"],"picked":"OSAHOGD","floor":13},{"not_picked":["Sunder","Aggregate","Leap"],"picked":"SKIP","floor":13},{"not_picked":["SingingMachine","MHz"],"picked":"UniverseFragment","floor":16},{"not_picked":["Hyperbeam","Multi-Cast"],"picked":"ReplayTheSpireMod:Omega Cannon","floor":16},{"not_picked":["CherryBlossoms","MHz","GalaxyChild"],"picked":"Singing Bowl","floor":18},{"not_picked":["Panic Button","Compile Driver","Streamline"],"picked":"SKIP","floor":18},{"not_picked":["Murderer","GreedKing","OldLady"],"picked":"Singing Bowl","floor":19},{"not_picked":["Tempest+1","Chill"],"picked":"BasicCrystalCard","floor":19},{"not_picked":["SingingMachine","Scorched","BeautyBeast"],"picked":"Singing Bowl","floor":27},{"not_picked":["Reprogram","Stack"],"picked":"Go for the Eyes","floor":27},{"not_picked":["LittleHelper","BodiesMountain","Funeral"],"picked":"Singing Bowl","floor":30},{"not_picked":["GreedKing","Woodsman"],"picked":"Scarecrow","floor":30},{"not_picked":["BasicCrystalCard","ReplayTheSpireMod:Reroute Power"],"picked":"Barrage","floor":30},{"not_picked":["DreamingCurrent","WhitesApple","Rudolta"],"picked":"Singing Bowl","floor":31},{"not_picked":["Force Field","Rebound"],"picked":"Heatsinks","floor":31},{"not_picked":["DreamingCurrent","QueenOfHatred","CENSORED"],"picked":"Singing Bowl","floor":33},{"not_picked":["Creative AI","Meteor Strike"],"picked":"Echo Form","floor":33},{"not_picked":["Woodsman","Murderer"],"picked":"WallGazer","floor":35},{"not_picked":["Hyperbeam","Streamline+1","Cold Snap"],"picked":"SKIP","floor":35},{"not_picked":["SilentOrchestra","Bloodbath","NakedNest"],"picked":"Singing Bowl","floor":36},{"not_picked":["Hologram","Double Energy"],"picked":"Seek","floor":36},{"not_picked":["Freischutz","Wellcheers"],"picked":"FieryBird","floor":37},{"not_picked":["Loop","Genetic Algorithm+1"],"picked":"Barrage","floor":37},{"not_picked":["BlackSwan","BlueStar","Wellcheers"],"picked":"Singing Bowl","floor":39},{"not_picked":["Stack+1","Turbo","Compile Driver+1"],"picked":"SKIP","floor":39},{"not_picked":["NakedNest","CherryBlossoms","SingingMachine"],"picked":"Singing Bowl","floor":41},{"not_picked":["ReplaySolidLightProjector","Panic Button+1"],"picked":"Compile Driver+1","floor":41},{"not_picked":["Porccubus","NakedNest","QueenBee"],"picked":"Singing Bowl","floor":44},{"not_picked":["Go for the Eyes+1","Rebound+1"],"picked":"Time Bomb","floor":44},{"not_picked":["SilentOrchestra","BlackArmy","LaLuna"],"picked":"Singing Bowl","floor":46},{"not_picked":["Reprogram+1","Cold Snap","Streamline"],"picked":"SKIP","floor":46},{"not_picked":["Mercenary","Alriune","NakedNest"],"picked":"Singing Bowl","floor":47},{"not_picked":["Hologram+1","ReplaySort","Beam Cell+1"],"picked":"SKIP","floor":47},{"not_picked":["Mercenary","SilentOrchestra","Laetitia"],"picked":"Singing Bowl","floor":48},{"not_picked":["Skim","Glacier"],"picked":"Defragment+1","floor":48}],"player_experience":290719,"relics_obtained":[{"floor":6,"key":"Replay:Bandana"},{"floor":9,"key":"Replay:Bottled Eggs"},{"floor":25,"key":"Necronomicon"},{"floor":26,"key":"Meat on the Bone"},{"floor":27,"key":"Juzu Bracelet"},{"floor":30,"key":"Replay:Baseball"},{"floor":41,"key":"TungstenRod"},{"floor":43,"key":"Incense Burner"},{"floor":44,"key":"Old Coin"},{"floor":47,"key":"Whetstone"},{"floor":49,"key":"Unceasing Top"}],"event_choices":[{"damage_healed":0,"gold_gain":0,"player_choice":"Left Gold","damage_taken":0,"max_hp_gain":0,"max_hp_loss":0,"event_name":"World of Goop","floor":3,"gold_loss":30},{"cards_removed":["Strike_B"],"damage_healed":0,"gold_gain":0,"player_choice":"Card Removal","damage_taken":7,"max_hp_gain":0,"max_hp_loss":0,"event_name":"Golden Wing","floor":4,"gold_loss":0},{"damage_healed":0,"gold_gain":0,"player_choice":"Box","damage_taken":0,"relics_obtained":["Gremlin Horn"],"max_hp_gain":0,"max_hp_loss":0,"event_name":"Big Fish","floor":5,"gold_loss":0,"cards_obtained":["Regret"]},{"cards_removed":["Defend_B"],"damage_healed":0,"gold_gain":0,"player_choice":"Purged","damage_taken":0,"max_hp_gain":0,"max_hp_loss":0,"event_name":"Purifier","floor":12,"gold_loss":0},{"cards_removed":["Strike_B"],"damage_healed":0,"gold_gain":0,"player_choice":"Gave Gold","damage_taken":0,"max_hp_gain":0,"max_hp_loss":0,"event_name":"Beggar","floor":21,"gold_loss":75},{"damage_healed":0,"gold_gain":0,"player_choice":"Ignored","damage_taken":0,"max_hp_gain":0,"max_hp_loss":0,"event_name":"Ghosts","floor":24,"gold_loss":0},{"damage_healed":0,"gold_gain":0,"player_choice":"Obtained Book","damage_taken":16,"max_hp_gain":0,"max_hp_loss":0,"event_name":"Cursed Tome","floor":25,"gold_loss":0},{"cards_removed":["Strike_B"],"damage_healed":0,"gold_gain":0,"player_choice":"Elegance","damage_taken":0,"max_hp_gain":0,"max_hp_loss":0,"event_name":"Back to Basics","floor":29,"gold_loss":0},{"damage_healed":0,"gold_gain":0,"player_choice":"Ignored","damage_taken":0,"max_hp_gain":0,"max_hp_loss":0,"event_name":"Tomb of Lord Red Mask","floor":38,"gold_loss":0},{"damage_healed":0,"gold_gain":0,"player_choice":"Fight","damage_taken":0,"max_hp_gain":0,"max_hp_loss":0,"event_name":"MindBloom","floor":41,"gold_loss":0}],"is_beta":false,"boss_relics":[{"not_picked":["FrozenCore","Abe\u0027s Treasure"],"picked":"Replay:Wanted Poster"},{"not_picked":["Philosopher\u0027s Stone","Calling Bell"],"picked":"Coffee Dripper"}],"items_purged_floors":[2,7,14,20,22,40,45],"is_endless":false,"potions_floor_spawned":[1,6,10,13,16,18,19,27,30,31,33,35,36,37,39,41,44,46,47,48,51,51,51,51,51],"ascension_level":0}}