{"host":"3qkmyeoym75lj4wn","time":1607472845,"event":{"gold_per_floor":[114,134,6,6,6,39,39,39,39,49,62,87,87,101,101,175,175,195,208,0,0,0],"floor_reached":21,"playtime":480,"items_purged":["Strike_B","Strike_B"],"score":403,"play_id":"4349960f-af75-47e4-a257-b82b7d137ea0","local_time":"20201209001405","is_ascension_mode":true,"campfire_choices":[{"data":"Zap","floor":7.0,"key":"SMITH"},{"floor":13.0,"key":"REST"},{"data":"Go for the Eyes","floor":15.0,"key":"SMITH"}],"neow_cost":"PERCENT_DAMAGE","seed_source_timestamp":48381782931200,"circlet_count":0,"master_deck":["AscendersBane","Strike_B","Strike_B","Defend_B","Defend_B","Defend_B","Defend_B","Zap+1","Dualcast","Ball Lightning","Go for the Eyes+1","Ball Lightning","Ball Lightning","Doom and Gloom","Ball Lightning","Thunder Strike","Coolheaded","Coolheaded","Cold Snap"],"special_seed":0,"relics":["FrozenCore","Bird Faced Urn","Meat on the Bone","Pantograph","Kunai"],"potions_floor_usage":[21],"damage_taken":[{"damage":2.0,"enemies":"Jaw Worm","floor":1.0,"turns":3.0},{"damage":12.0,"enemies":"Cultist","floor":2.0,"turns":4.0},{"damage":37.0,"enemies":"Gremlin Nob","floor":6.0,"turns":4.0},{"damage":5.0,"enemies":"Small Slimes","floor":10.0,"turns":3.0},{"damage":13.0,"enemies":"Exordium Wildlife","floor":11.0,"turns":3.0},{"damage":35.0,"enemies":"Lagavulin","floor":12.0,"turns":5.0},{"damage":8.0,"enemies":"3 Louse","floor":14.0,"turns":2.0},{"damage":60.0,"enemies":"Hexaghost","floor":16.0,"turns":9.0},{"damage":43,"enemies":"2 Thieves","floor":18,"turns":4},{"damage":22,"enemies":"Spheric Guardian","floor":19,"turns":4},{"damage":20,"enemies":"Centurion and Healer","floor":21,"turns":4}],"seed_played":"1262165646589729144","potions_obtained":[{"floor":11.0,"key":"Dexterity Potion"},{"floor":12.0,"key":"SteroidPotion"}],"is_trial":false,"path_per_floor":["M","M","$","?","?","E","R","$","T","M","M","E","R","M","R","B",null,"M","M","$","M"],"character_chosen":"DEFECT","items_purchased":["Go for the Eyes","Cold Snap","PowerPotion"],"campfire_rested":1,"item_purchase_floors":[3,20,20],"current_hp_per_floor":[44,32,32,32,71,34,34,34,34,41,40,17,38,42,42,19,58,27,17,17,0,0],"gold":0,"neow_bonus":"ONE_RARE_RELIC","is_prod":false,"is_daily":false,"chose_seed":false,"campfire_upgraded":2,"win_rate":0,"timestamp":1607472845,"path_taken":["M","M","$","?","?","E","R","$","T","?","M","E","R","M","R","BOSS","M","?","$","?"],"build_version":"2020-11-30","purchased_purges":2,"victory":false,"max_hp_per_floor":[71,71,71,71,71,71,71,71,71,71,71,71,71,71,71,71,71,71,71,71,71,71],"relic_stats":{"counters":[11,45],"Bird Faced Urn":[2],"Pantograph":25,"Kunai":[5],"obtain_stats":[{"Bird Faced Urn":0,"Pantograph":9,"Kunai":12,"Cracked Core":0,"Meat on the Bone":6,"FrozenCore":17},{"Bird Faced Urn":0,"Pantograph":3,"Kunai":6,"Cracked Core":0,"Meat on the Bone":3,"FrozenCore":8},{"Bird Faced Urn":0,"Pantograph":11,"Kunai":22,"Cracked Core":0,"Meat on the Bone":11,"FrozenCore":33}],"FrozenCore":[3],"Meat on the Bone":84},"card_choices":[{"not_picked":["Leap","Beam Cell"],"picked":"Darkness","floor":1.0},{"not_picked":["Coolheaded","Beam Cell"],"picked":"Ball Lightning","floor":2.0},{"not_picked":["Hologram","Conserve Battery"],"picked":"Ball Lightning","floor":6.0},{"not_picked":["Beam Cell","Conserve Battery"],"picked":"Ball Lightning","floor":10.0},{"not_picked":["Go for the Eyes","Lockon","Consume"],"picked":"SKIP","floor":11.0},{"not_picked":["Amplify","Aggregate"],"picked":"Doom and Gloom","floor":12.0},{"not_picked":["Sweeping Beam","Rip and Tear"],"picked":"Ball Lightning","floor":14.0},{"not_picked":["Rainbow","All For One"],"picked":"Thunder Strike","floor":16.0},{"not_picked":["Redo","Darkness"],"picked":"Coolheaded","floor":18},{"not_picked":["Aggregate","Beam Cell+1"],"picked":"Coolheaded","floor":19}],"player_experience":1587415,"relics_obtained":[{"floor":6.0,"key":"Meat on the Bone"},{"floor":9.0,"key":"Pantograph"},{"floor":12.0,"key":"Kunai"}],"event_choices":[{"damage_healed":0.0,"max_hp_gain":0.0,"max_hp_loss":0.0,"gold_gain":0.0,"event_name":"Shining Light","player_choice":"Ignored","floor":4.0,"gold_loss":0.0,"damage_taken":0.0},{"cards_removed":["Darkness"],"damage_healed":39.0,"max_hp_gain":0.0,"max_hp_loss":0.0,"gold_gain":0.0,"event_name":"Bonfire Elementals","player_choice":"Offered Uncommon","floor":5.0,"gold_loss":0.0,"damage_taken":0.0}],"is_beta":false,"boss_relics":[{"not_picked":["Pandora\u0027s Box","Runic Pyramid"],"picked":"FrozenCore"}],"items_purged_floors":[3,20],"is_endless":false,"potions_floor_spawned":[11,12,18],"killed_by":"Centurion and Healer","ascension_level":20}}