{"host":"y89x8uui45kcjy42","time":1607526417,"event":{"gold_per_floor":[115,130,130,143,143,153,228,228,228,228,240,240,267,287,287,383,383,403,603,621,632,643,643,672,672,672,690,51,51,63,79,79,183,183,202,202,218,218,238,271,271,371,420,432,32,32,48,66,66,66],"floor_reached":51,"playtime":3190,"items_purged":["HollowMod:QuickDashStart","Writhe"],"score":728,"play_id":"e95531e0-0a36-4fe6-919e-0dc7654e14a7","local_time":"20201210000657","is_ascension_mode":false,"campfire_choices":[{"data":"HollowMod:HowlingWraiths","floor":10,"key":"SMITH"},{"data":"HollowMod:CloakDash","floor":12,"key":"SMITH"},{"data":"HollowMod:ZotesMagnificence","floor":15,"key":"SMITH"},{"data":"HollowMod:ZotesMagnificence","floor":23,"key":"SMITH"},{"data":"HollowMod:NewLittleFool","floor":25,"key":"SMITH"},{"data":"HollowMod:Hiveblood","floor":29,"key":"SMITH"},{"data":"HollowMod:FallenFury","floor":32,"key":"SMITH"},{"data":"HollowMod:CloakDash","floor":41,"key":"SMITH"},{"data":"HollowMod:CrystalDash","floor":49,"key":"SMITH"}],"neow_cost":"PERCENT_DAMAGE","seed_source_timestamp":1048507995784800,"circlet_count":0,"master_deck":["HollowMod:NailStrikeStart","HollowMod:NailStrikeStart","HollowMod:QuickDashStart","HollowMod:QuickDashStart","HollowMod:QuickDashStart","HollowMod:FocusHealStart+1","HollowMod:PogoStrike","HollowMod:CloakDash+1","HollowMod:CloakDash+1","HollowMod:HowlingWraiths+1","HollowMod:DoubleDash","HollowMod:ZotesMagnificence+1","HollowMod:Hiveblood+1","HollowMod:BaldurShell","HollowMod:NewLittleFool+1","HollowMod:ZotesMagnificence+1","HollowMod:DashSlash+1","HollowMod:FallenFury+1","HollowMod:BaldurShell","HollowMod:DoubleDash+1","HollowMod:SoulMaster","HollowMod:CrystalDash+1","Flash of Steel","HollowMod:GrimmsGift+1","HollowMod:SoulMaster","HollowMod:BaldurShell","Finesse+1"],"relics":["HollowMod:VesselMask","Bird Faced Urn","InkBottle","Ice Cream","Runic Pyramid","Bag of Marbles","Kunai","Mummified Hand","Pear","Cursed Key","Toxic Egg 2","Dream Catcher","Anchor"],"potions_floor_usage":[6,13,16,20,21,24,33,50],"damage_taken":[{"damage":1,"enemies":"Cultist","floor":1,"turns":4},{"damage":1,"enemies":"Jaw Worm","floor":2,"turns":3},{"damage":0,"enemies":"2 Louse","floor":4,"turns":3},{"damage":11,"enemies":"Large Slime","floor":6,"turns":9},{"damage":2,"enemies":"Blue Slaver","floor":11,"turns":5},{"damage":3,"enemies":"Gremlin Nob","floor":13,"turns":3},{"damage":40,"enemies":"Gremlin Gang","floor":14,"turns":4},{"damage":55,"enemies":"The Guardian","floor":16,"turns":18},{"damage":20,"enemies":"Chosen","floor":18,"turns":3},{"damage":20,"enemies":"2 Thieves","floor":20,"turns":3},{"damage":36,"enemies":"Sentry and Sphere","floor":21,"turns":7},{"damage":33,"enemies":"Centurion and Healer","floor":22,"turns":6},{"damage":39,"enemies":"Slavers","floor":24,"turns":8},{"damage":15,"enemies":"Snake Plant","floor":27,"turns":3},{"damage":41,"enemies":"3 Cultists","floor":30,"turns":5},{"damage":47,"enemies":"Sentry and Sphere","floor":31,"turns":6},{"damage":42,"enemies":"HollowMod:NKGrimm","floor":33,"turns":14},{"damage":6,"enemies":"3 Shapes","floor":35,"turns":3},{"damage":0,"enemies":"Orb Walker","floor":37,"turns":1},{"damage":23,"enemies":"Sphere and 2 Shapes","floor":39,"turns":4},{"damage":38,"enemies":"Giant Head","floor":40,"turns":7},{"damage":49,"enemies":"Maw","floor":44,"turns":7},{"damage":56,"enemies":"4 Shapes","floor":47,"turns":6},{"damage":17,"enemies":"Jaw Worm Horde","floor":48,"turns":5},{"damage":122,"enemies":"Time Eater","floor":50,"turns":14}],"seed_played":"-5684278590679432339","potions_obtained":[{"floor":1,"key":"BlessingOfTheForge"},{"floor":2,"key":"Fruit Juice"},{"floor":6,"key":"Energy Potion"},{"floor":11,"key":"FairyPotion"},{"floor":16,"key":"FairyPotion"},{"floor":18,"key":"Strength Potion"},{"floor":20,"key":"PowerPotion"},{"floor":21,"key":"ColorlessPotion"},{"floor":22,"key":"FairyPotion"},{"floor":30,"key":"SpeedPotion"},{"floor":35,"key":"EssenceOfSteel"},{"floor":37,"key":"Regen Potion"}],"is_trial":false,"path_per_floor":["M","M","?","M","?","M","?","?","T","R","M","R","E","M","R","B",null,"M","?","M","M","M","R","E","R","T","M","$","R","M","M","R","B",null,"M","?","M","?","M","E","R","?","T","M","$","T","M","M","R","B",null],"character_chosen":"THE_BUGKNIGHT","items_purchased":["Mummified Hand","HollowMod:BaldurShell","Pear","HollowMod:BaldurShell","Anchor","Finesse+1"],"campfire_rested":0,"item_purchase_floors":[28,28,28,45,45,45],"current_hp_per_floor":[59,58,51,57,57,56,45,45,45,45,53,53,56,26,26,16,80,75,75,66,55,49,49,33,33,33,25,35,35,30,11,11,7,90,88,88,88,88,86,74,74,74,74,60,60,60,45,66,66,25],"gold":66,"neow_bonus":"ONE_RARE_RELIC","is_prod":false,"is_daily":false,"chose_seed":false,"campfire_upgraded":9,"win_rate":0.0,"timestamp":1607526417,"path_taken":["M","M","?","M","?","M","?","?","T","R","M","R","E","M","R","BOSS","M","?","M","?","?","R","E","R","T","M","$","R","M","M","R","BOSS","M","?","M","?","M","E","R","?","T","?","$","?","M","M","R","BOSS"],"build_version":"2020-11-30","purchased_purges":2,"victory":true,"max_hp_per_floor":[75,75,75,75,75,75,75,75,75,75,75,75,75,75,75,80,80,80,80,80,80,80,80,80,80,80,80,90,90,90,90,90,90,90,90,90,90,90,90,90,90,90,90,90,90,90,90,90,90,90],"card_choices":[{"not_picked":["HollowMod:AbyssShriek","HollowMod:InfectionAssault"],"picked":"HollowMod:CloakDash","floor":1},{"not_picked":["HollowMod:MonarchWings","HollowMod:InfectedCysts"],"picked":"HollowMod:CloakDash","floor":2},{"not_picked":["HollowMod:NewJinnsSoul","HollowMod:LifebloodCocoon","HollowMod:FastStrike"],"picked":"SKIP","floor":4},{"not_picked":["HollowMod:SoulSplash","HollowMod:InfectedCysts"],"picked":"HollowMod:HowlingWraiths","floor":6},{"not_picked":["HollowMod:NewLittleFool","HollowMod:InfectedCysts"],"picked":"HollowMod:DoubleDash","floor":11},{"not_picked":["HollowMod:Hiveblood","HollowMod:CoiledNail"],"picked":"HollowMod:ZotesMagnificence","floor":13},{"not_picked":["HollowMod:SharpenedNail","HollowMod:DescendingDark","HollowMod:CrystalDash"],"picked":"SKIP","floor":14},{"not_picked":["HollowMod:ElderbugsWisdom","HollowMod:VoidDash"],"picked":"HollowMod:Hiveblood","floor":16},{"not_picked":["HollowMod:SiblingsSouls","HollowMod:CoiledNail","HollowMod:NewJinnsSoul"],"picked":"SKIP","floor":18},{"not_picked":["HollowMod:CycloneSlash","HollowMod:DescendingDark"],"picked":"HollowMod:BaldurShell","floor":20},{"not_picked":["HollowMod:InfectedAttack","HollowMod:MantisMark"],"picked":"HollowMod:NewLittleFool","floor":21},{"not_picked":["HollowMod:DreamGate","HollowMod:HowlingWraiths"],"picked":"HollowMod:ZotesMagnificence","floor":22},{"not_picked":["HollowMod:SiblingsShadow+1","HollowMod:SoulVessel"],"picked":"HollowMod:DashSlash+1","floor":24},{"not_picked":["HollowMod:ChannelNail","HollowMod:VengefulVoid"],"picked":"HollowMod:FallenFury","floor":27},{"not_picked":["HollowMod:LifebloodCocoon","HollowMod:PureNailStrike","HollowMod:NewGlowingWomb"],"picked":"SKIP","floor":30},{"not_picked":["HollowMod:VengefulSpirit+1","HollowMod:HeavyBlow"],"picked":"HollowMod:DoubleDash+1","floor":31},{"not_picked":["HollowMod:NewInfectedGuardian","HollowMod:HornetsHelp"],"picked":"HollowMod:SoulMaster","floor":33},{"not_picked":["HollowMod:GoodIntentions","HollowMod:NewGlowingWomb","HollowMod:NewLittleFool+1"],"picked":"SKIP","floor":35},{"not_picked":["HollowMod:DoubleDash+1","HollowMod:DashSlash"],"picked":"HollowMod:CrystalDash","floor":37},{"not_picked":["The Bomb","Mayhem"],"picked":"Flash of Steel","floor":38},{"not_picked":["HollowMod:SiblingsShadow+1","HollowMod:InfectedCysts"],"picked":"HollowMod:GrimmsGift+1","floor":39},{"not_picked":["HollowMod:QuirrelsAssistance","HollowMod:FallenFury"],"picked":"HollowMod:SoulMaster","floor":40},{"not_picked":["HollowMod:RecoilStrike","HollowMod:SharpenedNail","HollowMod:DoubleDash+1"],"picked":"SKIP","floor":44},{"not_picked":["HollowMod:CrystalDash+1","HollowMod:CornifersMapStart+1","HollowMod:AbyssShriek"],"picked":"SKIP","floor":47},{"not_picked":["HollowMod:WraithStrike+1","HollowMod:DashSlash","HollowMod:ShapeofUnn+1"],"picked":"SKIP","floor":48}],"player_experience":486654,"relics_obtained":[{"floor":9,"key":"InkBottle"},{"floor":13,"key":"Ice Cream"},{"floor":24,"key":"Bag of Marbles"},{"floor":26,"key":"Kunai"},{"floor":40,"key":"Toxic Egg 2"},{"floor":43,"key":"Dream Catcher"}],"event_choices":[{"cards_removed":["HollowMod:NailStrikeStart"],"damage_healed":0,"gold_gain":0,"player_choice":"Card Removal","damage_taken":7,"max_hp_gain":0,"max_hp_loss":0,"event_name":"Golden Wing","floor":3,"gold_loss":0},{"damage_healed":0,"gold_gain":0,"player_choice":"Grow","damage_taken":0,"max_hp_gain":0,"max_hp_loss":0,"event_name":"Living Wall","floor":5,"gold_loss":0,"cards_upgraded":["HollowMod:FocusHealStart"]},{"damage_healed":0,"gold_gain":75,"player_choice":"Gather Gold","damage_taken":11,"max_hp_gain":0,"max_hp_loss":0,"event_name":"World of Goop","floor":7,"gold_loss":0},{"damage_healed":0,"gold_gain":0,"player_choice":"Ignored","damage_taken":0,"max_hp_gain":0,"max_hp_loss":0,"event_name":"Liars Game","floor":8,"gold_loss":0},{"damage_healed":0,"gold_gain":200,"player_choice":"Gold","damage_taken":0,"max_hp_gain":0,"max_hp_loss":0,"event_name":"Wheel of Change","floor":19,"gold_loss":0},{"cards_removed":["HollowMod:NailStrikeStart"],"damage_healed":0,"gold_gain":0,"player_choice":"Removed Attack","damage_taken":0,"max_hp_gain":0,"max_hp_loss":0,"event_name":"Falling","floor":36,"gold_loss":0},{"damage_healed":0,"gold_gain":0,"player_choice":"Memory 1","damage_taken":0,"max_hp_gain":0,"max_hp_loss":0,"event_name":"SensoryStone","floor":38,"gold_loss":0},{"damage_healed":0,"gold_gain":100,"player_choice":"Pray","damage_taken":0,"max_hp_gain":0,"max_hp_loss":0,"event_name":"Golden Shrine","floor":42,"gold_loss":0}],"is_beta":false,"boss_relics":[{"not_picked":["Black Star","Velvet Choker"],"picked":"Runic Pyramid"},{"not_picked":["Tiny House","Runic Dome"],"picked":"Cursed Key"}],"items_purged_floors":[28,45],"is_endless":false,"potions_floor_spawned":[1,2,6,11,16,18,20,21,22,30,35,37,44,48],"ascension_level":0}}