{"host":"cjhtzh7tp54jdfyv","time":1607538673,"event":{"gold_per_floor":[112,37,47,66,83,118,118,151,151,162,197,213,213,213,213,285,285,300,316,316,326,340,340,373,298,366,50,77,77,93,124,124,201,201,220,269,46,46,46,71,71,102,102,114,142,142,167,7,7,7,7,7,7,7,35,35,35],"floor_reached":56,"playtime":5634,"items_purged":["Strike_P","Defend_P"],"score":2607,"play_id":"3e6746d2-65c4-4b2f-a16f-d4cbbb9d0a63","local_time":"20201209133113","is_ascension_mode":true,"campfire_choices":[{"floor":7.0,"key":"REST"},{"data":"TalkToTheHand","floor":15.0,"key":"SMITH"},{"floor":23.0,"key":"REST"},{"data":"TalkToTheHand","floor":29.0,"key":"SMITH"},{"data":"MentalFortress","floor":32.0,"key":"SMITH"},{"floor":41.0,"key":"RECALL"},{"floor":46,"key":"REST"},{"data":"DevaForm","floor":49,"key":"SMITH"},{"data":"EmptyMind","floor":53,"key":"SMITH"}],"neow_cost":"NONE","seed_source_timestamp":683899339604600,"circlet_count":0,"master_deck":["AscendersBane","Strike_P+1","Strike_P","Strike_P","Defend_P+1","Eruption","Vigilance","BowlingBash","ForeignInfluence+1","TalkToTheHand+1","FlurryOfBlows","EmptyMind+1","TalkToTheHand+1","Halt+1","ClearTheMind+1","Vault+1","ClearTheMind+1","Wallop","Crescendo+1","FlurryOfBlows+1","Wireheading","TalkToTheHand+1","MentalFortress+1","Vault+1","SashWhip+1","Vault+1","DevaForm+1","Tantrum+1","Vault+1"],"special_seed":0,"relics":["HolyWater","Regal Pillow","PreservedInsect","Art of War","Toxic Egg 2","Runic Pyramid","Enchiridion","Dream Catcher","Strange Spoon","Whetstone","Kunai","Ice Cream","Medical Kit","Calipers","Omamori","Smiling Mask","Bag of Marbles","Bird Faced Urn","DollysMirror","War Paint"],"potions_floor_usage":[56],"damage_taken":[{"damage":4.0,"enemies":"Jaw Worm","floor":1.0,"turns":5.0},{"damage":12.0,"enemies":"Small Slimes","floor":3.0,"turns":2.0},{"damage":0.0,"enemies":"2 Louse","floor":4.0,"turns":2.0},{"damage":19.0,"enemies":"Large Slime","floor":5.0,"turns":4.0},{"damage":13.0,"enemies":"Lagavulin","floor":6.0,"turns":7.0},{"damage":19.0,"enemies":"Gremlin Nob","floor":8.0,"turns":4.0},{"damage":2.0,"enemies":"Lots of Slimes","floor":10.0,"turns":4.0},{"damage":19.0,"enemies":"Lagavulin","floor":11.0,"turns":9.0},{"damage":0.0,"enemies":"3 Louse","floor":12.0,"turns":3.0},{"damage":0.0,"enemies":"The Guardian","floor":16.0,"turns":8.0},{"damage":0.0,"enemies":"Spheric Guardian","floor":18.0,"turns":3.0},{"damage":2.0,"enemies":"Chosen","floor":19.0,"turns":6.0},{"damage":0.0,"enemies":"Sentry and Sphere","floor":21.0,"turns":3.0},{"damage":0.0,"enemies":"Cultist and Chosen","floor":22.0,"turns":8.0},{"damage":3.0,"enemies":"Slavers","floor":24.0,"turns":6.0},{"damage":0.0,"enemies":"Gremlin Leader","floor":28.0,"turns":3.0},{"damage":0.0,"enemies":"Chosen and Byrds","floor":30.0,"turns":6.0},{"damage":0.0,"enemies":"Slavers","floor":31.0,"turns":3.0},{"damage":10.0,"enemies":"Champ","floor":33.0,"turns":11.0},{"damage":2.0,"enemies":"3 Shapes","floor":35.0,"turns":5.0},{"damage":25.0,"enemies":"2 Orb Walkers","floor":36.0,"turns":5.0},{"damage":0.0,"enemies":"Giant Head","floor":40.0,"turns":6.0},{"damage":9.0,"enemies":"Reptomancer","floor":42.0,"turns":6.0},{"damage":0.0,"enemies":"3 Darklings","floor":44.0,"turns":4.0},{"damage":0,"enemies":"Nemesis","floor":45,"turns":5},{"damage":0,"enemies":"Reptomancer","floor":47,"turns":3},{"damage":0,"enemies":"Time Eater","floor":50,"turns":15},{"damage":10,"enemies":"Donu and Deca","floor":51,"turns":10},{"damage":0,"enemies":"Shield and Spear","floor":55,"turns":6},{"damage":80,"enemies":"The Heart","floor":56,"turns":3}],"seed_played":"-8059269930867412831","potions_obtained":[{"floor":6.0,"key":"Weak Potion"},{"floor":11.0,"key":"ColorlessPotion"},{"floor":12.0,"key":"DuplicationPotion"},{"floor":16.0,"key":"Swift Potion"},{"floor":18.0,"key":"DuplicationPotion"},{"floor":24.0,"key":"FearPotion"}],"is_trial":false,"path_per_floor":["M","?","M","M","M","E","R","E","T","M","E","M","?","?","R","B",null,"M","M","?","M","M","R","E","$","T","$","E","R","M","E","R","B",null,"M","?","$","?","?","E","R","E","T","M","E","R","E","$","R","B","B",null,"R","$","E","B"],"character_chosen":"WATCHER","items_purchased":["Strange Spoon","Wireheading","Medical Kit","SteroidPotion","DollysMirror"],"campfire_rested":3,"item_purchase_floors":[27,27,37,37,48],"current_hp_per_floor":[63,63,51,51,32,19,56,37,37,35,16,16,9,9,9,9,58,58,56,35,35,35,72,69,69,69,69,69,69,69,69,69,59,70,68,43,43,43,43,43,43,34,34,34,34,71,71,71,71,74,66,72,72,72,74,0,0],"gold":35,"neow_bonus":"TEN_PERCENT_HP_BONUS","is_prod":false,"is_daily":false,"chose_seed":false,"campfire_upgraded":5,"win_rate":0,"timestamp":1607538673,"path_taken":["M","?","M","M","M","E","R","E","T","M","E","M","?","?","R","BOSS","M","M","?","M","M","R","E","$","T","$","E","R","M","E","R","BOSS","M","?","$","?","?","E","R","E","T","?","E","R","E","$","R","BOSS","BOSS","R","$","E","BOSS"],"build_version":"2020-11-30","purchased_purges":2,"victory":false,"max_hp_per_floor":[74,74,74,74,74,74,74,74,74,74,74,74,74,74,74,74,74,74,74,74,74,74,74,74,74,74,74,74,74,74,74,74,74,74,74,74,74,74,74,74,74,74,74,74,74,74,74,74,74,74,74,74,74,74,74,74,74],"card_choices":[{"not_picked":["Crescendo","Weave"],"picked":"BowlingBash","floor":1.0},{"not_picked":["Prostrate","Evaluate"],"picked":"ForeignInfluence","floor":3.0},{"not_picked":["BowlingBash","CutThroughFate"],"picked":"TalkToTheHand","floor":4.0},{"not_picked":["Ragnarok","Consecrate"],"picked":"FlurryOfBlows","floor":5.0},{"not_picked":["ClearTheMind","EmptyBody"],"picked":"EmptyMind","floor":6.0},{"not_picked":["ThirdEye","MasterReality"],"picked":"TalkToTheHand","floor":8.0},{"not_picked":["JustLucky","Consecrate"],"picked":"Protect","floor":10.0},{"not_picked":["CarveReality","ForeignInfluence+1"],"picked":"Halt+1","floor":11.0},{"not_picked":["Evaluate+1","Crescendo+1"],"picked":"ClearTheMind+1","floor":12.0},{"not_picked":["Devotion","LessonLearned"],"picked":"Vault+1","floor":16.0},{"not_picked":["SashWhip","FlyingSleeves+1"],"picked":"ClearTheMind+1","floor":18.0},{"not_picked":["FlyingSleeves","CutThroughFate"],"picked":"Wallop","floor":19.0},{"not_picked":["WindmillStrike","FollowUp"],"picked":"Crescendo+1","floor":21.0},{"not_picked":["CutThroughFate","Study","JustLucky"],"picked":"SKIP","floor":22.0},{"not_picked":["BowlingBash","EmptyBody+1"],"picked":"FlurryOfBlows","floor":24.0},{"not_picked":["BowlingBash","BattleHymn"],"picked":"TalkToTheHand","floor":28.0},{"not_picked":["Sanctity+1","ClearTheMind+1","EmptyBody+1"],"picked":"SKIP","floor":30.0},{"not_picked":["Alpha+1","EmptyFist"],"picked":"MentalFortress","floor":31.0},{"not_picked":["Scrawl+1","Judgement+1"],"picked":"Vault+1","floor":33.0},{"not_picked":["DeceiveReality+1","Halt+1"],"picked":"SashWhip+1","floor":35.0},{"not_picked":["LikeWater","JustLucky","BowlingBash"],"picked":"SKIP","floor":40.0},{"not_picked":["ThirdEye+1","EmptyBody+1","PathToVictory+1"],"picked":"SKIP","floor":42.0},{"not_picked":["Prostrate+1","DeceiveReality+1"],"picked":"DevaForm","floor":44.0},{"not_picked":["Brilliance","FollowUp"],"picked":"Tantrum+1","floor":45},{"not_picked":["CrushJoints","ReachHeaven","SashWhip"],"picked":"SKIP","floor":47},{"not_picked":["Protect+1","ForeignInfluence+1","CrushJoints+1"],"picked":"SKIP","floor":55}],"player_experience":4069460,"relics_obtained":[{"floor":6.0,"key":"Regal Pillow"},{"floor":8.0,"key":"PreservedInsect"},{"floor":9.0,"key":"Art of War"},{"floor":11.0,"key":"Toxic Egg 2"},{"floor":20.0,"key":"Enchiridion"},{"floor":24.0,"key":"Dream Catcher"},{"floor":28.0,"key":"Whetstone"},{"floor":31.0,"key":"Kunai"},{"floor":36.0,"key":"Ice Cream"},{"floor":40.0,"key":"Calipers"},{"floor":42.0,"key":"Omamori"},{"floor":43.0,"key":"Smiling Mask"},{"floor":45,"key":"Bag of Marbles"},{"floor":47,"key":"Bird Faced Urn"},{"floor":55,"key":"War Paint"}],"event_choices":[{"cards_removed":["Defend_P"],"damage_healed":0.0,"max_hp_gain":0.0,"max_hp_loss":0.0,"gold_gain":0.0,"event_name":"The Cleric","player_choice":"Card Removal","floor":2.0,"gold_loss":75.0,"damage_taken":0.0},{"cards_removed":["Defend_P"],"damage_healed":0.0,"max_hp_gain":0.0,"max_hp_loss":0.0,"gold_gain":0.0,"event_name":"Golden Wing","player_choice":"Card Removal","floor":13.0,"gold_loss":0.0,"damage_taken":7.0},{"damage_healed":0.0,"max_hp_gain":0.0,"max_hp_loss":0.0,"gold_gain":0.0,"event_name":"Living Wall","player_choice":"Grow","floor":14.0,"gold_loss":0.0,"damage_taken":0.0,"cards_upgraded":["TalkToTheHand"]},{"damage_healed":0.0,"max_hp_gain":0.0,"max_hp_loss":0.0,"gold_gain":0.0,"event_name":"Cursed Tome","player_choice":"Obtained Book","floor":20.0,"gold_loss":0.0,"damage_taken":21.0},{"damage_healed":0.0,"max_hp_gain":0.0,"max_hp_loss":0.0,"gold_gain":0.0,"event_name":"Mysterious Sphere","player_choice":"Fight","floor":36.0,"gold_loss":0.0,"damage_taken":0.0},{"cards_removed":["Protect"],"damage_healed":0.0,"max_hp_gain":0.0,"max_hp_loss":0.0,"gold_gain":0.0,"event_name":"Falling","player_choice":"Removed Skill","floor":38.0,"gold_loss":0.0,"damage_taken":0.0},{"damage_healed":0.0,"max_hp_gain":0.0,"max_hp_loss":0.0,"gold_gain":0.0,"event_name":"Duplicator","player_choice":"Copied","floor":39.0,"gold_loss":0.0,"damage_taken":0.0,"cards_obtained":["Vault"]}],"is_beta":false,"boss_relics":[{"not_picked":["VioletLotus","Sozu"],"picked":"Runic Pyramid"},{"not_picked":["Tiny House","Coffee Dripper"],"picked":"HolyWater"}],"items_purged_floors":[25,27],"is_endless":false,"potions_floor_spawned":[6,11,12,16,18,24,28,30,42],"killed_by":"The Heart","ascension_level":20}}