{"host":"y5gwkyp54bvo4ymw","time":1607476500,"event":{"gold_per_floor":[210,485,505,515,13,13,47,62,62,81,113,128,128,146,146,242,242,256,274,289,289,303,303,336,366,366,366,366],"floor_reached":27,"playtime":1612,"items_purged":[],"score":374,"play_id":"a80f326e-ca3d-4073-ba55-7a77e528b27c","local_time":"20201208201500","is_ascension_mode":false,"campfire_choices":[{"data":"TheCursedMod:ReleasedStrength","floor":6,"key":"SMITH"},{"data":"TheCursedMod:CursedWand","floor":13,"key":"SMITH"},{"data":"TheCursedMod:SpitefulStrike","floor":15,"key":"SMITH"},{"floor":23,"key":"REST"}],"neow_cost":"NONE","seed_source_timestamp":299286025740700,"circlet_count":0,"master_deck":["TheCursedMod:Strike_TheCursed","TheCursedMod:Strike_TheCursed","TheCursedMod:Strike_TheCursed","TheCursedMod:Strike_TheCursed","TheCursedMod:Defend_TheCursed","TheCursedMod:Defend_TheCursed","TheCursedMod:Defend_TheCursed","TheCursedMod:Defend_TheCursed","TheCursedMod:CursedWand+1","TheCursedMod:CleanUpWorkshop","TheCursedMod:Dregs","TheCursedMod:SoulCrush","Regret","TheCursedMod:ReleasedStrength+1","TheCursedMod:Grudge","TheCursedMod:WearCloak","TheCursedMod:SpitefulPlan","Swift Strike","TheCursedMod:AshesToAshes","TheCursedMod:SpitefulStrike+1","TheCursedMod:Evocation","TheCursedMod:CursedShiv","TheCursedMod:CircleOfFlame","TheCursedMod:VoidForm","TheCursedMod:CursedBlade","TheCursedMod:CursedSpellbook","TheCursedMod:HellfireBreathing+1","TheCursedMod:WearCloak+1","hubris:Greed","hubris:Greed","TheCursedMod:ReleasedKnowledge+1","hubris:Greed","hubris:Greed"],"relics":["TheCursedMod:BlackMagic101","Dota2Spire:Satanic","StuffTheSpire:Barrel","Shuriken","TheCursedMod:MagicCandle","infinitespire:Joker Card","SnailShell"],"potions_floor_usage":[11,11,14,16,20,24,25],"damage_taken":[{"damage":0,"enemies":"2 Louse","floor":1,"turns":2},{"damage":10,"enemies":"infinitespire:Voidling","floor":3,"turns":4},{"damage":5,"enemies":"Small Slimes","floor":4,"turns":4},{"damage":23,"enemies":"Lagavulin","floor":7,"turns":7},{"damage":2,"enemies":"2 Fungi Beasts","floor":8,"turns":3},{"damage":6,"enemies":"Gremlin Gang","floor":10,"turns":4},{"damage":1,"enemies":"3 Sentries","floor":11,"turns":5},{"damage":5,"enemies":"Looter","floor":12,"turns":2},{"damage":0,"enemies":"Blue Slaver","floor":14,"turns":1},{"damage":27,"enemies":"Hexaghost","floor":16,"turns":9},{"damage":26,"enemies":"3 Byrds","floor":18,"turns":7},{"damage":10,"enemies":"Chosen","floor":19,"turns":3},{"damage":3,"enemies":"Snecko","floor":20,"turns":5},{"damage":31,"enemies":"Sentry and Sphere","floor":22,"turns":5},{"damage":4,"enemies":"Gremlin Leader","floor":24,"turns":6},{"damage":17,"enemies":"conspire:HollyBat","floor":25,"turns":9},{"damage":8,"enemies":"Snecko","floor":27,"turns":3}],"seed_played":"-1797725489804202579","potions_obtained":[{"floor":3,"key":"blueLaboratory:HorrorPotion"},{"floor":4,"key":"blueLaboratory:TrueEctoplasm"},{"floor":7,"key":"BlessingOfTheForge"},{"floor":11,"key":"blueLaboratory:SavagePotion"},{"floor":12,"key":"jedi:StrikingPotion"},{"floor":16,"key":"jedi:tentaclejuice"},{"floor":19,"key":"blueLaboratory:BottleOfVodka"},{"floor":22,"key":"Ancient Potion"},{"floor":24,"key":"blueLaboratory:SavagePotion"},{"floor":25,"key":"blueLaboratory:StoneskinPotion"}],"is_trial":false,"path_per_floor":["M","?","M","M","$","R","E","M","T","M","E","M","R","M","R","B",null,"M","M","M","?","M","R","E","M","T","M"],"character_chosen":"THE_CURSED","items_purchased":["Dota2Spire:Satanic","TheCursedMod:WearCloak","TheCursedMod:SpitefulPlan","Swift Strike"],"campfire_rested":1,"item_purchase_floors":[5,5,5,5],"current_hp_per_floor":[75,75,72,67,67,67,44,50,50,44,43,38,38,38,38,11,75,49,39,36,36,5,27,23,6,6,0,0],"gold":366,"neow_bonus":"HUNDRED_GOLD","is_prod":false,"is_daily":false,"chose_seed":false,"campfire_upgraded":3,"win_rate":0.0,"timestamp":1607476500,"path_taken":["M","?","M","M","$","R","E","M","T","M","E","M","R","M","R","BOSS","M","?","M","?","M","R","E","M","T","M"],"build_version":"2020-11-30","purchased_purges":0,"victory":false,"max_hp_per_floor":[75,75,75,75,75,75,75,75,75,75,75,75,75,75,75,75,75,75,75,75,75,75,75,75,75,75,75,75],"card_choices":[{"not_picked":["TheCursedMod:CursedShiv","TheCursedMod:CircleOfFlame"],"picked":"TheCursedMod:SoulCrush","floor":1},{"not_picked":["TheCursedMod:HellfireBreathing","TheCursedMod:Stretching"],"picked":"TheCursedMod:ReleasedStrength","floor":3},{"not_picked":["TheCursedMod:Stretching","TheCursedMod:CircleOfFlame"],"picked":"TheCursedMod:Grudge","floor":4},{"not_picked":["TheCursedMod:RavingStaff","TheCursedMod:TacticalStrike"],"picked":"TheCursedMod:AshesToAshes","floor":7},{"not_picked":["TheCursedMod:CursedBoomerang","TheCursedMod:CircleOfAmplification"],"picked":"TheCursedMod:SpitefulStrike","floor":8},{"not_picked":["TheCursedMod:EmpowerCircles","TheCursedMod:Obscuration"],"picked":"TheCursedMod:Evocation","floor":10},{"not_picked":["TheCursedMod:CursedArmor","TheCursedMod:Stretching","TheCursedMod:ReleasedStrength"],"picked":"SKIP","floor":11},{"not_picked":["TheCursedMod:CursedAmulet","TheCursedMod:Obscuration"],"picked":"TheCursedMod:CursedShiv","floor":12},{"not_picked":["TheCursedMod:RapidMovement","TheCursedMod:Torture"],"picked":"TheCursedMod:CircleOfFlame","floor":14},{"not_picked":["TheCursedMod:DarkBarrier","TheCursedMod:UltimatePain"],"picked":"TheCursedMod:VoidForm","floor":16},{"not_picked":["TheCursedMod:CursedMace+1","TheCursedMod:StingEye"],"picked":"TheCursedMod:CursedBlade","floor":18},{"not_picked":["TheCursedMod:HellsGateOpen","TheCursedMod:CircleOfBlood"],"picked":"TheCursedMod:CursedSpellbook","floor":19},{"not_picked":["TheCursedMod:BlessingInDisguise","TheCursedMod:VitalStrike"],"picked":"TheCursedMod:HellfireBreathing+1","floor":20},{"not_picked":["TheCursedMod:CursedAmulet","TheCursedMod:CursedArmor"],"picked":"TheCursedMod:WearCloak+1","floor":22},{"not_picked":["TheCursedMod:Stigma","TheCursedMod:AshesToAshes","TheCursedMod:Stretching"],"picked":"SKIP","floor":24},{"not_picked":["TheCursedMod:CursedArmor+1","TheCursedMod:Evocation+1"],"picked":"TheCursedMod:ReleasedKnowledge+1","floor":25}],"player_experience":563500,"relics_obtained":[{"floor":7,"key":"StuffTheSpire:Barrel"},{"floor":9,"key":"Shuriken"},{"floor":11,"key":"TheCursedMod:MagicCandle"},{"floor":24,"key":"infinitespire:Joker Card"},{"floor":26,"key":"SnailShell"}],"event_choices":[{"damage_healed":0,"gold_gain":275,"player_choice":"Desecrate","damage_taken":0,"max_hp_gain":0,"max_hp_loss":0,"event_name":"Golden Shrine","floor":2,"gold_loss":0,"cards_obtained":["Regret"]},{"damage_healed":0,"gold_gain":0,"player_choice":"Leave","damage_taken":0,"max_hp_gain":0,"max_hp_loss":0,"event_name":"conspire:Investor","floor":21,"gold_loss":0}],"is_beta":false,"boss_relics":[{"not_picked":["halation:CatFaceCupcake","vexMod:MegatonBomb","halation:MonkeysPaw"]}],"items_purged_floors":[],"is_endless":true,"potions_floor_spawned":[3,4,7,10,11,12,16,19,22,24,25],"killed_by":"Snecko","ascension_level":0}}