{"host":"kbputf7ow1gycclz","time":1607489794,"event":{"gold_per_floor":[112,37,49,64,64,89,89,122,198,217,245,245,110,128,128,223,223,236,246,246,246,246,246,278,278,301,7,33,33,45,63,63,164,164,179,54,68,79,106,106,139,176,203,216,216,225,267,285,285,285,285],"floor_reached":50,"playtime":2396,"items_purged":["Perfected Strike","Brutality","Anger"],"score":794,"play_id":"88e3114d-ff8e-4b01-95b4-f61a39e26d42","local_time":"20201208225634","is_ascension_mode":true,"campfire_choices":[{"data":"Spot Weakness","floor":7,"key":"SMITH"},{"data":"Wild Strike","floor":12,"key":"SMITH"},{"data":"Disarm","floor":15,"key":"SMITH"},{"data":"Immolate","floor":23,"key":"SMITH"},{"data":"Spot Weakness","floor":25,"key":"SMITH"},{"data":"Inflame","floor":29,"key":"SMITH"},{"data":"Limit Break","floor":32,"key":"SMITH"},{"floor":40,"key":"REST"},{"floor":45,"key":"REST"},{"floor":49,"key":"RECALL"}],"neow_cost":"NONE","seed_source_timestamp":-3686976632371530342,"circlet_count":0,"master_deck":["Bash","Pummel","Reckless Charge","True Grit","Spot Weakness+1","Bloodletting","Flame Barrier","Evolve+1","Disarm+1","Power Through","Sentinel","Wild Strike+1","Heavy Blade","Inflame+1","Immolate+1","Sword Boomerang","Spot Weakness+1","Exhume","Limit Break+1","Barricade","Armaments+1","Pommel Strike+1","Parasite","Shockwave","Power Through","Second Wind+1"],"relics":["Pandora\u0027s Box","Incense Burner","Tiny Chest","Pear","Nunchaku","Sozu","Mercury Hourglass","Bag of Marbles","Happy Flower","Runic Dome","CeramicFish","Frozen Egg 2","Red Skull","Bottled Lightning"],"potions_floor_usage":[44,50],"damage_taken":[{"damage":5,"enemies":"Jaw Worm","floor":1,"turns":3},{"damage":4,"enemies":"Cultist","floor":3,"turns":2},{"damage":0,"enemies":"2 Louse","floor":4,"turns":2},{"damage":12,"enemies":"3 Sentries","floor":6,"turns":6},{"damage":6,"enemies":"Lagavulin","floor":8,"turns":5},{"damage":1,"enemies":"Looter","floor":10,"turns":5},{"damage":2,"enemies":"Gremlin Nob","floor":11,"turns":3},{"damage":14,"enemies":"Blue Slaver","floor":14,"turns":3},{"damage":4,"enemies":"The Guardian","floor":16,"turns":11},{"damage":17,"enemies":"2 Thieves","floor":18,"turns":4},{"damage":4,"enemies":"Spheric Guardian","floor":19,"turns":3},{"damage":5,"enemies":"Book of Stabbing","floor":24,"turns":3},{"damage":20,"enemies":"Slavers","floor":28,"turns":3},{"damage":6,"enemies":"Shelled Parasite and Fungi","floor":30,"turns":3},{"damage":0,"enemies":"Sentry and Sphere","floor":31,"turns":2},{"damage":10,"enemies":"Champ","floor":33,"turns":8},{"damage":0,"enemies":"3 Shapes","floor":35,"turns":5},{"damage":24,"enemies":"3 Darklings","floor":37,"turns":4},{"damage":30,"enemies":"Maw","floor":38,"turns":8},{"damage":22,"enemies":"Nemesis","floor":41,"turns":5},{"damage":9,"enemies":"Writhing Mass","floor":42,"turns":4},{"damage":0,"enemies":"Transient","floor":44,"turns":5},{"damage":37,"enemies":"Reptomancer","floor":47,"turns":5},{"damage":2,"enemies":"3 Darklings","floor":48,"turns":4},{"damage":3,"enemies":"Awakened One","floor":50,"turns":2}],"seed_played":"564957128622873625","potions_obtained":[{"floor":1,"key":"GamblersBrew"},{"floor":3,"key":"LiquidBronze"},{"floor":16,"key":"AttackPotion"}],"is_trial":false,"path_per_floor":["M","$","M","M","?","E","R","E","T","M","E","R","$","M","R","B",null,"M","M","?","?","?","R","E","R","T","$","E","R","M","M","R","B",null,"M","$","M","M","T","R","E","M","T","M","R","?","E","M","R","B"],"character_chosen":"IRONCLAD","items_purchased":["Inflame","Limit Break","Bag of Marbles"],"campfire_rested":2,"item_purchase_floors":[13,27,27],"current_hp_per_floor":[75,75,71,71,71,59,59,53,63,62,60,60,60,46,46,42,78,61,57,57,57,57,57,52,52,52,52,32,32,26,26,26,16,72,72,72,48,18,18,45,23,14,14,14,41,41,4,2,2,0,0],"gold":285,"neow_bonus":"BOSS_RELIC","is_prod":false,"is_daily":false,"chose_seed":false,"campfire_upgraded":7,"win_rate":0,"timestamp":1607489794,"path_taken":["M","$","M","M","?","E","R","E","T","M","E","R","$","M","R","BOSS","M","M","?","?","?","R","E","R","T","$","E","R","M","M","R","BOSS","M","$","M","M","?","R","E","M","T","M","R","?","E","M","R","BOSS"],"build_version":"2020-11-30","purchased_purges":3,"victory":false,"max_hp_per_floor":[80,80,80,80,80,80,80,80,90,90,90,90,90,90,90,90,90,90,90,90,90,90,90,90,90,90,90,90,90,90,90,90,90,90,90,90,90,90,90,90,90,90,90,90,90,90,90,90,90,90,90],"relic_stats":{"Sozu":5,"Nunchaku":[10],"Happy Flower":[18],"counters":[25,107],"CeramicFish":36,"Pandora\u0027s Box":["Intimidate","Perfected Strike","Brutality","Pummel","Reckless Charge","True Grit","Spot Weakness","Bloodletting","Anger"],"Tiny Chest":1,"obtain_stats":[{"Pear":9,"Happy Flower":28,"CeramicFish":39,"Incense Burner":6,"Frozen Egg 2":41,"Burning Blood":0,"Mercury Hourglass":24,"Sozu":17,"Runic Dome":34,"Nunchaku":11,"Pandora\u0027s Box":0,"Tiny Chest":8,"Bag of Marbles":27,"Bottled Lightning":47,"Red Skull":43},{"Pear":5,"Happy Flower":13,"CeramicFish":19,"Incense Burner":4,"Frozen Egg 2":20,"Burning Blood":0,"Mercury Hourglass":12,"Sozu":9,"Runic Dome":16,"Nunchaku":7,"Pandora\u0027s Box":0,"Tiny Chest":5,"Bag of Marbles":12,"Bottled Lightning":23,"Red Skull":21},{"Pear":18,"Happy Flower":53,"CeramicFish":83,"Incense Burner":13,"Frozen Egg 2":88,"Burning Blood":0,"Mercury Hourglass":50,"Sozu":40,"Runic Dome":66,"Nunchaku":26,"Pandora\u0027s Box":0,"Tiny Chest":18,"Bag of Marbles":50,"Bottled Lightning":102,"Red Skull":92}],"Mercury Hourglass":[232]},"card_choices":[{"not_picked":["True Grit","Shockwave"],"picked":"Flame Barrier","floor":1},{"not_picked":["Anger","Disarm"],"picked":"Evolve","floor":3},{"not_picked":["Clothesline","Twin Strike"],"picked":"Disarm","floor":4},{"not_picked":["Fire Breathing","Pummel"],"picked":"Power Through","floor":6},{"not_picked":["Headbutt","Evolve"],"picked":"Sentinel","floor":8},{"not_picked":["Perfected Strike","Cleave"],"picked":"Wild Strike","floor":10},{"not_picked":["Pummel","Disarm"],"picked":"Heavy Blade","floor":11},{"not_picked":["Hemokinesis","Ghostly Armor","Perfected Strike"],"picked":"SKIP","floor":14},{"not_picked":["Impervious","Exhume"],"picked":"Immolate","floor":16},{"not_picked":["Perfected Strike","Flame Barrier"],"picked":"Sword Boomerang","floor":18},{"not_picked":["Perfected Strike+1","Heavy Blade","Clothesline"],"picked":"SKIP","floor":19},{"not_picked":["Flex","Pummel"],"picked":"Exhume","floor":24},{"not_picked":["Headbutt","Perfected Strike","Pummel"],"picked":"SKIP","floor":28},{"not_picked":["Anger","Twin Strike","Perfected Strike"],"picked":"SKIP","floor":30},{"not_picked":["Sever Soul+1","Flex","Whirlwind"],"picked":"SKIP","floor":31},{"not_picked":["Exhume","Bludgeon"],"picked":"Barricade","floor":33},{"not_picked":["Perfected Strike+1","Body Slam","True Grit"],"picked":"SKIP","floor":35},{"not_picked":["Pummel","Blood for Blood+1"],"picked":"Armaments+1","floor":37},{"not_picked":["Blood for Blood","Iron Wave"],"picked":"Pommel Strike+1","floor":38},{"not_picked":["Sword Boomerang+1","Fire Breathing+1","Uppercut"],"picked":"SKIP","floor":41},{"not_picked":["Clothesline","Iron Wave+1"],"picked":"Shockwave","floor":42},{"not_picked":["Heavy Blade+1","Pommel Strike","Warcry+1"],"picked":"SKIP","floor":44},{"not_picked":["Cleave","Clash+1"],"picked":"Second Wind+1","floor":47},{"not_picked":["Flex+1","Warcry+1","Juggernaut+1"],"picked":"SKIP","floor":48}],"player_experience":48220,"relics_obtained":[{"floor":6,"key":"Incense Burner"},{"floor":8,"key":"Tiny Chest"},{"floor":9,"key":"Pear"},{"floor":11,"key":"Nunchaku"},{"floor":24,"key":"Mercury Hourglass"},{"floor":28,"key":"Happy Flower"},{"floor":39,"key":"CeramicFish"},{"floor":41,"key":"Frozen Egg 2"},{"floor":43,"key":"Red Skull"},{"floor":47,"key":"Bottled Lightning"}],"event_choices":[{"damage_healed":0,"gold_gain":0,"player_choice":"Upgraded","damage_taken":0,"max_hp_gain":0,"max_hp_loss":0,"event_name":"Upgrade Shrine","floor":5,"gold_loss":0,"cards_upgraded":["Evolve"]},{"cards_removed":["Intimidate"],"damage_healed":0,"gold_gain":0,"player_choice":"Elegance","damage_taken":0,"max_hp_gain":0,"max_hp_loss":0,"event_name":"Back to Basics","floor":20,"gold_loss":0},{"damage_healed":0,"gold_gain":0,"player_choice":"Read","damage_taken":0,"max_hp_gain":0,"max_hp_loss":0,"event_name":"The Library","floor":21,"gold_loss":0,"cards_obtained":["Spot Weakness"]},{"damage_healed":0,"gold_gain":0,"player_choice":"Ignored","damage_taken":0,"max_hp_gain":0,"max_hp_loss":0,"event_name":"Vampires","floor":22,"gold_loss":0},{"damage_healed":0,"gold_gain":0,"player_choice":"Copied","damage_taken":0,"max_hp_gain":0,"max_hp_loss":0,"event_name":"Duplicator","floor":46,"gold_loss":0,"cards_obtained":["Power Through"]}],"is_beta":false,"boss_relics":[{"not_picked":["Runic Cube","SacredBark"],"picked":"Sozu"},{"not_picked":["Velvet Choker","Calling Bell"],"picked":"Runic Dome"}],"items_purged_floors":[2,13,36],"is_endless":false,"potions_floor_spawned":[1,3,16,24,31,35,42,48],"killed_by":"Awakened One","ascension_level":5}}