{"host":"mi0eibewekhugwl1","time":1607510503,"event":{"gold_per_floor":[115,115,115,132,132,167,167,184,184,20,36,51,51,77,77,77,77],"floor_reached":16,"playtime":224,"items_purged":[],"score":270,"play_id":"a3b120ba-b874-4ec6-872f-f7a96d91e95b","local_time":"20201209194143","is_ascension_mode":true,"campfire_choices":[{"data":"Dualcast","floor":7,"key":"SMITH"},{"data":"Streamline","floor":13,"key":"SMITH"},{"data":"Coolheaded","floor":15,"key":"SMITH"}],"neow_cost":"NONE","seed_source_timestamp":938466162604900,"circlet_count":0,"master_deck":["AscendersBane","Strike_B","Strike_B","Strike_B","Defend_B","Defend_B","Defend_B","Defend_B","Zap+1","Dualcast+1","Streamline+1","Coolheaded+1","Melter","BootSequence","Sweeping Beam"],"special_seed":0,"relics":["Cracked Core","NeowsBlessing","Smiling Mask","Ornamental Fan","Singing Bowl","Lee\u0027s Waffle","Juzu Bracelet"],"potions_floor_usage":[14,16],"damage_taken":[{"damage":0,"enemies":"2 Louse","floor":1,"turns":1},{"damage":0,"enemies":"Jaw Worm","floor":4,"turns":1},{"damage":0,"enemies":"Lagavulin","floor":6,"turns":1},{"damage":8,"enemies":"Small Slimes","floor":8,"turns":3},{"damage":15,"enemies":"Looter","floor":11,"turns":3},{"damage":0,"enemies":"Exordium Wildlife","floor":12,"turns":3},{"damage":21,"enemies":"3 Sentries","floor":14,"turns":7},{"damage":49,"enemies":"Slime Boss","floor":16,"turns":8}],"seed_played":"6834193275696774650","potions_obtained":[{"floor":6,"key":"ColorlessPotion"},{"floor":11,"key":"Fruit Juice"},{"floor":14,"key":"SpeedPotion"}],"is_trial":false,"path_per_floor":["M","?","?","M","?","E","R","M","T","$","M","M","R","E","R","B"],"character_chosen":"DEFECT","items_purchased":["Lee\u0027s Waffle"],"campfire_rested":0,"item_purchase_floors":[10],"current_hp_per_floor":[64,57,39,39,39,39,39,31,31,78,63,65,65,49,49,0,0],"gold":77,"neow_bonus":"THREE_ENEMY_KILL","is_prod":false,"is_daily":false,"chose_seed":false,"campfire_upgraded":3,"win_rate":0,"timestamp":1607510503,"path_taken":["M","?","?","M","?","E","R","M","T","$","M","M","R","E","R","BOSS"],"build_version":"2020-11-30","purchased_purges":0,"victory":false,"max_hp_per_floor":[71,71,71,71,71,71,71,71,71,78,78,80,80,85,85,85,85],"relic_stats":{"Lee\u0027s Waffle":47,"Singing Bowl":2,"counters":[8,27],"Ornamental Fan":[4],"Juzu Bracelet":0,"Smiling Mask":0,"obtain_stats":[{"Lee\u0027s Waffle":10,"NeowsBlessing":0,"Singing Bowl":9,"Ornamental Fan":6,"Juzu Bracelet":14,"Cracked Core":0,"Smiling Mask":3},{"Lee\u0027s Waffle":4,"NeowsBlessing":0,"Singing Bowl":4,"Ornamental Fan":3,"Juzu Bracelet":7,"Cracked Core":0,"Smiling Mask":1},{"Lee\u0027s Waffle":6,"NeowsBlessing":0,"Singing Bowl":6,"Ornamental Fan":3,"Juzu Bracelet":19,"Cracked Core":0,"Smiling Mask":1}]},"card_choices":[{"not_picked":["Consume","Coolheaded"],"picked":"Streamline","floor":1},{"not_picked":["Barrage","Rebound"],"picked":"Coolheaded","floor":4},{"not_picked":["Streamline","Blizzard"],"picked":"Melter","floor":6},{"not_picked":["Redo","Multi-Cast","Rebound"],"picked":"SKIP","floor":8},{"not_picked":["Streamline","Leap"],"picked":"BootSequence","floor":11},{"not_picked":["Melter","Go for the Eyes","Double Energy"],"picked":"Singing Bowl","floor":12},{"not_picked":["Barrage","Fusion"],"picked":"Sweeping Beam","floor":14}],"player_experience":1657817,"relics_obtained":[{"floor":6,"key":"Ornamental Fan"},{"floor":9,"key":"Singing Bowl"},{"floor":14,"key":"Juzu Bracelet"}],"event_choices":[{"cards_removed":["Strike_B"],"damage_healed":0,"gold_gain":0,"player_choice":"Card Removal","damage_taken":7,"max_hp_gain":0,"max_hp_loss":0,"event_name":"Golden Wing","floor":2,"gold_loss":0},{"damage_healed":0,"gold_gain":0,"player_choice":"Success","damage_taken":18,"relics_obtained":["Smiling Mask"],"max_hp_gain":0,"max_hp_loss":0,"event_name":"Scrap Ooze","floor":3,"gold_loss":0},{"damage_healed":0,"gold_gain":0,"player_choice":"Grow","damage_taken":0,"max_hp_gain":0,"max_hp_loss":0,"event_name":"Living Wall","floor":5,"gold_loss":0,"cards_upgraded":["Zap"]}],"is_beta":false,"boss_relics":[],"items_purged_floors":[],"is_endless":false,"potions_floor_spawned":[6,11,14],"killed_by":"Slime Boss","ascension_level":20}}