{"host":"auv68s8i97pkmhwr","time":1607493928,"event":{"gold_per_floor":[117,117,117,128,146,180,180,205,284,316,346,377,233,262,262,362,362,382,382,400,415,432,432,461,486,486,486,519,549,584,584,584,686,686,701,701,221,221,236,266,266,293,293,326,377,407,432,458,458,458,458,458,83,116,116],"floor_reached":56,"playtime":1954,"items_purged":["Sword Boomerang","Combust","Wild Strike"],"score":2337,"play_id":"61b345bd-763c-4d4a-81fd-5f1f8f869269","local_time":"20201209140528","daily_mods":["Draft","Heirloom","Time Dilation","Flight","DeadlyEvents","Elite Swarm"],"is_ascension_mode":true,"campfire_choices":[{"data":"Inflame","floor":7.0,"key":"SMITH"},{"data":"Limit Break","floor":15.0,"key":"SMITH"},{"data":"True Grit","floor":23.0,"key":"SMITH"},{"data":"Double Tap","floor":27.0,"key":"SMITH"},{"data":"Barricade","floor":32.0,"key":"SMITH"},{"data":"Feel No Pain","floor":41,"key":"SMITH"},{"floor":49,"key":"RECALL"},{"data":"Feel No Pain","floor":52,"key":"SMITH"}],"neow_cost":"","seed_source_timestamp":0,"circlet_count":0,"master_deck":["AscendersBane","Inflame+1","Feel No Pain+1","Shockwave","Shrug It Off","True Grit+1","Sword Boomerang","Iron Wave","Iron Wave","Heavy Blade","Body Slam","Power Through","Evolve","Battle Trance","Limit Break+1","Double Tap+1","Limit Break","Reaper","Feel No Pain+1","Shrug It Off","Offering","Barricade+1","Impervious","Body Slam+1","Inflame+1","Metallicize+1"],"special_seed":0,"relics":["Burning Blood","Shovel","Thread and Needle","Omamori","Pen Nib","Gremlin Horn","MealTicket","Tiny Chest","Ancient Tea Set","Blood Vial","Philosopher\u0027s Stone","Unceasing Top","Self Forming Clay","Blue Candle","Frozen Egg 2","Champion Belt","Ornamental Fan","Sozu","Ice Cream","Charon\u0027s Ashes","Bag of Preparation","Torii","Lizard Tail","Calipers","Prayer Wheel","Magic Flower","Smiling Mask","Pantograph","FossilizedHelix"],"potions_floor_usage":[55],"damage_taken":[{"damage":7.0,"enemies":"2 Louse","floor":1.0,"turns":4.0},{"damage":0.0,"enemies":"Cultist","floor":4.0,"turns":4.0},{"damage":3.0,"enemies":"Jaw Worm","floor":5.0,"turns":3.0},{"damage":0.0,"enemies":"Lagavulin","floor":6.0,"turns":7.0},{"damage":20.0,"enemies":"3 Sentries","floor":8.0,"turns":6.0},{"damage":10.0,"enemies":"Gremlin Nob","floor":10.0,"turns":5.0},{"damage":9.0,"enemies":"3 Sentries","floor":11.0,"turns":4.0},{"damage":6.0,"enemies":"Gremlin Nob","floor":12.0,"turns":4.0},{"damage":4.0,"enemies":"Lagavulin","floor":14.0,"turns":6.0},{"damage":15.0,"enemies":"The Guardian","floor":16.0,"turns":9.0},{"damage":0.0,"enemies":"Chosen","floor":18.0,"turns":4.0},{"damage":22.0,"enemies":"3 Byrds","floor":20.0,"turns":3.0},{"damage":7.0,"enemies":"Sentry and Sphere","floor":21.0,"turns":5.0},{"damage":2.0,"enemies":"Centurion and Healer","floor":22.0,"turns":4.0},{"damage":13.0,"enemies":"Book of Stabbing","floor":24.0,"turns":4.0},{"damage":15.0,"enemies":"Slavers","floor":25.0,"turns":4.0},{"damage":15.0,"enemies":"Book of Stabbing","floor":28.0,"turns":5.0},{"damage":17.0,"enemies":"Gremlin Leader","floor":29.0,"turns":2.0},{"damage":48.0,"enemies":"Slavers","floor":30.0,"turns":6.0},{"damage":40.0,"enemies":"Automaton","floor":33.0,"turns":8.0},{"damage":0.0,"enemies":"3 Shapes","floor":35.0,"turns":4.0},{"damage":15,"enemies":"3 Darklings","floor":39,"turns":2},{"damage":6,"enemies":"Giant Head","floor":40,"turns":6},{"damage":56,"enemies":"Nemesis","floor":42,"turns":7},{"damage":6,"enemies":"Reptomancer","floor":44,"turns":3},{"damage":7,"enemies":"2 Orb Walkers","floor":45,"turns":3},{"damage":0,"enemies":"Giant Head","floor":46,"turns":5},{"damage":6,"enemies":"Reptomancer","floor":47,"turns":3},{"damage":6,"enemies":"Awakened One","floor":50,"turns":5},{"damage":8,"enemies":"Shield and Spear","floor":54,"turns":4},{"damage":25,"enemies":"The Heart","floor":55,"turns":7}],"seed_played":"-6482428566016861970","potions_obtained":[{"floor":1.0,"key":"PowerPotion"},{"floor":6.0,"key":"Dexterity Potion"},{"floor":8.0,"key":"FearPotion"},{"floor":14.0,"key":"SmokeBomb"},{"floor":20.0,"key":"ColorlessPotion"},{"floor":21.0,"key":"Fire Potion"},{"floor":24.0,"key":"BlessingOfTheForge"},{"floor":29.0,"key":"LiquidBronze"},{"floor":33.0,"key":"SkillPotion"}],"is_trial":true,"path_per_floor":["M","?","?","M","M","E","R","E","T","E","E","E","$","E","R","B",null,"M","?","M","M","M","R","E","E","T","R","E","E","E","T","R","B",null,"M","?","$","?","M","E","R","E","T","E","?","E","E","T","R","B",null,"R","$","E","B",null],"character_chosen":"IRONCLAD","items_purchased":["Feel No Pain","Ice Cream","Inflame+1","Metallicize+1","Pantograph"],"campfire_rested":0,"item_purchase_floors":[13,37,37,53,53],"current_hp_per_floor":[71,71,71,77,80,80,80,66,66,62,59,59,74,76,76,80,80,80,80,80,79,80,80,80,80,80,80,80,69,59,59,59,79,80,80,76,76,76,76,76,76,66,66,68,76,76,76,76,76,76,76,76,76,76,60],"gold":116,"neow_bonus":"","is_prod":false,"is_daily":false,"chose_seed":false,"campfire_upgraded":7,"win_rate":0,"timestamp":1607493928,"path_taken":["M","?","?","M","M","E","R","E","T","E","?","E","$","E","R","BOSS","M","?","?","M","?","R","E","E","T","R","E","E","E","?","R","BOSS","M","?","$","?","M","E","R","E","T","E","?","E","E","?","R","BOSS","R","$","E","BOSS"],"build_version":"2020-11-30","purchased_purges":3,"victory":true,"max_hp_per_floor":[80,80,80,80,80,80,80,80,80,80,80,80,80,80,80,80,80,80,80,80,80,80,80,80,80,80,80,80,80,80,80,80,80,80,80,76,76,76,76,76,76,76,76,76,76,76,76,76,76,76,76,76,76,76,76],"card_choices":[{"not_picked":["Seeing Red","Sword Boomerang"],"picked":"Inflame","floor":0.0},{"not_picked":["Seeing Red","Body Slam"],"picked":"Combust","floor":0.0},{"not_picked":["Rupture","Warcry"],"picked":"Feel No Pain","floor":0.0},{"not_picked":["Rupture","Body Slam"],"picked":"Shockwave","floor":0.0},{"not_picked":["Body Slam","Clothesline"],"picked":"Sword Boomerang","floor":0.0},{"not_picked":["Anger","Sever Soul"],"picked":"Shrug It Off","floor":0.0},{"not_picked":["Pommel Strike","Clash"],"picked":"True Grit","floor":0.0},{"not_picked":["Perfected Strike","Clothesline"],"picked":"Wild Strike","floor":0.0},{"not_picked":["Dark Embrace","Flex"],"picked":"Sword Boomerang","floor":0.0},{"not_picked":["Pommel Strike","Warcry"],"picked":"Iron Wave","floor":0.0},{"not_picked":["Shockwave","Anger"],"picked":"Iron Wave","floor":0.0},{"not_picked":["Evolve","Entrench"],"picked":"Heavy Blade","floor":0.0},{"not_picked":["Warcry","Clash"],"picked":"Body Slam","floor":0.0},{"not_picked":["Carnage","Headbutt"],"picked":"Power Through","floor":0.0},{"not_picked":["Perfected Strike","Warcry"],"picked":"Evolve","floor":0.0},{"not_picked":["Dark Embrace","Clash","Blood for Blood"],"picked":"SKIP","floor":1.0},{"not_picked":["Battle Trance","Wild Strike","Clothesline"],"picked":"SKIP","floor":4.0},{"not_picked":["Wild Strike","Clothesline"],"picked":"Battle Trance","floor":4.0},{"not_picked":["Dual Wield","Twin Strike"],"picked":"Limit Break","floor":5.0},{"not_picked":["Impervious","Demon Form"],"picked":"Double Tap","floor":6.0},{"not_picked":["Feed","Impervious"],"picked":"Limit Break","floor":8.0},{"not_picked":["Corruption","Brutality","Fiend Fire"],"picked":"SKIP","floor":10.0},{"not_picked":["Limit Break","Fiend Fire","Demon Form"],"picked":"SKIP","floor":11.0},{"not_picked":["Corruption","Juggernaut"],"picked":"Reaper","floor":12.0},{"not_picked":["Offering","Berserk","Impervious"],"picked":"SKIP","floor":14.0},{"not_picked":["Twin Strike","Warcry+1","Pummel"],"picked":"SKIP","floor":18.0},{"not_picked":["Clothesline","Clash"],"picked":"Shrug It Off","floor":20.0},{"not_picked":["Anger+1","Wild Strike","Reaper"],"picked":"SKIP","floor":21.0},{"not_picked":["True Grit","Battle Trance+1","Uppercut+1"],"picked":"SKIP","floor":22.0},{"not_picked":["Limit Break","Exhume"],"picked":"Offering","floor":24.0},{"not_picked":["Reaper","Impervious","Corruption"],"picked":"SKIP","floor":25.0},{"not_picked":["Berserk","Corruption"],"picked":"Barricade","floor":28.0},{"not_picked":["Berserk+1","Fiend Fire","Immolate"],"picked":"SKIP","floor":29.0},{"not_picked":["Double Tap","Limit Break","Juggernaut+1"],"picked":"SKIP","floor":30.0},{"not_picked":["Exhume","Bludgeon"],"picked":"Impervious","floor":33.0},{"not_picked":["Whirlwind","Anger"],"picked":"Body Slam+1","floor":35.0},{"not_picked":["Hemokinesis+1","Dropkick","Cleave"],"picked":"SKIP","floor":39},{"not_picked":["Brutality+1","Juggernaut+1","Exhume"],"picked":"SKIP","floor":40},{"not_picked":["Limit Break","Impervious","Juggernaut+1"],"picked":"SKIP","floor":42},{"not_picked":["Limit Break","Bludgeon","Offering"],"picked":"SKIP","floor":44},{"not_picked":["Offering","Fiend Fire","Exhume"],"picked":"SKIP","floor":46},{"not_picked":["Juggernaut+1","Limit Break","Barricade+1"],"picked":"SKIP","floor":47},{"not_picked":["Fiend Fire","Immolate","Berserk+1"],"picked":"SKIP","floor":54}],"player_experience":1215652,"relics_obtained":[{"floor":6.0,"key":"Omamori"},{"floor":8.0,"key":"Pen Nib"},{"floor":9.0,"key":"Gremlin Horn"},{"floor":10.0,"key":"MealTicket"},{"floor":11.0,"key":"Tiny Chest"},{"floor":12.0,"key":"Ancient Tea Set"},{"floor":14.0,"key":"Blood Vial"},{"floor":24.0,"key":"Unceasing Top"},{"floor":25.0,"key":"Self Forming Clay"},{"floor":28.0,"key":"Blue Candle"},{"floor":29.0,"key":"Frozen Egg 2"},{"floor":30.0,"key":"Champion Belt"},{"floor":31.0,"key":"Ornamental Fan"},{"floor":40,"key":"Charon\u0027s Ashes"},{"floor":42,"key":"Bag of Preparation"},{"floor":43,"key":"Torii"},{"floor":44,"key":"Lizard Tail"},{"floor":45,"key":"Calipers"},{"floor":46,"key":"Prayer Wheel"},{"floor":47,"key":"Magic Flower"},{"floor":48,"key":"Smiling Mask"},{"floor":54,"key":"FossilizedHelix"}],"event_choices":[{"damage_healed":0.0,"max_hp_gain":0.0,"max_hp_loss":0.0,"gold_gain":0.0,"event_name":"Big Fish","player_choice":"Box","floor":2.0,"gold_loss":0.0,"damage_taken":0.0,"relics_obtained":["Thread and Needle"],"cards_obtained":["Regret"]},{"cards_removed":["Regret"],"damage_healed":0.0,"max_hp_gain":0.0,"max_hp_loss":0.0,"gold_gain":0.0,"event_name":"Wheel of Change","player_choice":"Card Removal","floor":3.0,"gold_loss":0.0,"damage_taken":0.0},{"damage_healed":0.0,"max_hp_gain":0.0,"max_hp_loss":0.0,"gold_gain":0.0,"event_name":"betterNote:BetterNote","player_choice":"Ignored","floor":19.0,"gold_loss":0.0,"damage_taken":0.0,"cards_obtained":["Ball Lightning"]},{"damage_healed":0.0,"max_hp_gain":0.0,"max_hp_loss":4.0,"gold_gain":0.0,"event_name":"Winding Halls","player_choice":"Max HP","floor":36.0,"gold_loss":0.0,"damage_taken":0.0},{"damage_healed":0.0,"max_hp_gain":0.0,"max_hp_loss":0.0,"gold_gain":0.0,"event_name":"Tomb of Lord Red Mask","player_choice":"Ignored","floor":38.0,"gold_loss":0.0,"damage_taken":0.0},{"damage_healed":0,"gold_gain":0,"player_choice":"Fight","damage_taken":0,"max_hp_gain":0,"max_hp_loss":0,"event_name":"Mysterious Sphere","floor":45,"gold_loss":0}],"is_beta":false,"boss_relics":[{"not_picked":["Black Blood","Empty Cage"],"picked":"Philosopher\u0027s Stone"},{"not_picked":["Tiny House","Fusion Hammer"],"picked":"Sozu"}],"items_purged_floors":[13,37,53],"is_endless":false,"potions_floor_spawned":[1,6,8,14,16,20,21,24,29,33,39,42,46,54],"ascension_level":10}}