{"host":"agela5aetnmltfvm","time":1607536981,"event":{"gold_per_floor":[110,110,5,21,21,49,49,71,96,96,117,117,117,151,151,266,266,293,293,568,424,457,457,473,473,473,485,485],"floor_reached":27,"playtime":868,"items_purged":[],"score":287,"play_id":"69192093-4534-4045-8db8-27b5972cf7a6","local_time":"20201210020301","is_ascension_mode":false,"campfire_choices":[{"data":"hierophant:OrnateBuckler","floor":7,"key":"SMITH"},{"data":"hierophant:SealAway","floor":12,"key":"SMITH"},{"data":"hierophant:Batter","floor":15,"key":"SMITH"},{"data":"hierophant:Generosity","floor":23,"key":"SMITH"},{"data":"hierophant:Doomsaying","floor":25,"key":"SMITH"}],"neow_cost":"NONE","seed_source_timestamp":13436901927400,"circlet_count":0,"master_deck":["hierophant:Punish","hierophant:ChurchCoffers+1","hierophant:SealAway+1","hierophant:OrnateBuckler+1","hierophant:HammerAndAnvil","hierophant:Batter+1","hierophant:Invocation","hierophant:AuricForm","hierophant:HammerAndAnvil","hierophant:RepressedViolence","hierophant:Encroach","hierophant:CoinFling","hierophant:OrnateBuckler","hierophant:LocustPlague","hierophant:Doubloon","Regret","hierophant:Doubloon","hierophant:Generosity+1","hierophant:Doubloon+1","hierophant:Doubloon","hierophant:Remorse","hierophant:Doomsaying+1","hierophant:Exaltation+1","hierophant:Upheaval"],"relics":["hierophant:PropheticMaskRelic","NeowsBlessing","Replay:Wax Seal","GremlinMask","Oddly Smooth Stone","Blue Doll","Akabeko","Replay:Bandana","Pandora\u0027s Box","theJungle:WildMango","Orrery","Centennial Puzzle","Replay:Bottled Snecko"],"potions_floor_usage":[14,16],"damage_taken":[{"damage":0,"enemies":"Jaw Worm","floor":1,"turns":1},{"damage":0,"enemies":"Cultist","floor":4,"turns":1},{"damage":0,"enemies":"Gremlin Nob","floor":6,"turns":1},{"damage":7,"enemies":"2 Louse","floor":8,"turns":2},{"damage":10,"enemies":"Lots of Slimes","floor":11,"turns":2},{"damage":3,"enemies":"3 Sentries","floor":14,"turns":5},{"damage":17,"enemies":"Slime Boss","floor":16,"turns":7},{"damage":0,"enemies":"theJungle:MUSHROOMGANG","floor":18,"turns":6},{"damage":36,"enemies":"theJungle:GiantWrat","floor":22,"turns":4},{"damage":41,"enemies":"theJungle:2_Phrogs","floor":24,"turns":4},{"damage":19,"enemies":"theJungle:SlimyTreeVines","floor":27,"turns":2}],"seed_played":"4387746493112373049","potions_obtained":[{"floor":1,"key":"Fire Potion"},{"floor":6,"key":"GamblersBrew"},{"floor":11,"key":"Explosive Potion"},{"floor":24,"key":"BlessingOfTheForge"}],"is_trial":false,"path_per_floor":["M","?","$","M","?","E","R","M","T","T","M","R","?","E","R","B",null,"M","?","?","$","M","R","E","R","T","M"],"character_chosen":"HIEROPHANT","items_purchased":["Replay:Wax Seal","hierophant:OrnateBuckler","Orrery"],"campfire_rested":0,"item_purchase_floors":[3,3,21],"current_hp_per_floor":[75,75,75,75,75,75,75,68,68,68,58,58,58,55,55,38,75,75,89,89,89,53,53,12,12,12,0,0],"gold":485,"neow_bonus":"THREE_ENEMY_KILL","is_prod":false,"is_daily":false,"chose_seed":false,"campfire_upgraded":5,"win_rate":0.0,"timestamp":1607536981,"path_taken":["M","?","$","?","?","E","R","?","T","?","M","R","?","E","R","BOSS","M","?","?","$","M","R","E","R","T","M"],"build_version":"2020-11-30","purchased_purges":0,"victory":false,"max_hp_per_floor":[75,75,75,75,75,75,75,75,75,75,75,75,75,75,75,75,75,75,89,89,89,89,89,89,89,89,89,89],"card_choices":[{"not_picked":["hierophant:TollTheBells","hierophant:RustyCrate"],"picked":"hierophant:SealAway","floor":1},{"not_picked":["hierophant:AuricBeam","hierophant:FlamingChariot"],"picked":"hierophant:HammerAndAnvil","floor":4},{"not_picked":["hierophant:TollTheBells","hierophant:CursedGold","hierophant:Anathema"],"picked":"SKIP","floor":6},{"not_picked":["hierophant:Sermon","hierophant:OrnateJavelin","hierophant:ThreeLashes"],"picked":"SKIP","floor":8},{"not_picked":["hierophant:Doomsaying","hierophant:Repentance","hierophant:FieryStrike"],"picked":"SKIP","floor":11},{"not_picked":["hierophant:Embezzle","hierophant:AuricShield"],"picked":"hierophant:Batter","floor":14},{"not_picked":["hierophant:LocustPlague","hierophant:Anathema"],"picked":"hierophant:Invocation","floor":16},{"not_picked":["hierophant:RepressedViolence","hierophant:Sermon","hierophant:Glossolalia+1"],"picked":"SKIP","floor":18},{"not_picked":["hierophant:TollTheBells","hierophant:RepressedViolence+1"],"picked":"hierophant:Generosity","floor":21},{"not_picked":["hierophant:Remorse","hierophant:Patience"],"picked":"hierophant:Doubloon+1","floor":21},{"not_picked":["hierophant:Blessing","hierophant:Patience"],"picked":"hierophant:Remorse","floor":21},{"not_picked":["hierophant:DivineIntervention","hierophant:RepressedViolence"],"picked":"hierophant:Doomsaying","floor":21},{"not_picked":["hierophant:MirrorShield","hierophant:OrnateBuckler"],"picked":"hierophant:Exaltation+1","floor":22},{"not_picked":["hierophant:MorningPrayer","hierophant:DisplayOfPower"],"picked":"hierophant:Upheaval","floor":24}],"player_experience":493333,"relics_obtained":[{"floor":6,"key":"Oddly Smooth Stone"},{"floor":9,"key":"Blue Doll"},{"floor":10,"key":"Akabeko"},{"floor":14,"key":"Replay:Bandana"},{"floor":24,"key":"Centennial Puzzle"},{"floor":26,"key":"Replay:Bottled Snecko"}],"event_choices":[{"damage_healed":0,"gold_gain":0,"player_choice":"Upgraded","damage_taken":0,"max_hp_gain":0,"max_hp_loss":0,"event_name":"Upgrade Shrine","floor":2,"gold_loss":0,"cards_upgraded":["hierophant:ChurchCoffers"]},{"damage_healed":0,"gold_gain":0,"player_choice":"Trade","damage_taken":0,"relics_obtained":["GremlinMask"],"max_hp_gain":0,"max_hp_loss":0,"event_name":"FaceTrader","floor":5,"gold_loss":0},{"damage_healed":0,"gold_gain":275,"player_choice":"Desecrate","damage_taken":0,"max_hp_gain":0,"max_hp_loss":0,"event_name":"Golden Shrine","floor":20,"gold_loss":0,"cards_obtained":["Regret"]}],"is_beta":false,"boss_relics":[{"not_picked":["Black Star","ReplayTheSpireMod:DimensionalGlitch"],"picked":"Pandora\u0027s Box"}],"items_purged_floors":[],"is_endless":false,"potions_floor_spawned":[1,6,11,24],"killed_by":"theJungle:SlimyTreeVines","ascension_level":0}}