{"host":"1tl36azeqm6yhdgj","time":1607514609,"event":{"gold_per_floor":[118,28,39,70,88,121,134,161,161,161,111,16,47,64,64,165,165,181,181,181,199,209,209,209],"floor_reached":23,"playtime":865,"items_purged":[],"score":333,"play_id":"ea521115-44b7-41a9-a1cc-ad3884d62252","local_time":"20201209065009","is_ascension_mode":true,"campfire_choices":[{"floor":10.0,"key":"REST"},{"data":"Barricade","floor":15.0,"key":"SMITH"}],"neow_cost":"PERCENT_DAMAGE","seed_source_timestamp":40750035987000,"circlet_count":0,"master_deck":["AscendersBane","Strike_R","Strike_R","Strike_R","Defend_R","Defend_R","Defend_R","Bash","Shrug It Off","Flex","Fire Breathing","Jack Of All Trades","Anger","Barricade+1","Cleave","Burning Pact","Impervious","Thunderclap+1","Pain","Rage"],"special_seed":0,"relics":["Burning Blood","Du-Vu Doll","Red Skull","PreservedInsect","Toy Ornithopter","Busted Crown","WarpedTongs"],"potions_floor_usage":[20],"damage_taken":[{"damage":16.0,"enemies":"Jaw Worm","floor":1.0,"turns":6.0},{"damage":0.0,"enemies":"Cultist","floor":3.0,"turns":4.0},{"damage":7.0,"enemies":"2 Louse","floor":4.0,"turns":3.0},{"damage":5.0,"enemies":"Lots of Slimes","floor":5.0,"turns":3.0},{"damage":20.0,"enemies":"3 Sentries","floor":6.0,"turns":5.0},{"damage":9.0,"enemies":"3 Louse","floor":7.0,"turns":3.0},{"damage":17.0,"enemies":"Lagavulin","floor":8.0,"turns":7.0},{"damage":7.0,"enemies":"3 Sentries","floor":13.0,"turns":5.0},{"damage":5.0,"enemies":"Looter","floor":14.0,"turns":4.0},{"damage":74.0,"enemies":"The Guardian","floor":16.0,"turns":13.0},{"damage":23.0,"enemies":"3 Byrds","floor":18.0,"turns":6.0},{"damage":0,"enemies":"2 Thieves","floor":20,"turns":1},{"damage":37,"enemies":"Snake Plant","floor":21,"turns":4},{"damage":22,"enemies":"Shelled Parasite and Fungi","floor":22,"turns":4},{"damage":14,"enemies":"Gremlin Leader","floor":23,"turns":2}],"seed_played":"-8522270963410355096","potions_obtained":[{"floor":1.0,"key":"Strength Potion"},{"floor":4.0,"key":"Swift Potion"},{"floor":6.0,"key":"Fire Potion"},{"floor":13.0,"key":"EssenceOfSteel"},{"floor":18.0,"key":"SmokeBomb"}],"is_trial":false,"path_per_floor":["M","$","M","M","M","E","M","E","T","R","?","$","E","M","R","B",null,"M","?","M","M","M","E"],"character_chosen":"IRONCLAD","items_purchased":["Jack Of All Trades","FairyPotion"],"campfire_rested":1,"item_purchase_floors":[2,12],"current_hp_per_floor":[41,41,47,46,47,33,30,19,19,43,43,43,42,48,48,7,62,45,45,56,25,9,0,0],"gold":209,"neow_bonus":"TRANSFORM_TWO_CARDS","is_prod":false,"is_daily":false,"chose_seed":false,"campfire_upgraded":1,"win_rate":0,"timestamp":1607514609,"path_taken":["M","$","M","M","M","E","M","E","T","R","?","?","E","M","R","BOSS","M","?","M","?","M","E"],"build_version":"2020-11-30","purchased_purges":0,"victory":false,"max_hp_per_floor":[80,80,80,80,80,80,80,80,80,80,80,80,80,80,80,80,80,80,80,80,80,80,80,80],"card_choices":[{"not_picked":["Shockwave","Intimidate"],"picked":"Fire Breathing","floor":1.0},{"not_picked":["Warcry","Sword Boomerang","Heavy Blade"],"picked":"SKIP","floor":3.0},{"not_picked":["Power Through","Wild Strike"],"picked":"Anger","floor":4.0},{"not_picked":["Iron Wave","Dark Embrace","Body Slam"],"picked":"SKIP","floor":5.0},{"not_picked":["Flex","Combust","Havoc"],"picked":"SKIP","floor":6.0},{"not_picked":["Dual Wield","Power Through","Warcry"],"picked":"SKIP","floor":7.0},{"not_picked":["Sentinel","Sever Soul"],"picked":"Barricade","floor":8.0},{"not_picked":["Battle Trance","Berserk"],"picked":"Cleave","floor":13.0},{"not_picked":["True Grit","Iron Wave"],"picked":"Burning Pact","floor":14.0},{"not_picked":["Bludgeon","Berserk"],"picked":"Impervious","floor":16.0},{"not_picked":[],"picked":"Thunderclap+1","floor":18.0},{"not_picked":["True Grit"],"picked":"SKIP","floor":21},{"not_picked":[],"picked":"Rage","floor":22}],"player_experience":1895128,"relics_obtained":[{"floor":6.0,"key":"Du-Vu Doll"},{"floor":8.0,"key":"Red Skull"},{"floor":9.0,"key":"PreservedInsect"},{"floor":13.0,"key":"Toy Ornithopter"}],"event_choices":[{"cards_removed":["Strike_R"],"damage_healed":0.0,"max_hp_gain":0.0,"max_hp_loss":0.0,"gold_gain":0.0,"event_name":"The Cleric","player_choice":"Card Removal","floor":11.0,"gold_loss":50.0,"damage_taken":0.0},{"damage_healed":0.0,"max_hp_gain":0.0,"max_hp_loss":0.0,"gold_gain":0.0,"event_name":"Accursed Blacksmith","player_choice":"Rummage","floor":19.0,"gold_loss":0.0,"damage_taken":0.0,"relics_obtained":["WarpedTongs"],"cards_obtained":["Pain"]}],"is_beta":false,"boss_relics":[{"not_picked":["Velvet Choker","Pandora\u0027s Box"],"picked":"Busted Crown"}],"items_purged_floors":[],"is_endless":false,"potions_floor_spawned":[1,4,6,13,18,20],"killed_by":"Gremlin Leader","ascension_level":11}}