{"host":"hcrpk3ks1jn59x6u","time":1607490833,"event":{"gold_per_floor":[111,111,111,131,146,187,187,212,212,212,237,270,126,126,126,126,126],"floor_reached":16,"playtime":730,"items_purged":[],"score":110,"play_id":"3d64a014-165f-490c-8937-7d273241d1ae","local_time":"20201209131353","is_ascension_mode":false,"campfire_choices":[{"data":"hermit:WideOpen","floor":7,"key":"SMITH"},{"floor":10,"key":"REST"},{"floor":15,"key":"REST"}],"neow_cost":"NONE","seed_source_timestamp":82249240601200,"circlet_count":0,"master_deck":["hermit:Strike_Hermit","hermit:Strike_Hermit","hermit:Strike_Hermit","hermit:Strike_Hermit","hermit:Defend_Hermit","hermit:Defend_Hermit","hermit:Defend_Hermit","hermit:Defend_Hermit","hermit:Snapshot","hermit:Covet","hermit:TrackingShot","Injury","hermit:WideOpen+1","hermit:Snipe","hermit:GoldenBullet","hermit:ItchyTrigger","hermit:Headshot","hermit:Coalescence","hermit:BigShot","hermit:CursedWeapon"],"relics":["Snecko Eye","halation:StarCompass","Golden Idol","halation:AfternoonTea","Tiny Chest","HornCleat"],"potions_floor_usage":[12,16],"damage_taken":[{"damage":0,"enemies":"Jaw Worm","floor":1,"turns":2},{"damage":0,"enemies":"2 Louse","floor":4,"turns":2},{"damage":0,"enemies":"Cultist","floor":5,"turns":3},{"damage":30,"enemies":"3 Sentries","floor":6,"turns":8},{"damage":7,"enemies":"Blue Slaver","floor":8,"turns":2},{"damage":19,"enemies":"Exordium Thugs","floor":11,"turns":3},{"damage":14,"enemies":"Gremlin Nob","floor":12,"turns":3},{"damage":75,"enemies":"The Guardian","floor":16,"turns":8}],"seed_played":"-3103191804037413300","potions_obtained":[{"floor":8,"key":"sneckomod:MuddlingPotion"},{"floor":12,"key":"Swift Potion"}],"is_trial":false,"path_per_floor":["M","?","?","M","M","E","R","M","T","R","M","E","$","?","R","B"],"character_chosen":"HERMIT","items_purchased":["hermit:BigShot","hermit:CursedWeapon"],"campfire_rested":2,"item_purchase_floors":[13,13],"current_hp_per_floor":[75,75,75,75,75,45,45,38,38,60,50,36,36,36,58,0,0],"gold":126,"neow_bonus":"BOSS_RELIC","is_prod":false,"is_daily":false,"chose_seed":false,"campfire_upgraded":1,"win_rate":0.0,"timestamp":1607490833,"path_taken":["M","?","?","M","M","E","R","M","T","R","M","E","?","?","R","BOSS"],"build_version":"2020-11-30","purchased_purges":0,"victory":false,"max_hp_per_floor":[75,75,75,75,75,75,75,75,75,75,75,75,75,75,75,75,75],"card_choices":[{"not_picked":["hermit:Vantage","hermit:Cheat"],"picked":"hermit:TrackingShot","floor":1},{"not_picked":["hermit:Scavenge","hermit:SprayPray"],"picked":"hermit:WideOpen","floor":4},{"not_picked":["hermit:Midnight","hermit:LowProfile"],"picked":"hermit:Snipe","floor":5},{"not_picked":["hermit:Dissolve","hermit:Combo"],"picked":"hermit:GoldenBullet","floor":6},{"not_picked":["hermit:Dive","hermit:WideOpen"],"picked":"hermit:ItchyTrigger","floor":8},{"not_picked":["hermit:BodyArmor","hermit:Glare"],"picked":"hermit:Headshot","floor":11},{"not_picked":["hermit:Dissolve","hermit:Glare"],"picked":"hermit:Coalescence","floor":12}],"player_experience":223595,"relics_obtained":[{"floor":6,"key":"halation:AfternoonTea"},{"floor":9,"key":"Tiny Chest"},{"floor":12,"key":"HornCleat"}],"event_choices":[{"damage_healed":0,"gold_gain":0,"player_choice":"Take Wound","damage_taken":0,"relics_obtained":["Golden Idol"],"max_hp_gain":0,"max_hp_loss":0,"event_name":"Golden Idol","floor":3,"gold_loss":0,"cards_obtained":["Injury"]},{"damage_healed":0,"gold_gain":0,"player_choice":"Disagree","damage_taken":0,"max_hp_gain":0,"max_hp_loss":0,"event_name":"conspire:LoneGhost","floor":14,"gold_loss":0}],"is_beta":false,"boss_relics":[],"items_purged_floors":[],"is_endless":false,"potions_floor_spawned":[8,12],"killed_by":"The Guardian","ascension_level":0}}