{"host":"qqjv58wfhopf6ysa","time":1607489933,"event":{"gold_per_floor":[113,188,128,141,66,95,95,95,95,295,295,315,215,241,241,339,339,353,373,373,388,408,408,408,408,433,433,433,450,25,36,36,134,134,146,163,173,183,183,217,217,233,233,233,233,262,262,273,273,376,376,380,380,389,401,401,401,377,377],"floor_reached":58,"playtime":1431,"items_purged":["Strike_B","Strike_B","Strike_B"],"score":656,"play_id":"7de88d54-6596-4909-86c7-6e4a9f54ca61","local_time":"20201209135853","is_ascension_mode":false,"campfire_choices":[{"data":"Apotheosis","floor":8.0,"key":"SMITH"},{"data":"Defragment","floor":11.0,"key":"SMITH"},{"data":"Electrodynamics","floor":15.0,"key":"SMITH"},{"data":"hubris:Ukulele","floor":23.0,"key":"SMITH"},{"data":"Defragment","floor":25.0,"key":"SMITH"},{"floor":32.0,"key":"REST"},{"floor":41.0,"key":"REST"},{"data":"Capacitor","floor":44.0,"key":"SMITH"},{"floor":47.0,"key":"REST"},{"data":"Biased Cognition","floor":57,"key":"SMITH"}],"neow_cost":"NONE","seed_source_timestamp":0,"circlet_count":1,"master_deck":["Strike_B","Defend_B+1","Defend_B","Defend_B","Zap","Dualcast","Hologram+1","Apotheosis+1","Defragment+1","Defragment+1","Ball Lightning+1","Cold Snap","Electrodynamics+1","hubris:SpecializedCircuitry+1","Hyperbeam+1","hubris:Ukulele+1","infinitespire:Oblivion+1","REME_Shoggoth","Capacitor+1","Madness","Madness+1","Biased Cognition+1"],"special_seed":0,"relics":["Cracked Core","REME_ComplimentaryCards","NeowsBlessing","Circlet","Mirror","Meat on the Bone","hubris:RunicObelisk","Vajra","Bronze Scales","Whetstone","hubris:ToyBattleship","Nuclear Battery","hubris:Icosahedron","HornCleat","Pear","Toy Ornithopter","SlaversCollar"],"potions_floor_usage":[58],"damage_taken":[{"damage":0.0,"enemies":"Small Slimes","floor":1.0,"turns":1.0},{"damage":5.0,"enemies":"2 Louse","floor":4.0,"turns":2.0},{"damage":0.0,"enemies":"3 Sentries","floor":6.0,"turns":1.0},{"damage":0.0,"enemies":"Cultist","floor":12.0,"turns":2.0},{"damage":0.0,"enemies":"Lagavulin","floor":14.0,"turns":6.0},{"damage":4.0,"enemies":"The Guardian","floor":16.0,"turns":7.0},{"damage":0.0,"enemies":"Chosen","floor":18.0,"turns":3.0},{"damage":17.0,"enemies":"2 Thieves","floor":19.0,"turns":3.0},{"damage":28.0,"enemies":"Centurion and Healer","floor":21.0,"turns":3.0},{"damage":5.0,"enemies":"Chosen and Byrds","floor":22.0,"turns":3.0},{"damage":19.0,"enemies":"Snake Plant","floor":29.0,"turns":2.0},{"damage":7.0,"enemies":"Shelled Parasite and Fungi","floor":31.0,"turns":4.0},{"damage":10.0,"enemies":"Collector","floor":33.0,"turns":4.0},{"damage":5.0,"enemies":"Orb Walker","floor":35.0,"turns":3.0},{"damage":6.0,"enemies":"3 Darklings","floor":36.0,"turns":2.0},{"damage":0.0,"enemies":"Sphere and 2 Shapes","floor":37.0,"turns":2.0},{"damage":9.0,"enemies":"Maw","floor":38.0,"turns":6.0},{"damage":47.0,"enemies":"Reptomancer","floor":40.0,"turns":5.0},{"damage":14.0,"enemies":"Jaw Worm Horde","floor":42.0,"turns":2.0},{"damage":61.0,"enemies":"Nightmare","floor":46.0,"turns":4.0},{"damage":42.0,"enemies":"Transient","floor":48.0,"turns":5.0},{"damage":44.0,"enemies":"Replay:Hell Engine","floor":50.0,"turns":6.0},{"damage":0,"enemies":"Jaw Worm","floor":52,"turns":1},{"damage":0,"enemies":"Small Slimes","floor":54,"turns":2},{"damage":0,"enemies":"Cultist","floor":55,"turns":2},{"damage":132,"enemies":"Nightmare","floor":58,"turns":4}],"seed_played":"-6480537059619663478","potions_obtained":[{"floor":1.0,"key":"Regen Potion"},{"floor":6.0,"key":"FearPotion"},{"floor":12.0,"key":"Swift Potion"},{"floor":22.0,"key":"FairyPotion"},{"floor":38.0,"key":"infinitespire:BlackPotion"}],"is_trial":false,"path_per_floor":["M","?","$","M","$","E","?","R","T","?","R","M","$","E","R","B",null,"M","M","?","M","M","R","?","R","T","AVR","?","M","$","M","R","B",null,"M","M","M","M","?","E","R","M","T","R","?","NM","R","M","R","B",null,"M","?","M","M","?","R","NM"],"character_chosen":"DEFECT","items_purchased":["Defragment","Whetstone","hubris:ToyBattleship"],"campfire_rested":3,"item_purchase_floors":[3,30,30],"current_hp_per_floor":[75,64,64,59,59,59,44,44,44,44,44,49,49,49,49,60,75,75,58,58,42,49,49,49,49,49,49,35,33,33,38,62,64,80,75,69,69,60,60,25,49,52,62,62,51,14,41,26,53,36,90,90,90,90,90,72,72,0,0],"gold":377,"neow_bonus":"THREE_ENEMY_KILL","is_prod":false,"is_daily":false,"chose_seed":false,"campfire_upgraded":7,"win_rate":0,"timestamp":1607489933,"path_taken":["M","?","$","M","$","E","?","R","T","?","R","M","$","E","R","BOSS","M","M","?","?","M","R","?","R","T","AVR","?","M","$","M","R","BOSS","M","M","M","M","?","E","R","M","T","R","?","NM","R","M","R","BOSS","M","?","?","M","?","R","NM"],"build_version":"2020-11-30","purchased_purges":3,"victory":false,"max_hp_per_floor":[75,75,75,75,75,75,75,75,75,75,75,75,75,75,75,75,75,75,75,75,75,75,75,75,75,75,75,80,80,80,80,80,80,80,80,80,80,80,80,80,80,80,90,90,90,90,90,90,90,90,90,90,90,90,90,90,90,90,90],"card_choices":[{"not_picked":["Rebound","Panic Button"],"picked":"Hologram","floor":1.0},{"not_picked":["Redo","Conserve Battery"],"picked":"Ball Lightning","floor":4.0},{"not_picked":["Stack","Panic Button","Force Field"],"picked":"SKIP","floor":6.0},{"not_picked":["Hologram","Redo"],"picked":"Cold Snap","floor":10.0},{"not_picked":["Stack","Panic Button","Streamline"],"picked":"SKIP","floor":12.0},{"not_picked":["Coolheaded","BootSequence"],"picked":"Electrodynamics","floor":14.0},{"not_picked":["hubris:DoWhile","Meteor Strike"],"picked":"hubris:SpecializedCircuitry","floor":16.0},{"not_picked":["Beam Cell+1","Stack","Sunder"],"picked":"SKIP","floor":18.0},{"not_picked":["Barrage","Buffer","Blizzard"],"picked":"SKIP","floor":19.0},{"not_picked":["Hologram","Compile Driver+1"],"picked":"hubris:Ukulele","floor":21.0},{"not_picked":["ReplayTheSpireMod:Reroute Power+1","Darkness","Sweeping Beam"],"picked":"SKIP","floor":22.0},{"not_picked":["hubris:Prefetch","Sunder","Leap"],"picked":"SKIP","floor":29.0},{"not_picked":["Crystallizer","Scrape","Go for the Eyes+1"],"picked":"SKIP","floor":31.0},{"not_picked":["Creative AI","Amplify"],"picked":"REME_Shoggoth","floor":33.0},{"not_picked":["Gash","Coolheaded+1","Go for the Eyes+1"],"picked":"SKIP","floor":35.0},{"not_picked":["Go for the Eyes","Leap","Streamline"],"picked":"SKIP","floor":36.0},{"not_picked":["Genetic Algorithm","Leap","Hologram+1"],"picked":"SKIP","floor":37.0},{"not_picked":["Steam","Hologram+1"],"picked":"Capacitor","floor":38.0},{"not_picked":["Cold Snap","Leap","Amplify"],"picked":"SKIP","floor":40.0},{"not_picked":["Redo","Conserve Battery","Stack+1"],"picked":"SKIP","floor":42.0},{"not_picked":["Stack","Self Repair","Turbo"],"picked":"SKIP","floor":46.0},{"not_picked":["Tempest+1","Rebound","Doom and Gloom"],"picked":"SKIP","floor":48.0},{"not_picked":["Reboot","Mirror Shield"],"picked":"Biased Cognition","floor":50.0},{"not_picked":["FTL","Time Bomb","Beam Cell"],"picked":"SKIP","floor":52},{"not_picked":["Hologram","Chaos","Streamline"],"picked":"SKIP","floor":54},{"not_picked":["Coolheaded","Ball Lightning","ReplayGash"],"picked":"SKIP","floor":55}],"player_experience":403821,"relics_obtained":[{"floor":6.0,"key":"Dead Branch"},{"floor":9.0,"key":"Mirror"},{"floor":14.0,"key":"Meat on the Bone"},{"floor":26.0,"key":"Vajra"},{"floor":40.0,"key":"HornCleat"},{"floor":43.0,"key":"Pear"},{"floor":46.0,"key":"Toy Ornithopter"}],"event_choices":[{"damage_healed":0.0,"max_hp_gain":0.0,"max_hp_loss":0.0,"gold_gain":75.0,"event_name":"World of Goop","player_choice":"Gather Gold","floor":2.0,"gold_loss":0.0,"damage_taken":11.0},{"damage_healed":0.0,"max_hp_gain":0.0,"max_hp_loss":0.0,"gold_gain":0.0,"event_name":"Shining Light","player_choice":"Entered Light","floor":7.0,"gold_loss":0.0,"damage_taken":15.0,"cards_upgraded":["Hologram","Ball Lightning"]},{"damage_healed":0.0,"max_hp_gain":0.0,"max_hp_loss":0.0,"gold_gain":0.0,"cards_transformed":["Defend_B"],"event_name":"Transmorgrifier","player_choice":"Transformed","floor":20.0,"gold_loss":0.0,"damage_taken":0.0,"cards_obtained":["Hyperbeam"]},{"damage_healed":0.0,"max_hp_gain":5.0,"max_hp_loss":0.0,"gold_gain":0.0,"event_name":"Forgotten Altar","player_choice":"Shed Blood","floor":28.0,"gold_loss":0.0,"damage_taken":19.0},{"damage_healed":0.0,"max_hp_gain":0.0,"max_hp_loss":0.0,"gold_gain":0.0,"event_name":"Winding Halls","player_choice":"Embrace Madness","floor":45.0,"gold_loss":0.0,"damage_taken":11.0,"cards_obtained":["Madness","Madness"]},{"damage_healed":0,"gold_gain":0,"player_choice":"Bought 0 Potions","damage_taken":0,"max_hp_gain":0,"max_hp_loss":0,"event_name":"The Woman in Blue","floor":53,"gold_loss":0},{"damage_healed":0,"gold_gain":0,"player_choice":"Entered Light","damage_taken":18,"max_hp_gain":0,"max_hp_loss":0,"event_name":"Shining Light","floor":56,"gold_loss":0,"cards_upgraded":["hubris:SpecializedCircuitry","Defend_B"]}],"is_beta":false,"boss_relics":[{"not_picked":["ReplayTheSpireMod:DimensionalGlitch","REME_DuelDisc"],"picked":"hubris:RunicObelisk"},{"not_picked":["Snecko Eye","Replay:Bronze Core"],"picked":"Nuclear Battery"},{"not_picked":["hubris:BlackHole","Abe\u0027s Treasure"],"picked":"SlaversCollar"}],"items_purged_floors":[5,13,30],"is_endless":true,"potions_floor_spawned":[1,6,12,16,21,22,29,31,33,38,40,42,46,52],"killed_by":"Nightmare","ascension_level":0}}