{"host":"dhxdkxsvr0kfcb1i","time":1607549628,"event":{"gold_per_floor":[118,130,130,130,130,130,165,17,41,41,56,84,84,103,103,203,203,213,232,261,1,20,48,48,63,63,63,90,90,125,144,144,248,248,258,338,47,97,97,97,108,138,189,201,212,212,222,252,252,252,252,252,78,103,103],"floor_reached":56,"playtime":3205,"items_purged":["Shade:Strike_Shade","Shade:Strike_Shade"],"score":1228,"play_id":"77728b75-9799-4e3d-a440-6393c3c4e566","local_time":"20201209143348","is_ascension_mode":false,"campfire_choices":[{"data":"Shade:Bonestorm","floor":6.0,"key":"SMITH"},{"data":"Shade:LichForm","floor":10.0,"key":"SMITH"},{"data":"Shade:FleshLikeOak","floor":13.0,"key":"SMITH"},{"data":"Shade:TouchOfTheGrave","floor":15.0,"key":"SMITH"},{"data":"Shade:FreshBones","floor":24.0,"key":"SMITH"},{"data":"Shade:StitchTogether","floor":27.0,"key":"SMITH"},{"floor":29.0,"key":"RECALL"},{"floor":32.0,"key":"REST"},{"data":"Shade:UnbarTheGrave","floor":40.0,"key":"SMITH"},{"data":"Shade:DarkOfNight","floor":49.0,"key":"SMITH"},{"data":"Mayhem","floor":52.0,"key":"SMITH"}],"neow_cost":"NONE","seed_source_timestamp":12014715406346,"circlet_count":1,"master_deck":["Shade:Defend_Shade","Shade:Defend_Shade+1","Shade:Defend_Shade","Shade:Defend_Shade","Shade:AnimateDead+1","Shade:CarefulCut","Shade:Bonestorm+1","Shade:AuraOfUnlife","Shade:LichForm+1","Shade:StitchTogether+1","Shade:GraveStillness","Shade:FleshLikeOak+1","Shade:TouchOfTheGrave+1","Shade:DarkOfNight+1","Shade:FingerOfDeath","Shade:WallOfFlesh","Shade:FreshBones+1","Shade:Carnophage+1","Shade:FuneraryJewels","Shade:UnbarTheGrave+1","Shade:GreyBargain+1","Panache","Shade:ExtraLimbs","Mayhem+1","Shade:AncientSpear+1","Shade:FreshBones+1","Shade:FuneraryArmor+1","Finesse"],"special_seed":0,"relics":["Shade:YorickSkull","Blood Vial","construct:BoolHorns","Bag of Marbles","InkBottle","construct:ClawGrip","Red Mask","Thread and Needle","Happy Flower","Centennial Puzzle","Philosopher\u0027s Stone","White Beast Statue","Gambling Chip","aspiration:SeaSaltIceCream","Circlet","Toy Ornithopter","Bronze Scales","Nunchaku"],"potions_floor_usage":[55,55,55],"damage_taken":[{"damage":0.0,"enemies":"Cultist","floor":1.0,"turns":3.0},{"damage":0.0,"enemies":"Small Slimes","floor":2.0,"turns":3.0},{"damage":1.0,"enemies":"3 Sentries","floor":7.0,"turns":4.0},{"damage":0.0,"enemies":"Jaw Worm","floor":11.0,"turns":1.0},{"damage":13.0,"enemies":"Lagavulin","floor":12.0,"turns":5.0},{"damage":2.0,"enemies":"Large Slime","floor":14.0,"turns":6.0},{"damage":15.0,"enemies":"Slime Boss","floor":16.0,"turns":9.0},{"damage":0.0,"enemies":"Chosen","floor":18.0,"turns":5.0},{"damage":5.0,"enemies":"conspire:FuzzyDice","floor":19.0,"turns":5.0},{"damage":17.0,"enemies":"Masked Bandits","floor":20.0,"turns":5.0},{"damage":15.0,"enemies":"Cultist and Chosen","floor":22.0,"turns":5.0},{"damage":7.0,"enemies":"conspire:SneckoGhost","floor":23.0,"turns":5.0},{"damage":0.0,"enemies":"Chosen and Byrds","floor":25.0,"turns":6.0},{"damage":23.0,"enemies":"Gremlin Leader","floor":30.0,"turns":5.0},{"damage":0.0,"enemies":"Centurion and Healer","floor":31.0,"turns":6.0},{"damage":43.0,"enemies":"Automaton","floor":33.0,"turns":7.0},{"damage":0.0,"enemies":"3 Shapes","floor":35.0,"turns":4.0},{"damage":4.0,"enemies":"Mind Bloom Boss Battle","floor":38.0,"turns":5.0},{"damage":0.0,"enemies":"Orb Walker","floor":41.0,"turns":3.0},{"damage":0.0,"enemies":"Giant Head","floor":42.0,"turns":6.0},{"damage":4.0,"enemies":"Writhing Mass","floor":44.0,"turns":5.0},{"damage":1.0,"enemies":"4 Shapes","floor":45.0,"turns":5.0},{"damage":0.0,"enemies":"Maw","floor":47.0,"turns":6.0},{"damage":2.0,"enemies":"Nemesis","floor":48.0,"turns":5.0},{"damage":58.0,"enemies":"Time Eater","floor":50.0,"turns":7.0},{"damage":31.0,"enemies":"Shield and Spear","floor":54.0,"turns":5.0},{"damage":77,"enemies":"The Heart","floor":55,"turns":7}],"seed_played":"1420166759402522962","potions_obtained":[{"floor":1.0,"key":"LiquidMemories"},{"floor":7.0,"key":"ColorlessPotion"},{"floor":12.0,"key":"Swift Potion"},{"floor":14.0,"key":"Strength Potion"},{"floor":19.0,"key":"Energy Potion"},{"floor":20.0,"key":"FearPotion"},{"floor":31.0,"key":"Fire Potion"},{"floor":35.0,"key":"Ancient Potion"},{"floor":42.0,"key":"BlessingOfTheForge"},{"floor":44.0,"key":"DistilledChaos"},{"floor":45.0,"key":"Energy Potion"},{"floor":48.0,"key":"DuplicationPotion"},{"floor":54.0,"key":"LiquidBronze"}],"is_trial":false,"path_per_floor":["M","M","?","T","?","R","E","$","T","R","M","E","R","M","R","B",null,"M","M","?","?","M","E","R","M","T","R","T","R","E","M","R","B",null,"M","T","$","?","?","R","M","E","T","M","M","?","M","E","R","B",null,"R","$","E","B",null],"character_chosen":"SHADE","items_purchased":["Shade:StitchTogether","Panache","Regen Potion","Finesse"],"campfire_rested":1,"item_purchase_floors":[8,37,53,53],"current_hp_per_floor":[71,71,57,57,52,52,53,53,53,53,55,44,44,51,51,45,71,71,66,51,51,45,47,47,56,56,56,56,56,35,37,58,17,71,71,71,71,67,57,57,59,61,61,59,60,60,62,67,67,11,71,71,71,40,5],"gold":103,"neow_bonus":"TEN_PERCENT_HP_BONUS","is_prod":false,"is_daily":false,"chose_seed":false,"campfire_upgraded":9,"win_rate":0.0,"timestamp":1607549628,"path_taken":["M","?","?","?","?","R","E","?","T","R","M","E","R","M","R","BOSS","M","M","?","?","M","E","R","M","T","R","?","R","E","M","R","BOSS","M","?","$","?","?","R","M","E","T","M","M","?","M","E","R","BOSS","R","$","E","BOSS"],"build_version":"2020-11-30","purchased_purges":2,"victory":true,"max_hp_per_floor":[71,71,71,71,71,71,71,71,71,71,71,71,71,71,71,71,71,71,71,71,71,71,71,71,71,71,71,71,71,71,71,71,71,71,71,71,71,71,71,71,71,71,71,71,71,71,71,71,71,71,71,71,71,71,71],"card_choices":[{"not_picked":["Shade:FleshLikeOak","Shade:PressTheAttack"],"picked":"Shade:Bonestorm","floor":1.0},{"not_picked":["Shade:FuneraryArmor","Shade:Asphyxiate"],"picked":"Shade:AuraOfUnlife","floor":2.0},{"not_picked":["Shade:Coordination","Shade:FreshBones"],"picked":"Shade:LichForm","floor":7.0},{"not_picked":["Shade:GreyBargain","Shade:Bonestorm"],"picked":"Shade:GraveStillness","floor":11.0},{"not_picked":["Shade:Haruspicy","Shade:ClawBack"],"picked":"Shade:FleshLikeOak","floor":12.0},{"not_picked":["Shade:Trample","Shade:GraveStillness"],"picked":"Shade:TouchOfTheGrave","floor":14.0},{"not_picked":["Shade:OneIsEnough","Shade:Consume"],"picked":"Shade:DarkOfNight","floor":16.0},{"not_picked":["Shade:AncientSpear","Shade:GoDigging"],"picked":"Shade:FingerOfDeath","floor":18.0},{"not_picked":["Shade:Trample","Shade:DangerousRitual","Shade:FleshToFlesh"],"picked":"SKIP","floor":19.0},{"not_picked":["Shade:SanguineRitual","Shade:CoffinDance"],"picked":"Shade:WallOfFlesh","floor":20.0},{"not_picked":["Shade:FingerOfDeath","Shade:OminousRitual"],"picked":"Shade:FreshBones","floor":22.0},{"not_picked":["Shade:ClawBack","Shade:Asphyxiate"],"picked":"Shade:Carnophage+1","floor":23.0},{"not_picked":["Shade:CoffinDance","Shade:PressTheAttack+1"],"picked":"Shade:FuneraryJewels","floor":25.0},{"not_picked":["Shade:Premonition","Shade:SpectralStrikes","Shade:Brains+1"],"picked":"SKIP","floor":30.0},{"not_picked":["Shade:ExtraLimbs","Shade:Excise"],"picked":"Shade:UnbarTheGrave","floor":31.0},{"not_picked":["Shade:FeralStrike","Shade:BoneShards+1"],"picked":"Shade:GreyBargain+1","floor":35.0},{"not_picked":["Shade:SkeletonArmy","Shade:GreyBargain"],"picked":"Shade:ExtraLimbs","floor":38.0},{"not_picked":["Deep Breath","Sadistic Nature"],"picked":"Mayhem","floor":39.0},{"not_picked":["Shade:ScuttlingHand+1","Shade:Haruspicy+1","Shade:LyeBath+1"],"picked":"SKIP","floor":41.0},{"not_picked":["Shade:PotionOfRestlessness","Shade:GraveStillness+1","Shade:LyeBath+1"],"picked":"SKIP","floor":42.0},{"not_picked":["Shade:GraveStillness+1","Shade:Haruspicy+1"],"picked":"Shade:AncientSpear+1","floor":44.0},{"not_picked":["Shade:FleshToFlesh","Shade:Bonestorm"],"picked":"Shade:FreshBones+1","floor":45.0},{"not_picked":["Shade:SkeletonArmy","Shade:FleshToFlesh+1"],"picked":"Shade:FuneraryArmor+1","floor":47.0},{"not_picked":["Shade:Patience","Shade:FeralStrike","Shade:PotionOfRestlessness+1"],"picked":"SKIP","floor":48.0},{"not_picked":["Shade:Frenzy","Shade:DarkOfNight","Shade:Trample"],"picked":"SKIP","floor":54.0}],"player_experience":521018,"relics_obtained":[{"floor":4.0,"key":"Blood Vial"},{"floor":7.0,"key":"construct:BoolHorns"},{"floor":9.0,"key":"Bag of Marbles"},{"floor":12.0,"key":"InkBottle"},{"floor":20.0,"key":"Red Mask"},{"floor":23.0,"key":"Thread and Needle"},{"floor":28.0,"key":"Happy Flower"},{"floor":30.0,"key":"Centennial Puzzle"},{"floor":36.0,"key":"White Beast Statue"},{"floor":38.0,"key":"Gambling Chip"},{"floor":42.0,"key":"aspiration:SeaSaltIceCream"},{"floor":43.0,"key":"Toy Ornithopter"},{"floor":48.0,"key":"Bronze Scales"},{"floor":54.0,"key":"Nunchaku"}],"event_choices":[{"damage_healed":71.0,"max_hp_gain":0.0,"max_hp_loss":71.0,"gold_gain":0.0,"event_name":"betterThird:BetterShining","player_choice":"Upgrade","floor":3.0,"gold_loss":0.0,"damage_taken":14.0,"cards_upgraded":["Shade:Defend_Shade","Shade:Strike_Shade"]},{"damage_healed":0.0,"max_hp_gain":0.0,"max_hp_loss":0.0,"gold_gain":0.0,"event_name":"Masked Bandits","player_choice":"Fought Bandits","floor":20.0,"gold_loss":0.0,"damage_taken":0.0},{"damage_healed":0.0,"max_hp_gain":0.0,"max_hp_loss":0.0,"gold_gain":0.0,"event_name":"MindBloom","player_choice":"Fight","floor":38.0,"gold_loss":0.0,"damage_taken":0.0},{"damage_healed":0.0,"max_hp_gain":0.0,"max_hp_loss":0.0,"gold_gain":0.0,"event_name":"SensoryStone","player_choice":"Memory 3","floor":39.0,"gold_loss":0.0,"damage_taken":10.0}],"is_beta":false,"boss_relics":[{"not_picked":["SlaversCollar","SacredBark"],"picked":"construct:ClawGrip"},{"not_picked":["aspiration:WatcherSkillbook","Calling Bell"],"picked":"Philosopher\u0027s Stone"}],"items_purged_floors":[8,37],"is_endless":false,"potions_floor_spawned":[1,7,12,14,19,20,31,35,38,41,42,44,45,47,48,54],"ascension_level":0}}