{"host":"y3h3n3f7seyagppx","time":1607541379,"event":{"gold_per_floor":[117,117,117,140,140,180,180,198,198,198,198],"floor_reached":10,"playtime":530,"items_purged":[],"score":132,"play_id":"27633335-a491-47ad-94c2-21a0efd88054","local_time":"20201209141619","is_ascension_mode":true,"campfire_choices":[{"data":"EmptyFist","floor":7.0,"key":"SMITH"}],"neow_cost":"NONE","seed_source_timestamp":1241110363519000,"circlet_count":0,"master_deck":["AscendersBane","Strike_P","Strike_P","Strike_P","Strike_P","Defend_P","Defend_P","Eruption","Vigilance","EmptyFist+1","InnerPeace","BowlingBash","CarveReality","Brilliance"],"special_seed":0,"relics":["Coffee Dripper","Golden Idol","GoldenEye","Molten Egg 2"],"potions_floor_usage":[],"damage_taken":[{"damage":8.0,"enemies":"Jaw Worm","floor":1.0,"turns":5.0},{"damage":0.0,"enemies":"2 Louse","floor":4.0,"turns":2.0},{"damage":32.0,"enemies":"Lagavulin","floor":6.0,"turns":7.0},{"damage":7.0,"enemies":"Small Slimes","floor":8.0,"turns":2.0},{"damage":10,"enemies":"3 Sentries","floor":10,"turns":1}],"seed_played":"405802635621804736","potions_obtained":[],"is_trial":false,"path_per_floor":["M","?","?","M","?","E","R","M","T","E"],"character_chosen":"WATCHER","items_purchased":[],"campfire_rested":0,"item_purchase_floors":[],"current_hp_per_floor":[53,53,53,53,46,14,14,7,7,0,0],"gold":198,"neow_bonus":"BOSS_RELIC","is_prod":false,"is_daily":false,"chose_seed":false,"campfire_upgraded":1,"win_rate":0,"timestamp":1607541379,"path_taken":["M","?","?","M","?","E","R","M","T","E"],"build_version":"2020-11-30","purchased_purges":0,"victory":false,"max_hp_per_floor":[68,68,62,62,62,62,62,62,62,62,62],"relic_stats":{"counters":[5,17],"Golden Idol":17,"GoldenEye":[0],"obtain_stats":[{"Golden Idol":3,"Molten Egg 2":9,"Coffee Dripper":0,"PureWater":0,"GoldenEye":6},{"Golden Idol":1,"Molten Egg 2":4,"Coffee Dripper":0,"PureWater":0,"GoldenEye":3},{"Golden Idol":5,"Molten Egg 2":16,"Coffee Dripper":0,"PureWater":0,"GoldenEye":14}]},"card_choices":[{"not_picked":["Prostrate","Halt"],"picked":"EmptyFist","floor":1.0},{"not_picked":["Perseverance","Prostrate"],"picked":"BowlingBash","floor":4.0},{"not_picked":["FlyingSleeves","SashWhip"],"picked":"CarveReality","floor":6.0},{"not_picked":["Sanctity","Collect"],"picked":"Brilliance","floor":8.0}],"player_experience":19870490,"relics_obtained":[{"floor":6.0,"key":"GoldenEye"},{"floor":9.0,"key":"Molten Egg 2"}],"event_choices":[{"damage_healed":0.0,"max_hp_gain":0.0,"max_hp_loss":0.0,"gold_gain":0.0,"cards_transformed":["Defend_P"],"event_name":"Living Wall","player_choice":"Change","floor":2.0,"gold_loss":0.0,"damage_taken":0.0,"cards_obtained":["InnerPeace"]},{"damage_healed":0.0,"max_hp_gain":0.0,"max_hp_loss":6.0,"gold_gain":0.0,"event_name":"Golden Idol","player_choice":"Lose Max HP","floor":3.0,"gold_loss":0.0,"damage_taken":0.0,"relics_obtained":["Golden Idol"]},{"cards_removed":["Defend_P"],"damage_healed":0.0,"max_hp_gain":0.0,"max_hp_loss":0.0,"gold_gain":0.0,"event_name":"Golden Wing","player_choice":"Card Removal","floor":5.0,"gold_loss":0.0,"damage_taken":7.0}],"is_beta":false,"boss_relics":[],"items_purged_floors":[],"is_endless":false,"potions_floor_spawned":[],"killed_by":"3 Sentries","ascension_level":20}}