{"host":"j0a1jfichhxu8b8p","time":1607499401,"event":{"gold_per_floor":[114,134,134,148,160,185,110,110,110,145,165,165,191,34,34,137,137,182,132,175,221,10,10,10,57,80,144,144,173,185,241,253,368,380,438,672,728,785,846,914,926,1018,1077,598,598,642,685,239,239,239],"floor_reached":51,"playtime":3324,"items_purged":["Strike_P","Defend_P","Strike_P","Defend_P","Defend_P"],"score":1038,"play_id":"92a44aab-018f-484d-99c5-8e4850886b85","local_time":"20201209163641","is_ascension_mode":true,"campfire_choices":[{"data":"ForeignInfluence","floor":8.0,"key":"SMITH"},{"data":"ForeignInfluence","floor":15.0,"key":"SMITH"},{"data":"Evaluate","floor":23.0,"key":"SMITH"},{"data":"Wallop","floor":28.0,"key":"SMITH"},{"data":"Vigilance","floor":30.0,"key":"SMITH"},{"data":"DeusExMachina","floor":32.0,"key":"SMITH"},{"data":"Vault","floor":41.0,"key":"SMITH"},{"data":"Halt","floor":45.0,"key":"SMITH"},{"floor":49.0,"key":"RECALL"}],"neow_cost":"NONE","seed_source_timestamp":0,"circlet_count":0,"master_deck":["Eruption+1","Vigilance+1","ForeignInfluence+1","Wallop+1","ForeignInfluence+1","Halt+1","Eruption+1","DeusExMachina+1","Scrawl+1","Wish+1","Prostrate+1","Evaluate+1","SashWhip+1","Vault+1","FollowUp+1","FearNoEvil+1","CutThroughFate+1","MentalFortress+1","Metamorphosis+1","Consecrate+1","Blasphemy+1","Violence+1"],"special_seed":0,"relics":["Runic Pyramid","Art of War","Omamori","Molten Egg 2","Damaru","Membership Card","Astrolabe","Ginger","Centennial Puzzle","Red Mask","MawBank","Calling Bell","Toy Ornithopter","Ornamental Fan","Thread and Needle","CloakClasp","Lizard Tail","Ice Cream","Bronze Scales","Vajra","ClockworkSouvenir","Toxic Egg 2","HornCleat","TheAbacus"],"potions_floor_usage":[50,50],"damage_taken":[{"damage":0.0,"enemies":"2 Louse","floor":1.0,"turns":3.0},{"damage":0.0,"enemies":"Cultist","floor":2.0,"turns":3.0},{"damage":4.0,"enemies":"Jaw Worm","floor":4.0,"turns":3.0},{"damage":9.0,"enemies":"Lots of Slimes","floor":5.0,"turns":3.0},{"damage":10.0,"enemies":"Gremlin Nob","floor":6.0,"turns":3.0},{"damage":9.0,"enemies":"3 Sentries","floor":10.0,"turns":9.0},{"damage":0.0,"enemies":"2 Fungi Beasts","floor":11.0,"turns":3.0},{"damage":0.0,"enemies":"Gremlin Nob","floor":13.0,"turns":3.0},{"damage":16.0,"enemies":"Hexaghost","floor":16.0,"turns":7.0},{"damage":5.0,"enemies":"3 Byrds","floor":18.0,"turns":4.0},{"damage":0.0,"enemies":"Chosen","floor":20.0,"turns":2.0},{"damage":0.0,"enemies":"Snecko","floor":21.0,"turns":2.0},{"damage":4.0,"enemies":"Centurion and Healer","floor":25.0,"turns":4.0},{"damage":1.0,"enemies":"Masked Bandits","floor":27.0,"turns":4.0},{"damage":0.0,"enemies":"Gremlin Leader","floor":29.0,"turns":3.0},{"damage":0.0,"enemies":"3 Cultists","floor":31.0,"turns":3.0},{"damage":17.0,"enemies":"Automaton","floor":33.0,"turns":6.0},{"damage":0.0,"enemies":"3 Darklings","floor":35.0,"turns":4.0},{"damage":0.0,"enemies":"3 Shapes","floor":37.0,"turns":5.0},{"damage":0.0,"enemies":"Jaw Worm Horde","floor":38.0,"turns":3.0},{"damage":1.0,"enemies":"2 Orb Walkers","floor":39.0,"turns":3.0},{"damage":0.0,"enemies":"Giant Head","floor":40.0,"turns":7.0},{"damage":0.0,"enemies":"Mind Bloom Boss Battle","floor":42.0,"turns":3.0},{"damage":0.0,"enemies":"3 Darklings","floor":46.0,"turns":3.0},{"damage":0.0,"enemies":"Spire Growth","floor":47.0,"turns":4.0},{"damage":0,"enemies":"Time Eater","floor":50,"turns":6}],"seed_played":"4361681329427057611","potions_obtained":[{"floor":4.0,"key":"FearPotion"},{"floor":5.0,"key":"LiquidMemories"},{"floor":10.0,"key":"Explosive Potion"},{"floor":11.0,"key":"SteroidPotion"},{"floor":13.0,"key":"SkillPotion"},{"floor":21.0,"key":"CultistPotion"},{"floor":37.0,"key":"DistilledChaos"},{"floor":46.0,"key":"Energy Potion"}],"is_trial":false,"path_per_floor":["M","M","?","M","M","E","$","R","T","E","M","?","E","$","R","B",null,"M","$","M","M","$","R","$","M","T","?","R","E","R","M","R","B",null,"M","?","M","M","?","E","R","?","T","$","R","M","M","$","R","B",null],"character_chosen":"WATCHER","items_purchased":["Membership Card","Ginger","Vajra","ClockworkSouvenir","Toxic Egg 2","Metamorphosis+1","Energy Potion","ColorlessPotion","HornCleat","Blasphemy+1","TheAbacus","Violence+1"],"campfire_rested":0,"item_purchase_floors":[14,22,44,44,44,44,44,44,48,48,48,48],"current_hp_per_floor":[72,72,72,68,59,49,49,49,49,40,40,40,40,40,40,24,60,55,55,55,55,55,55,55,51,51,50,50,50,50,50,50,33,62,62,62,62,62,71,71,71,71,71,71,71,72,72,72,72,72],"gold":239,"neow_bonus":"BOSS_RELIC","is_prod":false,"is_daily":false,"chose_seed":false,"campfire_upgraded":8,"win_rate":0,"timestamp":1607499401,"path_taken":["M","M","?","?","M","E","$","R","T","E","M","?","E","$","R","BOSS","M","$","M","M","$","R","?","M","T","?","R","E","R","M","R","BOSS","M","?","M","M","?","E","R","?","T","$","R","M","M","$","R","BOSS"],"build_version":"2020-11-30","purchased_purges":5,"victory":true,"max_hp_per_floor":[72,72,72,72,72,72,72,72,72,72,72,72,72,72,72,72,72,72,72,72,72,72,72,72,72,72,72,72,72,72,72,72,72,72,72,72,72,72,72,72,72,72,72,72,72,72,72,72,72,72],"card_choices":[{"not_picked":["Prostrate","CarveReality"],"picked":"ForeignInfluence","floor":1.0},{"not_picked":["Conclude","Crescendo","Halt"],"picked":"SKIP","floor":2.0},{"not_picked":["Consecrate","SashWhip"],"picked":"Wallop","floor":4.0},{"not_picked":["PathToVictory","Prostrate"],"picked":"ForeignInfluence","floor":5.0},{"not_picked":["LikeWater","EmptyMind","DevaForm"],"picked":"SKIP","floor":6.0},{"not_picked":["DeceiveReality","Tantrum+1"],"picked":"Halt","floor":10.0},{"not_picked":["ThirdEye","Consecrate+1","Swivel"],"picked":"SKIP","floor":11.0},{"not_picked":["Crescendo","Weave+1","LikeWater"],"picked":"SKIP","floor":13.0},{"not_picked":["MasterReality","Wish"],"picked":"DeusExMachina","floor":16.0},{"not_picked":["EmptyFist+1","Worship"],"picked":"Evaluate","floor":18.0},{"not_picked":["Swivel","Wireheading","SandsOfTime+1"],"picked":"SKIP","floor":20.0},{"not_picked":["FlurryOfBlows+1","Consecrate+1","Halt"],"picked":"SKIP","floor":21.0},{"not_picked":["ClearTheMind","WheelKick+1"],"picked":"SashWhip+1","floor":25.0},{"not_picked":["Crescendo","FlurryOfBlows+1","ConjureBlade"],"picked":"SKIP","floor":29.0},{"not_picked":["PathToVictory","Evaluate","SignatureMove+1"],"picked":"SKIP","floor":31.0},{"not_picked":["LessonLearned+1","ConjureBlade"],"picked":"Vault","floor":33.0},{"not_picked":["Evaluate","FlyingSleeves+1","BowlingBash+1"],"picked":"SKIP","floor":35.0},{"not_picked":["EmptyBody","SashWhip+1"],"picked":"FollowUp+1","floor":37.0},{"not_picked":["DeceiveReality","Crescendo","Prostrate"],"picked":"SKIP","floor":38.0},{"not_picked":["Vengeance+1","ThirdEye"],"picked":"FearNoEvil+1","floor":39.0},{"not_picked":["EmptyFist+1","Fasting2+1"],"picked":"CutThroughFate+1","floor":40.0},{"not_picked":["ThirdEye","PathToVictory"],"picked":"MentalFortress+1","floor":42.0},{"not_picked":["EmptyBody+1","FlyingSleeves+1","Study+1"],"picked":"SKIP","floor":46.0},{"not_picked":["PathToVictory+1","Conclude+1"],"picked":"Consecrate+1","floor":47.0}],"player_experience":259243,"relics_obtained":[{"floor":6.0,"key":"Art of War"},{"floor":9.0,"key":"Omamori"},{"floor":10.0,"key":"Molten Egg 2"},{"floor":13.0,"key":"Damaru"},{"floor":26.0,"key":"Centennial Puzzle"},{"floor":27.0,"key":"Red Mask"},{"floor":29.0,"key":"MawBank"},{"floor":34.0,"key":"Toy Ornithopter"},{"floor":34.0,"key":"Ornamental Fan"},{"floor":34.0,"key":"Thread and Needle"},{"floor":39.0,"key":"CloakClasp"},{"floor":40.0,"key":"Lizard Tail"},{"floor":42.0,"key":"Ice Cream"},{"floor":43.0,"key":"Bronze Scales"}],"event_choices":[{"damage_healed":0.0,"max_hp_gain":0.0,"max_hp_loss":0.0,"gold_gain":0.0,"event_name":"Accursed Blacksmith","player_choice":"Forge","floor":3.0,"gold_loss":0.0,"damage_taken":0.0,"cards_upgraded":["Eruption"]},{"damage_healed":0.0,"max_hp_gain":0.0,"max_hp_loss":0.0,"gold_gain":0.0,"event_name":"Match and Keep!","player_choice":"1 cards matched","floor":12.0,"gold_loss":0.0,"damage_taken":0.0,"cards_obtained":["Eruption"]},{"damage_healed":0.0,"max_hp_gain":0.0,"max_hp_loss":0.0,"gold_gain":0.0,"event_name":"Masked Bandits","player_choice":"Fought Bandits","floor":27.0,"gold_loss":0.0,"damage_taken":0.0},{"damage_healed":0.0,"max_hp_gain":0.0,"max_hp_loss":0.0,"gold_gain":222.0,"event_name":"Tomb of Lord Red Mask","player_choice":"Wore Mask","floor":36.0,"gold_loss":0.0,"damage_taken":0.0},{"damage_healed":0.0,"max_hp_gain":0.0,"max_hp_loss":0.0,"gold_gain":0.0,"event_name":"Mysterious Sphere","player_choice":"Fight","floor":39.0,"gold_loss":0.0,"damage_taken":0.0},{"damage_healed":0.0,"max_hp_gain":0.0,"max_hp_loss":0.0,"gold_gain":0.0,"event_name":"MindBloom","player_choice":"Fight","floor":42.0,"gold_loss":0.0,"damage_taken":0.0}],"is_beta":false,"boss_relics":[{"not_picked":["SlaversCollar","VioletLotus"],"picked":"Astrolabe"},{"not_picked":["Runic Dome","Cursed Key"],"picked":"Calling Bell"}],"items_purged_floors":[7,19,22,44,48],"is_endless":false,"potions_floor_spawned":[4,5,10,11,13,21,25,29,37,38,46,47],"ascension_level":5}}