{"host":"9h1qbmp5h1ch7u4r","time":1607536548,"event":{"gold_per_floor":[126,126,51,126,143,143,169,192,192,210,245,271,271,289,289,391,391,406,416,416,416,430,430,444,479,479,504,517,517,536,451,451,451,451],"floor_reached":33,"playtime":2861,"items_purged":["animator:Strike"],"score":395,"play_id":"c69b3eb7-11f8-4842-b0cd-99b79a834602","local_time":"20201209125548","is_ascension_mode":true,"campfire_choices":[{"data":"animator:Evileye","floor":6.0,"key":"SMITH"},{"data":"animator:DolaSchwi","floor":13.0,"key":"SMITH"},{"data":"animator:SayakaMiki","floor":15.0,"key":"SMITH"},{"data":"animator:SwordMaiden","floor":23.0,"key":"SMITH"},{"data":"animator:MadokaKaname","floor":29.0,"key":"SMITH"},{"data":"animator:YachiyoNanami","floor":32.0,"key":"SMITH"}],"neow_cost":"NONE","seed_source_timestamp":90660122768200,"circlet_count":0,"master_deck":["animator:IrohaTamaki+1","animator:YuiTsuruno+1","animator:Evileye+1","animator:SayakaMiki+1","animator:DolaSchwi+1","animator:YuiTsuruno","animator:SwordMaiden+1","animator:Witch","animator:LizardPriest","animator:YuiTsuruno","animator:MadokaKaname+1","animator:Cocytus","animator:Jibril","animator:IrohaTamaki","animator:HomuraAkemi","animator:Aisha","animator:Hitei","animator:IrohaTamaki+1","animator:Aisha","animator:YachiyoNanami+1","animator:Togame"],"special_seed":0,"relics":["animator:LivingPicture","animator:TheMissingPiece","NeowsBlessing","Pear","Gremlin Horn","Dream Catcher","Omamori","Pandora\u0027s Box","Matryoshka","Letter Opener","Whetstone","Juzu Bracelet"],"potions_floor_usage":[33,33],"damage_taken":[{"damage":0.0,"enemies":"Cultist","floor":1.0,"turns":1.0},{"damage":0.0,"enemies":"Small Slimes","floor":5.0,"turns":1.0},{"damage":0.0,"enemies":"Lagavulin","floor":7.0,"turns":1.0},{"damage":3.0,"enemies":"Jaw Worm","floor":8.0,"turns":5.0},{"damage":1.0,"enemies":"Looter","floor":10.0,"turns":4.0},{"damage":7.0,"enemies":"Gremlin Nob","floor":11.0,"turns":4.0},{"damage":0.0,"enemies":"3 Louse","floor":14.0,"turns":3.0},{"damage":32.0,"enemies":"The Guardian","floor":16.0,"turns":9.0},{"damage":2.0,"enemies":"3 Byrds","floor":18.0,"turns":5.0},{"damage":0.0,"enemies":"Chosen","floor":19.0,"turns":4.0},{"damage":9.0,"enemies":"Sentry and Sphere","floor":22.0,"turns":5.0},{"damage":18.0,"enemies":"Snecko","floor":24.0,"turns":5.0},{"damage":34.0,"enemies":"Slavers","floor":25.0,"turns":5.0},{"damage":6.0,"enemies":"Snake Plant","floor":27.0,"turns":5.0},{"damage":3.0,"enemies":"Cultist and Chosen","floor":28.0,"turns":6.0},{"damage":7.0,"enemies":"Snecko","floor":30.0,"turns":5.0},{"damage":27,"enemies":"Automaton","floor":33,"turns":7}],"seed_played":"-6642707738655085250","potions_obtained":[{"floor":1.0,"key":"EssenceOfSteel"},{"floor":7.0,"key":"Swift Potion"},{"floor":8.0,"key":"animator:FalseLifePotion"},{"floor":19.0,"key":"GamblersBrew"},{"floor":25.0,"key":"Block Potion"},{"floor":28.0,"key":"animator:FalseLifePotion"}],"is_trial":false,"path_per_floor":["M","$","$","?","M","R","E","M","T","M","E","T","R","M","R","B",null,"M","M","?","?","M","R","M","E","T","M","M","R","M","?","R","B"],"character_chosen":"THE_ANIMATOR","items_purchased":[],"campfire_rested":0,"item_purchase_floors":[],"current_hp_per_floor":[59,59,59,53,53,53,63,60,60,59,52,52,52,52,52,20,62,60,61,61,61,52,52,43,18,18,12,18,18,20,20,20,0,0],"gold":451,"neow_bonus":"THREE_ENEMY_KILL","is_prod":false,"is_daily":false,"chose_seed":false,"campfire_upgraded":6,"win_rate":0,"timestamp":1607536548,"path_taken":["M","?","$","?","M","R","E","?","T","M","E","?","R","M","R","BOSS","M","M","?","?","?","R","M","E","T","M","M","R","?","?","R","BOSS"],"build_version":"2020-11-30","purchased_purges":1,"victory":false,"max_hp_per_floor":[66,66,66,66,66,66,76,76,76,76,76,76,76,76,76,76,76,76,77,77,77,77,77,77,77,77,77,77,77,77,77,77,77,77],"card_choices":[{"not_picked":["animator:Vanir","animator:LizardPriest"],"picked":"animator:Evileye","floor":1.0},{"not_picked":["animator:KyokoSakura","animator:DwarfShaman","animator:Elsword"],"picked":"SKIP","floor":5.0},{"not_picked":["animator:Shichika","animator:Azekura","animator:Demiurge"],"picked":"SKIP","floor":7.0},{"not_picked":["animator:YuiTsuruno","animator:NagisaMomoe"],"picked":"animator:SayakaMiki","floor":8.0},{"not_picked":["animator:Konayuki","animator:Vanir"],"picked":"animator:DolaSchwi","floor":10.0},{"not_picked":["animator:DwarfShaman","animator:Priestess"],"picked":"animator:YuiTsuruno","floor":11.0},{"not_picked":["animator:Shichika","animator:LizardPriest","animator:Kazuma"],"picked":"SKIP","floor":14.0},{"not_picked":["animator:Shichika","animator:LizardPriest","animator:Kazuma"],"picked":"SKIP","floor":14.0},{"not_picked":["animator:Eris","animator:Albedo"],"picked":"animator:SwordMaiden","floor":16.0},{"not_picked":["animator:KyokoSakura","animator:NagisaMomoe"],"picked":"animator:IrohaTamaki","floor":18.0},{"not_picked":["animator:Elsword","animator:DolaRiku"],"picked":"animator:HomuraAkemi","floor":19.0},{"not_picked":["animator:Entoma","animator:PandorasActor+1","animator:Verdia"],"picked":"SKIP","floor":22.0},{"not_picked":["animator:Ain+1","animator:DolaRiku"],"picked":"animator:IrohaTamaki+1","floor":24.0},{"not_picked":["animator:Ain","animator:Elsword"],"picked":"animator:Aisha","floor":25.0},{"not_picked":["animator:Kazuma","animator:Elsword"],"picked":"animator:YachiyoNanami","floor":27.0},{"not_picked":["animator:Emonzaemon","animator:KyokoSakura+1","animator:Ara+1"],"picked":"SKIP","floor":28.0},{"not_picked":["animator:Chung+1","animator:Elsword+1"],"picked":"animator:Togame","floor":30.0}],"player_experience":922043,"relics_obtained":[{"floor":7.0,"key":"Pear"},{"floor":9.0,"key":"Gremlin Horn"},{"floor":11.0,"key":"Dream Catcher"},{"floor":12.0,"key":"Omamori"},{"floor":25.0,"key":"Matryoshka"},{"floor":26.0,"key":"Letter Opener"},{"floor":26.0,"key":"Whetstone"}],"event_choices":[{"damage_healed":0.0,"max_hp_gain":0.0,"max_hp_loss":0.0,"gold_gain":75.0,"event_name":"FaceTrader","player_choice":"Touch","floor":4.0,"gold_loss":0.0,"damage_taken":6.0},{"damage_healed":0.0,"max_hp_gain":0.0,"max_hp_loss":0.0,"gold_gain":0.0,"event_name":"The Library","player_choice":"Read","floor":20.0,"gold_loss":0.0,"damage_taken":0.0,"cards_obtained":["animator:Aisha"]},{"damage_healed":0.0,"max_hp_gain":0.0,"max_hp_loss":0.0,"gold_gain":0.0,"cards_transformed":["animator:SuzuneAmano"],"event_name":"Transmorgrifier","player_choice":"Transformed","floor":21.0,"gold_loss":0.0,"damage_taken":0.0,"cards_obtained":["animator:Hitei"]},{"damage_healed":0.0,"max_hp_gain":0.0,"max_hp_loss":0.0,"gold_gain":0.0,"event_name":"Addict","player_choice":"Obtained Relic","floor":31.0,"gold_loss":85.0,"damage_taken":0.0,"relics_obtained":["Juzu Bracelet"]}],"is_beta":false,"boss_relics":[{"not_picked":["animator:CursedBlade","Busted Crown"],"picked":"Pandora\u0027s Box"}],"items_purged_floors":[3],"is_endless":false,"potions_floor_spawned":[1,7,8,10,19,25,28],"killed_by":"Automaton","ascension_level":6}}