{"host":"lyzyr6cv4ove76ms","time":1607534275,"event":{"gold_per_floor":[110,122,122,133,91,121,121,156,156,186,199,217,217,217,217,322,322,338,338,338,350,16,16,41,41,41,53,93,105,117,143,155,270,282,310,368,391,177,177,177,205,224,224,224,254,254,272,283,283,283],"floor_reached":51,"playtime":3326,"items_purged":[],"score":850,"play_id":"b49570d5-6f28-46ed-9344-2c32f44368ca","local_time":"20201209181755","is_ascension_mode":true,"campfire_choices":[{"floor":7.0,"key":"REST"},{"floor":15.0,"key":"REST"},{"data":"Sadistic Nature","floor":23.0,"key":"SMITH"},{"data":"Catalyst","floor":25,"key":"SMITH"},{"data":"Survivor","floor":27,"key":"SMITH"},{"floor":32,"key":"REST"},{"data":"Noxious Fumes","floor":40,"key":"SMITH"},{"data":"Noxious Fumes","floor":44,"key":"SMITH"},{"floor":46,"key":"REST"},{"floor":49,"key":"REST"}],"neow_cost":"NONE","seed_source_timestamp":1559610162993900,"circlet_count":0,"master_deck":["Strike_G","Strike_G","Strike_G","Defend_G","Defend_G","Defend_G","Defend_G","Survivor+1","Neutralize","Catalyst+1","Bouncing Flask+1","Burst+1","Corpse Explosion+1","Sadistic Nature+1","Malaise+1","Backflip+1","Noxious Fumes+1","Noxious Fumes+1","Malaise+1"],"special_seed":0,"relics":["Velvet Choker","Smiling Mask","Toxic Egg 2","Oddly Smooth Stone","Darkstone Periapt","Black Star","Blood Vial","Calipers","Potion Belt","MawBank","Prayer Wheel","Tingsha","Busted Crown","Ice Cream","Chemical X","Happy Flower","Ancient Tea Set","Bottled Lightning"],"potions_floor_usage":[24,28,28,31,36,37,45,45,45,45,50,50],"damage_taken":[{"damage":2.0,"enemies":"Jaw Worm","floor":1.0,"turns":5.0},{"damage":2.0,"enemies":"Small Slimes","floor":2.0,"turns":3.0},{"damage":0.0,"enemies":"2 Louse","floor":4.0,"turns":5.0},{"damage":36.0,"enemies":"3 Sentries","floor":6.0,"turns":17.0},{"damage":40.0,"enemies":"Lagavulin","floor":8.0,"turns":14.0},{"damage":3.0,"enemies":"3 Sentries","floor":10.0,"turns":8.0},{"damage":0.0,"enemies":"Red Slaver","floor":11.0,"turns":4.0},{"damage":0.0,"enemies":"3 Louse","floor":12.0,"turns":3.0},{"damage":0.0,"enemies":"Hexaghost","floor":16.0,"turns":5.0},{"damage":5.0,"enemies":"3 Byrds","floor":18.0,"turns":2.0},{"damage":0.0,"enemies":"Chosen","floor":21.0,"turns":4.0},{"damage":9,"enemies":"Gremlin Leader","floor":24,"turns":5},{"damage":2,"enemies":"Book of Stabbing","floor":28,"turns":2},{"damage":28,"enemies":"Sentry and Sphere","floor":31,"turns":6},{"damage":29,"enemies":"Collector","floor":33,"turns":7},{"damage":0,"enemies":"3 Darklings","floor":35,"turns":2},{"damage":12,"enemies":"2 Orb Walkers","floor":36,"turns":3},{"damage":8,"enemies":"3 Shapes","floor":37,"turns":5},{"damage":12,"enemies":"Reptomancer","floor":41,"turns":3},{"damage":6,"enemies":"Maw","floor":42,"turns":6},{"damage":25,"enemies":"Nemesis","floor":45,"turns":7},{"damage":3,"enemies":"Writhing Mass","floor":47,"turns":3},{"damage":0,"enemies":"4 Shapes","floor":48,"turns":4},{"damage":26,"enemies":"Donu and Deca","floor":50,"turns":7}],"seed_played":"5946379194135779149","potions_obtained":[{"floor":1.0,"key":"DuplicationPotion"},{"floor":2.0,"key":"Block Potion"},{"floor":8.0,"key":"SteroidPotion"},{"floor":10.0,"key":"Strength Potion"},{"floor":11.0,"key":"Swift Potion"},{"floor":16.0,"key":"ColorlessPotion"},{"floor":21.0,"key":"EntropicBrew"},{"floor":28,"key":"EntropicBrew"},{"floor":33,"key":"Strength Potion"},{"floor":42,"key":"DuplicationPotion"},{"floor":48,"key":"SteroidPotion"}],"is_trial":false,"path_per_floor":["M","M","?","M","?","E","R","E","T","E","M","M","?","?","R","B",null,"M","$","$","M","$","R","E","R","T","R","E","?","?","M","R","B",null,"M","?","M","$","?","R","E","M","T","R","E","R","M","M","R","B",null],"character_chosen":"THE_SILENT","items_purchased":["Blood Vial","Sadistic Nature","Chemical X","Noxious Fumes"],"campfire_rested":5,"item_purchase_floors":[22,22,38,38],"current_hp_per_floor":[68,66,59,59,59,23,44,4,4,1,1,1,1,1,22,22,70,65,65,65,65,65,65,58,58,58,58,58,45,45,19,41,14,75,75,63,57,57,57,57,47,43,43,43,20,42,41,43,65,41],"gold":283,"neow_bonus":"BOSS_RELIC","is_prod":false,"is_daily":false,"chose_seed":false,"campfire_upgraded":5,"win_rate":0,"timestamp":1607534275,"path_taken":["M","M","?","M","?","E","R","E","T","E","M","M","?","?","R","BOSS","M","?","$","M","$","R","E","R","T","R","E","?","?","M","R","BOSS","M","?","M","$","?","R","E","?","T","R","E","R","M","?","R","BOSS"],"build_version":"2020-11-30","purchased_purges":0,"victory":true,"max_hp_per_floor":[70,70,70,70,70,70,70,70,70,70,70,70,70,70,70,70,70,70,70,70,70,70,70,70,70,70,70,70,75,75,75,75,75,75,75,75,75,75,75,75,75,75,75,75,75,75,75,75,75,75],"card_choices":[{"not_picked":["Terror","Caltrops"],"picked":"Catalyst","floor":1.0},{"not_picked":["Accuracy","Poisoned Stab","Backflip"],"picked":"SKIP","floor":2.0},{"not_picked":["Finisher","Underhanded Strike","Poisoned Stab"],"picked":"SKIP","floor":4.0},{"not_picked":["PiercingWail","Escape Plan","Underhanded Strike"],"picked":"SKIP","floor":6.0},{"not_picked":["Quick Slash","Bane"],"picked":"Bouncing Flask+1","floor":8.0},{"not_picked":["Eviscerate","Bane","Deflect+1"],"picked":"SKIP","floor":10.0},{"not_picked":["Flying Knee","Distraction+1","Reflex+1"],"picked":"SKIP","floor":11.0},{"not_picked":["Blade Dance+1","Riddle With Holes","Bane"],"picked":"SKIP","floor":12.0},{"not_picked":["Storm of Steel+1","Tools of the Trade"],"picked":"Corpse Explosion+1","floor":16.0},{"not_picked":["Prepared+1","Dagger Spray+1","Reflex+1"],"picked":"SKIP","floor":18.0},{"not_picked":["Sucker Punch","Backflip+1","Dodge and Roll+1"],"picked":"SKIP","floor":21.0},{"not_picked":["Tactician+1","Flechettes","Backflip+1"],"picked":"SKIP","floor":24},{"not_picked":["Deflect+1","Dagger Spray+1"],"picked":"Malaise+1","floor":28},{"not_picked":["Bane","Backflip+1"],"picked":"Noxious Fumes","floor":31},{"not_picked":["Cloak And Dagger+1","Predator","Choke"],"picked":"SKIP","floor":31},{"not_picked":["Underhanded Strike"],"picked":"SKIP","floor":35},{"not_picked":["All Out Attack+1"],"picked":"SKIP","floor":35},{"not_picked":["Acrobatics+1"],"picked":"SKIP","floor":37},{"not_picked":["Cloak And Dagger+1"],"picked":"SKIP","floor":37},{"not_picked":["Poisoned Stab+1"],"picked":"SKIP","floor":41},{"not_picked":[],"picked":"Malaise+1","floor":42},{"not_picked":["Slice+1"],"picked":"SKIP","floor":42},{"not_picked":["Sucker Punch"],"picked":"SKIP","floor":45},{"not_picked":["Deflect+1"],"picked":"SKIP","floor":47},{"not_picked":["Backflip+1"],"picked":"SKIP","floor":47},{"not_picked":["Backflip+1"],"picked":"SKIP","floor":48},{"not_picked":["Blade Dance+1"],"picked":"SKIP","floor":48}],"player_experience":559578,"relics_obtained":[{"floor":6.0,"key":"Smiling Mask"},{"floor":8.0,"key":"Toxic Egg 2"},{"floor":9.0,"key":"Oddly Smooth Stone"},{"floor":10.0,"key":"Darkstone Periapt"},{"floor":24,"key":"Calipers"},{"floor":24,"key":"Potion Belt"},{"floor":26,"key":"MawBank"},{"floor":28,"key":"Prayer Wheel"},{"floor":28,"key":"Tingsha"},{"floor":36,"key":"Ice Cream"},{"floor":41,"key":"Happy Flower"},{"floor":41,"key":"Ancient Tea Set"},{"floor":45,"key":"Bottled Lightning"}],"event_choices":[{"cards_removed":["Strike_G"],"damage_healed":0.0,"max_hp_gain":0.0,"max_hp_loss":0.0,"gold_gain":0.0,"event_name":"Golden Wing","player_choice":"Card Removal","floor":3.0,"gold_loss":0.0,"damage_taken":7.0},{"damage_healed":0.0,"max_hp_gain":0.0,"max_hp_loss":0.0,"gold_gain":0.0,"event_name":"World of Goop","player_choice":"Left Gold","floor":5.0,"gold_loss":42.0,"damage_taken":0.0},{"damage_healed":0.0,"max_hp_gain":0.0,"max_hp_loss":0.0,"gold_gain":0.0,"event_name":"Liars Game","player_choice":"Ignored","floor":13.0,"gold_loss":0.0,"damage_taken":0.0},{"damage_healed":0.0,"max_hp_gain":0.0,"max_hp_loss":0.0,"gold_gain":0.0,"event_name":"Match and Keep!","player_choice":"1 cards matched","floor":14.0,"gold_loss":0.0,"damage_taken":0.0,"cards_obtained":["Burst"]},{"damage_healed":0,"gold_gain":0,"player_choice":"Shed Blood","damage_taken":18,"max_hp_gain":5,"max_hp_loss":0,"event_name":"Forgotten Altar","floor":29,"gold_loss":0},{"damage_healed":0,"gold_gain":0,"cards_transformed":["Defend_G","Strike_G"],"player_choice":"Became Test Subject","damage_taken":0,"max_hp_gain":0,"max_hp_loss":0,"event_name":"Drug Dealer","floor":30,"gold_loss":0,"cards_obtained":["Phantasmal Killer","Backflip"]},{"damage_healed":0,"gold_gain":0,"player_choice":"Fight","damage_taken":0,"max_hp_gain":0,"max_hp_loss":0,"event_name":"Mysterious Sphere","floor":36,"gold_loss":0},{"cards_removed":["Phantasmal Killer"],"damage_healed":0,"gold_gain":0,"player_choice":"Card Removal","damage_taken":0,"max_hp_gain":0,"max_hp_loss":0,"event_name":"Wheel of Change","floor":39,"gold_loss":0}],"is_beta":false,"boss_relics":[{"not_picked":["Calling Bell","Ectoplasm"],"picked":"Black Star"},{"not_picked":["Sozu","WristBlade"],"picked":"Busted Crown"}],"items_purged_floors":[],"is_endless":false,"potions_floor_spawned":[1,2,8,10,11,16,21,28,33,42,48],"ascension_level":1}}