{"host":"zxkjcgzis4pm3za5","time":1607485267,"event":{"gold_per_floor":[111,61,61,61,71,71,71,105,117,129,169,198,235,265,277,391,403,431,368,398,410,436,483,495,495],"floor_reached":24,"playtime":814,"items_purged":[],"score":350,"play_id":"8c3869cf-b04a-4acc-996c-95fde656fe40","local_time":"20201209091107","is_ascension_mode":true,"campfire_choices":[{"data":"Streamline","floor":7,"key":"SMITH"},{"data":"Glacier","floor":10,"key":"SMITH"},{"data":"Zap","floor":15,"key":"SMITH"}],"neow_cost":"NONE","seed_source_timestamp":776413470013900,"circlet_count":0,"master_deck":["Defend_B","Defend_B","Zap+1","Dualcast","Glacier+1","Streamline+1","Rebound","Gash","Gash","Machine Learning","Consume+1","Buffer+1","Reboot+1","Sweeping Beam+1","Leap+1","Electrodynamics"],"relics":["Cracked Core","NeowsBlessing","MawBank","Potion Belt","Anchor","InkBottle","Astrolabe","Bag of Marbles"],"potions_floor_usage":[23],"damage_taken":[{"damage":0,"enemies":"Small Slimes","floor":1,"turns":1},{"damage":0,"enemies":"Jaw Worm","floor":5,"turns":1},{"damage":0,"enemies":"3 Sentries","floor":8,"turns":1},{"damage":15,"enemies":"Gremlin Nob","floor":11,"turns":4},{"damage":0,"enemies":"2 Louse","floor":12,"turns":2},{"damage":1,"enemies":"3 Sentries","floor":13,"turns":8},{"damage":4,"enemies":"Red Slaver","floor":14,"turns":2},{"damage":22,"enemies":"Slime Boss","floor":16,"turns":9},{"damage":0,"enemies":"Chosen","floor":18,"turns":4},{"damage":0,"enemies":"Spheric Guardian","floor":20,"turns":2},{"damage":13,"enemies":"Snake Plant","floor":22,"turns":4},{"damage":40,"enemies":"Slavers","floor":23,"turns":7},{"damage":12,"enemies":"3 Cultists","floor":24,"turns":3}],"seed_played":"4459219305405599456","potions_obtained":[{"floor":8,"key":"PowerPotion"},{"floor":11,"key":"Strength Potion"},{"floor":13,"key":"FearPotion"},{"floor":20,"key":"LiquidBronze"}],"is_trial":false,"path_per_floor":["M","?","?","$","M","?","R","E","T","R","E","M","E","M","R","B",null,"M","?","M","$","M","E","M"],"character_chosen":"DEFECT","items_purchased":[],"campfire_rested":0,"item_purchase_floors":[],"current_hp_per_floor":[68,68,68,68,68,68,68,68,68,68,53,53,52,48,48,26,63,63,63,63,63,50,10,0,0],"gold":495,"neow_bonus":"THREE_ENEMY_KILL","is_prod":false,"is_daily":false,"chose_seed":false,"campfire_upgraded":3,"win_rate":0,"timestamp":1607485267,"path_taken":["M","?","?","?","M","?","R","E","T","R","E","M","E","M","R","BOSS","M","?","M","$","M","E","M"],"build_version":"2020-11-30","purchased_purges":0,"victory":false,"max_hp_per_floor":[75,75,75,75,75,75,75,75,75,75,75,75,75,75,75,75,75,75,75,75,75,75,75,75,75],"card_choices":[{"not_picked":["Compile Driver","Redo"],"picked":"Glacier","floor":1},{"not_picked":["Redo","Leap"],"picked":"Streamline","floor":5},{"not_picked":["Hologram","Gash"],"picked":"Rebound","floor":8},{"not_picked":["Barrage","Streamline"],"picked":"Gash","floor":11},{"not_picked":["Lockon","White Noise","Static Discharge"],"picked":"SKIP","floor":12},{"not_picked":["Cold Snap","Steam","Chaos"],"picked":"SKIP","floor":13},{"not_picked":["Cold Snap","Beam Cell"],"picked":"Gash","floor":14},{"not_picked":["Amplify","Buffer"],"picked":"Machine Learning","floor":16},{"not_picked":["Doom and Gloom","Coolheaded"],"picked":"Sweeping Beam+1","floor":18},{"not_picked":["Steam","Rebound"],"picked":"Leap+1","floor":20},{"not_picked":["Hello World","Steam","Glacier"],"picked":"SKIP","floor":22},{"not_picked":["Hello World","Steam","Glacier"],"picked":"SKIP","floor":22},{"not_picked":["Thunder Strike","Coolheaded"],"picked":"Electrodynamics","floor":23}],"player_experience":110678,"relics_obtained":[{"floor":8,"key":"MawBank"},{"floor":9,"key":"Potion Belt"},{"floor":11,"key":"Anchor"},{"floor":13,"key":"InkBottle"},{"floor":23,"key":"Bag of Marbles"}],"event_choices":[{"cards_removed":["Defend_B"],"damage_healed":0,"gold_gain":0,"player_choice":"Card Removal","damage_taken":0,"max_hp_gain":0,"max_hp_loss":0,"event_name":"The Cleric","floor":2,"gold_loss":50},{"cards_removed":["Strike_B"],"damage_healed":0,"gold_gain":0,"player_choice":"Forget","damage_taken":0,"max_hp_gain":0,"max_hp_loss":0,"event_name":"Living Wall","floor":3,"gold_loss":0},{"damage_healed":0,"gold_gain":0,"player_choice":"0 cards matched","damage_taken":0,"max_hp_gain":0,"max_hp_loss":0,"event_name":"Match and Keep!","floor":6,"gold_loss":0,"cards_obtained":[]},{"cards_removed":["Defend_B"],"damage_healed":0,"gold_gain":0,"player_choice":"Gave Gold","damage_taken":0,"max_hp_gain":0,"max_hp_loss":0,"event_name":"Beggar","floor":19,"gold_loss":75}],"is_beta":false,"boss_relics":[{"not_picked":["SlaversCollar","Empty Cage"],"picked":"Astrolabe"}],"items_purged_floors":[],"is_endless":false,"potions_floor_spawned":[8,11,13,20],"killed_by":"3 Cultists","ascension_level":7}}