{"host":"hc8xbdd8p6sd75vx","time":1607498622,"event":{"gold_per_floor":[118,129,148,132,132,160,160,188,227,270,294,23,43,43,43,43,43],"floor_reached":16,"playtime":516,"items_purged":[],"score":132,"play_id":"26a26ae8-57f4-4864-bdec-9905aa849173","local_time":"20201208232342","is_ascension_mode":true,"campfire_choices":[{"floor":15,"key":"REST"}],"neow_cost":"NONE","seed_source_timestamp":1468797639059500,"circlet_count":0,"master_deck":["Strike_R","Strike_R","Strike_R","Strike_R","Strike_R","Defend_R","Defend_R","Defend_R","Defend_R","Bash","Wild Strike","Searing Blow","Panache","Dropkick","Demon Form","Anger","Reckless Charge","Inflame+1","Heavy Blade"],"relics":["Burning Blood","NeowsBlessing","Akabeko","MawBank","Bag of Preparation","Frozen Egg 2","Meat on the Bone"],"potions_floor_usage":[6,8,10,16,16],"damage_taken":[{"damage":0,"enemies":"Cultist","floor":1,"turns":1},{"damage":0,"enemies":"Jaw Worm","floor":2,"turns":1},{"damage":0,"enemies":"2 Louse","floor":3,"turns":1},{"damage":16,"enemies":"Gremlin Nob","floor":6,"turns":4},{"damage":43,"enemies":"3 Sentries","floor":8,"turns":11},{"damage":35,"enemies":"Lagavulin","floor":10,"turns":6},{"damage":11,"enemies":"2 Fungi Beasts","floor":11,"turns":3},{"damage":9,"enemies":"Red Slaver","floor":13,"turns":2},{"damage":54,"enemies":"The Guardian","floor":16,"turns":7}],"seed_played":"-1978303847017353485","potions_obtained":[{"floor":2,"key":"SkillPotion"},{"floor":3,"key":"SpeedPotion"},{"floor":5,"key":"Explosive Potion"},{"floor":5,"key":"CultistPotion"},{"floor":5,"key":"BloodPotion"},{"floor":11,"key":"SteroidPotion"},{"floor":13,"key":"Explosive Potion"}],"is_trial":false,"path_per_floor":["M","M","M","$","?","E","$","E","T","E","M","$","M","?","R","B"],"character_chosen":"IRONCLAD","items_purchased":["Panache","Inflame+1","Meat on the Bone"],"campfire_rested":1,"item_purchase_floors":[4,12,12],"current_hp_per_floor":[80,80,80,80,80,70,70,49,49,20,15,15,24,24,48,0,0],"gold":43,"neow_bonus":"THREE_ENEMY_KILL","is_prod":false,"is_daily":false,"chose_seed":false,"campfire_upgraded":0,"win_rate":0,"timestamp":1607498622,"path_taken":["M","?","M","$","?","E","?","E","T","E","?","$","M","?","R","BOSS"],"build_version":"2020-11-30","purchased_purges":0,"victory":false,"max_hp_per_floor":[80,80,80,80,80,80,80,80,80,80,80,80,80,80,80,80,80],"card_choices":[{"not_picked":["Armaments","Headbutt"],"picked":"Wild Strike","floor":1},{"not_picked":["Sword Boomerang","Twin Strike"],"picked":"Searing Blow","floor":2},{"not_picked":["Perfected Strike","Feel No Pain","Flex"],"picked":"SKIP","floor":3},{"not_picked":["Entrench","True Grit"],"picked":"Dropkick","floor":6},{"not_picked":["Thunderclap","Twin Strike"],"picked":"Demon Form","floor":8},{"not_picked":["Warcry","Perfected Strike"],"picked":"Anger","floor":10},{"not_picked":["Headbutt","Ghostly Armor"],"picked":"Reckless Charge","floor":11},{"not_picked":["Cleave","True Grit"],"picked":"Heavy Blade","floor":13}],"player_experience":187596,"relics_obtained":[{"floor":6,"key":"Akabeko"},{"floor":8,"key":"MawBank"},{"floor":9,"key":"Bag of Preparation"},{"floor":10,"key":"Frozen Egg 2"}],"event_choices":[{"damage_healed":0,"gold_gain":0,"player_choice":"Got Potions","damage_taken":0,"max_hp_gain":0,"max_hp_loss":0,"event_name":"Lab","floor":5,"gold_loss":0},{"damage_healed":0,"gold_gain":0,"player_choice":"Searched \u00270\u0027 times","damage_taken":0,"max_hp_gain":0,"max_hp_loss":0,"event_name":"Dead Adventurer","floor":14,"gold_loss":0}],"is_beta":false,"boss_relics":[],"items_purged_floors":[],"is_endless":false,"potions_floor_spawned":[2,3,11,13],"killed_by":"The Guardian","ascension_level":2}}