{"host":"q229ysid750dmjme","time":1607495579,"event":{"gold_per_floor":[12,28,28,28,103,103,129,141,141,141,161,175,194,228,228,333,333,347,347,437,49,66,66,66,95,95,95,95],"floor_reached":27,"playtime":2938,"items_purged":["PrismaMod:MiyuCommonAttack"],"score":266,"play_id":"0d66c56c-d525-4bc1-be4a-8fd5ee5c0940","local_time":"20201209153259","is_ascension_mode":false,"campfire_choices":[{"data":"PrismaMod:MiyuCheapChannelDefend","floor":6.0,"key":"SMITH"},{"data":"PrismaMod:MiyuDefenseRemoval","floor":10.0,"key":"SMITH"},{"data":"PrismaMod:MiyuCheapChannelAttack","floor":15.0,"key":"SMITH"},{"data":"PrismaMod:MiyuMaid","floor":23,"key":"SMITH"}],"neow_cost":"NO_GOLD","seed_source_timestamp":0,"circlet_count":0,"master_deck":["PrismaMod:MiyuCommonDefend","PrismaMod:MiyuCommonDefend","PrismaMod:MiyuCommonAttack+1","PrismaMod:MiyuCommonAttack","PrismaMod:MiyuCommonAttack","PrismaMod:MiyuCommonAttack+1","PrismaMod:MiyuCheapChannelAttack+1","PrismaMod:MiyuCheapChannelDefend+1","PrismaMod:MiyuCheapEvoke","PrismaMod:MiyuCheapDexBuff","PrismaMod:MiyuCheapStrBuff","PrismaMod:MiyuUncommonDefend","PrismaMod:MiyuCheapAttack1+1","PrismaMod:MiyuDefendChannelDefend+1","PrismaMod:MiyuDefenseRemoval+1","PrismaMod:MiyuOrbIncreasePerm","PrismaMod:MiyuUncommonStrBuff","PrismaMod:MiyuCheapDexBuff","PrismaMod:MiyuUncommonAttack","PrismaMod:MiyuCarnivalAttack","PrismaMod:MiyuCheapDefend1","PrismaMod:MiyuMaid+1","Forethought","PrismaMod:MiyuCheapDexBuff+1","PrismaMod:MiyuCheapAttack2+1"],"special_seed":0,"relics":["PrismaMod:PrismaSapphireUpgrade","HornCleat","Art of War","Whetstone","FossilizedHelix","StoneCalendar","Meat on the Bone"],"potions_floor_usage":[22,25,27],"damage_taken":[{"damage":11.0,"enemies":"Jaw Worm","floor":1.0,"turns":4.0},{"damage":0.0,"enemies":"2 Louse","floor":2.0,"turns":4.0},{"damage":0.0,"enemies":"Gremlin Nob","floor":7.0,"turns":7.0},{"damage":0.0,"enemies":"Small Slimes","floor":8.0,"turns":3.0},{"damage":0.0,"enemies":"Exordium Wildlife","floor":11.0,"turns":4.0},{"damage":0.0,"enemies":"3 Louse","floor":12.0,"turns":5.0},{"damage":4.0,"enemies":"Lots of Slimes","floor":13.0,"turns":5.0},{"damage":2.0,"enemies":"3 Sentries","floor":14.0,"turns":10.0},{"damage":12.0,"enemies":"The Guardian","floor":16.0,"turns":9.0},{"damage":0.0,"enemies":"Shell Parasite","floor":18.0,"turns":5.0},{"damage":2,"enemies":"2 Thieves","floor":22,"turns":4},{"damage":32,"enemies":"Slavers","floor":25,"turns":9},{"damage":24,"enemies":"Gremlin Leader","floor":27,"turns":8}],"seed_played":"2186889048980573093","potions_obtained":[{"floor":7.0,"key":"BlessingOfTheForge"},{"floor":11.0,"key":"Regen Potion"},{"floor":12.0,"key":"SmokeBomb"},{"floor":14.0,"key":"Block Potion"},{"floor":16.0,"key":"LiquidMemories"},{"floor":18.0,"key":"SpeedPotion"},{"floor":25,"key":"SpeedPotion"}],"is_trial":false,"path_per_floor":["M","M","?","?","?","R","E","M","T","R","M","M","M","E","R","B",null,"M","?","?","$","M","R","$","E","T","E"],"character_chosen":"MIYU","items_purchased":["FossilizedHelix"],"campfire_rested":0,"item_purchase_floors":[21],"current_hp_per_floor":[64,64,64,49,38,38,38,38,38,38,38,38,34,47,47,35,75,75,75,57,57,55,55,55,23,23,0,0],"gold":95,"neow_bonus":"TRANSFORM_TWO_CARDS","is_prod":false,"is_daily":false,"chose_seed":false,"campfire_upgraded":4,"win_rate":0.0,"timestamp":1607495579,"path_taken":["M","M","?","?","?","R","E","M","T","R","M","M","M","E","R","BOSS","M","?","?","$","?","R","?","E","T","E"],"build_version":"2020-11-30","purchased_purges":1,"victory":false,"max_hp_per_floor":[75,75,75,75,75,75,75,75,75,75,75,75,75,75,75,75,75,75,75,75,75,75,75,75,75,75,75,75],"card_choices":[{"not_picked":["PrismaMod:MiyuCheapChannelDefend","PrismaMod:MiyuEvokeCheapDefend"],"picked":"PrismaMod:MiyuUncommonDefend","floor":1.0},{"not_picked":["PrismaMod:MiyuChristmas","PrismaMod:MiyuUncommonAOEAttack"],"picked":"PrismaMod:MiyuCheapAttack1","floor":2.0},{"not_picked":["PrismaMod:MiyuCheapAttack1","PrismaMod:MiyuCarnivalDefend"],"picked":"PrismaMod:MiyuDefenseRemoval","floor":7.0},{"not_picked":["PrismaMod:MiyuCheapEvoke","PrismaMod:MiyuUncommonPlate"],"picked":"PrismaMod:MiyuOrbIncreasePerm","floor":8.0},{"not_picked":["PrismaMod:MiyuCheapAttack2","PrismaMod:MiyuEvokeAll","PrismaMod:MiyuCheapChannelWeak"],"picked":"SKIP","floor":11.0},{"not_picked":["PrismaMod:MiyuAttackChannelWeak","PrismaMod:MiyuChristmas"],"picked":"PrismaMod:MiyuUncommonStrBuff","floor":12.0},{"not_picked":["PrismaMod:MiyuDefenseRemoval","PrismaMod:MiyuEvokeCheapDefend"],"picked":"PrismaMod:MiyuCheapDexBuff","floor":13.0},{"not_picked":["PrismaMod:MiyuEvokeAll","PrismaMod:MiyuUncommonPlate"],"picked":"PrismaMod:MiyuUncommonAttack","floor":14.0},{"not_picked":["PrismaMod:MiyuEvokeBuffStr","PrismaMod:MiyuCarnivalDefend"],"picked":"PrismaMod:MiyuCarnivalAttack","floor":16.0},{"not_picked":["PrismaMod:MiyuCheapAttack1","PrismaMod:MiyuUncommonDexBuff"],"picked":"PrismaMod:MiyuCheapDefend1","floor":18.0},{"not_picked":["PrismaMod:MiyuUberAttack","PrismaMod:MiyuCheapDefend1+1"],"picked":"PrismaMod:MiyuCheapDexBuff+1","floor":22},{"not_picked":["PrismaMod:MiyuCheapStrBuff","PrismaMod:MiyuCheapChannelHeal+1"],"picked":"PrismaMod:MiyuCheapAttack2+1","floor":25}],"player_experience":273351,"relics_obtained":[{"floor":7.0,"key":"HornCleat"},{"floor":9.0,"key":"Art of War"},{"floor":14.0,"key":"Whetstone"},{"floor":25,"key":"StoneCalendar"},{"floor":26,"key":"Meat on the Bone"}],"event_choices":[{"damage_healed":0.0,"max_hp_gain":0.0,"max_hp_loss":0.0,"gold_gain":0.0,"cards_transformed":["PrismaMod:MiyuCommonDefend"],"event_name":"Living Wall","player_choice":"Change","floor":3.0,"gold_loss":0.0,"damage_taken":0.0,"cards_obtained":["PrismaMod:MiyuDefendChannelDefend"]},{"damage_healed":0.0,"max_hp_gain":0.0,"max_hp_loss":0.0,"gold_gain":0.0,"event_name":"Shining Light","player_choice":"Entered Light","floor":4.0,"gold_loss":0.0,"damage_taken":15.0,"cards_upgraded":["PrismaMod:MiyuDefendChannelDefend","PrismaMod:MiyuCommonAttack"]},{"damage_healed":0.0,"max_hp_gain":0.0,"max_hp_loss":0.0,"gold_gain":75.0,"event_name":"World of Goop","player_choice":"Gather Gold","floor":5.0,"gold_loss":0.0,"damage_taken":11.0},{"damage_healed":0.0,"max_hp_gain":0.0,"max_hp_loss":0.0,"gold_gain":0.0,"event_name":"The Library","player_choice":"Read","floor":19.0,"gold_loss":0.0,"damage_taken":0.0,"cards_obtained":["PrismaMod:MiyuMaid"]},{"damage_healed":0.0,"max_hp_gain":0.0,"max_hp_loss":0.0,"gold_gain":90.0,"event_name":"Knowing Skull","player_choice":"GOLD CARD ","floor":20.0,"potions_obtained":[],"gold_loss":0.0,"damage_taken":18.0,"cards_obtained":["Forethought"]}],"is_beta":false,"boss_relics":[{"not_picked":["Cursed Key","Snecko Eye"],"picked":"PrismaMod:PrismaSapphireUpgrade"}],"items_purged_floors":[21],"is_endless":false,"potions_floor_spawned":[7,11,12,14,16,18,25],"killed_by":"Gremlin Leader","ascension_level":0}}