{"host":"ks0rgj8xgppw8yky","time":1607546241,"event":{"gold_per_floor":[113,188,199,73,73,103,103,118,196,207,222,239,239,239,239,334,334,351,366,28,28,39,39,53,53,80,98,98,112,130,130,130],"floor_reached":31,"playtime":2023,"items_purged":["Defend_B","theForsaken:PlagueCurse"],"score":291,"play_id":"eea65316-e815-4758-b99a-3378e6f37bb0","local_time":"20201209153721","is_ascension_mode":false,"campfire_choices":[{"floor":7,"key":"REST"},{"floor":15,"key":"REST"},{"data":"Leap","floor":23,"key":"SMITH"},{"floor":28,"key":"REST"}],"neow_cost":"NONE","seed_source_timestamp":390546128942000,"circlet_count":0,"master_deck":["conspire:GhostlyStrike","conspire:GhostlyStrike","conspire:GhostlyStrike","conspire:GhostlyStrike","conspire:GhostlyDefend","conspire:GhostlyDefend","conspire:GhostlyDefend","Zap","Dualcast","Leap","Beam Cell","Leap","Leap+1","Streamline","Leap+1","Lockon","Machine Learning","Redo","Storm+1","Self Repair","Redo","Ball Lightning+1","Coolheaded","Loop"],"relics":["Cracked Core","DataDisk","Orichalcum","DemoMod:JetPack","theForsaken:PlagueMask","MealTicket","conspire:SlowCooker","Bronze Scales","theForsaken:Gavel"],"potions_floor_usage":[16,16,27,27],"damage_taken":[{"damage":4,"enemies":"Jaw Worm","floor":1,"turns":4},{"damage":0,"enemies":"Small Slimes","floor":3,"turns":2},{"damage":9,"enemies":"Lagavulin","floor":6,"turns":6},{"damage":0,"enemies":"conspire:RoseBush","floor":8,"turns":2},{"damage":0,"enemies":"Large Slime","floor":10,"turns":5},{"damage":1,"enemies":"3 Louse","floor":11,"turns":4},{"damage":3,"enemies":"Gremlin Gang","floor":12,"turns":5},{"damage":27,"enemies":"The Guardian","floor":16,"turns":10},{"damage":16,"enemies":"theJungle:Flameango_and_Byrd","floor":18,"turns":7},{"damage":26,"enemies":"theJungle:GiantWrat","floor":19,"turns":6},{"damage":31,"enemies":"theJungle:Snecko_Cultist_And_Trap","floor":22,"turns":6},{"damage":28,"enemies":"theJungle:JungleHuntersEncounter","floor":24,"turns":6},{"damage":14,"enemies":"theJungle:2_Snecko_Cultists","floor":27,"turns":5},{"damage":22,"enemies":"Snake Plant","floor":29,"turns":4},{"damage":23,"enemies":"theJungle:JungleHuntersEncounter","floor":30,"turns":5},{"damage":16,"enemies":"theJungle:Lyon","floor":31,"turns":3}],"seed_played":"-6449735176129527325","potions_obtained":[{"floor":1,"key":"SteroidPotion"},{"floor":8,"key":"Regen Potion"},{"floor":11,"key":"Block Potion"},{"floor":12,"key":"LiquidBronze"},{"floor":24,"key":"DemoMod:LeadSkinPotion"},{"floor":27,"key":"Ancient Potion"},{"floor":30,"key":"SteroidPotion"}],"is_trial":false,"path_per_floor":["M","?","M","$","?","E","R","M","T","M","M","M","?","?","R","B",null,"M","M","$","?","M","R","M","?","T","M","R","M","M","M"],"character_chosen":"DEFECT","items_purchased":["Leap","Bronze Scales","Self Repair"],"campfire_rested":3,"item_purchase_floors":[4,20,20],"current_hp_per_floor":[71,64,64,64,64,55,75,75,75,75,74,71,71,59,75,48,75,59,33,48,75,51,51,30,30,30,32,54,32,16,0,0],"gold":130,"neow_bonus":"RANDOM_COMMON_RELIC","is_prod":false,"is_daily":false,"chose_seed":false,"campfire_upgraded":1,"win_rate":0,"timestamp":1607546241,"path_taken":["M","?","M","?","?","E","R","?","T","M","M","M","?","?","R","BOSS","M","M","$","?","?","R","M","?","T","M","R","?","M","?"],"build_version":"2020-11-30","purchased_purges":2,"victory":false,"max_hp_per_floor":[75,75,75,75,75,75,75,75,75,75,75,75,75,75,75,75,75,75,75,75,75,75,75,75,75,75,75,75,75,75,75,75],"card_choices":[{"not_picked":["Consume","Streamline"],"picked":"Leap","floor":1},{"not_picked":["Gash","Turbo"],"picked":"Beam Cell","floor":3},{"not_picked":["Gash","Conserve Battery"],"picked":"Leap","floor":6},{"not_picked":["Reinforced Body","Coolheaded"],"picked":"Streamline","floor":8},{"not_picked":["hubris:PowerSurge","hubris:DoWhile"],"picked":"Leap","floor":10},{"not_picked":["Double Energy","Steam"],"picked":"Lockon","floor":11},{"not_picked":["Coolheaded","Consume"],"picked":"Undo","floor":12},{"not_picked":["Rainbow","Reboot"],"picked":"Machine Learning","floor":16},{"not_picked":["Turbo+1","Streamline"],"picked":"Redo","floor":18},{"not_picked":["Skim+1","conspire:Rain"],"picked":"Storm+1","floor":19},{"not_picked":["Leap","Stack"],"picked":"Redo","floor":22},{"not_picked":["Sweeping Beam","Fusion"],"picked":"Ball Lightning+1","floor":24},{"not_picked":["Hologram","Undo","Reinforced Body"],"picked":"SKIP","floor":27},{"not_picked":["Streamline","Conserve Battery"],"picked":"Coolheaded","floor":29},{"not_picked":["Gash","Reprogram"],"picked":"Loop","floor":30}],"player_experience":920762,"relics_obtained":[{"floor":6,"key":"Orichalcum"},{"floor":9,"key":"DemoMod:JetPack"},{"floor":26,"key":"theForsaken:Gavel"}],"event_choices":[{"damage_healed":0,"gold_gain":75,"player_choice":"Touch","damage_taken":7,"max_hp_gain":0,"max_hp_loss":0,"event_name":"FaceTrader","floor":2,"gold_loss":0},{"damage_healed":0,"gold_gain":0,"player_choice":"Agree","damage_taken":0,"max_hp_gain":0,"max_hp_loss":0,"event_name":"conspire:LoneGhost","floor":5,"gold_loss":0},{"damage_healed":0,"gold_gain":0,"player_choice":"Obtain Plague Curse","damage_taken":0,"max_hp_gain":0,"max_hp_loss":0,"event_name":"Plague Doctor","floor":13,"gold_loss":0,"cards_obtained":["theForsaken:PlagueCurse"]},{"damage_healed":0,"gold_gain":0,"player_choice":"Success","damage_taken":12,"relics_obtained":["MealTicket"],"max_hp_gain":0,"max_hp_loss":0,"event_name":"Scrap Ooze","floor":14,"gold_loss":0},{"cards_removed":["Undo"],"damage_healed":27,"gold_gain":0,"player_choice":"Offered Uncommon","damage_taken":0,"max_hp_gain":0,"max_hp_loss":0,"event_name":"Bonfire Elementals","floor":21,"gold_loss":0},{"damage_healed":0,"gold_gain":0,"player_choice":"Forge","damage_taken":0,"max_hp_gain":0,"max_hp_loss":0,"event_name":"Accursed Blacksmith","floor":25,"gold_loss":0,"cards_upgraded":["Leap"]}],"is_beta":false,"boss_relics":[{"not_picked":["hubris:TerracottaHorce","Astrolabe"],"picked":"conspire:SlowCooker"}],"items_purged_floors":[4,20],"is_endless":false,"potions_floor_spawned":[1,8,11,12,24,27,30],"killed_by":"theJungle:Lyon","ascension_level":0}}