{"host":"dntw6kil9p09eemm","time":1607532310,"event":{"gold_per_floor":[119,130,143,68,84,84,58,58,58,85,129,141,169,199,211,321,333,365,377,423,62,81,81,100,114,137,153,166,178,178,193,193,193,193],"floor_reached":33,"playtime":2003,"items_purged":["Strike_B"],"score":280,"play_id":"3f8f7c2e-14e5-4d0c-9631-2407d72b07ba","local_time":"20201210014510","is_ascension_mode":false,"campfire_choices":[{"data":"Zap","floor":12.0,"key":"SMITH"},{"data":"Redo","floor":15.0,"key":"SMITH"},{"floor":23.0,"key":"REST"},{"floor":30.0,"key":"REST"},{"floor":32.0,"key":"REST"}],"neow_cost":"NONE","seed_source_timestamp":0,"circlet_count":0,"master_deck":["Defend_B","Defend_B","Zap+1","Dualcast","Static Discharge","Ball Lightning","BootSequence","Conserve Battery","Redo+1","Beam Cell","Turbo","Seek","Glacier+1","Reprogram+1","Barrage+1","Bite","Bite","Bite","Bite","Bite","Redo","Loop","Rip and Tear","Seek","Sweeping Beam+1","Ball Lightning+1","Hologram+1"],"special_seed":0,"relics":["Cracked Core","Eternal Feather","Astrolabe","Red Mask","MerchantsRug","Mummified Hand","Bag of Marbles"],"potions_floor_usage":[33],"damage_taken":[{"damage":0.0,"enemies":"Cultist","floor":1.0,"turns":3.0},{"damage":8.0,"enemies":"2 Louse","floor":2.0,"turns":2.0},{"damage":1.0,"enemies":"Jaw Worm","floor":3.0,"turns":3.0},{"damage":5.0,"enemies":"2 Fungi Beasts","floor":5.0,"turns":3.0},{"damage":0.0,"enemies":"Blue Slaver","floor":10.0,"turns":3.0},{"damage":14.0,"enemies":"Lagavulin","floor":11.0,"turns":7.0},{"damage":0.0,"enemies":"Exordium Thugs","floor":13.0,"turns":3.0},{"damage":0.0,"enemies":"3 Louse","floor":14.0,"turns":2.0},{"damage":18.0,"enemies":"The Guardian","floor":16.0,"turns":8.0},{"damage":7.0,"enemies":"3 Byrds","floor":18.0,"turns":3.0},{"damage":20.0,"enemies":"Masked Bandits","floor":20.0,"turns":3.0},{"damage":24.0,"enemies":"2 Thieves","floor":22.0,"turns":3.0},{"damage":14.0,"enemies":"Sentry and Sphere","floor":24.0,"turns":4.0},{"damage":21.0,"enemies":"Centurion and Healer","floor":25.0,"turns":5.0},{"damage":16.0,"enemies":"Snake Plant","floor":27.0,"turns":5.0},{"damage":21.0,"enemies":"3 Cultists","floor":28.0,"turns":4.0},{"damage":16.0,"enemies":"Snecko","floor":29.0,"turns":4.0},{"damage":30.0,"enemies":"Snake Plant","floor":31.0,"turns":4.0},{"damage":78,"enemies":"Champ","floor":33,"turns":11}],"seed_played":"8128277305419151630","potions_obtained":[{"floor":3.0,"key":"SpeedPotion"},{"floor":5.0,"key":"EssenceOfSteel"},{"floor":6.0,"key":"ColorlessPotion"},{"floor":6.0,"key":"LiquidBronze"},{"floor":11.0,"key":"Strength Potion"},{"floor":16.0,"key":"Fire Potion"},{"floor":18.0,"key":"Energy Potion"},{"floor":20.0,"key":"SpeedPotion"},{"floor":31.0,"key":"LiquidBronze"}],"is_trial":false,"path_per_floor":["M","M","M","$","M","?","$","?","T","M","E","R","M","M","R","B",null,"M","?","?","$","M","R","M","M","T","M","M","M","R","M","R","B"],"character_chosen":"DEFECT","items_purchased":["Conserve Battery","MerchantsRug","Loop","Mummified Hand"],"campfire_rested":3,"item_purchase_floors":[7,21,21,21],"current_hp_per_floor":[82,74,73,73,68,68,68,68,68,68,54,63,63,63,72,54,82,75,57,39,39,21,50,46,35,35,29,16,6,38,18,50,0,0],"gold":193,"neow_bonus":"TEN_PERCENT_HP_BONUS","is_prod":false,"is_daily":false,"chose_seed":false,"campfire_upgraded":2,"win_rate":0,"timestamp":1607532310,"path_taken":["M","M","M","$","M","?","?","?","T","M","E","R","?","M","R","BOSS","M","?","?","$","M","R","M","M","T","M","M","M","R","M","R","BOSS"],"build_version":"2020-11-30","purchased_purges":1,"victory":false,"max_hp_per_floor":[82,82,82,82,82,82,82,82,82,82,82,82,82,82,82,82,82,82,57,57,57,57,57,57,57,57,57,57,57,57,57,57,57,57],"card_choices":[{"not_picked":["Go for the Eyes","Heatsinks"],"picked":"Static Discharge","floor":1.0},{"not_picked":["Chaos","Turbo"],"picked":"Ball Lightning","floor":2.0},{"not_picked":["Compile Driver","Cold Snap"],"picked":"BootSequence","floor":3.0},{"not_picked":["Chill","Stack","Force Field"],"picked":"SKIP","floor":5.0},{"not_picked":["Aggregate","All For One"],"picked":"Redo","floor":10.0},{"not_picked":["Amplify","Leap"],"picked":"Beam Cell","floor":11.0},{"not_picked":["Sunder","Redo"],"picked":"Turbo","floor":13.0},{"not_picked":["Go for the Eyes","Steam","Streamline"],"picked":"SKIP","floor":14.0},{"not_picked":["Thunder Strike","Fission"],"picked":"Seek","floor":16.0},{"not_picked":["Cold Snap","Compile Driver+1","Steam"],"picked":"SKIP","floor":18.0},{"not_picked":["Barrage","Capacitor"],"picked":"Redo","floor":20.0},{"not_picked":["Hello World","Ball Lightning"],"picked":"Rip and Tear","floor":22.0},{"not_picked":["Cold Snap","Go for the Eyes"],"picked":"Seek","floor":24.0},{"not_picked":["Cold Snap","Aggregate"],"picked":"Sweeping Beam+1","floor":25.0},{"not_picked":["Heatsinks","Cold Snap+1","Go for the Eyes"],"picked":"SKIP","floor":27.0},{"not_picked":["Streamline","Conserve Battery"],"picked":"Ball Lightning+1","floor":28.0},{"not_picked":["Barrage","Steam","Thunder Strike"],"picked":"SKIP","floor":29.0},{"not_picked":["Barrage","Steam+1"],"picked":"Hologram+1","floor":31.0}],"player_experience":78686,"relics_obtained":[{"floor":9.0,"key":"MawBank"},{"floor":11.0,"key":"Eternal Feather"},{"floor":20.0,"key":"Red Mask"},{"floor":26.0,"key":"Bag of Marbles"}],"event_choices":[{"damage_healed":0.0,"max_hp_gain":0.0,"max_hp_loss":0.0,"gold_gain":0.0,"event_name":"Lab","player_choice":"Got Potions","floor":6.0,"gold_loss":0.0,"damage_taken":0.0},{"damage_healed":0.0,"max_hp_gain":0.0,"max_hp_loss":0.0,"gold_gain":0.0,"event_name":"FaceTrader","player_choice":"Leave","floor":8.0,"gold_loss":0.0,"damage_taken":0.0},{"damage_healed":0.0,"max_hp_gain":0.0,"max_hp_loss":25.0,"gold_gain":0.0,"event_name":"Vampires","player_choice":"Became a vampire","floor":19.0,"gold_loss":0.0,"damage_taken":0.0,"cards_obtained":["Bite","Bite","Bite","Bite","Bite"]},{"damage_healed":0.0,"max_hp_gain":0.0,"max_hp_loss":0.0,"gold_gain":0.0,"event_name":"Masked Bandits","player_choice":"Fought Bandits","floor":20.0,"gold_loss":0.0,"damage_taken":0.0}],"is_beta":false,"boss_relics":[{"not_picked":["Snecko Eye","Velvet Choker"],"picked":"Astrolabe"}],"items_purged_floors":[4],"is_endless":false,"potions_floor_spawned":[3,5,10,11,14,16,18,20,31],"killed_by":"Champ","ascension_level":0}}