{"host":"kux12pw67lc1ca9q","time":1607523380,"event":{"gold_per_floor":[131,131,149,169,169,198,118,138,138,151,201,201,34,45,45,125,125,160,160,160,44,44,44,74,74,74,24,59,90,90,174,174,246,246,256,91,114,114,114,159,192,224,275,290,349,349,368,406,406,410,426,426],"floor_reached":51,"playtime":3286,"items_purged":["StuffTheSpire:CuriosityCurse"],"score":1836,"play_id":"1826e296-857d-4acc-b5b2-b29bd0fb59ff","local_time":"20201209141620","is_ascension_mode":true,"campfire_choices":[{"data":"stsjorbsmod:TrueStrike","floor":12.0,"key":"SMITH"},{"data":"stsjorbsmod:ArcaneForm","floor":15.0,"key":"SMITH"},{"data":"theJungle:Gourd","floor":23.0,"key":"SMITH"},{"data":"theJungle:Gourd","floor":25.0,"key":"SMITH"},{"floor":32,"key":"DIG"},{"floor":46,"key":"REST"},{"data":"stsjorbsmod:IvoryTower","floor":49,"key":"SMITH"}],"neow_cost":"TEN_PERCENT_HP_LOSS","seed_source_timestamp":335190990775500,"circlet_count":0,"master_deck":["AscendersBane","stsjorbsmod:ForbiddenGrimoire+1","stsjorbsmod:Strike_Wanderer","stsjorbsmod:Strike_Wanderer","stsjorbsmod:FreshAdventure","stsjorbsmod:EyeOfTheStorm","stsjorbsmod:RefuseToForget+1","stsjorbsmod:ArcaneForm+1","stsjorbsmod:FlameWard","stsjorbsmod:TrueStrike+1","stsjorbsmod:MageArmor","stsjorbsmod:RayOfFrost","stsjorbsmod:LocateObject","stsjorbsmod:Firebolt","stsjorbsmod:BookOfTongues","stsjorbsmod:SiphonEnergy+1","stsjorbsmod:Withdraw","stsjorbsmod:ColorSpray","stsjorbsmod:FlameWard","theJungle:Gourd+1","theJungle:Gourd+1","theJungle:Gourd","theJungle:Gourd","stsjorbsmod:Inferno","stsjorbsmod:MistyStep","stsjorbsmod:IvoryTower+1","stsjorbsmod:Mending+1","AscendersBane","stsjorbsmod:WanderingMind","stsjorbsmod:ChatteringStrike","stsjorbsmod:Mindworm+1","stsjorbsmod:ArcaneWeapon","stsjorbsmod:Counterspell+1","stsjorbsmod:TollTheDead"],"special_seed":0,"relics":["stsjorbsmod:GrimoireRelic","vexMod:MemoryStick","vexMod:BarristanHead","infinitespire:Midas Blood","Bag of Marbles","thethorton:BottledFunds","theJungle:BirthdayCake","War Paint","Mastiff:ReiMu","Smiling Mask","ReplayTheSpireMod:TigerMarble","StuffTheSpire:Experiment12","Blood Vial","Runic Pyramid","StuffTheSpire:BottledEssence","RetroEgg","Dream Catcher","Vajra","aspiration:Lifesprig"],"potions_floor_usage":[40,50,51],"damage_taken":[{"damage":1.0,"enemies":"Menagerie:2_RABBITS","floor":1.0,"turns":5.0},{"damage":0.0,"enemies":"Menagerie:StygianBoar","floor":3.0,"turns":3.0},{"damage":3.0,"enemies":"Menagerie:WhisperingWraith","floor":4.0,"turns":3.0},{"damage":13.0,"enemies":"Menagerie:VoidReaper","floor":6.0,"turns":7.0},{"damage":4.0,"enemies":"Menagerie:RedMage","floor":8.0,"turns":6.0},{"damage":0.0,"enemies":"Menagerie:KEEPER_AND_YOUNG_SUNEATER","floor":10.0,"turns":4.0},{"damage":0.0,"enemies":"Menagerie:STYGIAN_BOAR_AND_RABBIT","floor":14.0,"turns":4.0},{"damage":22.0,"enemies":"Menagerie:Chimera","floor":16.0,"turns":7.0},{"damage":0.0,"enemies":"theJungle:MUSHROOMGANG","floor":18.0,"turns":4.0},{"damage":0.0,"enemies":"Nightmare","floor":24.0,"turns":7.0},{"damage":0.0,"enemies":"theJungle:Cassacara","floor":28.0,"turns":6.0},{"damage":0,"enemies":"theJungle:5_Spyders","floor":29,"turns":5},{"damage":0,"enemies":"theJungle:TotemBoss","floor":33,"turns":5},{"damage":0,"enemies":"Orb Walker","floor":35,"turns":5},{"damage":0,"enemies":"3 Shapes","floor":37,"turns":4},{"damage":48,"enemies":"Reptomancer","floor":40,"turns":6},{"damage":18,"enemies":"Spire Growth","floor":41,"turns":5},{"damage":6,"enemies":"R_Hoarder","floor":42,"turns":7},{"damage":0,"enemies":"Transient","floor":44,"turns":6},{"damage":1,"enemies":"4 Shapes","floor":45,"turns":4},{"damage":0,"enemies":"Maw","floor":47,"turns":6},{"damage":0,"enemies":"Nemesis","floor":48,"turns":5},{"damage":6,"enemies":"infinitespire:MassOfShapes","floor":50,"turns":10},{"damage":125,"enemies":"Donu and Deca","floor":51,"turns":8}],"seed_played":"-276266084744281","potions_obtained":[{"floor":3.0,"key":"stsjorbsmod:BurningPotion"},{"floor":6.0,"key":"BlessingOfTheForge"},{"floor":24.0,"key":"SCP261:BostonMolassesPotion"},{"floor":28.0,"key":"stsjorbsmod:LiquidClarity"},{"floor":40,"key":"EssenceOfSteel"}],"is_trial":false,"path_per_floor":["M","?","M","M","?","E","$","M","T","M","T","R","$","M","R","B",null,"M","?","T","$","?","R","NM","R","T","$","E","M","AVR","?","R","B",null,"M","$","M","?","?","E","M","E","T","M","M","R","M","E","R","B","B"],"character_chosen":"WANDERER","items_purchased":["stsjorbsmod:LocateObject","stsjorbsmod:SiphonEnergy","Mastiff:ReiMu","stsjorbsmod:FlameWard","StuffTheSpire:BottledEssence"],"campfire_rested":1,"item_purchase_floors":[7,13,21,21,36],"current_hp_per_floor":[58,58,58,56,56,51,51,51,51,55,55,55,55,59,59,37,54,58,78,78,78,78,78,78,78,78,78,80,82,82,55,55,61,77,82,82,82,82,82,49,45,49,49,64,88,90,90,90,90,84,0,0],"gold":426,"neow_bonus":"TRANSFORM_TWO_CARDS","is_prod":false,"is_daily":false,"chose_seed":false,"campfire_upgraded":5,"win_rate":0,"timestamp":1607523380,"path_taken":["M","?","M","?","?","E","$","M","T","M","?","R","$","M","R","BOSS","M","?","?","$","?","R","NM","R","T","$","E","?","AVR","?","R","BOSS","M","$","M","?","?","E","?","E","T","?","M","R","M","E","R","BOSS","BOSS"],"build_version":"2020-11-30","purchased_purges":1,"victory":false,"max_hp_per_floor":[58,58,58,58,58,60,60,60,60,60,60,60,60,60,60,60,60,60,80,80,80,80,80,80,80,80,80,80,82,82,82,82,82,82,82,82,82,82,82,82,82,82,82,82,90,90,90,90,90,90,90,90],"card_choices":[{"not_picked":["stsjorbsmod:ChatteringStrike","stsjorbsmod:Channel"],"picked":"stsjorbsmod:FlameWard","floor":1.0},{"not_picked":["stsjorbsmod:WeightOfMemory","stsjorbsmod:FracturedMind"],"picked":"stsjorbsmod:TrueStrike","floor":3.0},{"not_picked":["stsjorbsmod:SmithingStrike","stsjorbsmod:Materialize"],"picked":"stsjorbsmod:MageArmor","floor":4.0},{"not_picked":["stsjorbsmod:TinyHut","stsjorbsmod:Will"],"picked":"stsjorbsmod:RayOfFrost","floor":6.0},{"not_picked":["stsjorbsmod:RayOfFrost","stsjorbsmod:Index"],"picked":"stsjorbsmod:Firebolt","floor":8.0},{"not_picked":["stsjorbsmod:DoubleCheck","stsjorbsmod:OldPocket"],"picked":"stsjorbsmod:BookOfTongues","floor":10.0},{"not_picked":["stsjorbsmod:WeightOfMemory","stsjorbsmod:MagicMirror","stsjorbsmod:Prepare"],"picked":"SKIP","floor":14.0},{"not_picked":["stsjorbsmod:Determination","stsjorbsmod:Fear"],"picked":"stsjorbsmod:Withdraw","floor":16.0},{"not_picked":["stsjorbsmod:Message","stsjorbsmod:RayOfFrost"],"picked":"stsjorbsmod:ColorSpray","floor":18.0},{"not_picked":["stsjorbsmod:DoubleCheck","stsjorbsmod:Patron+1"],"picked":"stsjorbsmod:Inferno","floor":24.0},{"not_picked":["stsjorbsmod:UnseenServant","stsjorbsmod:ChainLightning+1","stsjorbsmod:BlackTentacles"],"picked":"SKIP","floor":28.0},{"not_picked":["stsjorbsmod:Hurt","stsjorbsmod:FaerieFire+1"],"picked":"stsjorbsmod:MistyStep","floor":29},{"not_picked":["stsjorbsmod:Message","stsjorbsmod:MistyStep"],"picked":"stsjorbsmod:IvoryTower","floor":31},{"not_picked":["stsjorbsmod:SchoolsOfMagic","stsjorbsmod:ColorSpray","stsjorbsmod:DisguiseSelf"],"picked":"SKIP","floor":35},{"not_picked":["stsjorbsmod:Index","stsjorbsmod:Aid+1"],"picked":"stsjorbsmod:Mending+1","floor":37},{"not_picked":["stsjorbsmod:TrueStrike","stsjorbsmod:OldPocket+1"],"picked":"stsjorbsmod:ChatteringStrike","floor":40},{"not_picked":["stsjorbsmod:TrueStrike","stsjorbsmod:WanderingMind+1"],"picked":"stsjorbsmod:Mindworm+1","floor":41},{"not_picked":["stsjorbsmod:LocateObject","stsjorbsmod:Will","stsjorbsmod:BookOfTongues"],"picked":"SKIP","floor":42},{"not_picked":["stsjorbsmod:Firebolt","stsjorbsmod:ParryingBlow"],"picked":"stsjorbsmod:ArcaneWeapon","floor":44},{"not_picked":["stsjorbsmod:Mending","stsjorbsmod:RefuseToForget+1"],"picked":"stsjorbsmod:Counterspell+1","floor":45},{"not_picked":["stsjorbsmod:ChainLightning","stsjorbsmod:WeightOfMemory"],"picked":"stsjorbsmod:TollTheDead","floor":46},{"not_picked":["stsjorbsmod:Rest","stsjorbsmod:Prepare","stsjorbsmod:BookOfTongues"],"picked":"SKIP","floor":47},{"not_picked":["stsjorbsmod:Channel","stsjorbsmod:Mania+1","stsjorbsmod:RayOfFrost"],"picked":"SKIP","floor":48}],"player_experience":1289556,"relics_obtained":[{"floor":6.0,"key":"vexMod:BarristanHead"},{"floor":9.0,"key":"infinitespire:Midas Blood"},{"floor":11.0,"key":"Bag of Marbles"},{"floor":20.0,"key":"War Paint"},{"floor":24.0,"key":"Smiling Mask"},{"floor":26.0,"key":"ReplayTheSpireMod:TigerMarble"},{"floor":28.0,"key":"StuffTheSpire:Experiment12"},{"floor":32,"key":"Blood Vial"},{"floor":40,"key":"RetroEgg"},{"floor":42,"key":"Dream Catcher"},{"floor":43,"key":"Vajra"},{"floor":48,"key":"aspiration:Lifesprig"}],"event_choices":[{"damage_healed":0,"gold_gain":3,"player_choice":"3","damage_taken":0,"max_hp_gain":0,"max_hp_loss":0,"event_name":"betterStone:BetterStone","floor":38,"gold_loss":0,"cards_obtained":["stsjorbsmod:WanderingMind"]},{"cards_removed":["theJungle:Gourd"],"damage_healed":0,"gold_gain":0,"player_choice":"Purged","damage_taken":0,"max_hp_gain":0,"max_hp_loss":0,"event_name":"Purifier","floor":39,"gold_loss":0}],"is_beta":false,"boss_relics":[{"not_picked":["aspiration:WatcherSkillbook","aspiration:SecretTechniqueScroll"],"picked":"thethorton:BottledFunds"},{"not_picked":["Calling Bell","ReplayTheSpireMod:DimensionalGlitch"],"picked":"Runic Pyramid"}],"items_purged_floors":[27],"is_endless":false,"potions_floor_spawned":[3,6,8,24,28,35,40,42,45],"killed_by":"Donu and Deca","ascension_level":20}}