{"host":"cv77zuuuekizn3ic","time":1607491240,"event":{"gold_per_floor":[99,99,274,274,309,65,65,84,116,116,131,148,148,148,163,163,163],"floor_reached":16,"playtime":848,"items_purged":["Regret"],"score":133,"play_id":"305b7d63-811d-4d6f-b9cb-f1bb4c8ddb26","local_time":"20201209132040","is_ascension_mode":false,"campfire_choices":[{"data":"Slimebound:CorrosiveSpit","floor":1,"key":"SMITH"},{"data":"Slimebound:Split","floor":10,"key":"SMITH"}],"neow_cost":"NONE","seed_source_timestamp":337806720553800,"circlet_count":0,"master_deck":["Slimebound:Strike_Slimebound","Slimebound:Strike_Slimebound","Slimebound:Strike_Slimebound","Slimebound:Tackle","Slimebound:Defend_Slimebound","Slimebound:Defend_Slimebound+1","Slimebound:Defend_Slimebound","Slimebound:Defend_Slimebound","Slimebound:Split+1","Slimebound:CorrosiveSpit+1","Doubt","Slimebound:SplitMire+1","Slimebound:ItLooksTasty+1","Calculated Gamble","expansioncontent:Collect","Backflip","Regret","hexamod:ThirdSeal"],"special_seed":0,"relics":["Slimebound:AbsorbEndCombat","downfall:HeartsMalice","Sundial","Anchor","PrismaticShard","Mummified Hand","MealTicket","downfall:BrokenWingStatue"],"potions_floor_usage":[16,16],"damage_taken":[{"damage":0,"enemies":"Jaw Worm","floor":4,"turns":1},{"damage":0,"enemies":"Gremlin Nob","floor":5,"turns":1},{"damage":13,"enemies":"downfall:FleeingMerchant","floor":6,"turns":4},{"damage":11,"enemies":"Small Slimes","floor":8,"turns":4},{"damage":39,"enemies":"3 Sentries","floor":9,"turns":7},{"damage":15,"enemies":"Cultist","floor":11,"turns":2},{"damage":12,"enemies":"3 Louse","floor":12,"turns":4},{"damage":15,"enemies":"Exordium Wildlife","floor":15,"turns":3},{"damage":67,"enemies":"downfall:CharBossSilent","floor":16,"turns":6}],"seed_played":"4896650941147263355","potions_obtained":[{"floor":5,"key":"LiquidMemories"},{"floor":11,"key":"Swift Potion"},{"floor":12,"key":"SteroidPotion"}],"is_trial":false,"path_per_floor":["R","?","?","M","E","$","T","M","E","R","M","M","?","?","M","B"],"character_chosen":"SLIMEBOUND","items_purchased":["PrismaticShard"],"campfire_rested":0,"item_purchase_floors":[6],"current_hp_per_floor":[60,60,60,60,60,57,57,57,36,36,39,45,45,45,44,0,0],"gold":163,"neow_bonus":"THREE_ENEMY_KILL","is_prod":false,"is_daily":false,"chose_seed":false,"campfire_upgraded":2,"win_rate":0.0,"timestamp":1607491240,"path_taken":["R","?","?","M","E","?","T","M","E","R","M","M","?","?","M","BOSS"],"build_version":"2020-11-30","purchased_purges":1,"victory":false,"max_hp_per_floor":[60,60,60,60,60,60,60,60,60,60,60,60,60,60,60,60,60],"card_choices":[{"not_picked":["Slimebound:LeechingTouch","Slimebound:FinishingTackle"],"picked":"Slimebound:SplitMire","floor":4},{"not_picked":["Slimebound:Schlurp","Slimebound:TongueLash"],"picked":"Slimebound:ItLooksTasty","floor":5},{"not_picked":["Guardian:TemporalShield","PathToVictory"],"picked":"Calculated Gamble","floor":8},{"not_picked":["Leap","Slimebound:LevelUp"],"picked":"expansioncontent:Collect","floor":9},{"not_picked":["Evaluate","Multi-Cast","hexamod:InspiringFlames"],"picked":"SKIP","floor":11},{"not_picked":["expansioncontent:Chronoboost","Underhanded Strike"],"picked":"Backflip","floor":12},{"not_picked":["Turbo","Gash"],"picked":"hexamod:ThirdSeal","floor":15}],"player_experience":419299,"relics_obtained":[{"floor":5,"key":"Anchor"},{"floor":7,"key":"Mummified Hand"},{"floor":9,"key":"MealTicket"}],"event_choices":[{"damage_healed":0,"gold_gain":0,"player_choice":"Box","damage_taken":0,"relics_obtained":["Sundial"],"max_hp_gain":0,"max_hp_loss":0,"event_name":"Big Fish","floor":2,"gold_loss":0,"cards_obtained":["Regret"]}],"is_beta":false,"boss_relics":[],"items_purged_floors":[6],"is_endless":false,"potions_floor_spawned":[5,11,12,15],"killed_by":"downfall:CharBossSilent","ascension_level":0}}