{"host":"kemierffxzp7hjec","time":1607493887,"event":{"gold_per_floor":[113,133,143,157,157,157,182,182,182,112,123,48,48,48,48,145,145,160,172,172,192,210,210,222,222,222,248,265,265,282,282,282,379,379,396,414,428,438,454,484,484,409,409,409,409,409,423,423,423,527,527,527,527],"floor_reached":52,"playtime":3832,"items_purged":["HollowMod:AbyssShriek","HollowMod:AbyssShriek"],"score":1031,"play_id":"79d45197-ec1c-4630-8bd0-b7944023bb97","local_time":"20201209010447","daily_mods":["SealedDeck","Hoarder","Vintage","Heirloom","Uncertain Future","Binary"],"is_ascension_mode":false,"campfire_choices":[{"data":"HollowMod:ShadowDash","floor":6,"key":"SMITH"},{"data":"HollowMod:ShadowDash","floor":8,"key":"SMITH"},{"data":"HollowMod:ShadowDash","floor":15,"key":"SMITH"},{"data":"HollowMod:SiblingsShadow","floor":23,"key":"SMITH"},{"data":"HollowMod:SiblingsShadow","floor":29,"key":"SMITH"},{"data":"HollowMod:SiblingsShadow","floor":32,"key":"SMITH"},{"data":"HollowMod:SiblingsSouls","floor":41,"key":"SMITH"},{"data":"HollowMod:SiblingsSouls","floor":44,"key":"SMITH"},{"data":"HollowMod:SiblingsSouls","floor":49,"key":"SMITH"}],"neow_cost":"","seed_source_timestamp":789890788807800,"circlet_count":0,"master_deck":["HollowMod:SiblingsSouls+1","HollowMod:SiblingsSouls+1","HollowMod:SiblingsSouls+1","HollowMod:SiblingsSouls","HollowMod:SiblingsSouls","HollowMod:SiblingsSouls","HollowMod:SiblingsShadow+1","HollowMod:SiblingsShadow+1","HollowMod:SiblingsShadow+1","HollowMod:DescendingDark","HollowMod:DescendingDark","HollowMod:DescendingDark","HollowMod:VengefulVoid","HollowMod:VengefulVoid","HollowMod:VengefulVoid","HollowMod:DescendingDark","HollowMod:DescendingDark","HollowMod:DescendingDark","HollowMod:DescendingDark","HollowMod:DescendingDark","HollowMod:DescendingDark","HollowMod:DoubleDash","HollowMod:DoubleDash","HollowMod:DoubleDash","HollowMod:ShadowDash+1","HollowMod:ShadowDash+1","HollowMod:ShadowDash+1","ReplayTheSpireMod:??????????????????????","ReplayTheSpireMod:??????????????????????","ReplayTheSpireMod:??????????????????????","HollowMod:DoubleDash","HollowMod:DoubleDash","HollowMod:DoubleDash","HollowMod:AbyssShriek","HollowMod:AbyssShriek","HollowMod:AbyssShriek","Pot Of Greed+1","Pot Of Greed+1","Pot Of Greed+1","Pot Of Greed+1","Pot Of Greed+1","Pot Of Greed+1","Pot Of Greed+1","Pot Of Greed+1","Pot Of Greed+1","Pot Of Greed+1","Pot Of Greed+1","Pot Of Greed+1","HollowMod:CloakDash+1","HollowMod:CloakDash+1","HollowMod:CloakDash+1"],"relics":["HollowMod:VoidIdolRelic","Busted Crown","replay:Trail_Library","Calipers","ReplayTheSpireMod:Shallot","Bird Faced Urn","Eternal Feather","TungstenRod","Boot","Unceasing Top","Hallownest:StagBellRelic1","Kunai","sneckomod:SneckoTalon","PreservedInsect","Toxic Egg 2","Ancient Tea Set","infinitespire:Broken Mirror","Bottled Lightning","potionbrewer:Torch","Akabeko","HollowMod:MantisClawRelic","Golden_Hairpin","Bag of Marbles","Grinning Jar","construct:BoolHorns","Ginger","Meat on the Bone","infinitespire:Magic Flask","potionbrewer:AlchemistFlask","Hallownest:KingsIdolRelic","HollowMod:LifeEnderRelic","jesterMod:MachoBrace"],"potions_floor_usage":[27,28,40],"damage_taken":[{"damage":0,"enemies":"Hallownest:monsterHuskWarrior","floor":1,"turns":1},{"damage":0,"enemies":"2_ Uuma","floor":2,"turns":1},{"damage":0,"enemies":"Hallownest:2_Tiktiks_and_1_Crawlid","floor":3,"turns":1},{"damage":0,"enemies":"Hallownest:monsterMossCharger","floor":4,"turns":2},{"damage":0,"enemies":"Hallownest:eliteCrystalGuardian","floor":7,"turns":3},{"damage":7,"enemies":"Hallownest:1_Ooma_and_2_Uuma","floor":11,"turns":2},{"damage":15,"enemies":"Hallownest:BossHornet","floor":16,"turns":9},{"damage":0,"enemies":"Hallownest:Guard_and_Sentry","floor":18,"turns":2},{"damage":0,"enemies":"Hallownest:2_Mistakes","floor":19,"turns":2},{"damage":0,"enemies":"Hallownest:2_Husk_Sentries","floor":21,"turns":4},{"damage":0,"enemies":"Hallownest:monsterShrumalOgre","floor":22,"turns":3},{"damage":0,"enemies":"Hallownest:Warrior_and_Youth","floor":24,"turns":3},{"damage":0,"enemies":"Nightmare","floor":27,"turns":3},{"damage":0,"enemies":"Hallownest:Master_and_Novice","floor":28,"turns":2},{"damage":0,"enemies":"Hallownest:2_Husk_Sentries","floor":30,"turns":3},{"damage":0,"enemies":"Hallownest:BossSoulMaster","floor":33,"turns":3},{"damage":8,"enemies":"Hallownest:2_Littles","floor":35,"turns":2},{"damage":0,"enemies":"Hallownest:3_Siblings","floor":36,"turns":1},{"damage":0,"enemies":"Hallownest:2_Wandering_and_1_Horned","floor":37,"turns":3},{"damage":0,"enemies":"Hallownest:monsterPrimalAspid","floor":38,"turns":1},{"damage":4,"enemies":"Hallownest:2_Wing_and_1_Kings","floor":39,"turns":1},{"damage":17,"enemies":"Nightmare","floor":40,"turns":3},{"damage":0,"enemies":"Hallownest:2_Soldiers_and_1_Guardian","floor":47,"turns":1},{"damage":11,"enemies":"Hallownest:BossGreyPrinceZote","floor":50,"turns":4},{"damage":0,"enemies":"Hallownest:2_Baldur","floor":52,"turns":1}],"seed_played":"-5528634965770219623","potions_obtained":[{"floor":3,"key":"potionbrewer:AcidPotion"},{"floor":16,"key":"Block Potion"},{"floor":24,"key":"AttackPotion"},{"floor":28,"key":"DuplicationPotion"},{"floor":33,"key":"BlessingOfTheForge"},{"floor":36,"key":"DuplicationPotion"},{"floor":40,"key":"LifebloodPotion"}],"is_trial":true,"path_per_floor":["M","M","M","M","?","R","E","R","T","?","M","?","$","?","R","B",null,"M","M","?","M","M","R","M","?","T","NM","M","R","M","AVR","R","B",null,"M","M","M","M","M","NM","R","?","T","R","?","AVR","M","?","R","B",null,"M"],"character_chosen":"THE_BUGKNIGHT","items_purchased":[],"campfire_rested":0,"item_purchase_floors":[],"current_hp_per_floor":[75,75,75,75,58,75,75,75,75,75,68,68,68,72,75,60,75,75,75,75,75,75,75,75,75,75,75,75,75,75,75,75,75,75,67,67,67,67,63,46,73,73,73,75,72,72,72,72,75,64,75,75,75],"gold":527,"neow_bonus":"","is_prod":false,"is_daily":false,"chose_seed":false,"campfire_upgraded":9,"win_rate":0,"timestamp":1607493887,"path_taken":["M","M","M","M","?","R","E","R","T","?","M","?","$","?","R","BOSS","M","?","?","M","M","R","M","?","T","NM","M","R","M","AVR","R","BOSS","M","M","M","M","M","NM","R","?","T","R","?","AVR","M","?","R","BOSS","M"],"build_version":"2020-11-30","purchased_purges":2,"victory":false,"max_hp_per_floor":[75,75,75,75,75,75,75,75,75,75,75,75,75,75,75,75,75,75,75,75,75,75,75,75,75,75,75,75,75,75,75,75,75,75,75,75,75,75,75,75,75,75,75,75,75,75,75,75,75,75,75,75,75],"card_choices":[{"not_picked":["ReplayTheSpireMod:Book of Names","infinitespire:Execution"],"picked":"ReplayTheSpireMod:??????????????????????","floor":5}],"player_experience":327075,"relics_obtained":[{"floor":1,"key":"ReplayTheSpireMod:Shallot"},{"floor":2,"key":"Bird Faced Urn"},{"floor":3,"key":"Eternal Feather"},{"floor":4,"key":"TungstenRod"},{"floor":7,"key":"Boot"},{"floor":9,"key":"Unceasing Top"},{"floor":11,"key":"Kunai"},{"floor":18,"key":"PreservedInsect"},{"floor":19,"key":"Toxic Egg 2"},{"floor":21,"key":"Ancient Tea Set"},{"floor":24,"key":"infinitespire:Broken Mirror"},{"floor":26,"key":"Bottled Lightning"},{"floor":27,"key":"potionbrewer:Torch"},{"floor":28,"key":"Akabeko"},{"floor":30,"key":"HollowMod:MantisClawRelic"},{"floor":35,"key":"Bag of Marbles"},{"floor":36,"key":"Grinning Jar"},{"floor":37,"key":"construct:BoolHorns"},{"floor":38,"key":"Ginger"},{"floor":39,"key":"Meat on the Bone"},{"floor":40,"key":"infinitespire:Magic Flask"},{"floor":43,"key":"potionbrewer:AlchemistFlask"},{"floor":47,"key":"HollowMod:LifeEnderRelic"}],"event_choices":[{"damage_healed":0,"gold_gain":0,"player_choice":"1","damage_taken":0,"max_hp_gain":0,"max_hp_loss":0,"event_name":"betterMatch:BetterMatch","floor":12,"gold_loss":0,"cards_obtained":["betterMatch:UncommonCard","betterMatch:RareCard"]},{"damage_healed":4,"gold_gain":0,"player_choice":"LEAVE ","damage_taken":0,"relics_obtained":[],"max_hp_gain":0,"max_hp_loss":0,"event_name":"betterSkull:BetterSkull","floor":14,"gold_loss":0,"cards_upgraded":[]},{"damage_healed":0,"gold_gain":0,"player_choice":"1","damage_taken":0,"max_hp_gain":0,"max_hp_loss":0,"event_name":"betterMatch:BetterMatch","floor":42,"gold_loss":0,"cards_obtained":["betterMatch:UncommonCard"]}],"is_beta":false,"boss_relics":[{"not_picked":["energizedSpire:CursedPentagram","ReplayTheSpireMod:DimensionalGlitch"],"picked":"sneckomod:SneckoTalon"},{"not_picked":["energizedSpire:RedRose","energizedSpire:OgreHead"],"picked":"HollowMod:VoidIdolRelic"},{"not_picked":["Runic Pyramid","Kintsugi"],"picked":"jesterMod:MachoBrace"}],"items_purged_floors":[31,46],"is_endless":true,"potions_floor_spawned":[3,16,24,28,33,36,37,40],"killed_by":"Hallownest:2_Baldur","ascension_level":0}}