{"host":"e0kes70z4atl8xdk","time":1607547606,"event":{"gold_per_floor":[210,224,235,248,248,273,35,35,61,79,79,113,113,145,145,246,246,261,277,295,295,295,295,295],"floor_reached":23,"playtime":3047,"items_purged":[],"score":264,"play_id":"e9584c2f-1a1f-4e23-b43d-d51a7fd20e98","local_time":"20201209220006","is_ascension_mode":true,"campfire_choices":[{"data":"Limit Break","floor":8.0,"key":"SMITH"},{"data":"True Grit","floor":11.0,"key":"SMITH"},{"floor":15.0,"key":"REST"}],"neow_cost":"NONE","seed_source_timestamp":297928835442,"circlet_count":0,"master_deck":["Strike_R+1","Strike_R+1","Strike_R+1","Strike_R+1","Strike_R+1","Defend_R+1","Defend_R+1","Defend_R+1","Defend_R+1","Bash","Spot Weakness","Anger","Headbutt","Limit Break+1","Flex","Violence","True Grit+1","Berserk","Whirlwind","Decay"],"special_seed":0,"relics":["Burning Blood","Lantern","Bag of Preparation","Ancient Tea Set","Juzu Bracelet","Runic Cube"],"potions_floor_usage":[],"damage_taken":[{"damage":9.0,"enemies":"2 Louse","floor":1.0,"turns":4.0},{"damage":4.0,"enemies":"Small Slimes","floor":2.0,"turns":5.0},{"damage":2.0,"enemies":"Jaw Worm","floor":3.0,"turns":3.0},{"damage":6.0,"enemies":"3 Louse","floor":4.0,"turns":3.0},{"damage":40.0,"enemies":"Lagavulin","floor":6.0,"turns":6.0},{"damage":10.0,"enemies":"Gremlin Gang","floor":10.0,"turns":4.0},{"damage":22.0,"enemies":"Gremlin Nob","floor":12.0,"turns":4.0},{"damage":11.0,"enemies":"3 Sentries","floor":14.0,"turns":6.0},{"damage":21.0,"enemies":"Hexaghost","floor":16.0,"turns":6.0},{"damage":29.0,"enemies":"Shell Parasite","floor":18.0,"turns":6.0},{"damage":1.0,"enemies":"3 Byrds","floor":19.0,"turns":5.0},{"damage":31.0,"enemies":"Centurion and Healer","floor":20.0,"turns":5.0},{"damage":44,"enemies":"Book of Stabbing","floor":23,"turns":4}],"seed_played":"-3581636108067240791","potions_obtained":[{"floor":6.0,"key":"Strength Potion"},{"floor":10.0,"key":"Weak Potion"},{"floor":12.0,"key":"Weak Potion"},{"floor":14.0,"key":"Strength Potion"},{"floor":18.0,"key":"DistilledChaos"},{"floor":19.0,"key":"BloodPotion"}],"is_trial":false,"path_per_floor":["M","M","M","M","?","E","$","R","T","M","R","E","?","E","R","B",null,"M","M","M","?","?","E"],"character_chosen":"IRONCLAD","items_purchased":["Flex","Violence"],"campfire_rested":1,"item_purchase_floors":[7,7],"current_hp_per_floor":[77,79,80,80,85,51,51,51,51,47,47,31,31,26,51,36,73,50,55,47,47,47,3,3],"gold":295,"neow_bonus":"HUNDRED_GOLD","is_prod":false,"is_daily":false,"chose_seed":false,"campfire_upgraded":2,"win_rate":0,"timestamp":1607547606,"path_taken":["M","M","M","M","?","E","$","R","T","M","R","E","?","E","R","BOSS","M","M","M","?","?","E"],"build_version":"2020-11-30","purchased_purges":0,"victory":false,"max_hp_per_floor":[80,80,80,80,85,85,85,85,85,85,85,85,85,85,85,85,85,85,85,85,85,85,85,85],"relic_stats":{"counters":[13,61],"Bag of Preparation":[16],"Juzu Bracelet":0,"obtain_stats":[{"Lantern":6,"Bag of Preparation":9,"Juzu Bracelet":14,"Ancient Tea Set":12,"Burning Blood":0,"Runic Cube":17},{"Lantern":5,"Bag of Preparation":5,"Juzu Bracelet":8,"Ancient Tea Set":7,"Burning Blood":0,"Runic Cube":9},{"Lantern":21,"Bag of Preparation":21,"Juzu Bracelet":35,"Ancient Tea Set":29,"Burning Blood":0,"Runic Cube":41}],"Burning Blood":69,"Runic Cube":[14]},"card_choices":[{"not_picked":["Thunderclap","Perfected Strike"],"picked":"Spot Weakness","floor":1.0},{"not_picked":["Dual Wield","Twin Strike"],"picked":"Anger","floor":2.0},{"not_picked":["Thunderclap","True Grit"],"picked":"Headbutt","floor":3.0},{"not_picked":["Body Slam","Warcry","Twin Strike"],"picked":"SKIP","floor":4.0},{"not_picked":["Dark Embrace","Sword Boomerang"],"picked":"Limit Break","floor":6.0},{"not_picked":["Anger","Power Through"],"picked":"True Grit","floor":10.0},{"not_picked":["Clash","Twin Strike","Sword Boomerang"],"picked":"SKIP","floor":12.0},{"not_picked":["Dropkick","Rage","Perfected Strike"],"picked":"SKIP","floor":14.0},{"not_picked":["Immolate","Demon Form"],"picked":"Berserk","floor":16.0},{"not_picked":["Sever Soul","True Grit","Havoc"],"picked":"SKIP","floor":18.0},{"not_picked":["Sword Boomerang","Combust+1","Seeing Red"],"picked":"SKIP","floor":19.0},{"not_picked":["Dropkick","Thunderclap"],"picked":"Whirlwind","floor":20.0}],"player_experience":173127,"relics_obtained":[{"floor":6.0,"key":"Lantern"},{"floor":9.0,"key":"Bag of Preparation"},{"floor":12.0,"key":"Ancient Tea Set"},{"floor":14.0,"key":"Juzu Bracelet"}],"event_choices":[{"damage_healed":0.0,"max_hp_gain":5.0,"max_hp_loss":0.0,"gold_gain":0.0,"event_name":"Big Fish","player_choice":"Donut","floor":5.0,"gold_loss":0.0,"damage_taken":0.0},{"damage_healed":0.0,"max_hp_gain":0.0,"max_hp_loss":0.0,"gold_gain":0.0,"event_name":"Scrap Ooze","player_choice":"Fled","floor":13.0,"gold_loss":0.0,"damage_taken":0.0},{"damage_healed":0.0,"max_hp_gain":0.0,"max_hp_loss":0.0,"gold_gain":0.0,"event_name":"Back to Basics","player_choice":"Simplicity","floor":21.0,"gold_loss":0.0,"damage_taken":0.0,"cards_upgraded":["Strike_R","Strike_R","Strike_R","Strike_R","Strike_R","Defend_R","Defend_R","Defend_R","Defend_R"]},{"damage_healed":0.0,"max_hp_gain":0.0,"max_hp_loss":0.0,"gold_gain":0.0,"event_name":"Forgotten Altar","player_choice":"Smashed Altar","floor":22.0,"gold_loss":0.0,"damage_taken":0.0,"cards_obtained":["Decay"]}],"is_beta":false,"boss_relics":[{"not_picked":["Tiny House","Black Star"],"picked":"Runic Cube"}],"items_purged_floors":[],"is_endless":false,"potions_floor_spawned":[6,10,12,14,18,19],"killed_by":"Book of Stabbing","ascension_level":5}}