{"host":"vcrofm1hbk0ziuql","time":1607530744,"event":{"gold_per_floor":[99,114,149,149,149,149],"floor_reached":5,"playtime":708,"items_purged":[],"score":87,"play_id":"41b57435-f20b-43e5-9e4d-7f1a002cc1b0","local_time":"20201209161904","daily_mods":["Shiny","Diverse","Binary"],"is_ascension_mode":false,"campfire_choices":[{"floor":1,"key":"DIG"}],"neow_cost":"","seed_source_timestamp":22754246633105,"circlet_count":0,"master_deck":["Guardian:WeakpointTargeting","Guardian:SphericShield","Guardian:FastForward","Guardian:ExploitGems","Guardian:AncientConstruct","Guardian:GemFinder","Guardian:Gem_Synthetic","Guardian:FierceBash","Guardian:StasisStrike","Guardian:GemFire","Guardian:HyperBeam_Guardian","Guardian:StasisField","Guardian:RevengeProtocol","Guardian:Gem_Orange","Guardian:ConstructionForm","Guardian:StasisEngine","Guardian:GatlingBeam","Guardian:TimeSifter","Guardian:CompilePackage","Guardian:BaubleBeam","Slimebound:Darklings","Slimebound:MassRepurpose","Slimebound:SelfFormingGoo","Slimebound:DouseInSlime","Slimebound:Teamwork","Slimebound:LeechLife","Slimebound:CheckThePlaybook","Slimebound:PrepareCrush","Slimebound:MassFeed","Slimebound:MinionMaster","Slimebound:DuplicatedForm","Slimebound:SlimeSlap","Slimebound:Overexert","Slimebound:OneTwoCombo","Slimebound:Recycling","Slimebound:OozeBath","Slimebound:TagTeam","Slimebound:RallyTheTroops","Slimebound:WasteNot","hexamod:EmpoweringStance","hexamod:Toasty","hexamod:UnleashSpirits","hexamod:HexaLevel","hexamod:SixthSeal","hexamod:WildfireWeapon","hexamod:VolcanoVisage","hexamod:ApocalypseNow","hexamod:TimeOfNeed","hexamod:FifthSeal","hexamod:SearingWound","hexamod:GhostflameInferno","hexamod:ParanormalForm","hexamod:GiftsFromTheDead","hexamod:ApocalypticArmor","hexamod:UnlimitedPower","hexamod:TurnItUp","hexamod:CrushingStance","hexamod:TimeWarp","sneckomod:GlitteringGambit","sneckomod:SerpentMind","sneckomod:SoulExchange","sneckomod:UnknownRarePower","sneckomod:UnlimitedRolls","sneckomod:UnknownRareSkill","sneckomod:Restock","sneckomod:MorePower","sneckomod:UnknownColorless","sneckomod:Unknown3Cost","sneckomod:Mudshield","sneckomod:Transmogrify","sneckomod:UnknownRareAttack","sneckomod:Cheat","sneckomod:DangerNoodle","Devotion","LessonLearned","Vault","Establishment","Judgement","MasterReality","Blasphemy","Scrawl","Wish","Brilliance","Replay:AllIn","Alpha+1","Replay:LoomingThreat","DeusExMachina","ConjureBlade","Ragnarok","Omniscience","SpiritShield","DevaForm","Hyperbeam","Machine Learning","Buffer","All For One","Core Surge","Multi-Cast","Thunder Strike","Electrodynamics","ReplayTheSpireMod:Omega Cannon","Rainbow","Mirror Shield","Seek","Echo Form","Reboot","Fission","Biased Cognition","ReplayRNGCard","Meteor Strike","Amplify","Creative AI","ReplayTheSpireMod:Necrosis","Corpse Explosion","ReplayTheSpireMod:From All Sides","Adrenaline","Wraith Form v2","Venomology","Replay:Bag of Tricks","Malaise","Phantasmal Killer","Unload","Bullet Time","Grand Finale","Die Die Die","Atom Bomb","Envenom","Doppelganger","Burst","Tools of the Trade","After Image","Poison Darts","A Thousand Cuts","Night Terror","Storm of Steel","Glass Knife","Double Tap","Fiend Fire","Eclipse","Demonic Infusion","Exhume","Bludgeon","Limit Break","Hemogenesis","Demon Form","Berserk","Impervious","Juggernaut","Brutality","Offering","Feed","Replay:Many Hands","Corruption","Barricade","Reaper","Immolate","Prepared"],"special_seed":18605,"relics":["Slimebound:AbsorbEndCombat","InkBottle","Prayer Wheel","Art of War"],"potions_floor_usage":[],"damage_taken":[{"damage":21,"enemies":"2 Louse","floor":2,"turns":4},{"damage":7,"enemies":"Lagavulin","floor":3,"turns":8},{"damage":62,"enemies":"Gremlin Nob","floor":5,"turns":4}],"seed_played":"4494449258677458329","potions_obtained":[{"floor":2,"key":"Slimebound:SlimedPotion"},{"floor":3,"key":"Regen Potion"}],"is_trial":false,"path_per_floor":["R_BF","M","E","?","E"],"character_chosen":"SLIMEBOUND","items_purchased":[],"campfire_rested":0,"item_purchase_floors":[],"current_hp_per_floor":[60,44,37,37,0,0],"gold":149,"neow_bonus":"","is_prod":false,"is_daily":true,"chose_seed":false,"campfire_upgraded":0,"win_rate":0,"timestamp":1607530744,"path_taken":["R_BF","M","E","?","E"],"build_version":"2020-11-30","purchased_purges":0,"victory":false,"max_hp_per_floor":[60,60,60,60,60,60],"card_choices":[{"not_picked":["sneckomod:UnknownStrike"],"picked":"Prepared","floor":2},{"not_picked":["Blade Dance","Guardian:Incinerate"],"picked":"SKIP","floor":2},{"not_picked":["Poisoned Stab","ReplayTheSpireMod:Reroute Power"],"picked":"SKIP","floor":3}],"player_experience":527788,"relics_obtained":[{"floor":1,"key":"InkBottle"},{"floor":3,"key":"Art of War"}],"event_choices":[{"damage_healed":0,"gold_gain":0,"player_choice":"Upgraded","damage_taken":0,"max_hp_gain":0,"max_hp_loss":0,"event_name":"Upgrade Shrine","floor":4,"gold_loss":0,"cards_upgraded":["Alpha"]}],"is_beta":false,"boss_relics":[],"items_purged_floors":[],"is_endless":false,"potions_floor_spawned":[2,3],"killed_by":"Gremlin Nob","ascension_level":0}}