{"host":"lhth1efayex2023z","time":1609092439,"event":{"mods":["BaseMod","Colored Map","Googly Eyes","Minty Spire (QoL Compilation)","StSLib"],"gold_per_floor":[114,189,200,56,56,89,89,127,127,148,48,48,83,98,98,219,219,232,28,388,412,87,87,121,121,121,121,159,84,109,147,147,268,268,283,283,306,306,322,322,322],"floor_reached":40,"playtime":2164,"items_purged":["Acrobatics","Injury"],"score":837,"play_id":"e161dd74-8dfc-41fa-a16f-4176ad5b3492","local_time":"20201227110719","is_ascension_mode":true,"campfire_choices":[{"data":"Night Terror","floor":7.0,"key":"SMITH"},{"floor":12.0,"key":"REST"},{"floor":15.0,"key":"REST"},{"floor":23,"key":"REST"},{"data":"Cloak And Dagger","floor":25,"key":"SMITH"},{"floor":32,"key":"REST"}],"circlet_count":0,"master_deck":["AscendersBane","Survivor","Neutralize","Endless Agony","Choke","Footwork","Blur","Venomology","Night Terror+1","Poisoned Stab","Predator","Terror","Backflip","Blur","Dodge and Roll","Deflect","Bullet Time","Cloak And Dagger+1","Cloak And Dagger+1","Footwork","Escape Plan","Dodge and Roll","A Thousand Cuts","Writhe","Cloak And Dagger+1","Cloak And Dagger+1"],"relics":["Pandora\u0027s Box","Golden Idol","Pocketwatch","Tiny Chest","Bottled Flame","Regal Pillow","Philosopher\u0027s Stone","Juzu Bracelet","Kunai","Lantern","Girya","Pen Nib","Shuriken","Fusion Hammer"],"acts_visited":["Exordium","TheCity","TheBeyond"],"potions_floor_usage":[24,24,28,28,31,33,33,35,37,37,40,40],"damage_taken":[{"damage":12.0,"enemies":"Small Slimes","floor":1.0,"turns":2.0},{"damage":7.0,"enemies":"Jaw Worm","floor":3.0,"turns":2.0},{"damage":0.0,"enemies":"Lagavulin","floor":6.0,"turns":10.0},{"damage":23.0,"enemies":"3 Sentries","floor":8.0,"turns":14.0},{"damage":0.0,"enemies":"2 Louse","floor":10.0,"turns":3.0},{"damage":10.0,"enemies":"Lagavulin","floor":13.0,"turns":9.0},{"damage":6.0,"enemies":"Lots of Slimes","floor":14.0,"turns":3.0},{"damage":13.0,"enemies":"Slime Boss","floor":16.0,"turns":13.0},{"damage":11.0,"enemies":"Spheric Guardian","floor":18.0,"turns":4.0},{"damage":8.0,"enemies":"3 Byrds","floor":21.0,"turns":5.0},{"damage":0,"enemies":"Book of Stabbing","floor":24,"turns":7},{"damage":19,"enemies":"Gremlin Leader","floor":28,"turns":5},{"damage":18,"enemies":"Book of Stabbing","floor":31,"turns":8},{"damage":35,"enemies":"Collector","floor":33,"turns":12},{"damage":0,"enemies":"Orb Walker","floor":35,"turns":4},{"damage":9,"enemies":"3 Darklings","floor":37,"turns":6},{"damage":42,"enemies":"Sphere and 2 Shapes","floor":39,"turns":6},{"damage":26,"enemies":"Nemesis","floor":40,"turns":3}],"seed_played":"-336656719886912334","potions_obtained":[{"floor":3.0,"key":"DuplicationPotion"},{"floor":8.0,"key":"DistilledChaos"},{"floor":14.0,"key":"Energy Potion"},{"floor":21.0,"key":"BlessingOfTheForge"},{"floor":24,"key":"PowerPotion"},{"floor":28,"key":"Energy Potion"},{"floor":31,"key":"Strength Potion"},{"floor":35,"key":"EssenceOfSteel"},{"floor":37,"key":"Fruit Juice"}],"is_trial":false,"path_per_floor":["M","?","M","$","?","E","R","E","T","M","$","R","E","M","R","B",null,"M","$","?","M","$","R","E","R","T","?","E","?","T","E","R","B",null,"M","?","M","?","M","E"],"character_chosen":"THE_SILENT","items_purchased":["Blur","Juzu Bracelet","Cloak And Dagger","Kunai","Footwork"],"campfire_rested":4,"item_purchase_floors":[4,19,19,22,22],"current_hp_per_floor":[51,40,33,33,33,33,33,10,10,10,10,31,21,15,51,38,62,51,51,15,7,7,43,43,43,43,43,24,24,24,6,42,7,54,54,70,66,66,24,0,0],"gold":322,"neow_bonus":"BOSS_RELIC","is_daily":false,"chose_seed":false,"campfire_upgraded":2,"win_rate":0.0,"timestamp":1609092439,"path_taken":["M","?","M","$","?","E","R","E","T","M","$","R","E","M","R","BOSS","M","$","?","M","$","R","E","R","T","?","E","?","?","E","R","BOSS","M","?","M","?","M","E"],"items_purchased_type":["Card","Relic","Card","Relic","Card"],"build_version":"2020-12-22","purchased_purges":2,"victory":false,"max_hp_per_floor":[70,70,70,70,70,70,70,70,70,70,70,70,70,70,70,70,70,70,70,70,70,70,70,70,70,70,70,70,70,70,70,70,70,70,70,70,75,75,75,75,75],"card_choices":[{"not_picked":["Dagger Throw","Expertise"],"picked":"Terror","floor":1.0},{"not_picked":["Prepared","Underhanded Strike"],"picked":"Backflip","floor":3.0},{"not_picked":["Dagger Spray","Crippling Poison","Endless Agony"],"picked":"SKIP","floor":6.0},{"not_picked":["Leg Sweep","Catalyst"],"picked":"Dodge and Roll","floor":8.0},{"not_picked":["Bouncing Flask","Terror"],"picked":"Deflect","floor":10.0},{"not_picked":["Terror","Doppelganger","Deadly Poison"],"picked":"SKIP","floor":13.0},{"not_picked":["Terror","Doppelganger","Deadly Poison"],"picked":"SKIP","floor":13.0},{"not_picked":["Poisoned Stab","Prepared","Acrobatics"],"picked":"SKIP","floor":14.0},{"not_picked":["Malaise","Grand Finale"],"picked":"Bullet Time","floor":16.0},{"not_picked":["Reflex","Infinite Blades"],"picked":"Cloak And Dagger+1","floor":18.0},{"not_picked":["Deadly Poison+1","Well Laid Plans","Dash"],"picked":"SKIP","floor":21.0},{"not_picked":["Reflex","Quick Slash","Dagger Throw"],"picked":"SKIP","floor":24},{"not_picked":["Flechettes","Bullet Time"],"picked":"Escape Plan","floor":28},{"not_picked":["PiercingWail","Poisoned Stab+1"],"picked":"Dodge and Roll","floor":31},{"not_picked":["Glass Knife","Adrenaline"],"picked":"A Thousand Cuts","floor":33},{"not_picked":["Dodge and Roll","Outmaneuver+1","Crippling Poison"],"picked":"SKIP","floor":35},{"not_picked":["Masterful Stab+1","Deflect+1"],"picked":"Cloak And Dagger+1","floor":37},{"not_picked":["Prepared","Concentrate+1"],"picked":"Cloak And Dagger+1","floor":39}],"player_experience":411833,"relics_obtained":[{"floor":6.0,"key":"Pocketwatch"},{"floor":8.0,"key":"Tiny Chest"},{"floor":9.0,"key":"Bottled Flame"},{"floor":13.0,"key":"Regal Pillow"},{"floor":24,"key":"Lantern"},{"floor":28,"key":"Girya"},{"floor":30,"key":"Pen Nib"},{"floor":31,"key":"Shuriken"}],"event_choices":[{"damage_healed":0.0,"max_hp_gain":0.0,"max_hp_loss":0.0,"gold_gain":75.0,"event_name":"World of Goop","player_choice":"Gather Gold","floor":2.0,"gold_loss":0.0,"damage_taken":11.0},{"damage_healed":0.0,"max_hp_gain":0.0,"max_hp_loss":0.0,"gold_gain":0.0,"event_name":"Golden Idol","player_choice":"Take Wound","floor":5.0,"gold_loss":0.0,"damage_taken":0.0,"relics_obtained":["Golden Idol"],"cards_obtained":["Injury"]},{"damage_healed":0.0,"max_hp_gain":0.0,"max_hp_loss":0.0,"gold_gain":360.0,"event_name":"Knowing Skull","player_choice":"GOLD GOLD GOLD GOLD ","floor":20.0,"potions_obtained":[],"gold_loss":0.0,"damage_taken":36.0,"cards_obtained":[]},{"damage_healed":0,"gold_gain":0,"player_choice":"Ignored","damage_taken":0,"max_hp_gain":0,"max_hp_loss":0,"event_name":"Ghosts","floor":27,"gold_loss":0},{"cards_removed":["Poisoned Stab"],"damage_healed":0,"gold_gain":0,"player_choice":"Gave Gold","damage_taken":0,"max_hp_gain":0,"max_hp_loss":0,"event_name":"Beggar","floor":29,"gold_loss":75},{"damage_healed":18,"gold_gain":0,"player_choice":"Writhe","damage_taken":0,"max_hp_gain":0,"max_hp_loss":0,"event_name":"Winding Halls","floor":36,"gold_loss":0,"cards_obtained":["Writhe"]},{"damage_healed":0,"gold_gain":0,"player_choice":"Ignored","damage_taken":0,"max_hp_gain":0,"max_hp_loss":0,"event_name":"Tomb of Lord Red Mask","floor":38,"gold_loss":0}],"is_beta":false,"boss_relics":[{"not_picked":["Tiny House","SacredBark"],"picked":"Philosopher\u0027s Stone"},{"not_picked":["Sozu","Runic Dome"],"picked":"Fusion Hammer"}],"items_purged_floors":[4,11],"is_endless":false,"potions_floor_spawned":[3,8,14,21,24,28,31,35,37],"killed_by":"Nemesis","ascension_level":11}}