{"host":"r2b8ojg4o4pyvjvq","time":1609099832,"event":{"mods":["BaseMod","Colored Map","Downfall","Highlight Path","Hubris","Marisa????????","Minty Spire (QoL Compilation)","Quick Restart","Replay The Spire","StSLib","SuperFastMode"],"gold_per_floor":[361,361,48,48,48,48,81,91,91,110,110,110,121,121,121,192,192,208,208,108,128,128,128,128,128],"floor_reached":24,"playtime":403,"items_purged":["Strike_R","Eruption+1"],"score":342,"play_id":"e275e56c-69cc-40bc-aaac-c97a7d40aad8","local_time":"20201227211032","is_ascension_mode":true,"campfire_choices":[{"floor":6,"key":"REST"},{"data":"Bash","floor":12,"key":"SMITH"},{"data":"Slimebound:Tackle","floor":15,"key":"SMITH"},{"floor":23,"key":"REST"}],"circlet_count":0,"master_deck":["AscendersBane","Strike_R","Strike_R","Strike_R","Strike_R","Defend_R","Defend_R","Defend_R+1","Defend_R","Bash+1","Slimebound:Tackle+1","Iron Wave+1","Shrug It Off+1","Sever Soul+1","Feed+1","Twin Strike+1"],"relics":["Burning Blood","hubris:Towel","Molten Egg 2","Strawberry","Replay:Accelerometer","Philosopher\u0027s Stone"],"acts_visited":["Exordium","TheCity"],"potions_floor_usage":[16,24,24],"damage_taken":[{"damage":19,"enemies":"Small Slimes","floor":1,"turns":4},{"damage":60,"enemies":"3 Sentries","floor":7,"turns":6},{"damage":10,"enemies":"Jaw Worm","floor":8,"turns":2},{"damage":6,"enemies":"Cultist","floor":10,"turns":3},{"damage":9,"enemies":"Looter","floor":13,"turns":4},{"damage":63,"enemies":"Hexaghost","floor":16,"turns":7},{"damage":41,"enemies":"3 Byrds","floor":18,"turns":7},{"damage":15,"enemies":"Spheric Guardian","floor":21,"turns":4},{"damage":73,"enemies":"Slavers","floor":24,"turns":5}],"seed_played":"1084282932430021481","potions_obtained":[{"floor":1,"key":"Swift Potion"},{"floor":7,"key":"champ:CounterPotion"},{"floor":21,"key":"SkillPotion"}],"is_trial":false,"path_per_floor":["M","?","$","?","$","R","E","M","T","M","?","R","M","?","R","B",null,"M","?","$","M","?","R","E"],"character_chosen":"IRONCLAD","items_purchased":["Molten Egg 2"],"campfire_rested":2,"item_purchase_floors":[3],"current_hp_per_floor":[59,59,59,43,43,67,20,16,16,16,97,97,94,94,94,37,82,47,50,50,41,41,71,0,0],"gold":128,"neow_bonus":"TWO_FIFTY_GOLD","is_daily":false,"chose_seed":false,"campfire_upgraded":2,"win_rate":0.0,"timestamp":1609099832,"path_taken":["M","?","$","?","$","R","E","M","T","?","?","R","?","?","R","BOSS","M","?","$","M","?","R","E"],"items_purchased_type":["Relic"],"build_version":"2020-12-22","purchased_purges":2,"victory":false,"max_hp_per_floor":[80,80,80,80,80,80,87,87,87,87,97,97,97,97,97,97,97,97,100,100,100,100,100,100,100],"card_choices":[{"not_picked":["hubris:SharpeningStone","Evolve","Wild Strike"],"picked":"SKIP","floor":1},{"not_picked":["Anger+1","Replay:Undeath\u0027s Touch+1"],"picked":"Berserk","floor":7},{"not_picked":["ReplayTheSpireMod:Stacked","Carnage+1"],"picked":"Iron Wave+1","floor":8},{"not_picked":["Pommel Strike+1","Clash+1"],"picked":"Shrug It Off","floor":10},{"not_picked":["Cleave+1","Burning Pact"],"picked":"Sever Soul+1","floor":13},{"not_picked":["Impervious","Juggernaut"],"picked":"Feed+1","floor":16},{"not_picked":["Sever Soul+1","Cleave+1"],"picked":"Twin Strike+1","floor":18},{"not_picked":["Hemokinesis+1","Cleave+1","Carnage+1"],"picked":"SKIP","floor":21}],"player_experience":482680,"relics_obtained":[{"floor":7,"key":"Strawberry"},{"floor":9,"key":"Replay:Accelerometer"}],"event_choices":[{"damage_healed":0,"gold_gain":0,"player_choice":"Entered Light","damage_taken":16,"max_hp_gain":0,"max_hp_loss":0,"event_name":"Shining Light","floor":4,"gold_loss":0,"cards_upgraded":["Defend_R","Eruption"]},{"cards_removed":["Berserk"],"damage_healed":71,"gold_gain":0,"player_choice":"Offered Rare","damage_taken":0,"max_hp_gain":10,"max_hp_loss":0,"event_name":"Bonfire Elementals","floor":11,"gold_loss":0},{"damage_healed":0,"gold_gain":0,"player_choice":"Grow","damage_taken":0,"max_hp_gain":0,"max_hp_loss":0,"event_name":"Living Wall","floor":14,"gold_loss":0,"cards_upgraded":["Shrug It Off"]}],"is_beta":false,"boss_relics":[{"not_picked":["Astrolabe","Velvet Choker"],"picked":"Philosopher\u0027s Stone"}],"items_purged_floors":[3,20],"is_endless":false,"potions_floor_spawned":[1,7,10,21],"killed_by":"Slavers","ascension_level":13}}