{"host":"islfki3h62fae8hl","time":1609112781,"event":{"mods":["BaseMod","Colored Map","Colored Powertips","Conspire","Hermit","Hubris","Infinite Spire","Minty Spire (QoL Compilation)","Quick Restart","Random Character Button","Rare Cards Sparkle","Replay The Spire","Shop Mod","StSLib","The Construct","The Cursed","The Death Knight","The Forsaken","The Hierophant","The Judge","The Mystic","The Necromancer","The Runesmith","The Servant 0.9.4","The Valiant","egg","slay the spire mod where everything is the same but ironclad has a cowboy hat"],"gold_per_floor":[110,130,130,149,161,161,161],"floor_reached":6,"playtime":414,"items_purged":[],"score":38,"play_id":"bc53ce14-6ac0-4bff-ac30-ef1bb98283b5","local_time":"20201227184621","is_ascension_mode":false,"campfire_choices":[],"circlet_count":0,"master_deck":["DeathKnight:Strike_DeathKnight","DeathKnight:Strike_DeathKnight","DeathKnight:Strike_DeathKnight","DeathKnight:Strike_DeathKnight","DeathKnight:Strike_DeathKnight","DeathKnight:Defend_DeathKnight","DeathKnight:Defend_DeathKnight","DeathKnight:Defend_DeathKnight","DeathKnight:Defend_DeathKnight","DeathKnight:Defend_DeathKnight","DeathKnight:RuneTap","DeathKnight:RuneStrike","DeathKnight:HornOfWinter","DeathKnight:Contagion","Dark Shackles","DeathKnight:ChainsOfIce","DeathKnight:DeathCoil","DeathKnight:MindFreeze"],"relics":["DeathKnight:BrokenRuneblade","NeowsBlessing"],"acts_visited":["Exordium"],"potions_floor_usage":[5,6,6],"damage_taken":[{"damage":0,"enemies":"infinitespire:Voidling","floor":1,"turns":1},{"damage":0,"enemies":"Small Slimes","floor":2,"turns":1},{"damage":0,"enemies":"Cultist","floor":4,"turns":1},{"damage":31,"enemies":"Lots of Slimes","floor":5,"turns":5},{"damage":46,"enemies":"Gremlin Nob","floor":6,"turns":4}],"seed_played":"-3148558593097041204","potions_obtained":[{"floor":1,"key":"infinitespire:BlackPotion"},{"floor":2,"key":"ColorlessPotion"},{"floor":4,"key":"DistilledChaos"}],"is_trial":false,"path_per_floor":["M","M","?","M","M","E"],"character_chosen":"DEATH_KNIGHT","items_purchased":[],"campfire_rested":0,"item_purchase_floors":[],"current_hp_per_floor":[75,75,75,75,44,0,0],"gold":161,"neow_bonus":"THREE_ENEMY_KILL","is_daily":false,"chose_seed":false,"campfire_upgraded":0,"win_rate":0.0,"timestamp":1609112781,"path_taken":["M","?","?","?","M","E"],"items_purchased_type":[],"build_version":"2020-12-22","purchased_purges":0,"victory":false,"max_hp_per_floor":[75,75,75,75,75,75,75],"card_choices":[{"not_picked":["DeathKnight:MutagenicPlague","DeathKnight:BludPresence"],"picked":"DeathKnight:HornOfWinter","floor":1},{"not_picked":["DeathKnight:Hysteria","DeathKnight:Rot"],"picked":"DeathKnight:Contagion","floor":2},{"not_picked":["DeathKnight:RaiseAlly","DeathKnight:MutagenicPlague"],"picked":"DeathKnight:DeathCoil","floor":4},{"not_picked":["DeathKnight:FoulBulwark","DeathKnight:ScourgeStrike"],"picked":"DeathKnight:MindFreeze","floor":5}],"player_experience":0,"relics_obtained":[],"event_choices":[{"damage_healed":0,"gold_gain":0,"player_choice":"2 cards matched","damage_taken":0,"max_hp_gain":0,"max_hp_loss":0,"event_name":"Match and Keep!","floor":3,"gold_loss":0,"cards_obtained":["Dark Shackles","DeathKnight:ChainsOfIce"]}],"is_beta":false,"boss_relics":[],"items_purged_floors":[],"is_endless":false,"potions_floor_spawned":[1,2,4],"killed_by":"Gremlin Nob","ascension_level":0}}