{"host":"wcdwdpnxbe04tinu","time":1609089475,"event":{"mods":["Aspiration","BaseMod","Downfall","Minty Spire (QoL Compilation)","Relic Sorter","StSLib"],"gold_per_floor":[99,99,99,24,41,41,64,64,91,101,26,60,60,77,90,90,90,90],"floor_reached":16,"playtime":709,"items_purged":[],"score":113,"play_id":"22a3a938-88ba-4ceb-9613-3f6de0fab657","local_time":"20201227111755","is_ascension_mode":true,"campfire_choices":[{"data":"champ:Taunt","floor":1,"key":"SMITH"},{"data":"champ:CalledShot","floor":6,"key":"SMITH"},{"data":"champ:BerserkerStyle","floor":11,"key":"SMITH"},{"data":"champ:RecklessLeap","floor":13,"key":"SMITH"}],"circlet_count":0,"master_deck":["champ:Strike","champ:Strike","champ:Strike","champ:Strike","champ:Defend","champ:Defend","champ:Defend","champ:Defend","champ:Execute","champ:Taunt+1","champ:BerserkerStyle+1","champ:CalledShot+1","champ:RecklessLeap+1","champ:ShieldSigil","champ:GutPunch","champ:RisingSlash","champ:BringItOn"],"relics":["champ:ChampionCrown","downfall:HeartsMalice","aspiration:ChemicalBlood","Oddly Smooth Stone","downfall:HeartBlessingGreen","Frozen Egg 2"],"acts_visited":["Exordium"],"potions_floor_usage":[9,12,15],"damage_taken":[{"damage":0,"enemies":"Cultist","floor":2,"turns":1},{"damage":0,"enemies":"2 Louse","floor":3,"turns":1},{"damage":0,"enemies":"downfall:FleeingMerchant","floor":4,"turns":1},{"damage":21,"enemies":"Small Slimes","floor":5,"turns":3},{"damage":77,"enemies":"3 Sentries","floor":9,"turns":7},{"damage":15,"enemies":"2 Fungi Beasts","floor":10,"turns":3},{"damage":81,"enemies":"Lagavulin","floor":12,"turns":6},{"damage":34,"enemies":"Exordium Thugs","floor":14,"turns":3},{"damage":27,"enemies":"Exordium Wildlife","floor":15,"turns":2},{"damage":38,"enemies":"downfall:Silent","floor":16,"turns":2}],"seed_played":"-2170421143620212600","potions_obtained":[{"floor":5,"key":"Block Potion"},{"floor":10,"key":"PowerPotion"},{"floor":12,"key":"GamblersBrew"}],"is_trial":false,"path_per_floor":["R","M","M","$","M","R","T","?","E","M","R","E","R","M","M","B"],"character_chosen":"THE_CHAMP","items_purchased":["champ:RecklessLeap"],"campfire_rested":0,"item_purchase_floors":[4],"current_hp_per_floor":[90,90,90,90,89,89,89,82,59,59,59,35,35,28,28,0,0,0],"gold":90,"neow_bonus":"THREE_ENEMY_KILL","is_daily":false,"chose_seed":false,"campfire_upgraded":4,"win_rate":0.0,"timestamp":1609089475,"path_taken":["R","M","?","$","M","R","T","?","E","M","R","E","R","M","M","BOSS"],"items_purchased_type":["Card"],"build_version":"2020-12-22","purchased_purges":0,"victory":false,"max_hp_per_floor":[90,90,90,90,90,90,90,90,90,90,90,90,90,90,90,90,90,90],"card_choices":[{"not_picked":["champ:BringItOn","champ:ShieldSigil"],"picked":"champ:BerserkerStyle","floor":2},{"not_picked":["champ:SwordSigil","champ:ArenaPreparation"],"picked":"champ:CalledShot","floor":3},{"not_picked":["champ:BladeFlurry","champ:Circumvent","champ:HeartStrike"],"picked":"SKIP","floor":4},{"not_picked":["champ:VampiricStrike","champ:BringItOn"],"picked":"champ:ShieldSigil","floor":5},{"not_picked":["champ:ArenaPreparation","champ:FlashCut"],"picked":"champ:GutPunch","floor":9},{"not_picked":["champ:Haymaker","champ:PerfectedStrike","champ:CalledShot"],"picked":"SKIP","floor":10},{"not_picked":["champ:FocusedBerserking","champ:DefensiveShout"],"picked":"champ:RisingSlash","floor":12},{"not_picked":["champ:GutPunch","champ:RageSigil"],"picked":"champ:BringItOn","floor":14},{"not_picked":["champ:PerfectedStrike","champ:GladiatorsShout","champ:Circumvent"],"picked":"SKIP","floor":15}],"player_experience":531087,"relics_obtained":[{"floor":9,"key":"Oddly Smooth Stone"},{"floor":12,"key":"Frozen Egg 2"}],"event_choices":[{"damage_healed":0,"gold_gain":0,"player_choice":"Success","damage_taken":7,"relics_obtained":["aspiration:ChemicalBlood"],"max_hp_gain":0,"max_hp_loss":0,"event_name":"Scrap Ooze","floor":8,"gold_loss":0}],"is_beta":false,"boss_relics":[],"items_purged_floors":[],"is_endless":false,"potions_floor_spawned":[5,9],"killed_by":"downfall:Silent","ascension_level":1}}