{"host":"i0m9g0siyue4991n","time":1609072909,"event":{"mods":["ATMod(阿瑾Mod)","Act Like it!","BaseMod","BetterRewards","CapriCore","Challenge The Spire","Custom Start","Decade(王小明)","Friendly Minions","Gensokyo","KinomotoSakuraMod(木之本樱)","Minty Spire (QoL Compilation)","Quick Restart","RumiaBox-露米娅的神秘盒子","StSLib","The Animator","The Immortal","TheWitcher"],"gold_per_floor":[120,45,64,94,118,149,149,120,120,120,157,157,157,113,113,219,219,230,230,255,10,10,33,45,86,138,293,293,308,308,30,30,140,140,157,172,191,191,34,86,86,112,112,117,117,172,0,0,0,10,10,10,10,43,53],"floor_reached":56,"playtime":2486,"items_purged":["SnafuTest:SignAxii","SnafuTest:BoxingChampion","SnafuTest:GraveDancingPaleFire+1"],"score":1543,"play_id":"107c3ab3-555f-4b67-a636-54f5447ae2a4","local_time":"20201227204149","is_ascension_mode":true,"campfire_choices":[{"data":"SnafuTest:LandOfFables","floor":7,"key":"SMITH"},{"floor":10,"key":"REST"},{"data":"SnafuTest:Oriole","floor":12,"key":"SMITH"},{"floor":15,"key":"REST"},{"floor":28,"key":"REST"},{"data":"AT_EmpoweredMortalDraw","floor":30,"key":"SMITH"},{"data":"SnafuTest:PowerEquilibrium","floor":32,"key":"SMITH"},{"data":"SnafuTest:SignAard","floor":41,"key":"SMITH"},{"floor":45,"key":"RECALL"},{"data":"SnafuTest:IndifferentImmortality","floor":49,"key":"SMITH"},{"data":"SnafuTest:SpellIthlinneProphecy","floor":52,"key":"SMITH"}],"circlet_count":0,"master_deck":["AT_FamilyPortrait+1","SnafuTest:SwiftAssault","SnafuTest:SpellChainLightning","SnafuTest:SpellIthlinneProphecy+1","SnafuTest:LandOfFables+1","SnafuTest:Oriole+1","SnafuTest:PowerEquilibrium+1","AT_EmpoweredMortalDraw+1","SnafuTest:SignAard+1","AT_EmpoweredMortalDraw+1","SnafuTest:IndifferentImmortality+1","SnafuTest:SpellArcaneDomain+1","Madness","Madness","SnafuTest:SwordDance","SnafuTest:PowerAlwaysOnRoads+1"],"relics":["SnafuTest:UnstableMutagenRelic","AT_ATBox","SumBook","SnafuTest:YrdenRelic","AT_Kusabimaru","Gambling Chip","Potion Belt","AT_MortalBlade","AT_ChloranthyRing","Juzu Bracelet","Eternal Feather","MealTicket","Anchor","DollysMirror","SlaversCollar","Medical Kit","Regal Pillow","Bag of Preparation","Unceasing Top","Red Mask","Nunchaku"],"acts_visited":["Exordium","TheCity","TheBeyond","TheEnding"],"potions_floor_usage":[6,8,25,25,27,55,55,55,55],"damage_taken":[{"damage":0,"enemies":"Small Slimes","floor":1,"turns":4},{"damage":2,"enemies":"Jaw Worm","floor":3,"turns":3},{"damage":2,"enemies":"2 Louse","floor":4,"turns":3},{"damage":22,"enemies":"Exordium Wildlife","floor":5,"turns":4},{"damage":18,"enemies":"Lagavulin","floor":6,"turns":4},{"damage":27,"enemies":"3 Sentries","floor":8,"turns":4},{"damage":8,"enemies":"Gremlin Nob","floor":11,"turns":3},{"damage":15,"enemies":"Hexaghost","floor":16,"turns":5},{"damage":0,"enemies":"Chosen","floor":18,"turns":1},{"damage":10,"enemies":"2 Thieves","floor":20,"turns":2},{"damage":47,"enemies":"Gremlin Leader","floor":23,"turns":5},{"damage":8,"enemies":"3 Cultists","floor":24,"turns":4},{"damage":2,"enemies":"Book of Stabbing","floor":25,"turns":3},{"damage":0,"enemies":"Gremlin Leader","floor":27,"turns":3},{"damage":0,"enemies":"Centurion and Healer","floor":29,"turns":2},{"damage":20,"enemies":"Automaton","floor":33,"turns":5},{"damage":0,"enemies":"3 Darklings","floor":35,"turns":1},{"damage":0,"enemies":"Orb Walker","floor":36,"turns":2},{"damage":18,"enemies":"Jaw Worm Horde","floor":37,"turns":2},{"damage":0,"enemies":"Giant Head","floor":40,"turns":7},{"damage":0,"enemies":"Reptomancer","floor":42,"turns":2},{"damage":0,"enemies":"Nemesis","floor":44,"turns":5},{"damage":0,"enemies":"Mind Bloom Boss Battle","floor":46,"turns":3},{"damage":52,"enemies":"Donu and Deca","floor":50,"turns":4},{"damage":0,"enemies":"Shield and Spear","floor":54,"turns":3},{"damage":63,"enemies":"The Heart","floor":55,"turns":5}],"seed_played":"5848235967397376042","potions_obtained":[{"floor":4,"key":"Swift Potion"},{"floor":5,"key":"DistilledChaos"},{"floor":16,"key":"Energy Potion"},{"floor":20,"key":"FearPotion"},{"floor":24,"key":"SpeedPotion"},{"floor":25,"key":"EssenceOfSteel"},{"floor":29,"key":"CultistPotion"},{"floor":35,"key":"Weak Potion"},{"floor":42,"key":"FearPotion"}],"is_trial":false,"path_per_floor":["M","$","M","M","M","E","R","E","T","R","E","R","?","?","R","B",null,"M","?","M","$","?","E","M","E","T","E","R","M","R","$","R","B",null,"M","M","M","?","$","E","R","E","T","E","R","?","?","?","R","B",null,"R","$","E","B",null],"character_chosen":"THE_WITCHER","items_purchased":["AT_ChloranthyRing","DollysMirror","Medical Kit"],"campfire_rested":3,"item_purchase_floors":[21,31,39],"current_hp_per_floor":[75,75,73,71,49,31,31,4,4,26,18,18,3,3,25,10,75,75,75,65,65,65,18,10,8,8,8,36,41,47,62,68,48,75,75,75,57,48,63,63,72,75,75,75,75,75,75,75,75,23,75,75,75,75,12],"gold":53,"neow_bonus":"UPGRADE_CARD","is_daily":false,"chose_seed":false,"campfire_upgraded":7,"win_rate":0.0,"timestamp":1609072909,"path_taken":["M","$","M","M","M","E","R","E","T","R","E","R","?","?","R","BOSS","M","?","M","$","?","E","M","E","T","E","R","M","R","?","R","BOSS","M","M","M","?","$","E","R","E","T","E","M","?","?","?","R","BOSS","R","$","E","BOSS"],"items_purchased_type":["Relic","Relic","Relic"],"build_version":"2020-12-22","purchased_purges":3,"victory":true,"max_hp_per_floor":[75,75,75,75,75,75,75,75,75,75,75,75,75,75,75,75,75,75,75,75,75,75,75,75,75,75,75,75,75,75,75,75,75,75,75,75,75,75,75,75,75,75,75,75,75,75,75,75,75,75,75,75,75,75,75],"card_choices":[{"not_picked":["SnafuTest:PowerAlwaysAWay","SnafuTest:SpellBlindFury","SnafuTest:SignAxii"],"picked":"SKIP","floor":1},{"not_picked":["SnafuTest:SpellHellfire","SnafuTest:BombDimeritium","SnafuTest:BombDragonsDream"],"picked":"SKIP","floor":3},{"not_picked":["SnafuTest:SpellIncendiaryShower","SnafuTest:WitchHunt"],"picked":"SnafuTest:SwiftAssault","floor":4},{"not_picked":["SnafuTest:BombMoonDust","SnafuTest:SpellButterflyIllusion","SnafuTest:SneakKill"],"picked":"SKIP","floor":5},{"not_picked":["SnafuTest:BattleCry","SnafuTest:SpellBitingFrost"],"picked":"SnafuTest:SpellChainLightning","floor":6},{"not_picked":["SnafuTest:AncestralRitual","SnafuTest:SpellIncendiaryShower","SnafuTest:ScholarsIntrigue"],"picked":"SKIP","floor":8},{"not_picked":["SnafuTest:SpellLivingArmor","SnafuTest:MCMockAndRun"],"picked":"SnafuTest:Oriole","floor":11},{"not_picked":["SnafuTest:MilitaryReview","SnafuTest:SpellCalcinedMetamorphism"],"picked":"SnafuTest:PowerEquilibrium","floor":16},{"not_picked":["SnafuTest:SpellLivingArmor","SnafuTest:FlashingEvasion","SnafuTest:Kick"],"picked":"SKIP","floor":18},{"not_picked":["SnafuTest:PowerCrimsonRitual","SnafuTest:BombDimeritium","SnafuTest:ShoulderSlam"],"picked":"SKIP","floor":20},{"not_picked":["SnafuTest:SpellButterflyIllusion","SnafuTest:WeddingDance","SnafuTest:PowerHangmenTree+1"],"picked":"SKIP","floor":23},{"not_picked":["SnafuTest:MCSongOfPeace+1","SnafuTest:MCSuccubusSeduction+1","SnafuTest:SpellTortoise"],"picked":"SKIP","floor":24},{"not_picked":["SnafuTest:MCSongOfPeace","SnafuTest:WeddingDance"],"picked":"SnafuTest:Celebration","floor":25},{"not_picked":["SnafuTest:PowerCounterAttack","SnafuTest:PowerProbingFeint","SnafuTest:ShoulderSlam+1"],"picked":"SKIP","floor":27},{"not_picked":["SnafuTest:BombMoonDust","SnafuTest:SpellChainLightning"],"picked":"SnafuTest:SignAard","floor":29},{"not_picked":["SnafuTest:WarofClans","SnafuTest:Celebration"],"picked":"SnafuTest:IndifferentImmortality","floor":33},{"not_picked":["SnafuTest:AncestralRitual","SnafuTest:MercilessReaper","SnafuTest:MCPlayGwent"],"picked":"SKIP","floor":35},{"not_picked":["SnafuTest:SuddenPuncture+1","SnafuTest:Siege"],"picked":"SnafuTest:SpellArcaneDomain+1","floor":36},{"not_picked":["SnafuTest:BlueWhale+1","SnafuTest:UndefeatedNarcissism"],"picked":"SnafuTest:GetPaid+1","floor":37},{"not_picked":["SnafuTest:MilitaryReview","SnafuTest:SignYrden+1"],"picked":"SnafuTest:SwordDance","floor":40},{"not_picked":["SnafuTest:PayArmorSmith+1","SnafuTest:SpellDispellingPush"],"picked":"SnafuTest:PowerAlwaysOnRoads+1","floor":42},{"not_picked":["SnafuTest:PayArmorSmith+1","SnafuTest:SwordDance","SnafuTest:SpellButterflyIllusion"],"picked":"SKIP","floor":54}],"player_experience":548454,"relics_obtained":[{"floor":6,"key":"SumBook"},{"floor":8,"key":"AT_Kusabimaru"},{"floor":9,"key":"Gambling Chip"},{"floor":11,"key":"Potion Belt"},{"floor":23,"key":"Juzu Bracelet"},{"floor":25,"key":"Eternal Feather"},{"floor":26,"key":"MealTicket"},{"floor":27,"key":"Anchor"},{"floor":40,"key":"Regal Pillow"},{"floor":42,"key":"Bag of Preparation"},{"floor":46,"key":"Unceasing Top"},{"floor":54,"key":"Nunchaku"}],"event_choices":[{"damage_healed":0,"gold_gain":0,"player_choice":"Entered Light","damage_taken":15,"max_hp_gain":0,"max_hp_loss":0,"event_name":"Shining Light","floor":13,"gold_loss":0,"cards_upgraded":["SnafuTest:GraveDancingPaleFire","SnafuTest:TradeOrTrick"]},{"damage_healed":0,"gold_gain":0,"player_choice":"Left Gold","damage_taken":0,"max_hp_gain":0,"max_hp_loss":0,"event_name":"World of Goop","floor":14,"gold_loss":44},{"damage_healed":0,"gold_gain":0,"player_choice":"Ignored","damage_taken":0,"max_hp_gain":0,"max_hp_loss":0,"event_name":"Ghosts","floor":19,"gold_loss":0},{"cards_removed":["SnafuTest:PowerLadyOfLake"],"damage_healed":0,"gold_gain":0,"player_choice":"Elegance","damage_taken":0,"max_hp_gain":0,"max_hp_loss":0,"event_name":"Back to Basics","floor":22,"gold_loss":0},{"damage_healed":0,"gold_gain":0,"player_choice":"Embrace Madness","damage_taken":9,"max_hp_gain":0,"max_hp_loss":0,"event_name":"Winding Halls","floor":38,"gold_loss":0,"cards_obtained":["Madness","Madness"]},{"damage_healed":0,"gold_gain":0,"player_choice":"Fight","damage_taken":0,"max_hp_gain":0,"max_hp_loss":0,"event_name":"MindBloom","floor":46,"gold_loss":0},{"damage_healed":0,"gold_gain":0,"player_choice":"Paid","damage_taken":0,"relics_obtained":["Red Mask"],"max_hp_gain":0,"max_hp_loss":0,"event_name":"Tomb of Lord Red Mask","floor":47,"gold_loss":172},{"cards_removed":["SnafuTest:TradeOrTrick"],"damage_healed":0,"gold_gain":0,"player_choice":"Removed Skill","damage_taken":0,"max_hp_gain":0,"max_hp_loss":0,"event_name":"Falling","floor":48,"gold_loss":0}],"is_beta":false,"boss_relics":[{"not_picked":["Runic Pyramid","Empty Cage"],"picked":"AT_MortalBlade"},{"not_picked":["Runic Dome","Velvet Choker"],"picked":"SlaversCollar"}],"items_purged_floors":[2,21,31],"is_endless":false,"potions_floor_spawned":[4,5,16,20,24,25,29,35,42,44],"ascension_level":2}}