{"host":"p9ipwvgp8zk1gu4u","time":1609061523,"event":{"mods":["Act Like it!","BaseMod","BetterRewards","Block Reminder","Colored Map","Colored Powertips","DeckTracker","Downfall","Gensokyo","Gold Saver","Hermit","Marisa????????","Minty Spire (QoL Compilation)","Nova Terra(??·??)","Relic Filter","Replay The Spire","StSLib","The Alterego","The Bladedancer","The Hierophant","The Servant 0.9.4","TheSwordswoman","Yakumo Yukari mod","Yuri Mod"],"gold_per_floor":[1373,1392,1412,988,988,1016,1032,324,324,337,368,368,399,430,430,541,541,561,248,248,4,33,33,79,103,126,126,155,155,177,203,203,314,314,341,34,34,72,103,174,215,258,258,312,312,37,37,37,37,61],"floor_reached":51,"playtime":2782,"items_purged":["Mirror Shield","Dualcast"],"score":875,"play_id":"64fada54-3a58-4285-b9cb-f52cef7feda4","local_time":"20201227043203","is_ascension_mode":true,"campfire_choices":[{"floor":15,"key":"REST"},{"data":"Zap","floor":23,"key":"SMITH"},{"floor":32,"key":"REST"},{"floor":45,"key":"REST"},{"data":"Defragment","floor":49,"key":"SMITH"}],"circlet_count":0,"master_deck":["Strike_B","Strike_B","Strike_B","Strike_B","Defend_B","Defend_B","Defend_B","Zap+1","Steam","Scrape","Gash","Sunder","ReplayGash","Steam","Electrodynamics+1","Defragment+1","ReplayGash","Reboot+1","J.A.X.","Go for the Eyes+1","AbeCurse","Stack+1","Gash+1","White Noise+1","Auto Shields+1","Gash+1","Steam"],"relics":["Cracked Core","Vajra","Anchor","yuri:PortableGlitches","Durian","ReplayTheSpireMod:Ninjato","Chameleon Ring","Torii","Replay:Bandana","Nuclear Battery","Frozen Egg 2","Replay:Bottled Snecko","Divine Protection","Regal Pillow","Replay:Antivirus Software","Abe\u0027s Treasure","Guide Book","ReplayTheSpireMod:TigerMarble","Potion Belt","Lantern","Molten Egg 2","Replay:PocketPolymizer","Carrot"],"acts_visited":["Exordium","TheCity","TheBeyond"],"potions_floor_usage":[13,16,42,50,50],"damage_taken":[{"damage":0,"enemies":"Cultist","floor":1,"turns":3},{"damage":9,"enemies":"Small Slimes","floor":2,"turns":3},{"damage":3,"enemies":"2 Louse","floor":3,"turns":3},{"damage":17,"enemies":"3 Sentries","floor":6,"turns":7},{"damage":0,"enemies":"2 Fungi Beasts","floor":7,"turns":3},{"damage":0,"enemies":"Looter","floor":10,"turns":2},{"damage":8,"enemies":"Lagavulin","floor":11,"turns":5},{"damage":10,"enemies":"Gremlin Nob","floor":13,"turns":3},{"damage":0,"enemies":"Exordium Thugs","floor":14,"turns":2},{"damage":1,"enemies":"Hexaghost","floor":16,"turns":9},{"damage":10,"enemies":"Spheric Guardian","floor":18,"turns":4},{"damage":0,"enemies":"Chosen","floor":22,"turns":4},{"damage":13,"enemies":"Book of Stabbing","floor":24,"turns":5},{"damage":1,"enemies":"Centurion and Healer","floor":25,"turns":4},{"damage":0,"enemies":"3 Cultists","floor":28,"turns":4},{"damage":29,"enemies":"Snecko","floor":30,"turns":5},{"damage":18,"enemies":"Champ","floor":33,"turns":8},{"damage":0,"enemies":"Orb Walker","floor":35,"turns":3},{"damage":0,"enemies":"3 Darklings","floor":38,"turns":3},{"damage":1,"enemies":"Sphere and 2 Shapes","floor":39,"turns":4},{"damage":11,"enemies":"Reptomancer","floor":40,"turns":4},{"damage":0,"enemies":"Transient","floor":41,"turns":5},{"damage":30,"enemies":"Nemesis","floor":42,"turns":5},{"damage":0,"enemies":"R_Hoarder","floor":44,"turns":6},{"damage":68,"enemies":"Time Eater","floor":50,"turns":8}],"seed_played":"-6594587977354053164","potions_obtained":[{"floor":1,"key":"Fire Potion"},{"floor":6,"key":"Adrenaline Potion"},{"floor":11,"key":"Flashbang"},{"floor":13,"key":"PowerPotion"},{"floor":16,"key":"Block Potion"},{"floor":22,"key":"Swift Potion"},{"floor":42,"key":"FocusPotion"},{"floor":44,"key":"Explosive Potion"}],"is_trial":false,"path_per_floor":["M","M","M","$","?","E","M","$","T","M","E","?","E","M","R","B",null,"M","$","?","$","M","R","E","M","T","?","M","?","M","T","R_BF","B",null,"M","$","?","M","M","E","M","E","T","E","R","$","?","?","R","B",null],"character_chosen":"DEFECT","items_purchased":["Vajra","Anchor","Gash","Durian","ReplayTheSpireMod:Ninjato","Sunder","Frozen Egg 2","ReplayGash","Replay:Bottled Snecko","Guide Book","ReplayTheSpireMod:TigerMarble","Carrot","Steam"],"campfire_rested":3,"item_purchase_floors":[4,4,4,8,8,8,19,19,21,36,36,46,46],"current_hp_per_floor":[75,66,63,63,63,46,46,51,51,51,43,43,33,33,57,56,80,70,70,70,70,70,70,57,56,56,56,56,56,27,27,66,48,80,80,80,80,80,79,68,68,38,38,38,77,77,76,76,76,8],"gold":61,"neow_bonus":"ONE_RANDOM_RARE_CARD","is_daily":false,"chose_seed":false,"campfire_upgraded":2,"win_rate":0.0,"timestamp":1609061523,"path_taken":["M","M","?","$","?","E","M","$","T","M","E","?","E","M","R","BOSS","M","$","?","$","M","R","E","M","T","?","M","?","M","?","R_BF","BOSS","M","$","?","M","M","E","M","E","T","E","R","$","?","?","R","BOSS"],"items_purchased_type":["Relic","Relic","Card","Relic","Relic","Card","Relic","Card","Relic","Relic","Relic","Relic","Card"],"build_version":"2020-12-22","purchased_purges":2,"victory":true,"max_hp_per_floor":[75,75,75,75,75,75,75,80,80,80,80,80,80,80,80,80,80,80,80,80,80,80,80,80,80,80,80,80,80,80,80,80,80,80,80,80,80,80,80,80,80,80,80,80,80,80,76,76,76,76],"card_choices":[{"not_picked":["Fusion","BasicCrystalCard","Redo"],"picked":"SKIP","floor":1},{"not_picked":["Auto Shields","Rip and Tear"],"picked":"Steam","floor":2},{"not_picked":["Stack","Conserve Battery"],"picked":"Scrape","floor":3},{"not_picked":["Chill","Coolheaded","Panic Button"],"picked":"SKIP","floor":6},{"not_picked":["Capacitor","Rebound","Buffer"],"picked":"SKIP","floor":7},{"not_picked":["ReplaySort","Cold Snap","Melter"],"picked":"SKIP","floor":10},{"not_picked":["Double Energy","Compile Driver"],"picked":"ReplayGash","floor":11},{"not_picked":["Ball Lightning","Storm"],"picked":"Steam","floor":13},{"not_picked":["Reprogram","Leap","Rebound"],"picked":"SKIP","floor":14},{"not_picked":["Echo Form","Reboot"],"picked":"Electrodynamics","floor":16},{"not_picked":["Turbo","Coolheaded"],"picked":"Defragment","floor":18},{"not_picked":["Compile Driver","ReplaySort","Hologram"],"picked":"SKIP","floor":22},{"not_picked":["Panic Button","Compile Driver"],"picked":"Reboot","floor":24},{"not_picked":["Panic Button","Steam Power","Undo"],"picked":"SKIP","floor":25},{"not_picked":["Steam","Heatsinks+1"],"picked":"Go for the Eyes+1","floor":28},{"not_picked":["Stack","Fusion","Turbo"],"picked":"SKIP","floor":30},{"not_picked":["Sweeping Beam","ReplayTheSpireMod:System Scan+1"],"picked":"Stack+1","floor":35},{"not_picked":["BasicCrystalCard+1","Coolheaded","Static Discharge+1"],"picked":"SKIP","floor":38},{"not_picked":["FIFO Queue+1","Coolheaded"],"picked":"Gash+1","floor":39},{"not_picked":["Redo+1","BasicCrystalCard"],"picked":"White Noise+1","floor":40},{"not_picked":["White Noise","Rebound"],"picked":"Auto Shields+1","floor":41},{"not_picked":["Leap+1","Cold Snap"],"picked":"Gash+1","floor":42},{"not_picked":["Barrage+1","Multi-Cast","Static Discharge+1"],"picked":"SKIP","floor":44}],"player_experience":317273,"relics_obtained":[{"floor":6,"key":"yuri:PortableGlitches"},{"floor":9,"key":"Chameleon Ring"},{"floor":11,"key":"Torii"},{"floor":13,"key":"Replay:Bandana"},{"floor":24,"key":"Divine Protection"},{"floor":26,"key":"Regal Pillow"},{"floor":31,"key":"Replay:Antivirus Software"},{"floor":40,"key":"Potion Belt"},{"floor":42,"key":"Lantern"},{"floor":43,"key":"Molten Egg 2"},{"floor":44,"key":"Replay:PocketPolymizer"}],"event_choices":[{"damage_healed":0,"gold_gain":0,"player_choice":"Ignored","damage_taken":0,"max_hp_gain":0,"max_hp_loss":0,"event_name":"Golden Idol","floor":5,"gold_loss":0},{"damage_healed":0,"gold_gain":0,"player_choice":"Ignored","damage_taken":0,"max_hp_gain":0,"max_hp_loss":0,"event_name":"Transmorgrifier","floor":12,"gold_loss":0},{"damage_healed":0,"gold_gain":0,"player_choice":"Obtain J.A.X.","damage_taken":0,"max_hp_gain":0,"max_hp_loss":0,"event_name":"Drug Dealer","floor":27,"gold_loss":0,"cards_obtained":["J.A.X."]},{"damage_healed":0,"gold_gain":0,"player_choice":"Ignored","damage_taken":0,"max_hp_gain":0,"max_hp_loss":0,"event_name":"Ghosts","floor":29,"gold_loss":0},{"damage_healed":0,"gold_gain":0,"player_choice":"Ignored","damage_taken":0,"max_hp_gain":0,"max_hp_loss":0,"event_name":"Tomb of Lord Red Mask","floor":37,"gold_loss":0},{"damage_healed":0,"gold_gain":0,"player_choice":"Max HP","damage_taken":0,"max_hp_gain":0,"max_hp_loss":4,"event_name":"Winding Halls","floor":47,"gold_loss":0},{"cards_removed":["Defend_B"],"damage_healed":0,"gold_gain":0,"player_choice":"Removed Skill","damage_taken":0,"max_hp_gain":0,"max_hp_loss":0,"event_name":"Falling","floor":48,"gold_loss":0}],"is_beta":false,"boss_relics":[{"not_picked":["Runic Pyramid","Kintsugi"],"picked":"Nuclear Battery"},{"not_picked":["Ring of Chaos","Replay:Ancient Bell"],"picked":"Abe\u0027s Treasure"}],"items_purged_floors":[4,8],"is_endless":false,"potions_floor_spawned":[1,6,11,13,16,22,24,28,30,35,39,42,44],"ascension_level":2}}