{"host":"8nqgve6y8ahjd8xo","time":1609070225,"event":{"mods":["ATMod(阿瑾Mod)","AchievementEnabler","BaseMod","Better Vampires","Better-Laid Plans","Colored Map","Colored Powertips","Minty Spire (QoL Compilation)","MostiFishMod","Quick Restart","Red Circlet Mod","Replay The Spire","RumiaBox-露米娅的神秘盒子","Ryuuou龙王","Shop Mod","StSLib","TestMod","Uncapped","Waifu the Spire","[IsaacMod]以撒尖塔","[功能]功能增强和修复MOD","vexMod","【功能Mod】Neow奖励","【功能Mod】混沌之环修复补丁","【遗物Mod】死灵法师NEW","【遗物Mod】简单游戏","【遗物卡牌】REMEMod","没有小屋子和绿帽子啦","篝火指南"],"gold_per_floor":[113,113,113,199,219,246,246,246,246,246,246,257,274,299,299,407,407,426,426,476,380,355,382,382,382,429,444,457,489,35,655,655,1328,1328,1947,1972,1679,1697,1750,1775,1787,1819,1843,1875,1875,1908,1921,2535,2535,2535,2535],"floor_reached":52,"playtime":1544,"items_purged":["Doubt","MostiFishMod:Exploitation","ReplayTheSpireMod:Repulse","MostiFishMod:ATRI","Streamline"],"score":2332,"play_id":"938a1eda-00be-4fbc-861f-cd886c850ab4","local_time":"20201227195705","is_ascension_mode":true,"campfire_choices":[{"data":"AT_DarkMatter","floor":8.0,"key":"SMITH"},{"data":"Recycle","floor":15.0,"key":"SMITH"},{"data":"MostiFishMod:LinkProtocol","floor":24.0,"key":"SMITH"},{"data":"Capacitor","floor":32.0,"key":"SMITH"},{"data":"Pulse","floor":45,"key":"SMITH"},{"data":"Heatsinks","floor":49,"key":"SMITH"}],"circlet_count":0,"master_deck":["AscendersBane","Zap","Dualcast","AT_DarkMatter+1","MostiFishMod:TalkingToTheRain","AbeCurse","Ball Lightning","Thunder Strike","Turbo","MostiFishMod:DeathFromBelow+1","Recycle+1","MostiFishMod:ReadyAimFire","Capacitor+1","MostiFishMod:LinkProtocol+1","BasicCrystalCard","Undo","Hyperbeam+1","Coolheaded","Go for the Eyes+1","AT_EMC2+1","Heatsinks","AT_ThreeBodyProblem","Pulse+1","Skim+1","MostiFishMod:Nova","Heatsinks+1","ReplayTheSpireMod:Reroute Power"],"relics":["EasyRelic","HushsDoor","testmod-TestBox","DaveBox","AT_ATBox","REME_ComplimentaryCards","SteamSale","testmod-Fanaticism","Civilization","Abe\u0027s Treasure","SynthV:TestCard","DataDisk","AT_Kusabimaru","AT_BellowingDragoncrestRing","Ring of Shattering","ReplayTheSpireMod:Ring of Exchange","Gremlin Food","testmod-BloodSacrificeSpiritualization","AT_ImmortalShieldbow","Boot","BelialBook","Replay:Bottled Snecko","AT_ArchangelStaff","Black Star","Transparent","Torii","ReplayTheSpireMod:Lightbulb","Bronze Scales","Lee\u0027s Waffle","Counterbalance","Leech","MagicDraw1","Replay:PocketPolymizer","Replay:Baseball","Garlic","Cables","LastBattle","SharePain"],"acts_visited":["Exordium","TheCity","TheBeyond"],"potions_floor_usage":[],"damage_taken":[{"damage":10.0,"enemies":"Jaw Worm","floor":1.0,"turns":3.0},{"damage":0.0,"enemies":"2 Louse","floor":5.0,"turns":2.0},{"damage":0.0,"enemies":"Gremlin Nob","floor":6.0,"turns":2.0},{"damage":0.0,"enemies":"Cultist","floor":12.0,"turns":2.0},{"damage":0.0,"enemies":"Blue Slaver","floor":13.0,"turns":1.0},{"damage":0.0,"enemies":"Lagavulin","floor":14.0,"turns":2.0},{"damage":34.0,"enemies":"The Guardian","floor":16.0,"turns":4.0},{"damage":9.0,"enemies":"3 Byrds","floor":18.0,"turns":3.0},{"damage":32.0,"enemies":"Hiden Room Battle","floor":20.0,"turns":2.0},{"damage":0.0,"enemies":"Slavers","floor":23.0,"turns":1.0},{"damage":0.0,"enemies":"Chosen","floor":27.0,"turns":1.0},{"damage":0.0,"enemies":"Snake Plant","floor":28.0,"turns":2.0},{"damage":0.0,"enemies":"Gremlin Leader","floor":29.0,"turns":2.0},{"damage":51.0,"enemies":"Shelled Parasite and Fungi","floor":31.0,"turns":2.0},{"damage":32.0,"enemies":"Pondfish","floor":33.0,"turns":3.0},{"damage":50,"enemies":"3 Shapes","floor":35,"turns":1},{"damage":28,"enemies":"Mind Bloom Boss Battle","floor":36,"turns":1},{"damage":32,"enemies":"Orb Walker","floor":38,"turns":1},{"damage":35,"enemies":"2 Orb Walkers","floor":39,"turns":1},{"damage":78,"enemies":"R_Hoarder","floor":40,"turns":2},{"damage":56,"enemies":"4 Shapes","floor":41,"turns":1},{"damage":47,"enemies":"Reptomancer","floor":42,"turns":1},{"damage":51,"enemies":"Nemesis","floor":44,"turns":1},{"damage":55,"enemies":"R_Hoarder","floor":46,"turns":1},{"damage":60,"enemies":"Transient","floor":47,"turns":1},{"damage":65,"enemies":"Spire Growth","floor":48,"turns":1},{"damage":140,"enemies":"Replay:Hell Engine","floor":50,"turns":2},{"damage":150,"enemies":"Awakened One","floor":51,"turns":2}],"seed_played":"-790167164329068593","potions_obtained":[{"floor":1.0,"key":"Adrenaline Potion"},{"floor":3.0,"key":"CultistPotion"},{"floor":6.0,"key":"REME_GoldPotion"},{"floor":18.0,"key":"Block Potion"},{"floor":31.0,"key":"FearPotion"}],"is_trial":false,"path_per_floor":["M","?","?","?","M","E","?","R","T","T","?","M","M","E","R","B",null,"M","?","?","$","?","E","R","T","T","M","M","E","$","M","R","B",null,"M","?","$","M","?","E","M","E","T","E","R","E","M","M","R","B","B",null],"character_chosen":"DEFECT","items_purchased":["Capacitor","BelialBook","Heatsinks","Black Star","AT_ThreeBodyProblem","ReplayTheSpireMod:Lightbulb","Bronze Scales","Lee\u0027s Waffle"],"campfire_rested":0,"item_purchase_floors":[17,21,30,30,37,37,37,37],"current_hp_per_floor":[62,62,62,47,50,54,54,54,54,54,54,59,65,72,72,105,97,105,105,90,90,90,125,125,125,125,144,164,187,187,210,210,250,250,282,315,322,356,392,429,470,514,514,559,559,605,652,700,700,750,805],"gold":2535,"neow_bonus":"BOSS_RELIC","is_daily":false,"chose_seed":false,"campfire_upgraded":6,"win_rate":0.0,"timestamp":1609070225,"path_taken":["M","?","?","?","?","E","?","R","T","?","?","?","M","E","R","BOSS","M","?","?","$","?","E","R","?","T","M","M","E","?","M","R","BOSS","M","?","?","M","?","E","M","E","T","E","R","E","M","M","R","BOSS","BOSS"],"items_purchased_type":["Card","Relic","Card","Relic","Card","Relic","Relic","Relic"],"build_version":"2020-12-22","purchased_purges":5,"victory":true,"max_hp_per_floor":[72,72,72,72,75,79,79,79,79,79,79,84,90,97,97,105,97,108,108,123,123,123,141,141,141,141,160,180,203,203,228,228,257,250,282,315,322,356,392,429,470,514,514,559,559,605,652,700,700,750,805],"card_choices":[{"not_picked":["Redo","Stack"],"picked":"Streamline","floor":1.0},{"not_picked":["Melter","BasicCrystalCard","ReplayTheSpireMod:GoodbyeWorld","Sweeping Beam"],"picked":"Ball Lightning","floor":5.0},{"not_picked":["Leap","Reprogram","MostiFishMod:Overload","FTL","Hologram"],"picked":"SKIP","floor":6.0},{"not_picked":["Hello World","BasicCrystalCard","REME_Compress","Panic Button"],"picked":"Turbo","floor":12.0},{"not_picked":["Streamline","Cold Snap","Sunder","Scrape"],"picked":"MostiFishMod:DeathFromBelow","floor":13.0},{"not_picked":["Streamline","ReplayTheSpireMod:GoodbyeWorld","Rebound","MostiFishMod:PushDownKick"],"picked":"Recycle","floor":14.0},{"not_picked":["ReplayTheSpireMod:Omega Cannon","MostiFishMod:IceShield","MostiFishMod:Prepare","Echo Form"],"picked":"MostiFishMod:ReadyAimFire","floor":16.0},{"not_picked":["BasicCrystalCard","Redo+1","Turbo","Beam Cell"],"picked":"MostiFishMod:LinkProtocol","floor":18.0},{"not_picked":["Ball Lightning","Double Energy","MostiFishMod:PushDownKick","Panic Button"],"picked":"Coolheaded","floor":20.0},{"not_picked":["Conserve Battery","Lockon","Redo","Tempest"],"picked":"MostiFishMod:ATRI","floor":23.0},{"not_picked":["Sunder","AT_HeatAcrobatics","Undo","ReplaySort","Go for the Eyes"],"picked":"SKIP","floor":27.0},{"not_picked":["Leap","Gash","BasicCrystalCard","Rebound"],"picked":"Go for the Eyes+1","floor":28.0},{"not_picked":["Skim","ReplayTheSpireMod:Repulse","AT_HeatAcrobatics+1","Turbo"],"picked":"AT_EMC2+1","floor":29.0},{"not_picked":["Rebound","MostiFishMod:Nova","Aggregate","Distribution","Go for the Eyes"],"picked":"SKIP","floor":31.0},{"not_picked":["Go for the Eyes+1","MostiFishMod:FluxCapactior","Turbo","BasicCrystalCard","Leap+1"],"picked":"SKIP","floor":35},{"not_picked":["AT_HeatAcrobatics","MostiFishMod:ReadyAimFire","Cancel+1","Conserve Battery+1"],"picked":"Pulse","floor":38},{"not_picked":["ReplaySolidLightProjector","MostiFishMod:PushDownKick+1","Melter","AT_HeatAcrobatics","Rebound"],"picked":"SKIP","floor":40},{"not_picked":["Leap","Melter","MostiFishMod:PushDownKick+1","Undo+1","Redo"],"picked":"SKIP","floor":41},{"not_picked":["Cancel","Coolheaded","Conserve Battery","Stack","Self Repair+1"],"picked":"SKIP","floor":42},{"not_picked":["AT_EMC2","Gash+1","Rebound","MostiFishMod:FluxCapactior"],"picked":"Skim+1","floor":44},{"not_picked":["Conserve Battery","MostiFishMod:Culaccino","Go for the Eyes","Compile Driver"],"picked":"Heatsinks","floor":46},{"not_picked":["Streamline","Turbo+1","AT_HeatAcrobatics+1","Rebound","ReplaySolidLightProjector+1"],"picked":"SKIP","floor":47},{"not_picked":["Reprogram","Rebound","Hologram","Genetic Algorithm","Go for the Eyes+1"],"picked":"SKIP","floor":48}],"player_experience":1312005,"relics_obtained":[{"floor":1.0,"key":"SynthV:TestCard"},{"floor":6.0,"key":"DataDisk"},{"floor":9.0,"key":"AT_Kusabimaru"},{"floor":10.0,"key":"AT_BellowingDragoncrestRing"},{"floor":11.0,"key":"Ring of Shattering"},{"floor":11.0,"key":"ReplayTheSpireMod:Ring of Exchange"},{"floor":14.0,"key":"Gremlin Food"},{"floor":20.0,"key":"AT_ImmortalShieldbow"},{"floor":20.0,"key":"Boot"},{"floor":25.0,"key":"Replay:Bottled Snecko"},{"floor":29.0,"key":"AT_ArchangelStaff"},{"floor":36,"key":"Torii"},{"floor":39,"key":"Counterbalance"},{"floor":40,"key":"Leech"},{"floor":42,"key":"MagicDraw1"},{"floor":42,"key":"Replay:PocketPolymizer"},{"floor":43,"key":"Replay:Baseball"},{"floor":44,"key":"Garlic"},{"floor":44,"key":"Cables"},{"floor":46,"key":"LastBattle"},{"floor":46,"key":"SharePain"}],"event_choices":[{"damage_healed":0.0,"max_hp_gain":0.0,"max_hp_loss":0.0,"gold_gain":0.0,"event_name":"Liars Game","player_choice":"Ignored","floor":2.0,"gold_loss":0.0,"damage_taken":0.0},{"damage_healed":0.0,"max_hp_gain":0.0,"max_hp_loss":0.0,"gold_gain":0.0,"event_name":"Lab","player_choice":"Got Potions","floor":3.0,"gold_loss":0.0,"damage_taken":0.0},{"damage_healed":0.0,"max_hp_gain":0.0,"max_hp_loss":0.0,"gold_gain":0.0,"cards_transformed":["Strike_B"],"event_name":"Living Wall","player_choice":"Change","floor":7.0,"gold_loss":0.0,"damage_taken":0.0,"cards_obtained":["Thunder Strike"]},{"damage_healed":0.0,"max_hp_gain":0.0,"max_hp_loss":0.0,"gold_gain":0.0,"event_name":"给自己的盒子","player_choice":"Swap Relic","floor":19.0,"relics_lost":["Pandora\u0027s Box"],"gold_loss":0.0,"damage_taken":0.0,"relics_obtained":["Pandora\u0027s Box"]},{"damage_healed":0.0,"max_hp_gain":0.0,"max_hp_loss":0.0,"gold_gain":0.0,"event_name":"HidenRoomEvent","player_choice":"Fight","floor":20.0,"gold_loss":0.0,"damage_taken":0.0},{"damage_healed":0,"gold_gain":0,"player_choice":"Fight","damage_taken":0,"max_hp_gain":0,"max_hp_loss":0,"event_name":"MindBloom","floor":36,"gold_loss":0},{"damage_healed":0,"gold_gain":0,"player_choice":"Fight","damage_taken":0,"max_hp_gain":0,"max_hp_loss":0,"event_name":"Mysterious Sphere","floor":39,"gold_loss":0}],"is_beta":false,"boss_relics":[{"not_picked":["vexMod:Cooldron","testmod-HarvestTotem"],"picked":"testmod-BloodSacrificeSpiritualization"},{"not_picked":[]},{"not_picked":["Chaos","Membership Card"],"picked":"Transparent"},{"not_picked":[]}],"items_purged_floors":[17,21,30,34,37],"is_endless":false,"potions_floor_spawned":[1,5,6,6,12,13,14,14,16,18,27,27,28,29,29,31,33,35,38,38,39,40,41,41,42,44,46,46,48,48],"ascension_level":20}}