{"host":"kos1s9q8ffr8fqos","time":1609044423,"event":{"mods":["AchievementEnabler","AlwaysNeverKeys","BaseMod","Bestiary","Better Altar","Better Match","Better Note","Better Sensory Stone","Better Skull","Better Third Choice","Better Vampires","Colored Map","Colored Powertips","Curses Come First","Downfall","Hermit","Infinite Spire","Jorbs\u0027s Wanderer Trilogy","Minty Spire (QoL Compilation)","Quick Restart","Random Character Button","Relic Stats","Replay The Spire","StSLib","The Blue Laboratory","The Disciple","The Hierophant"],"gold_per_floor":[99,111,122,141,154,154,229,240,165,6,36,36,6,36,49,49,49,49],"floor_reached":16,"playtime":1089,"items_purged":[],"score":102,"play_id":"93f659f6-d9b8-4c81-85e0-0f09954b84a4","local_time":"20201226224703","is_ascension_mode":false,"campfire_choices":[{"floor":1,"key":"RECALL"},{"data":"hexamod:NecessarySacrifice","floor":9,"key":"SMITH"},{"data":"hexamod:SoulSteal","floor":12,"key":"SMITH"}],"circlet_count":0,"master_deck":["hexamod:Strike","hexamod:Strike","hexamod:Strike","hexamod:Strike","hexamod:Defend","hexamod:Defend","hexamod:Defend","hexamod:Defend","hexamod:Sear","hexamod:Float","hexamod:EmpoweredFlame","hexamod:NecessarySacrifice+1","hexamod:ExtraCrispy","hexamod:SpectersWail","hexamod:SoulSteal+1","hexamod:HauntingEcho","hexamod:ChargedBarrage","hexamod:NightmareGuise+1","hexamod:ExtraCrispy","hexamod:DynamicBlow"],"relics":["hexamod:SpiritBrand","CultistMask","StrikeDummy","downfall:HeartBlessingRed","Membership Card","Blue Doll","Odd Mushroom"],"acts_visited":["Exordium"],"potions_floor_usage":[14,16,16,16],"damage_taken":[{"damage":1,"enemies":"Jaw Worm","floor":2,"turns":3},{"damage":0,"enemies":"Cultist","floor":3,"turns":3},{"damage":0,"enemies":"2 Louse","floor":4,"turns":4},{"damage":5,"enemies":"Large Slime","floor":5,"turns":5},{"damage":12,"enemies":"Lots of Slimes","floor":8,"turns":4},{"damage":0,"enemies":"downfall:FleeingMerchant","floor":10,"turns":4},{"damage":20,"enemies":"Lagavulin","floor":11,"turns":5},{"damage":0,"enemies":"downfall:FleeingMerchant","floor":13,"turns":4},{"damage":7,"enemies":"The Mushroom Lair","floor":14,"turns":3},{"damage":4,"enemies":"Exordium Thugs","floor":15,"turns":3},{"damage":32,"enemies":"downfall:Defect","floor":16,"turns":5}],"seed_played":"2282908797764679688","potions_obtained":[{"floor":3,"key":"blueLaboratory:PhilterOfMotion"},{"floor":4,"key":"Fire Potion"},{"floor":11,"key":"blueLaboratory:BubblePotion"},{"floor":14,"key":"Block Potion"}],"is_trial":false,"path_per_floor":["R","M","M","M","M","?","T","M","R","$","E","R","$","?","M","B"],"character_chosen":"THE_SPIRIT","items_purchased":["Membership Card","hexamod:NightmareGuise+1"],"campfire_rested":0,"item_purchase_floors":[10,13],"current_hp_per_floor":[77,76,76,76,71,71,71,59,59,59,39,39,39,32,28,0,0,0],"gold":49,"neow_bonus":"TEN_PERCENT_HP_BONUS","is_daily":false,"chose_seed":false,"campfire_upgraded":2,"win_rate":0.0,"timestamp":1609044423,"path_taken":["R","M","M","M","M","?","T","M","R","?","E","R","$","?","M","BOSS"],"items_purchased_type":["Relic","Card"],"build_version":"2020-12-22","purchased_purges":0,"victory":false,"max_hp_per_floor":[77,77,77,77,77,77,77,77,77,77,77,77,77,77,77,77,77,77],"relic_stats":{"counters":[11,43],"obtain_stats":[{"downfall:HeartBlessingRed":9,"Blue Doll":11,"CultistMask":6,"Membership Card":10,"Odd Mushroom":14,"StrikeDummy":7,"hexamod:SpiritBrand":0},{"downfall:HeartBlessingRed":5,"Blue Doll":7,"CultistMask":4,"Membership Card":6,"Odd Mushroom":9,"StrikeDummy":4,"hexamod:SpiritBrand":0},{"downfall:HeartBlessingRed":19,"Blue Doll":28,"CultistMask":15,"Membership Card":23,"Odd Mushroom":35,"StrikeDummy":15,"hexamod:SpiritBrand":0}]},"card_choices":[{"not_picked":["hexamod:SkipABeat","hexamod:HeatShield"],"picked":"hexamod:EmpoweredFlame","floor":2},{"not_picked":["hexamod:AdvancingGuard","hexamod:ChargedBarrage"],"picked":"hexamod:NecessarySacrifice","floor":3},{"not_picked":["hexamod:SpectersWail","hexamod:NightmareGuise"],"picked":"hexamod:ExtraCrispy","floor":4},{"not_picked":["hexamod:Rewind","hexamod:NightmareStrike","hexamod:BacktrackSmack"],"picked":"SKIP","floor":5},{"not_picked":["hexamod:ThermalTransfer","hexamod:AdvancingGuard"],"picked":"hexamod:SpectersWail","floor":8},{"not_picked":["hexamod:FourthSeal","hexamod:FastForward"],"picked":"hexamod:SoulSteal","floor":10},{"not_picked":["hexamod:Haunt","hexamod:GhostOfSpireFuture"],"picked":"hexamod:HauntingEcho","floor":11},{"not_picked":["hexamod:FastForward","hexamod:HeatShield"],"picked":"hexamod:ChargedBarrage","floor":13},{"not_picked":["hexamod:GhostShield","hexamod:HeatCrush"],"picked":"hexamod:ExtraCrispy","floor":14},{"not_picked":["hexamod:FastForward","hexamod:BacktrackSmack"],"picked":"hexamod:DynamicBlow","floor":15}],"player_experience":1279997,"relics_obtained":[{"floor":7,"key":"StrikeDummy"},{"floor":11,"key":"Blue Doll"},{"floor":14,"key":"Odd Mushroom"}],"event_choices":[{"damage_healed":0,"gold_gain":0,"player_choice":"Trade","damage_taken":0,"relics_obtained":["CultistMask"],"max_hp_gain":0,"max_hp_loss":0,"event_name":"FaceTrader","floor":6,"gold_loss":0},{"damage_healed":0,"gold_gain":0,"player_choice":"Fought Mushrooms","damage_taken":0,"max_hp_gain":0,"max_hp_loss":0,"event_name":"Mushrooms","floor":14,"gold_loss":0}],"is_beta":false,"boss_relics":[],"items_purged_floors":[],"is_endless":false,"potions_floor_spawned":[3,4,11,14,15],"killed_by":"downfall:Defect","ascension_level":0}}