{"host":"9l2xd2qbyxfqdc97","time":1609086460,"event":{"mods":["BaseMod","Colored Map","Highlight Path","Minty Spire (QoL Compilation)","Quick Restart"],"gold_per_floor":[110,125,139,89,15,35,35,68,148,161,181,256,256,110,110,215,215,225,225,225,235,36,36,55,55,55,55,72,45,60,60,60,156,156,175,188,57,72,82,114,134,145,145,145,145,55,105,116,116,116,116],"floor_reached":50,"playtime":2307,"items_purged":["Strike_B","Defend_B","Defend_B"],"score":572,"play_id":"b6fc53d8-f617-46b8-9930-c22b6c7ff828","local_time":"20201228012740","is_ascension_mode":true,"campfire_choices":[{"data":"Dualcast","floor":7,"key":"SMITH"},{"floor":13,"key":"REST"},{"data":"Zap","floor":15,"key":"SMITH"},{"floor":23,"key":"REST"},{"data":"Sunder","floor":25,"key":"SMITH"},{"floor":32,"key":"REST"},{"data":"Creative AI","floor":45,"key":"SMITH"},{"data":"Fission","floor":49,"key":"SMITH"}],"circlet_count":0,"master_deck":["Defend_B","Zap+1","Dualcast+1","Sunder+1","FTL","Steam","Scrape","Echo Form","Ghostly+1","Ghostly","Ghostly","Ghostly","Ghostly","Gash","Beam Cell","Self Repair","Creative AI+1","Gash","Fission+1","Redo+1","Parasite","Impatience+1"],"relics":["Cracked Core","NeowsBlessing","Thread and Needle","Pantograph","Empty Cage","Membership Card","Juzu Bracelet","Akabeko","Nuclear Battery","Regal Pillow","Toxic Egg 2","Unceasing Top"],"acts_visited":["Exordium","TheCity","TheBeyond"],"potions_floor_usage":[8,11,28,39,40,41,42,50,50],"damage_taken":[{"damage":0,"enemies":"Jaw Worm","floor":1,"turns":1},{"damage":0,"enemies":"2 Louse","floor":2,"turns":1},{"damage":0,"enemies":"Small Slimes","floor":3,"turns":1},{"damage":11,"enemies":"Blue Slaver","floor":6,"turns":3},{"damage":35,"enemies":"Gremlin Nob","floor":8,"turns":4},{"damage":15,"enemies":"Exordium Wildlife","floor":10,"turns":4},{"damage":0,"enemies":"3 Louse","floor":11,"turns":1},{"damage":31,"enemies":"The Guardian","floor":16,"turns":10},{"damage":11,"enemies":"2 Thieves","floor":18,"turns":3},{"damage":17,"enemies":"3 Byrds","floor":21,"turns":6},{"damage":10,"enemies":"Centurion and Healer","floor":24,"turns":7},{"damage":0,"enemies":"Snecko","floor":28,"turns":5},{"damage":8,"enemies":"Chosen and Byrds","floor":30,"turns":8},{"damage":28,"enemies":"Collector","floor":33,"turns":10},{"damage":16,"enemies":"3 Darklings","floor":35,"turns":5},{"damage":0,"enemies":"Orb Walker","floor":36,"turns":5},{"damage":0,"enemies":"Maw","floor":38,"turns":8},{"damage":0,"enemies":"3 Darklings","floor":39,"turns":6},{"damage":31,"enemies":"Giant Head","floor":40,"turns":9},{"damage":0,"enemies":"4 Shapes","floor":41,"turns":7},{"damage":0,"enemies":"Writhing Mass","floor":42,"turns":7},{"damage":0,"enemies":"Mind Bloom Boss Battle","floor":47,"turns":7},{"damage":0,"enemies":"Sphere and 2 Shapes","floor":48,"turns":7},{"damage":54,"enemies":"Donu and Deca","floor":50,"turns":7}],"seed_played":"-2424583036891218898","potions_obtained":[{"floor":2,"key":"GamblersBrew"},{"floor":6,"key":"EssenceOfSteel"},{"floor":8,"key":"Explosive Potion"},{"floor":18,"key":"PowerPotion"},{"floor":21,"key":"GamblersBrew"},{"floor":33,"key":"Explosive Potion"},{"floor":38,"key":"AttackPotion"},{"floor":39,"key":"PowerPotion"},{"floor":41,"key":"Regen Potion"},{"floor":42,"key":"PotionOfCapacity"},{"floor":48,"key":"CultistPotion"}],"is_trial":false,"path_per_floor":["M","M","M","?","$","M","R","E","T","M","M","?","R","$","R","B",null,"M","?","?","M","$","R","M","R","T","T","M","$","M","?","R","B",null,"M","M","$","M","M","E","M","M","T","?","R","?","?","M","R","B"],"character_chosen":"DEFECT","items_purchased":["FTL","Scrape","Membership Card","Beam Cell","Fission"],"campfire_rested":3,"item_purchase_floors":[5,14,22,29,37],"current_hp_per_floor":[75,75,75,75,75,64,64,29,29,14,14,3,25,25,25,19,75,64,37,37,20,20,31,21,21,21,21,21,21,13,13,24,16,37,28,35,35,35,37,13,20,32,32,32,32,32,37,37,37,0,0],"gold":116,"neow_bonus":"THREE_ENEMY_KILL","is_daily":false,"chose_seed":false,"campfire_upgraded":5,"win_rate":0.0,"timestamp":1609086460,"path_taken":["M","M","M","?","$","M","R","E","T","M","M","?","R","$","R","BOSS","M","?","?","M","$","R","M","R","T","?","M","$","M","?","R","BOSS","M","M","$","M","M","E","M","M","T","?","R","?","?","M","R","BOSS"],"items_purchased_type":["Card","Card","Relic","Card","Card"],"build_version":"2020-12-22","purchased_purges":3,"victory":false,"max_hp_per_floor":[75,75,75,75,75,75,75,75,75,75,75,75,75,75,75,75,75,75,37,37,37,37,37,37,37,37,37,37,37,37,37,37,37,37,37,37,37,37,37,37,37,37,37,37,37,37,37,37,37,37,37],"card_choices":[{"not_picked":["Rebound","Compile Driver","Sweeping Beam"],"picked":"SKIP","floor":1},{"not_picked":["Sweeping Beam","Undo","Consume"],"picked":"SKIP","floor":2},{"not_picked":["Stack","Redo"],"picked":"Sunder","floor":3},{"not_picked":["Barrage","Rebound","Melter"],"picked":"SKIP","floor":6},{"not_picked":["Stack","Machine Learning"],"picked":"Steam","floor":8},{"not_picked":["Turbo","Barrage","Heatsinks"],"picked":"SKIP","floor":10},{"not_picked":["Blizzard","Leap","Coolheaded"],"picked":"SKIP","floor":11},{"not_picked":["Creative AI","Seek"],"picked":"Echo Form","floor":16},{"not_picked":["Cold Snap","Barrage","Conserve Battery"],"picked":"SKIP","floor":18},{"not_picked":["Compile Driver","Glacier","Leap"],"picked":"SKIP","floor":21},{"not_picked":["BootSequence","Conserve Battery+1","Rebound"],"picked":"SKIP","floor":24},{"not_picked":["Redo","Sweeping Beam+1"],"picked":"Gash","floor":28},{"not_picked":["Steam","Fusion+1"],"picked":"Self Repair","floor":30},{"not_picked":["Buffer","Fission"],"picked":"Creative AI","floor":33},{"not_picked":["Barrage+1","Conserve Battery+1","Compile Driver"],"picked":"SKIP","floor":35},{"not_picked":["Conserve Battery","Cold Snap+1"],"picked":"Gash","floor":36},{"not_picked":["Sweeping Beam","Streamline"],"picked":"Redo+1","floor":38},{"not_picked":["Rip and Tear+1","Stack","BootSequence+1"],"picked":"SKIP","floor":39},{"not_picked":["Cold Snap+1","Defragment+1","Reprogram"],"picked":"SKIP","floor":40},{"not_picked":["Redo","Capacitor","Undo+1"],"picked":"SKIP","floor":41},{"not_picked":["Reprogram","Storm+1","Doom and Gloom"],"picked":"SKIP","floor":42},{"not_picked":["Transmutation+1","Jack Of All Trades+1"],"picked":"Impatience+1","floor":44},{"not_picked":["Beam Cell","Cold Snap","Steam+1"],"picked":"SKIP","floor":48}],"player_experience":187536,"relics_obtained":[{"floor":8,"key":"Thread and Needle"},{"floor":9,"key":"Pantograph"},{"floor":26,"key":"Juzu Bracelet"},{"floor":27,"key":"Akabeko"},{"floor":40,"key":"Regal Pillow"},{"floor":43,"key":"Toxic Egg 2"},{"floor":47,"key":"Unceasing Top"}],"event_choices":[{"cards_removed":["Strike_B"],"damage_healed":0,"gold_gain":0,"player_choice":"Card Removal","damage_taken":0,"max_hp_gain":0,"max_hp_loss":0,"event_name":"The Cleric","floor":4,"gold_loss":50},{"damage_healed":0,"gold_gain":75,"player_choice":"Gather Gold","damage_taken":11,"max_hp_gain":0,"max_hp_loss":0,"event_name":"World of Goop","floor":12,"gold_loss":0},{"damage_healed":0,"gold_gain":0,"player_choice":"Became a Ghost","damage_taken":0,"max_hp_gain":0,"max_hp_loss":38,"event_name":"Ghosts","floor":19,"gold_loss":0,"cards_obtained":["Ghostly","Ghostly","Ghostly","Ghostly","Ghostly"]},{"damage_healed":0,"gold_gain":0,"player_choice":"Ignored","damage_taken":0,"max_hp_gain":0,"max_hp_loss":0,"event_name":"Vampires","floor":20,"gold_loss":0},{"damage_healed":0,"gold_gain":0,"player_choice":"Ignored","damage_taken":0,"max_hp_gain":0,"max_hp_loss":0,"event_name":"Cursed Tome","floor":31,"gold_loss":0},{"damage_healed":0,"gold_gain":0,"player_choice":"Memory 1","damage_taken":0,"max_hp_gain":0,"max_hp_loss":0,"event_name":"SensoryStone","floor":44,"gold_loss":0},{"cards_removed":["Defend_B"],"damage_healed":0,"gold_gain":0,"player_choice":"Upgrade and Remove","damage_taken":0,"max_hp_gain":0,"max_hp_loss":0,"event_name":"Designer","floor":46,"gold_loss":90,"cards_upgraded":["Ghostly"]},{"damage_healed":0,"gold_gain":0,"player_choice":"Fight","damage_taken":0,"max_hp_gain":0,"max_hp_loss":0,"event_name":"MindBloom","floor":47,"gold_loss":0}],"is_beta":false,"boss_relics":[{"not_picked":["FrozenCore","Velvet Choker"],"picked":"Empty Cage"},{"not_picked":["Coffee Dripper","Busted Crown"],"picked":"Nuclear Battery"}],"items_purged_floors":[14,22,37],"is_endless":false,"potions_floor_spawned":[2,6,8,18,21,33,38,39,41,42,48],"killed_by":"Donu and Deca","ascension_level":3}}