{"host":"nfysljuq0d6kj06l","time":1609028447,"event":{"mods":["AchievementEnabler","BaseMod","Colored Map","Colored Powertips","DeckTracker","Minty Spire (QoL Compilation)","Relic Sorter"],"gold_per_floor":[111,122,47,57,76,76,107,282,282,314,326,28,55,74,74,170,170,183,201,213,213,6,6,6,24,24,54,54,86,96,130,130,230,230,240,257,257,268,268,268,301,63,88,118,166,193,193,225,225,225,225,225,23,51,51],"floor_reached":56,"playtime":7105,"items_purged":["Regret","Carnage"],"score":1758,"play_id":"9402050c-4387-41c4-8f4d-e7a5785d764a","local_time":"20201227012047","is_ascension_mode":true,"campfire_choices":[{"data":"Uppercut","floor":6,"key":"SMITH"},{"data":"Feed","floor":15,"key":"SMITH"},{"data":"Bash","floor":23,"key":"SMITH"},{"data":"Sword Boomerang","floor":28,"key":"SMITH"},{"data":"Feed","floor":32,"key":"SMITH"},{"floor":40,"key":"RECALL"},{"data":"Demon Form","floor":49,"key":"SMITH"},{"data":"Twin Strike","floor":52,"key":"SMITH"}],"circlet_count":0,"master_deck":["Defend_R","Defend_R","Defend_R","Defend_R","Bash+1","Uppercut+1","Headbutt","Shrug It Off","Twin Strike+1","Doubt","Feed+1","Shrug It Off","Demon Form+1","Sword Boomerang+1","Heavy Blade+1","Twin Strike","Bite","Bite","Bite","Bite","Bite","Armaments+1","Armaments+1","Feed+1","Sword Boomerang+1","Brutality+1"],"relics":["Burning Blood","TungstenRod","HornCleat","Du-Vu Doll","Vajra","Juzu Bracelet","Magic Flower","Velvet Choker","The Courier","Paper Frog","Shuriken","Nunchaku","Ginger","Busted Crown","Anchor","ClockworkSouvenir","Red Skull","Omamori","Lantern","Turnip","Frozen Egg 2","Pantograph","InkBottle"],"acts_visited":["Exordium","TheCity","TheBeyond","TheEnding"],"potions_floor_usage":[7,10,10,13,18,33,55,55],"damage_taken":[{"damage":1,"enemies":"Cultist","floor":1,"turns":3},{"damage":5,"enemies":"2 Louse","floor":2,"turns":3},{"damage":3,"enemies":"Jaw Worm","floor":4,"turns":4},{"damage":11,"enemies":"Blue Slaver","floor":5,"turns":6},{"damage":5,"enemies":"Gremlin Nob","floor":7,"turns":3},{"damage":4,"enemies":"Lagavulin","floor":10,"turns":6},{"damage":0,"enemies":"2 Fungi Beasts","floor":11,"turns":3},{"damage":17,"enemies":"3 Sentries","floor":13,"turns":5},{"damage":0,"enemies":"Exordium Wildlife","floor":14,"turns":4},{"damage":27,"enemies":"The Guardian","floor":16,"turns":10},{"damage":10,"enemies":"2 Thieves","floor":18,"turns":3},{"damage":0,"enemies":"3 Byrds","floor":19,"turns":5},{"damage":7,"enemies":"Cultist and Chosen","floor":20,"turns":5},{"damage":8,"enemies":"Snake Plant","floor":25,"turns":3},{"damage":34,"enemies":"Gremlin Leader","floor":27,"turns":5},{"damage":39,"enemies":"Slavers","floor":29,"turns":8},{"damage":5,"enemies":"Snecko","floor":30,"turns":4},{"damage":13,"enemies":"Book of Stabbing","floor":31,"turns":4},{"damage":57,"enemies":"Champ","floor":33,"turns":9},{"damage":10,"enemies":"Orb Walker","floor":35,"turns":2},{"damage":18,"enemies":"3 Darklings","floor":36,"turns":5},{"damage":20,"enemies":"4 Shapes","floor":38,"turns":5},{"damage":66,"enemies":"Reptomancer","floor":41,"turns":7},{"damage":3,"enemies":"Giant Head","floor":44,"turns":5},{"damage":25,"enemies":"2 Orb Walkers","floor":45,"turns":4},{"damage":20,"enemies":"Reptomancer","floor":46,"turns":6},{"damage":53,"enemies":"Giant Head","floor":48,"turns":7},{"damage":72,"enemies":"Awakened One","floor":50,"turns":8},{"damage":57,"enemies":"Shield and Spear","floor":54,"turns":7},{"damage":31,"enemies":"The Heart","floor":55,"turns":5}],"seed_played":"6647071131920647809","potions_obtained":[{"floor":1,"key":"DuplicationPotion"},{"floor":4,"key":"Dexterity Potion"},{"floor":5,"key":"SteroidPotion"},{"floor":7,"key":"EssenceOfSteel"},{"floor":11,"key":"PowerPotion"},{"floor":13,"key":"Strength Potion"},{"floor":19,"key":"Strength Potion"},{"floor":20,"key":"Ancient Potion"},{"floor":31,"key":"Strength Potion"},{"floor":38,"key":"Swift Potion"},{"floor":41,"key":"PowerPotion"},{"floor":46,"key":"LiquidMemories"}],"is_trial":false,"path_per_floor":["M","M","$","M","M","R","E","?","T","E","M","$","E","M","R","B",null,"M","M","M","?","$","R","?","M","T","E","R","E","M","E","R","B",null,"M","M","?","M","?","R","E","$","T","E","?","E","?","E","R","B",null,"R","$","E","B",null],"character_chosen":"IRONCLAD","items_purchased":["Vajra","Juzu Bracelet","Paper Frog","ClockworkSouvenir","Red Skull","Brutality+1"],"campfire_rested":0,"item_purchase_floors":[12,12,22,42,42,53],"current_hp_per_floor":[77,78,78,80,75,75,76,76,76,80,83,83,75,89,89,77,89,96,101,105,105,105,105,105,109,109,96,96,96,119,121,121,90,113,124,127,127,134,134,134,102,102,102,133,140,143,149,113,113,125,149,149,149,128,149],"gold":51,"neow_bonus":"ONE_RARE_RELIC","is_daily":false,"chose_seed":false,"campfire_upgraded":7,"win_rate":0.0,"timestamp":1609028447,"path_taken":["M","M","?","M","?","R","E","?","T","E","M","?","E","M","R","BOSS","M","M","M","?","$","R","?","M","T","E","R","E","M","E","R","BOSS","M","M","?","M","?","R","E","$","T","E","?","E","?","E","R","BOSS","R","$","E","BOSS"],"items_purchased_type":["Relic","Relic","Relic","Relic","Relic","Card"],"build_version":"2020-12-22","purchased_purges":2,"victory":true,"max_hp_per_floor":[80,80,80,80,80,80,80,80,80,80,83,83,86,89,89,93,93,97,101,105,105,105,105,105,109,109,113,113,117,121,121,121,121,121,125,129,129,137,137,137,137,137,137,141,145,149,149,153,153,157,157,157,157,165,165],"card_choices":[{"not_picked":["Pommel Strike","Evolve"],"picked":"Uppercut","floor":1},{"not_picked":["Burning Pact","Iron Wave"],"picked":"Headbutt","floor":2},{"not_picked":["Evolve","Infernal Blade"],"picked":"Shrug It Off","floor":4},{"not_picked":["True Grit","Burning Pact"],"picked":"Twin Strike","floor":5},{"not_picked":["Reckless Charge","Clash","Body Slam"],"picked":"SKIP","floor":7},{"not_picked":["Blood for Blood","Evolve"],"picked":"Feed","floor":10},{"not_picked":["Reckless Charge","True Grit","Armaments"],"picked":"SKIP","floor":11},{"not_picked":["Anger","Dark Embrace"],"picked":"Shrug It Off","floor":13},{"not_picked":["Searing Blow","Disarm"],"picked":"Carnage","floor":14},{"not_picked":["Brutality","Impervious"],"picked":"Demon Form","floor":16},{"not_picked":["Cleave","Entrench+1"],"picked":"Sword Boomerang","floor":18},{"not_picked":["Clothesline","Thunderclap+1"],"picked":"Heavy Blade+1","floor":19},{"not_picked":["Clash","Thunderclap"],"picked":"Twin Strike","floor":20},{"not_picked":["Pommel Strike","Sword Boomerang"],"picked":"Armaments+1","floor":25},{"not_picked":["Clothesline+1","Combust","Warcry"],"picked":"SKIP","floor":27},{"not_picked":["Sword Boomerang","Rampage+1"],"picked":"Armaments+1","floor":29},{"not_picked":["Dropkick","Sever Soul","Rage"],"picked":"SKIP","floor":30},{"not_picked":["Clash","Anger"],"picked":"Feed","floor":31},{"not_picked":["Hemokinesis"],"picked":"SKIP","floor":35},{"not_picked":[],"picked":"Sword Boomerang","floor":36},{"not_picked":["Anger+1"],"picked":"SKIP","floor":38},{"not_picked":["Seeing Red+1"],"picked":"SKIP","floor":41},{"not_picked":[],"picked":"Sword Boomerang+1","floor":44},{"not_picked":["Dark Embrace+1"],"picked":"SKIP","floor":46},{"not_picked":["Searing Blow"],"picked":"SKIP","floor":48},{"not_picked":["Burning Pact"],"picked":"SKIP","floor":54}],"player_experience":381289,"relics_obtained":[{"floor":7,"key":"Blood Vial"},{"floor":9,"key":"HornCleat"},{"floor":10,"key":"Du-Vu Doll"},{"floor":13,"key":"Magic Flower"},{"floor":27,"key":"Shuriken"},{"floor":29,"key":"Nunchaku"},{"floor":31,"key":"Ginger"},{"floor":41,"key":"Anchor"},{"floor":43,"key":"Omamori"},{"floor":44,"key":"Lantern"},{"floor":45,"key":"Turnip"},{"floor":46,"key":"Frozen Egg 2"},{"floor":48,"key":"Pantograph"},{"floor":54,"key":"InkBottle"}],"event_choices":[{"damage_healed":0,"gold_gain":175,"player_choice":"AGREE","damage_taken":0,"max_hp_gain":0,"max_hp_loss":0,"event_name":"Liars Game","floor":8,"gold_loss":0,"cards_obtained":["Doubt"]},{"damage_healed":0,"gold_gain":0,"player_choice":"Opened","damage_taken":0,"relics_obtained":["The Courier"],"max_hp_gain":0,"max_hp_loss":0,"event_name":"The Mausoleum","floor":21,"gold_loss":0},{"damage_healed":0,"gold_gain":0,"player_choice":"Became a vampire (Vial)","damage_taken":0,"max_hp_gain":0,"max_hp_loss":0,"event_name":"Vampires","floor":24,"relics_lost":["Blood Vial"],"gold_loss":0,"cards_obtained":["Bite","Bite","Bite","Bite","Bite"]},{"cards_removed":["Sword Boomerang"],"damage_healed":0,"gold_gain":0,"player_choice":"Removed Attack","damage_taken":0,"max_hp_gain":0,"max_hp_loss":0,"event_name":"Falling","floor":37,"gold_loss":0},{"damage_healed":0,"gold_gain":0,"player_choice":"Ignored","damage_taken":0,"max_hp_gain":0,"max_hp_loss":0,"event_name":"Tomb of Lord Red Mask","floor":39,"gold_loss":0},{"damage_healed":0,"gold_gain":0,"player_choice":"Fight","damage_taken":0,"max_hp_gain":0,"max_hp_loss":0,"event_name":"Mysterious Sphere","floor":45,"gold_loss":0},{"damage_healed":37,"gold_gain":0,"player_choice":"Writhe","damage_taken":0,"max_hp_gain":0,"max_hp_loss":0,"event_name":"Winding Halls","floor":47,"gold_loss":0,"cards_obtained":["Writhe"]}],"is_beta":false,"boss_relics":[{"not_picked":["Pandora\u0027s Box","SacredBark"],"picked":"Velvet Choker"},{"not_picked":["Fusion Hammer","Runic Pyramid"],"picked":"Busted Crown"}],"items_purged_floors":[3,53],"is_endless":false,"potions_floor_spawned":[1,4,5,7,11,13,19,20,25,31,38,41,44,46],"ascension_level":7}}