{"host":"cjhtzh7tp54jdfyv","time":1609055750,"event":{"mods":["AchievementEnabler","BaseMod","Colored Map","Colored Powertips","Curses Come First","DeckTracker","Filter the Spire","Minty Spire (QoL Compilation)","RNG Fix","Relic Sorter","Relic Stats","StSLib","The Cursed","The Disciple","The Marked","UnlockEverythingMod","ojb\u0027s Better Paths Mod","ojb\u0027s Info Mod"],"gold_per_floor":[111,111,36,56,70,70,95,114,140,173,189,189,222,240,240,316,316,332,9,22,32,51,51,77,88,88,88,117,135,46,46,46,120,120,136,136,152,152,48,76,94,106,106,132,152,187,212,246,246,246,246],"floor_reached":50,"playtime":6138,"items_purged":["TheCursedMod:Defend_TheCursed+1"],"score":1498,"play_id":"bd6f0cfc-564a-4210-8509-b41584998a58","local_time":"20201227025550","is_ascension_mode":true,"campfire_choices":[{"data":"TheCursedMod:FuryStrike","floor":6.0,"key":"SMITH"},{"data":"TheCursedMod:CircleOfFocus","floor":12.0,"key":"SMITH"},{"data":"TheCursedMod:SmokeScreen","floor":15.0,"key":"SMITH"},{"floor":23.0,"key":"RECALL"},{"data":"TheCursedMod:ReleasedStrength","floor":27.0,"key":"SMITH"},{"data":"TheCursedMod:CleanUpWorkshop","floor":32.0,"key":"SMITH"},{"floor":49,"key":"REST"}],"circlet_count":0,"master_deck":["AscendersBane","TheCursedMod:Strike_TheCursed+1","TheCursedMod:Strike_TheCursed+1","TheCursedMod:Strike_TheCursed+1","TheCursedMod:Strike_TheCursed+1","TheCursedMod:Defend_TheCursed+1","TheCursedMod:Defend_TheCursed+1","TheCursedMod:Defend_TheCursed+1","TheCursedMod:CursedWand","TheCursedMod:CleanUpWorkshop+1","TheCursedMod:CursedMace+1","TheCursedMod:FuryStrike+1","TheCursedMod:SmokeScreen+1","TheCursedMod:CircleOfFocus+1","TheCursedMod:EmpowerCircles","TheCursedMod:Wield","TheCursedMod:SpitefulStrike","TheCursedMod:StunningStrike","TheCursedMod:WearCloak","TheCursedMod:CircleOfBlood","TheCursedMod:RapidMovement","TheCursedMod:WearCloak","TheCursedMod:ReleasedStrength+1","TheCursedMod:SpitefulStrike+1","TheCursedMod:BlessingInDisguise","TheCursedMod:DoubleShield","TheCursedMod:StunningStrike+1","TheCursedMod:SpitefulStrike+1","Writhe","TheCursedMod:CursedMace","TheCursedMod:SpitefulStrike+1","TheCursedMod:StunningStrike","TheCursedMod:CursedMace","TheCursedMod:CursedBlade","TheCursedMod:AshesToAshes"],"relics":["Snecko Eye","Vajra","Blood Vial","StrikeDummy","White Beast Statue","Runic Pyramid","Potion Belt","Oddly Smooth Stone","Bottled Tornado","Kunai","Dream Catcher","SacredBark","TheCursedMod:DemonicMark","PreservedInsect","Whetstone","TungstenRod","Juzu Bracelet"],"acts_visited":["Exordium","TheCity","TheBeyond"],"potions_floor_usage":[44,45,46,46,48,48,48,50,50],"damage_taken":[{"damage":4.0,"enemies":"2 Louse","floor":1.0,"turns":5.0},{"damage":1.0,"enemies":"Cultist","floor":4.0,"turns":4.0},{"damage":0.0,"enemies":"Small Slimes","floor":5.0,"turns":2.0},{"damage":7.0,"enemies":"Lagavulin","floor":7.0,"turns":5.0},{"damage":0.0,"enemies":"Red Slaver","floor":8.0,"turns":4.0},{"damage":4.0,"enemies":"Gremlin Nob","floor":10.0,"turns":3.0},{"damage":0.0,"enemies":"3 Louse","floor":11.0,"turns":2.0},{"damage":0.0,"enemies":"3 Sentries","floor":13.0,"turns":4.0},{"damage":2.0,"enemies":"Exordium Wildlife","floor":14.0,"turns":2.0},{"damage":8.0,"enemies":"The Guardian","floor":16.0,"turns":8.0},{"damage":0.0,"enemies":"Chosen","floor":18.0,"turns":3.0},{"damage":0.0,"enemies":"3 Byrds","floor":20.0,"turns":5.0},{"damage":0.0,"enemies":"Centurion and Healer","floor":21.0,"turns":5.0},{"damage":0.0,"enemies":"Snecko","floor":22.0,"turns":2.0},{"damage":31.0,"enemies":"Slavers","floor":24.0,"turns":7.0},{"damage":4.0,"enemies":"3 Cultists","floor":25.0,"turns":5.0},{"damage":0.0,"enemies":"Book of Stabbing","floor":28.0,"turns":3.0},{"damage":4.0,"enemies":"Snake Plant","floor":29.0,"turns":3.0},{"damage":7.0,"enemies":"Collector","floor":33.0,"turns":5.0},{"damage":3.0,"enemies":"3 Shapes","floor":35.0,"turns":2.0},{"damage":2.0,"enemies":"Orb Walker","floor":37.0,"turns":4.0},{"damage":0,"enemies":"Giant Head","floor":40,"turns":6},{"damage":7,"enemies":"Writhing Mass","floor":41,"turns":3},{"damage":25,"enemies":"Maw","floor":42,"turns":5},{"damage":36,"enemies":"Reptomancer","floor":44,"turns":6},{"damage":0,"enemies":"3 Darklings","floor":45,"turns":4},{"damage":0,"enemies":"Nemesis","floor":46,"turns":5},{"damage":0,"enemies":"Mind Bloom Boss Battle","floor":47,"turns":2},{"damage":27,"enemies":"Reptomancer","floor":48,"turns":6},{"damage":52,"enemies":"Time Eater","floor":50,"turns":11}],"seed_played":"6951870394249624745","potions_obtained":[{"floor":1.0,"key":"Ancient Potion"},{"floor":4.0,"key":"CultistPotion"},{"floor":18.0,"key":"SpeedPotion"},{"floor":20.0,"key":"Explosive Potion"},{"floor":21.0,"key":"Strength Potion"},{"floor":22.0,"key":"DistilledChaos"},{"floor":24.0,"key":"DistilledChaos"},{"floor":28.0,"key":"Strength Potion"},{"floor":29.0,"key":"Block Potion"},{"floor":40,"key":"SteroidPotion"},{"floor":41,"key":"PowerPotion"},{"floor":42,"key":"Weak Potion"},{"floor":44,"key":"Dexterity Potion"},{"floor":45,"key":"ColorlessPotion"},{"floor":46,"key":"PowerPotion"},{"floor":47,"key":"TheCursedMod:DregsPotion"},{"floor":48,"key":"GamblersBrew"}],"is_trial":false,"path_per_floor":["M","?","?","M","M","R","E","M","T","E","M","R","E","M","R","B",null,"M","$","M","M","M","R","E","M","T","R","E","M","$","?","R","B",null,"M","?","M","?","$","E","M","M","T","E","M","E","?","E","R","B"],"character_chosen":"THE_CURSED","items_purchased":["Potion Belt","Oddly Smooth Stone","TheCursedMod:DoubleShield","TheCursedMod:CursedMace"],"campfire_rested":1,"item_purchase_floors":[19,19,30,39],"current_hp_per_floor":[60,60,60,59,59,59,52,52,52,50,52,52,54,54,54,48,65,67,67,69,71,71,71,40,44,44,44,46,46,46,46,46,53,67,66,66,68,71,71,71,64,46,46,14,26,36,40,15,36,0,0],"gold":246,"neow_bonus":"BOSS_RELIC","is_daily":false,"chose_seed":false,"campfire_upgraded":5,"win_rate":0.0,"timestamp":1609055750,"path_taken":["M","?","?","M","M","R","E","M","T","E","?","R","E","M","R","BOSS","M","$","M","M","M","R","E","M","T","R","E","M","?","?","R","BOSS","M","?","M","?","$","E","M","M","T","E","?","E","?","E","R","BOSS"],"items_purchased_type":["Relic","Relic","Card","Card"],"build_version":"2020-12-22","purchased_purges":1,"victory":false,"max_hp_per_floor":[71,71,71,71,71,71,71,71,71,71,71,71,71,71,71,71,71,71,71,71,71,71,71,71,71,71,71,71,71,71,71,71,71,71,71,71,71,71,71,71,71,71,71,71,71,71,71,71,71,71,71],"relic_stats":{"Blood Vial":42,"Dream Catcher":1,"counters":[30,131],"Snecko Eye":[196,197,193,175],"PreservedInsect":111,"Juzu Bracelet":0,"Kunai":[35],"Whetstone":["TheCursedMod:SpitefulStrike","TheCursedMod:StunningStrike"],"obtain_stats":[{"Potion Belt":19,"TheCursedMod:BlackMagic101":0,"SacredBark":34,"Vajra":7,"Oddly Smooth Stone":19,"PreservedInsect":44,"Juzu Bracelet":48,"Whetstone":46,"Bottled Tornado":24,"TheCursedMod:DemonicMark":40,"White Beast Statue":13,"Blood Vial":9,"Dream Catcher":28,"Snecko Eye":0,"Kunai":26,"StrikeDummy":10,"TungstenRod":47,"Runic Pyramid":17},{"Potion Belt":11,"TheCursedMod:BlackMagic101":0,"SacredBark":19,"Vajra":4,"Oddly Smooth Stone":11,"PreservedInsect":25,"Juzu Bracelet":29,"Whetstone":27,"Bottled Tornado":15,"TheCursedMod:DemonicMark":22,"White Beast Statue":8,"Blood Vial":5,"Dream Catcher":17,"Snecko Eye":0,"Kunai":16,"StrikeDummy":6,"TungstenRod":28,"Runic Pyramid":10},{"Potion Belt":42,"TheCursedMod:BlackMagic101":0,"SacredBark":77,"Vajra":16,"Oddly Smooth Stone":42,"PreservedInsect":103,"Juzu Bracelet":120,"Whetstone":112,"Bottled Tornado":61,"TheCursedMod:DemonicMark":89,"White Beast Statue":29,"Blood Vial":20,"Dream Catcher":69,"Snecko Eye":0,"Kunai":66,"StrikeDummy":23,"TungstenRod":114,"Runic Pyramid":39}],"TungstenRod":9},"card_choices":[{"not_picked":["TheCursedMod:CursedAmulet","TheCursedMod:Stretching"],"picked":"TheCursedMod:CursedMace","floor":1.0},{"not_picked":["TheCursedMod:EmpowerCircles","TheCursedMod:RapidMovement"],"picked":"TheCursedMod:FuryStrike","floor":4.0},{"not_picked":["TheCursedMod:VitalStrike","TheCursedMod:Obscuration"],"picked":"TheCursedMod:SmokeScreen","floor":5.0},{"not_picked":["TheCursedMod:VitalStrike","TheCursedMod:TacticalStrike"],"picked":"TheCursedMod:CircleOfFocus","floor":7.0},{"not_picked":["TheCursedMod:CursedSpellbook","TheCursedMod:Hemoplague","TheCursedMod:CursedAmulet"],"picked":"SKIP","floor":8.0},{"not_picked":["TheCursedMod:CursedShiv","TheCursedMod:Stigma","TheCursedMod:RavingStaff"],"picked":"SKIP","floor":10.0},{"not_picked":["TheCursedMod:CircleOfCorruption","TheCursedMod:CursedMace"],"picked":"TheCursedMod:EmpowerCircles","floor":11.0},{"not_picked":["TheCursedMod:WearCloak","TheCursedMod:CursedShiv"],"picked":"TheCursedMod:Wield","floor":13.0},{"not_picked":["TheCursedMod:CursedShiv","TheCursedMod:CursedAmulet"],"picked":"TheCursedMod:SpitefulStrike","floor":14.0},{"not_picked":["TheCursedMod:CursedRelics","TheCursedMod:Neurasthenia"],"picked":"TheCursedMod:StunningStrike","floor":16.0},{"not_picked":["TheCursedMod:CursedAmulet","TheCursedMod:CursedStaff"],"picked":"TheCursedMod:WearCloak","floor":18.0},{"not_picked":["TheCursedMod:FuryStrike","TheCursedMod:CursedSpellbook"],"picked":"TheCursedMod:CircleOfBlood","floor":20.0},{"not_picked":["TheCursedMod:Stigma","TheCursedMod:CursedSpellbook"],"picked":"TheCursedMod:RapidMovement","floor":21.0},{"not_picked":["TheCursedMod:SmokeScreen","TheCursedMod:Obscuration"],"picked":"TheCursedMod:WearCloak","floor":22.0},{"not_picked":["TheCursedMod:CircleOfCorruption","TheCursedMod:UltimatePain"],"picked":"TheCursedMod:ReleasedStrength","floor":24.0},{"not_picked":["TheCursedMod:CursedShiv","TheCursedMod:RapidMovement"],"picked":"TheCursedMod:SpitefulStrike","floor":25.0},{"not_picked":["TheCursedMod:SurpriseAttack","TheCursedMod:CursedArmor","TheCursedMod:TacticalStrike"],"picked":"SKIP","floor":28.0},{"not_picked":["TheCursedMod:CircleOfFlame","TheCursedMod:CircleOfCorruption"],"picked":"TheCursedMod:BlessingInDisguise","floor":29.0},{"not_picked":["TheCursedMod:DemonSword","TheCursedMod:CircleOfAbyss"],"picked":"TheCursedMod:StunningStrike","floor":33.0},{"not_picked":["TheCursedMod:TacticalStrike","TheCursedMod:StingEye+1"],"picked":"TheCursedMod:SpitefulStrike+1","floor":35.0},{"not_picked":["TheCursedMod:SpreadPlague","TheCursedMod:WearCloak","TheCursedMod:RavingStaff"],"picked":"SKIP","floor":37.0},{"not_picked":["TheCursedMod:FleshFromBone","TheCursedMod:BlessingInDisguise"],"picked":"TheCursedMod:SpitefulStrike+1","floor":40},{"not_picked":["TheCursedMod:SmokeScreen","TheCursedMod:Obscuration"],"picked":"TheCursedMod:StunningStrike","floor":41},{"not_picked":["TheCursedMod:Evocation","TheCursedMod:Obscuration+1","TheCursedMod:CollectTribute"],"picked":"SKIP","floor":42},{"not_picked":["TheCursedMod:Obscuration","TheCursedMod:RavingStaff","TheCursedMod:Stigma"],"picked":"SKIP","floor":44},{"not_picked":["TheCursedMod:SmokeScreen+1","TheCursedMod:CursedSpellbook"],"picked":"TheCursedMod:CursedMace","floor":45},{"not_picked":["TheCursedMod:DoubleShield","TheCursedMod:UltimatePain"],"picked":"TheCursedMod:CursedBlade","floor":46},{"not_picked":["TheCursedMod:ReleasedStrength","TheCursedMod:SpitefulStrike"],"picked":"TheCursedMod:AshesToAshes","floor":47},{"not_picked":["TheCursedMod:Torture","TheCursedMod:CursedAmulet+1","TheCursedMod:SurpriseAttack"],"picked":"SKIP","floor":48}],"player_experience":4409855,"relics_obtained":[{"floor":7.0,"key":"Vajra"},{"floor":9.0,"key":"Blood Vial"},{"floor":10.0,"key":"StrikeDummy"},{"floor":13.0,"key":"White Beast Statue"},{"floor":24.0,"key":"Bottled Tornado"},{"floor":26.0,"key":"Kunai"},{"floor":28.0,"key":"Dream Catcher"},{"floor":40,"key":"TheCursedMod:DemonicMark"},{"floor":44,"key":"PreservedInsect"},{"floor":46,"key":"Whetstone"},{"floor":47,"key":"TungstenRod"},{"floor":48,"key":"Juzu Bracelet"}],"event_choices":[{"damage_healed":0.0,"max_hp_gain":0.0,"max_hp_loss":0.0,"gold_gain":0.0,"event_name":"Living Wall","player_choice":"Grow","floor":2.0,"gold_loss":0.0,"damage_taken":0.0,"cards_upgraded":["TheCursedMod:CursedMace"]},{"cards_removed":["TheCursedMod:Dregs"],"damage_healed":0.0,"max_hp_gain":0.0,"max_hp_loss":0.0,"gold_gain":0.0,"event_name":"The Cleric","player_choice":"Card Removal","floor":3.0,"gold_loss":75.0,"damage_taken":0.0},{"damage_healed":0.0,"max_hp_gain":0.0,"max_hp_loss":0.0,"gold_gain":0.0,"event_name":"Back to Basics","player_choice":"Simplicity","floor":31.0,"gold_loss":0.0,"damage_taken":0.0,"cards_upgraded":["TheCursedMod:Strike_TheCursed","TheCursedMod:Strike_TheCursed","TheCursedMod:Strike_TheCursed","TheCursedMod:Strike_TheCursed","TheCursedMod:Defend_TheCursed","TheCursedMod:Defend_TheCursed","TheCursedMod:Defend_TheCursed","TheCursedMod:Defend_TheCursed"]},{"damage_healed":0.0,"max_hp_gain":0.0,"max_hp_loss":0.0,"gold_gain":0.0,"event_name":"Match and Keep!","player_choice":"0 cards matched","floor":36.0,"gold_loss":0.0,"damage_taken":0.0,"cards_obtained":[]},{"damage_healed":14.0,"max_hp_gain":0.0,"max_hp_loss":0.0,"gold_gain":0.0,"event_name":"Winding Halls","player_choice":"Writhe","floor":38.0,"gold_loss":0.0,"damage_taken":0.0,"cards_obtained":["Writhe"]},{"damage_healed":0,"gold_gain":0,"player_choice":"Fight","damage_taken":0,"max_hp_gain":0,"max_hp_loss":0,"event_name":"MindBloom","floor":47,"gold_loss":0}],"is_beta":false,"boss_relics":[{"not_picked":["Pandora\u0027s Box","Ectoplasm"],"picked":"Runic Pyramid"},{"not_picked":["Busted Crown","Sozu"],"picked":"SacredBark"}],"items_purged_floors":[39],"is_endless":false,"potions_floor_spawned":[1,4,7,14,16,18,20,21,22,24,25,28,29,33,35,37,40,41,42,44,45,46,47,48],"killed_by":"Time Eater","ascension_level":20}}