{"host":"12","time":1609053494,"event":{"mods":["ATMod(°¢èªMod)","Act Like it!","BaseMod","Colored Powertips","Minty Spire (QoL Compilation)","StSLib","¡¾¹¦ÄÜMod¡¿»ìãçÖ®»·ÐÞ¸´²¹¶¡"],"gold_per_floor":[211,225,225,240,165,165,215,215,240,269,284,46,66,83,83,156,156,171,188,207,207,224,224,250,250,250,250,165,191,191,116,116,193,193,210,235,246,256,267,295,295,347,399,450,322,146,259,359,359,409,534,534,534,15,296,421],"floor_reached":57,"playtime":1604,"items_purged":["Strike_G","Strike_G","Strike_G"],"score":3235,"play_id":"28ff6090-7afe-440e-9454-2a2ada1e3ca1","local_time":"20201227151814","is_ascension_mode":true,"campfire_choices":[{"data":"Skewer","floor":6.0,"key":"SMITH"},{"data":"Neutralize","floor":8.0,"key":"SMITH"},{"data":"AT_Desolate","floor":15.0,"key":"SMITH"},{"data":"Terror","floor":23.0,"key":"SMITH"},{"data":"AT_KingSlayer","floor":25.0,"key":"SMITH"},{"floor":27.0,"key":"REST"},{"floor":32.0,"key":"RECALL"},{"data":"Backflip","floor":41.0,"key":"SMITH"},{"data":"Acrobatics","floor":49.0,"key":"SMITH"},{"data":"Survivor","floor":53,"key":"SMITH"}],"circlet_count":0,"master_deck":["AscendersBane","Defend_G","Defend_G","Defend_G+1","Defend_G+1","Defend_G","Survivor+1","Neutralize+1","AT_Desolate+1","Skewer+1","Terror+1","Acrobatics+1","AT_TinkerSharpsword","AT_KingSlayer+1","Blade Dance","Backflip+1","Backflip+1","Night Terror+1","Concentrate+1","Cloak And Dagger+1"],"relics":["Ring of the Snake","AT_ATBox","AT_EbonyIvory","AT_RedTearstoneRing","Lee\u0027s Waffle","Black Star","Kunai","AT_BellDemon","White Beast Statue","Lizard Tail","Centennial Puzzle","HornCleat","Darkstone Periapt","Smiling Mask","AT_TrinityForce","War Paint","Tough Bandages","Gremlin Horn","AT_GuinsooRageblade","Bag of Marbles","AT_MibuBalloonWealth","InkBottle","Lantern","Toxic Egg 2","Calipers","Ancient Tea Set","The Courier","Blood Vial","Pantograph","TungstenRod","TheAbacus","Blue Candle","Incense Burner","Boot","AT_TheCollector","AT_BellowingDragoncrestRing","Vajra","Eternal Feather","AT_SunfireAegis"],"acts_visited":["Exordium","TheCity","TheBeyond","TheEnding"],"potions_floor_usage":[56],"damage_taken":[{"damage":0.0,"enemies":"2 Louse","floor":1.0,"turns":3.0},{"damage":4.0,"enemies":"Small Slimes","floor":2.0,"turns":4.0},{"damage":3.0,"enemies":"Cultist","floor":4.0,"turns":4.0},{"damage":12.0,"enemies":"Lagavulin","floor":10.0,"turns":5.0},{"damage":21.0,"enemies":"3 Louse","floor":11.0,"turns":4.0},{"damage":1.0,"enemies":"Blue Slaver","floor":13.0,"turns":2.0},{"damage":0.0,"enemies":"2 Fungi Beasts","floor":14.0,"turns":2.0},{"damage":9.0,"enemies":"The Guardian","floor":16.0,"turns":8.0},{"damage":14.0,"enemies":"Chosen","floor":18.0,"turns":5.0},{"damage":0.0,"enemies":"Spheric Guardian","floor":19.0,"turns":2.0},{"damage":2.0,"enemies":"Snecko","floor":20.0,"turns":3.0},{"damage":37.0,"enemies":"Centurion and Healer","floor":22.0,"turns":8.0},{"damage":17.0,"enemies":"Slavers","floor":24.0,"turns":3.0},{"damage":18.0,"enemies":"Book of Stabbing","floor":29.0,"turns":2.0},{"damage":0.0,"enemies":"Champ","floor":33.0,"turns":2.0},{"damage":7.0,"enemies":"3 Shapes","floor":35.0,"turns":4.0},{"damage":0.0,"enemies":"Mind Bloom Boss Battle","floor":36.0,"turns":2.0},{"damage":0.0,"enemies":"3 Darklings","floor":37.0,"turns":3.0},{"damage":0.0,"enemies":"Maw","floor":38.0,"turns":1.0},{"damage":0.0,"enemies":"Writhing Mass","floor":39.0,"turns":2.0},{"damage":0.0,"enemies":"Reptomancer","floor":40.0,"turns":2.0},{"damage":0.0,"enemies":"Giant Head","floor":42.0,"turns":2.0},{"damage":0.0,"enemies":"Nemesis","floor":44.0,"turns":1.0},{"damage":0.0,"enemies":"4 Shapes","floor":47.0,"turns":2.0},{"damage":5.0,"enemies":"2 Orb Walkers","floor":48.0,"turns":2.0},{"damage":5.0,"enemies":"Donu and Deca","floor":50.0,"turns":5.0},{"damage":0,"enemies":"Awakened One","floor":51,"turns":2},{"damage":0,"enemies":"Shield and Spear","floor":55,"turns":2},{"damage":29,"enemies":"The Heart","floor":56,"turns":4}],"seed_played":"7375888188855918942","potions_obtained":[{"floor":2.0,"key":"FearPotion"},{"floor":11.0,"key":"CunningPotion"},{"floor":33.0,"key":"Energy Potion"},{"floor":35.0,"key":"Explosive Potion"}],"is_trial":false,"path_per_floor":["M","M","?","M","?","R","?","R","T","E","M","$","M","M","R","B",null,"M","M","M","?","M","R","E","R","T","R","?","E","?","?","R","B",null,"M","?","M","M","M","E","R","E","T","E","?","$","M","?","R","B","B",null,"R","$","E","B",null],"character_chosen":"THE_SILENT","items_purchased":["Lee\u0027s Waffle","TheAbacus","AT_TheCollector","AT_BellowingDragoncrestRing"],"campfire_rested":1,"item_purchase_floors":[12,46,54,54],"current_hp_per_floor":[59,55,55,52,52,52,46,46,46,34,13,73,72,72,72,63,71,57,57,55,55,18,18,1,1,1,22,22,4,4,4,4,4,56,49,49,49,49,49,49,49,49,49,49,49,49,51,48,48,68,73,73,73,73,73,44],"gold":421,"neow_bonus":"HUNDRED_GOLD","is_daily":false,"chose_seed":false,"campfire_upgraded":8,"win_rate":0.0,"timestamp":1609053494,"path_taken":["M","M","?","M","?","R","?","R","T","E","M","$","?","M","R","BOSS","M","M","M","?","M","R","E","R","T","R","?","E","?","?","R","BOSS","M","?","M","M","M","E","R","E","T","E","?","$","?","?","R","BOSS","BOSS","R","$","E","BOSS"],"items_purchased_type":["Relic","Relic","Relic","Relic"],"build_version":"2020-12-18","purchased_purges":3,"victory":true,"max_hp_per_floor":[66,66,66,66,66,66,66,66,66,66,66,73,73,73,73,73,73,73,73,73,73,73,73,73,73,73,73,73,73,73,73,73,73,73,73,73,73,73,73,73,73,73,73,73,73,73,73,73,73,73,73,73,73,73,73,73],"card_choices":[{"not_picked":["Quick Slash","Infinite Blades"],"picked":"Cloak And Dagger","floor":1.0},{"not_picked":["Sucker Punch","Catalyst"],"picked":"Skewer","floor":2.0},{"not_picked":["Expertise","Deadly Poison"],"picked":"Acrobatics","floor":4.0},{"not_picked":["Flying Knee","AT_ThistleTea","Predator"],"picked":"SKIP","floor":10.0},{"not_picked":["Dagger Spray","Sucker Punch","Concentrate"],"picked":"SKIP","floor":11.0},{"not_picked":["Accuracy","Dagger Throw","Dagger Spray"],"picked":"SKIP","floor":13.0},{"not_picked":["Poisoned Stab","Blur"],"picked":"AT_TinkerSharpsword","floor":14.0},{"not_picked":["Bullet Time","Corpse Explosion"],"picked":"AT_KingSlayer","floor":16.0},{"not_picked":["Noxious Fumes","Acrobatics"],"picked":"Blade Dance","floor":18.0},{"not_picked":["Prepared","Dagger Spray","Bane"],"picked":"SKIP","floor":19.0},{"not_picked":["Underhanded Strike","Sucker Punch","Deadly Poison"],"picked":"SKIP","floor":20.0},{"not_picked":["Poisoned Stab","AT_KingSlayer","Acrobatics"],"picked":"SKIP","floor":22.0},{"not_picked":["PiercingWail","Flying Knee","Masterful Stab"],"picked":"SKIP","floor":24.0},{"not_picked":["All Out Attack+1","Dodge and Roll","Tools of the Trade"],"picked":"SKIP","floor":29.0},{"not_picked":["Distraction+1","AT_WindFlip+1","Dodge and Roll+1"],"picked":"SKIP","floor":35.0},{"not_picked":["Underhanded Strike","Setup"],"picked":"Backflip","floor":37.0},{"not_picked":["AT_WomanClash+1","Blur"],"picked":"Backflip+1","floor":38.0},{"not_picked":["Predator+1","Sucker Punch","Bane"],"picked":"SKIP","floor":39.0},{"not_picked":["Phantasmal Killer","Riddle With Holes","Masterful Stab"],"picked":"SKIP","floor":40.0},{"not_picked":["Accuracy+1","Bane+1","AT_Desolate"],"picked":"SKIP","floor":42.0},{"not_picked":["Sucker Punch","Infinite Blades"],"picked":"Night Terror+1","floor":44.0},{"not_picked":["Flechettes+1","Dodge and Roll+1"],"picked":"Concentrate+1","floor":47.0},{"not_picked":["Acrobatics+1","Endless Agony"],"picked":"Cloak And Dagger+1","floor":55}],"player_experience":574849,"relics_obtained":[{"floor":9.0,"key":"AT_EbonyIvory"},{"floor":10.0,"key":"AT_RedTearstoneRing"},{"floor":24.0,"key":"Kunai"},{"floor":24.0,"key":"AT_BellDemon"},{"floor":26.0,"key":"White Beast Statue"},{"floor":29.0,"key":"Centennial Puzzle"},{"floor":29.0,"key":"HornCleat"},{"floor":29.0,"key":"Darkstone Periapt"},{"floor":33.0,"key":"Smiling Mask"},{"floor":35.0,"key":"War Paint"},{"floor":36.0,"key":"Tough Bandages"},{"floor":37.0,"key":"Gremlin Horn"},{"floor":38.0,"key":"AT_GuinsooRageblade"},{"floor":39.0,"key":"Bag of Marbles"},{"floor":40.0,"key":"AT_MibuBalloonWealth"},{"floor":40.0,"key":"InkBottle"},{"floor":40.0,"key":"Lantern"},{"floor":42.0,"key":"Toxic Egg 2"},{"floor":42.0,"key":"Calipers"},{"floor":42.0,"key":"Ancient Tea Set"},{"floor":44.0,"key":"The Courier"},{"floor":44.0,"key":"Blood Vial"},{"floor":44.0,"key":"Pantograph"},{"floor":47.0,"key":"Blue Candle"},{"floor":48.0,"key":"Incense Burner"},{"floor":48.0,"key":"Boot"},{"floor":55,"key":"Vajra"},{"floor":55,"key":"Eternal Feather"},{"floor":55,"key":"AT_SunfireAegis"}],"event_choices":[{"damage_healed":0.0,"max_hp_gain":0.0,"max_hp_loss":0.0,"gold_gain":0.0,"cards_transformed":["Cloak And Dagger"],"event_name":"Living Wall","player_choice":"Change","floor":3.0,"gold_loss":0.0,"damage_taken":0.0,"cards_obtained":["Terror"]},{"cards_removed":["Strike_G"],"damage_healed":0.0,"max_hp_gain":0.0,"max_hp_loss":0.0,"gold_gain":0.0,"event_name":"The Cleric","player_choice":"Card Removal","floor":5.0,"gold_loss":75.0,"damage_taken":0.0},{"damage_healed":0.0,"max_hp_gain":0.0,"max_hp_loss":0.0,"gold_gain":50.0,"event_name":"FaceTrader","player_choice":"Touch","floor":7.0,"gold_loss":0.0,"damage_taken":6.0},{"damage_healed":0.0,"max_hp_gain":0.0,"max_hp_loss":0.0,"gold_gain":0.0,"event_name":"Vampires","player_choice":"Ignored","floor":21.0,"gold_loss":0.0,"damage_taken":0.0},{"damage_healed":0.0,"max_hp_gain":0.0,"max_hp_loss":0.0,"gold_gain":0.0,"event_name":"Addict","player_choice":"Obtained Relic","floor":28.0,"gold_loss":85.0,"damage_taken":0.0,"relics_obtained":["Lizard Tail"]},{"damage_healed":0.0,"max_hp_gain":0.0,"max_hp_loss":0.0,"gold_gain":0.0,"event_name":"The Mausoleum","player_choice":"Ignored","floor":30.0,"gold_loss":0.0,"damage_taken":0.0},{"cards_removed":["Strike_G"],"damage_healed":0.0,"max_hp_gain":0.0,"max_hp_loss":0.0,"gold_gain":0.0,"event_name":"Beggar","player_choice":"Gave Gold","floor":31.0,"gold_loss":75.0,"damage_taken":0.0},{"damage_healed":0.0,"max_hp_gain":0.0,"max_hp_loss":0.0,"gold_gain":0.0,"event_name":"MindBloom","player_choice":"Fight","floor":36.0,"gold_loss":0.0,"damage_taken":0.0},{"damage_healed":0.0,"max_hp_gain":0.0,"max_hp_loss":0.0,"gold_gain":0.0,"event_name":"WeMeetAgain","player_choice":"Paid Gold","floor":45.0,"gold_loss":128.0,"damage_taken":0.0,"relics_obtained":["TungstenRod"]},{"damage_healed":0.0,"max_hp_gain":0.0,"max_hp_loss":0.0,"gold_gain":0.0,"event_name":"Mysterious Sphere","player_choice":"Fight","floor":48.0,"gold_loss":0.0,"damage_taken":0.0}],"is_beta":true,"boss_relics":[{"not_picked":["Coffee Dripper","Ring of the Serpent"],"picked":"Black Star"},{"not_picked":["Busted Crown","Runic Pyramid"],"picked":"AT_TrinityForce"}],"items_purged_floors":[12,46,54],"is_endless":false,"potions_floor_spawned":[2,11,16,22,24,33,35,36,37,38,39,47,48],"ascension_level":20}}