{"host":"mi0eibewekhugwl1","time":1609063983,"event":{"mods":["AchievementEnabler","BaseMod","Colored Map","Colored Powertips","DeckTracker","Keyboard Shortcuts","Minty Spire (QoL Compilation)","Quick Restart","Rare Cards Sparkle","Relic Stats","StSLib","SuperFastMode","everything is the same but u backflip on backflip"],"gold_per_floor":[115,115,126,51,69,69,101,101,183,66,85,98,109,126,126,203,203,221,240,257,47,61,61,80,92,169,169,169],"floor_reached":27,"playtime":574,"items_purged":["Strike_R"],"score":442,"play_id":"1c5ca6c2-debc-44fb-8e56-5276f2b4d312","local_time":"20201227191303","is_ascension_mode":true,"campfire_choices":[{"data":"Bash","floor":6,"key":"SMITH"},{"data":"Pommel Strike","floor":15,"key":"SMITH"},{"floor":23,"key":"REST"}],"circlet_count":0,"master_deck":["AscendersBane","Strike_R","Strike_R","Defend_R","Defend_R","Defend_R","Defend_R","Bash+1","Evolve","Anger","Ghostly Armor","Inflame","Reckless Charge","Wild Strike","Pommel Strike+1","Offering","Uppercut","Whirlwind"],"relics":["Burning Blood","NeowsBlessing","Pocketwatch","Thread and Needle","Letter Opener","Mark of Pain","Membership Card"],"acts_visited":["Exordium","TheCity"],"potions_floor_usage":[20],"damage_taken":[{"damage":0,"enemies":"Small Slimes","floor":1,"turns":1},{"damage":0,"enemies":"Cultist","floor":3,"turns":1},{"damage":0,"enemies":"Jaw Worm","floor":5,"turns":1},{"damage":44,"enemies":"3 Sentries","floor":7,"turns":8},{"damage":4,"enemies":"Blue Slaver","floor":11,"turns":3},{"damage":3,"enemies":"Gremlin Gang","floor":12,"turns":4},{"damage":0,"enemies":"2 Fungi Beasts","floor":13,"turns":3},{"damage":2,"enemies":"Looter","floor":14,"turns":4},{"damage":39,"enemies":"Slime Boss","floor":16,"turns":8},{"damage":12,"enemies":"2 Thieves","floor":18,"turns":4},{"damage":53,"enemies":"3 Byrds","floor":19,"turns":6},{"damage":15,"enemies":"Snecko","floor":20,"turns":4},{"damage":24,"enemies":"Snake Plant","floor":22,"turns":4},{"damage":23,"enemies":"Chosen and Byrds","floor":24,"turns":5},{"damage":10,"enemies":"Centurion and Healer","floor":25,"turns":6},{"damage":11,"enemies":"Snecko","floor":27,"turns":4}],"seed_played":"2447475190127414613","potions_obtained":[{"floor":1,"key":"FairyPotion"},{"floor":7,"key":"Dexterity Potion"},{"floor":22,"key":"Strength Potion"}],"is_trial":false,"path_per_floor":["M","?","M","?","M","R","E","T","T","$","M","M","M","M","R","B",null,"M","M","M","$","M","R","M","M","T","M"],"character_chosen":"IRONCLAD","items_purchased":["Inflame","Reckless Charge","Membership Card"],"campfire_rested":1,"item_purchase_floors":[10,10,21],"current_hp_per_floor":[74,74,75,75,75,75,37,37,37,37,39,42,48,52,52,19,61,55,8,28,28,10,32,15,11,11,0,0],"gold":169,"neow_bonus":"THREE_ENEMY_KILL","is_daily":false,"chose_seed":false,"campfire_upgraded":2,"win_rate":0.0,"timestamp":1609063983,"path_taken":["M","?","?","?","M","R","E","?","T","?","?","M","M","M","R","BOSS","M","?","M","$","M","R","?","M","T","M"],"items_purchased_type":["Card","Card","Relic"],"build_version":"2020-12-22","purchased_purges":1,"victory":false,"max_hp_per_floor":[75,75,75,75,75,75,75,75,75,75,75,75,75,75,75,75,75,75,75,75,75,75,75,75,75,75,75,75],"relic_stats":{"counters":[16,66],"Letter Opener":[57],"obtain_stats":[{"NeowsBlessing":0,"Thread and Needle":8,"Mark of Pain":17,"Letter Opener":9,"Membership Card":21,"Burning Blood":0,"Pocketwatch":7},{"NeowsBlessing":0,"Thread and Needle":4,"Mark of Pain":9,"Letter Opener":4,"Membership Card":12,"Burning Blood":0,"Pocketwatch":4},{"NeowsBlessing":0,"Thread and Needle":11,"Mark of Pain":33,"Letter Opener":11,"Membership Card":47,"Burning Blood":0,"Pocketwatch":11}],"Burning Blood":79,"Pocketwatch":[45]},"card_choices":[{"not_picked":["Sever Soul","Perfected Strike"],"picked":"Evolve","floor":1},{"not_picked":["Seeing Red","Dropkick","Thunderclap"],"picked":"SKIP","floor":3},{"not_picked":["Havoc","Dropkick","Shockwave"],"picked":"SKIP","floor":5},{"not_picked":["Combust","Double Tap"],"picked":"Ghostly Armor","floor":7},{"not_picked":["Anger","Perfected Strike"],"picked":"Wild Strike","floor":11},{"not_picked":["Heavy Blade","Body Slam","Berserk"],"picked":"SKIP","floor":12},{"not_picked":["Clash","Cleave"],"picked":"Pommel Strike","floor":13},{"not_picked":["Spot Weakness","Perfected Strike","Warcry"],"picked":"SKIP","floor":14},{"not_picked":["Feed","Bludgeon"],"picked":"Offering","floor":16},{"not_picked":["Clothesline","Headbutt","Pommel Strike"],"picked":"SKIP","floor":18},{"not_picked":["Warcry","Iron Wave","Armaments"],"picked":"SKIP","floor":19},{"not_picked":["Carnage","Perfected Strike"],"picked":"Uppercut","floor":20},{"not_picked":["Anger","True Grit","Havoc"],"picked":"SKIP","floor":22},{"not_picked":["Armaments","Feed"],"picked":"Whirlwind","floor":24},{"not_picked":["Flex+1","Cleave","Dark Embrace"],"picked":"SKIP","floor":25}],"player_experience":1708981,"relics_obtained":[{"floor":7,"key":"Pocketwatch"},{"floor":8,"key":"Thread and Needle"},{"floor":9,"key":"Letter Opener"}],"event_choices":[{"damage_healed":0,"gold_gain":0,"cards_transformed":["Strike_R"],"player_choice":"Transformed","damage_taken":0,"max_hp_gain":0,"max_hp_loss":0,"event_name":"Transmorgrifier","floor":2,"gold_loss":0,"cards_obtained":["Anger"]},{"cards_removed":["Strike_R"],"damage_healed":0,"gold_gain":0,"player_choice":"Card Removal","damage_taken":0,"max_hp_gain":0,"max_hp_loss":0,"event_name":"The Cleric","floor":4,"gold_loss":75}],"is_beta":false,"boss_relics":[{"not_picked":["Runic Pyramid","Tiny House"],"picked":"Mark of Pain"}],"items_purged_floors":[21],"is_endless":false,"potions_floor_spawned":[1,7,11,12,19,22],"killed_by":"Snecko","ascension_level":20}}