{"host":"8fjsnt81u6xsmhji","time":1609052328,"event":{"mods":["BaseMod","Colored Powertips","Downfall","Glutton Mod","Hermit","Minty Spire (QoL Compilation)","Quick Restart","StSLib","The Bladedancer","The Bug Knight","The Forsaken","The Hierophant"],"gold_per_floor":[99,116,135,147,147,147,147,167,167,186,206,206,206,48,63,159,159,159,170,185,185,185,216,228,258,120,132,175,198,210,222,245,358,370,382,407,404,434,446,446,446],"floor_reached":39,"playtime":2592,"items_purged":[],"score":575,"play_id":"a01627f6-277f-4308-a7f2-40df80d74db6","local_time":"20201227005848","is_ascension_mode":true,"campfire_choices":[{"data":"hexamod:Float","floor":1.0,"key":"SMITH"},{"floor":13,"key":"REST"},{"floor":18,"key":"RECALL"},{"floor":26,"key":"REST"},{"floor":30,"key":"REST"},{"data":"hexamod:GhostOfSpireFuture","floor":35,"key":"SMITH"}],"circlet_count":0,"master_deck":["hexamod:Strike","hexamod:Strike","hexamod:Strike","hexamod:Strike","hexamod:Defend","hexamod:Defend+1","hexamod:Defend","hexamod:Defend+1","hexamod:Sear","hexamod:Float+1","hexamod:Firestarter+1","hexamod:ThirdSeal","hexamod:FastForward+1","hexamod:FastForward","hexamod:FastForward+1","hexamod:EmpoweredFlame+1","hexamod:FirstSeal","hexamod:ThermalTransfer","hexamod:GhostOfSpireFuture","hexamod:FourthSeal","hexamod:GhostOfSpireFuture","hexamod:TimeWarp","hexamod:TurnItUp+1","hexamod:EmpoweredFlame","hexamod:SoulSteal+1","hexamod:EmpoweringStance","hexamod:FastForward+1","hexamod:GhostOfSpireFuture+1","hexamod:RainOfEmbers+1","hexamod:ExtraCrispy","hexamod:SixthSeal","hexamod:WildfireWeapon","hexamod:ExtraCrispy","hexamod:InspiringFlames","hexamod:TimeWarp","hexamod:ApocalypticArmor","hexamod:PowerFromBeyond+1"],"relics":["hexamod:SpiritBrand","hexamod:CandleOfCauterizing","Lee\u0027s Waffle","Cursed Key","downfall:RedIOU","MawBank","Gremlin Horn","downfall:HeartBlessingGreen","downfall:HeartBlessingRed","MutagenicStrength","Mango","SlaversCollar"],"acts_visited":["Exordium","TheCity","TheBeyond"],"potions_floor_usage":[14,16,20,23,23,28,29,32,33,33,38,39],"damage_taken":[{"damage":3.0,"enemies":"2 Louse","floor":2.0,"turns":3.0},{"damage":0.0,"enemies":"Cultist","floor":3.0,"turns":3.0},{"damage":1.0,"enemies":"Jaw Worm","floor":4.0,"turns":3.0},{"damage":17.0,"enemies":"Exordium Wildlife","floor":8.0,"turns":4.0},{"damage":12,"enemies":"Large Slime","floor":10,"turns":5},{"damage":10,"enemies":"2 Fungi Beasts","floor":11,"turns":5},{"damage":0,"enemies":"downfall:FleeingMerchant","floor":14,"turns":4},{"damage":12,"enemies":"Exordium Thugs","floor":15,"turns":4},{"damage":55,"enemies":"downfall:Defect","floor":16,"turns":10},{"damage":16,"enemies":"Spheric Guardian","floor":19,"turns":5},{"damage":1,"enemies":"Chosen","floor":20,"turns":3},{"damage":45,"enemies":"Slavers","floor":23,"turns":4},{"damage":23,"enemies":"Snecko","floor":25,"turns":6},{"damage":23,"enemies":"Book of Stabbing","floor":28,"turns":5},{"damage":19,"enemies":"Centurion and Healer","floor":29,"turns":6},{"damage":24,"enemies":"Shelled Parasite and Fungi","floor":32,"turns":6},{"damage":62,"enemies":"downfall:Silent","floor":33,"turns":9},{"damage":29,"enemies":"3 Darklings","floor":36,"turns":4},{"damage":0,"enemies":"downfall:FleeingMerchant","floor":37,"turns":4},{"damage":49,"enemies":"Orb Walker","floor":38,"turns":6},{"damage":51,"enemies":"Writhing Mass","floor":39,"turns":4}],"seed_played":"2620881162068803862","potions_obtained":[{"floor":2.0,"key":"FairyPotion"},{"floor":8.0,"key":"LiquidBronze"},{"floor":11,"key":"SpeedPotion"},{"floor":14,"key":"Regen Potion"},{"floor":15,"key":"Fruit Juice"},{"floor":16,"key":"hexamod:InfernoChargePotion"},{"floor":20,"key":"Weak Potion"},{"floor":20,"key":"AttackPotion"},{"floor":23,"key":"Dexterity Potion"},{"floor":25,"key":"hexamod:InfernoChargePotion"},{"floor":28,"key":"LiquidMemories"},{"floor":29,"key":"Explosive Potion"},{"floor":32,"key":"Fruit Juice"},{"floor":33,"key":"PowerPotion"},{"floor":33,"key":"Ancient Potion"},{"floor":36,"key":"LiquidBronze"},{"floor":38,"key":"SmokeBomb"}],"is_trial":false,"path_per_floor":["R","M","M","M","?","?","T","M","?","M","M","T","R","$","M","B",null,"R","M","M","?","?","E","T","M","R","?","E","M","R","?","M","B",null,"R","M","$","M","M"],"character_chosen":"THE_SPIRIT","items_purchased":["Lee\u0027s Waffle"],"campfire_rested":3,"item_purchase_floors":[14],"current_hp_per_floor":[70,67,67,66,66,66,66,49,49,44,41,41,62,77,72,22,82,82,73,79,79,63,37,37,21,47,47,45,33,63,63,46,24,106,106,77,84,35,0,0,0],"gold":446,"neow_bonus":"THREE_CARDS","is_daily":false,"chose_seed":false,"campfire_upgraded":2,"win_rate":0.0,"timestamp":1609052328,"path_taken":["R","M","M","M","?","?","T","M","?","M","?","?","R","?","M","BOSS","R","M","M","?","?","E","T","M","R","?","E","M","R","?","M","BOSS","R","M","$","M","M"],"items_purchased_type":["Relic"],"build_version":"2020-12-22","purchased_purges":0,"victory":false,"max_hp_per_floor":[70,70,70,70,70,70,70,70,70,70,70,70,70,77,77,82,82,82,82,82,82,87,87,87,87,87,87,101,101,101,101,101,106,106,106,106,106,106,106,106,106],"card_choices":[{"not_picked":["hexamod:NecessarySacrifice","hexamod:HauntingEcho"],"picked":"hexamod:Firestarter","floor":0.0},{"not_picked":["hexamod:SpectersWail","hexamod:BurningTouch"],"picked":"hexamod:ThirdSeal","floor":2.0},{"not_picked":["hexamod:FourthSeal","hexamod:ShieldOfDarkness"],"picked":"hexamod:FastForward","floor":3.0},{"not_picked":["hexamod:Firestarter","hexamod:ThirdSeal","hexamod:BacktrackSmack"],"picked":"SKIP","floor":3.0},{"not_picked":["hexamod:ShieldOfDarkness","hexamod:InspiringFlames"],"picked":"hexamod:FastForward","floor":4.0},{"not_picked":["hexamod:NightmareStrike","hexamod:CatchUp"],"picked":"hexamod:FastForward","floor":4.0},{"not_picked":["hexamod:ShieldOfDarkness","hexamod:AdvancingGuard"],"picked":"hexamod:EmpoweredFlame","floor":8.0},{"not_picked":["hexamod:UnleashSpirits","hexamod:Incineration"],"picked":"hexamod:FirstSeal","floor":8.0},{"not_picked":["hexamod:DynamicBlow","hexamod:Hexaguard"],"picked":"hexamod:ThermalTransfer","floor":10},{"not_picked":["hexamod:AdvancingGuard","hexamod:GhostOfSpirePast","hexamod:SpectersWail"],"picked":"SKIP","floor":10},{"not_picked":["hexamod:TurnItUp","hexamod:NightmareStrike"],"picked":"hexamod:GhostOfSpireFuture","floor":11},{"not_picked":["hexamod:Firestarter","hexamod:NightmareGuise"],"picked":"hexamod:FourthSeal","floor":11},{"not_picked":["hexamod:HeatMetal","hexamod:GhostOfSpirePast","hexamod:Haunt"],"picked":"SKIP","floor":14},{"not_picked":["hexamod:HeatMetal","hexamod:GhostLash"],"picked":"hexamod:GhostOfSpireFuture","floor":15},{"not_picked":["hexamod:UnlimitedPower","hexamod:GhostflameInferno"],"picked":"hexamod:TimeWarp","floor":16},{"not_picked":["hexamod:SearingWound","hexamod:ParanormalForm"],"picked":"hexamod:TurnItUp","floor":16},{"not_picked":["hexamod:Hexaguard","hexamod:Again"],"picked":"hexamod:EmpoweredFlame","floor":19},{"not_picked":["hexamod:NightmareStrike","hexamod:PhantomFireball","hexamod:SwordOfDarkness"],"picked":"SKIP","floor":19},{"not_picked":["hexamod:GhostflameBarrier","hexamod:GhostLash+1"],"picked":"hexamod:SoulSteal+1","floor":20},{"not_picked":["hexamod:HauntingEcho","hexamod:Firestarter"],"picked":"hexamod:EmpoweringStance","floor":20},{"not_picked":["hexamod:InspiringFlames","hexamod:RecurringNightmare"],"picked":"hexamod:FastForward+1","floor":23},{"not_picked":["hexamod:SpectralSpark","hexamod:BurningTouch"],"picked":"hexamod:GhostOfSpireFuture","floor":23},{"not_picked":["hexamod:EtherealExpedition","hexamod:Hexaguard"],"picked":"hexamod:RainOfEmbers","floor":25},{"not_picked":["hexamod:NightmareStrike","hexamod:HauntingEcho"],"picked":"hexamod:ExtraCrispy","floor":25},{"not_picked":["hexamod:Hexaguard","hexamod:InspiringFlames"],"picked":"hexamod:SixthSeal","floor":28},{"not_picked":["hexamod:InspiringFlames","hexamod:ThirdSeal"],"picked":"hexamod:WildfireWeapon","floor":28},{"not_picked":["hexamod:ThirdSeal","hexamod:GhostOfSpirePresent"],"picked":"hexamod:ExtraCrispy","floor":29},{"not_picked":["hexamod:InspiringFlames+1","hexamod:BurningTouch","hexamod:Firestarter"],"picked":"SKIP","floor":29},{"not_picked":["hexamod:BacktrackSmack+1","hexamod:ThirdSeal"],"picked":"hexamod:InspiringFlames","floor":32},{"not_picked":["hexamod:Firestarter","hexamod:BurningTouch","hexamod:FastForward"],"picked":"SKIP","floor":32},{"not_picked":["hexamod:SearingWound","hexamod:ApocalypticArmor"],"picked":"hexamod:TimeWarp","floor":33},{"not_picked":["hexamod:UnleashSpirits","hexamod:SearingWound"],"picked":"hexamod:ApocalypticArmor","floor":33},{"not_picked":["hexamod:Firestarter+1","hexamod:RainOfEmbers+1","hexamod:BurningTouch+1"],"picked":"SKIP","floor":36},{"not_picked":["hexamod:GhostLash+1","hexamod:BurningTouch+1","hexamod:NightmareStrike"],"picked":"SKIP","floor":36},{"not_picked":["hexamod:GhostShield+1","hexamod:NightmareGuise","hexamod:RainOfEmbers+1"],"picked":"SKIP","floor":37},{"not_picked":["hexamod:SpectersWail","hexamod:GhostShield"],"picked":"hexamod:PowerFromBeyond+1","floor":38},{"not_picked":["hexamod:FirstSeal","hexamod:EmpoweringStance","hexamod:Firestarter+1"],"picked":"SKIP","floor":38}],"player_experience":612771,"relics_obtained":[{"floor":7.0,"key":"Bottled Flame"},{"floor":12,"key":"hexamod:CandleOfCauterizing"},{"floor":23,"key":"MawBank"},{"floor":24,"key":"Gremlin Horn"},{"floor":28,"key":"Mango"}],"event_choices":[{"cards_removed":["Regret"],"damage_healed":0.0,"max_hp_gain":0.0,"max_hp_loss":0.0,"gold_gain":0.0,"event_name":"Living Wall","player_choice":"Forget","floor":6.0,"gold_loss":0.0,"damage_taken":0.0},{"damage_healed":0.0,"max_hp_gain":0.0,"max_hp_loss":0.0,"gold_gain":0.0,"event_name":"Upgrade Shrine","player_choice":"Upgraded","floor":9.0,"gold_loss":0.0,"damage_taken":0.0,"cards_upgraded":["hexamod:EmpoweredFlame"]},{"damage_healed":0,"gold_gain":0,"player_choice":"Inject Mutagens","damage_taken":0,"relics_obtained":["MutagenicStrength"],"max_hp_gain":0,"max_hp_loss":0,"event_name":"Drug Dealer","floor":27,"gold_loss":0}],"is_beta":false,"boss_relics":[{"not_picked":["Pandora\u0027s Box","downfall:Hecktoplasm"],"picked":"Cursed Key"},{"not_picked":["Sozu","Fusion Hammer"],"picked":"SlaversCollar"}],"items_purged_floors":[],"is_endless":false,"potions_floor_spawned":[2,8,11,20,28,32,33],"killed_by":"Writhing Mass","ascension_level":3}}