{"host":"0dvp4uxbao5ucv2j","time":1609034774,"event":{"mods":["AchievementEnabler","Aspiration","BaseMod","Beaked The Cultist","BetterRewards","DNKmod","DNKmod Update","Downfall","Friendly Minions","GifTheSpireLib","Hubris","Infinite Spire","Minty Spire (QoL Compilation)","Replay The Spire","StSLib","???Mod??????Boss"],"gold_per_floor":[519,67,77,89,101,132,132,166,166,195,228,241,259,279,279,381,381,395,414,426,426,453,453,175,175,257,287,299,314,342,21,21,124,124,147,147,147,147,177,177,219,219,219,265,302,302,354,390,390,390],"floor_reached":51,"playtime":3861,"items_purged":[],"score":1358,"play_id":"d87a1d3a-9884-4836-8014-92e4947df2e9","local_time":"20201227030614","is_ascension_mode":true,"campfire_choices":[{"floor":7,"key":"REST"},{"data":"Study","floor":15,"key":"SMITH"},{"data":"Establishment","floor":15,"key":"SMITH"},{"data":"Tantrum","floor":23,"key":"SMITH"},{"data":"Inflame","floor":23,"key":"SMITH"},{"floor":32,"key":"RECALL"},{"data":"infinitespire:DeathsTouch","floor":40,"key":"SMITH"},{"data":"ConjureBlade","floor":40,"key":"SMITH"},{"data":"ConjureBlade","floor":42,"key":"SMITH"},{"data":"CrushJoints","floor":42,"key":"SMITH"},{"data":"ReachHeaven","floor":46,"key":"SMITH"},{"data":"Nirvana","floor":46,"key":"SMITH"},{"data":"WheelKick","floor":49,"key":"SMITH"},{"data":"Eruption","floor":49,"key":"SMITH"}],"circlet_count":0,"master_deck":["Strike_P","Strike_P","Strike_P","Strike_P","Defend_P","Defend_P","Defend_P","Defend_P","Eruption+1","Vigilance","Prostrate","Inflame+1","Tantrum+1","Omniscience","Establishment+1","Replay:BluntJabs","JustLucky","Study+1","FlurryOfBlows","WindmillStrike","DeceiveReality","Reaper","BowlingBash+1","ReachHeaven+1","Protect","Omniscience","ReplayTheSpireMod:Brewmster+1","Nirvana+1","ReachHeaven+1","Crescendo","ConjureBlade+1","Protect","Protect","expansioncontent:GoopSpray+1","ConjureBlade+1","FlyingSleeves","infinitespire:DeathsTouch+1","Evaluate+1","CrushJoints+1","PathToVictory+1","Consecrate+1","BowlingBash+1","WheelKick+1"],"relics":["PureWater","aspiration:Nostalgia","m_ByrdBlood","Blue Doll","Tiny Chest","Strange Spoon","Bag of Preparation","aspiration:ChemicalBlood","Replay:Bottled Snecko","Replay:Arrowhead","hubris:Teleporter","hubris:BlackHole","hubris:ToyBattleship","Toolbox","Bronze Scales","Replay:Mystery Machine","Shuriken","infinitespire:EvilPickle","ReplayTheSpireMod:DimensionalGlitch","White Beast Statue","PreservedInsect","infinitespire:Bottled Soul","TungstenRod","infinitespire:Beetle Shell"],"acts_visited":["Exordium","TheCity","TheBeyond"],"potions_floor_usage":[16,16,16,16,27,27,27,27,28,28,28,33,33,33,33,33,33,33,41,44,44,48,48,48,48,50,50,50,50,50],"damage_taken":[{"damage":0,"enemies":"2 Louse","floor":1,"turns":2},{"damage":1,"enemies":"Cultist","floor":3,"turns":4},{"damage":0,"enemies":"Jaw Worm","floor":4,"turns":3},{"damage":0,"enemies":"Exordium Thugs","floor":5,"turns":5},{"damage":47,"enemies":"3 Sentries","floor":6,"turns":10},{"damage":35,"enemies":"Lagavulin","floor":8,"turns":6},{"damage":8,"enemies":"3 Sentries","floor":10,"turns":3},{"damage":7,"enemies":"3 Louse","floor":12,"turns":3},{"damage":0,"enemies":"Blue Slaver","floor":13,"turns":1},{"damage":3,"enemies":"2 Fungi Beasts","floor":14,"turns":5},{"damage":46,"enemies":"Hexaghost","floor":16,"turns":5},{"damage":17,"enemies":"Shell Parasite","floor":18,"turns":2},{"damage":0,"enemies":"Spheric Guardian","floor":19,"turns":1},{"damage":14,"enemies":"3 Cultists","floor":20,"turns":4},{"damage":0,"enemies":"Slavers","floor":27,"turns":2},{"damage":0,"enemies":"Centurion and Healer","floor":28,"turns":4},{"damage":6,"enemies":"Snake Plant","floor":29,"turns":1},{"damage":0,"enemies":"Gremlin Leader","floor":30,"turns":3},{"damage":0,"enemies":"Pondfish","floor":33,"turns":5},{"damage":0,"enemies":"3 Shapes","floor":35,"turns":2},{"damage":0,"enemies":"Orb Walker","floor":39,"turns":2},{"damage":0,"enemies":"Nemesis","floor":41,"turns":1},{"damage":0,"enemies":"R_Hoarder","floor":44,"turns":2},{"damage":0,"enemies":"3 Darklings","floor":45,"turns":1},{"damage":0,"enemies":"beaked:SuperParasite","floor":47,"turns":2},{"damage":45,"enemies":"Transient","floor":48,"turns":5},{"damage":17,"enemies":"hubris:GrandSnecko","floor":50,"turns":4}],"seed_played":"-7480156799913817292","potions_obtained":[{"floor":3,"key":"Block Potion"},{"floor":5,"key":"BottledMiracle"},{"floor":10,"key":"Elixir"},{"floor":12,"key":"hexamod:EctoCoolerPotion"},{"floor":16,"key":"AttackPotion"},{"floor":16,"key":"Ancient Potion"},{"floor":27,"key":"ColorlessPotion"},{"floor":29,"key":"PowerPotion"},{"floor":39,"key":"AttackPotion"},{"floor":41,"key":"Swift Potion"},{"floor":44,"key":"Languid Potion"},{"floor":45,"key":"SteroidPotion"},{"floor":47,"key":"BottledMiracle"},{"floor":48,"key":"BlessingOfTheForge"},{"floor":48,"key":"Strength Potion"},{"floor":48,"key":"EntropicBrew"}],"is_trial":false,"path_per_floor":["M","$","M","M","M","E","R","E","T","E","?","M","M","M","R","B",null,"M","M","M","?","T","R","$","?","T","E","M","M","E","$","R","B",null,"M","?","?","T","M","R","E","R","T","E","M","R","E","M","R","B",null],"character_chosen":"WATCHER","items_purchased":["Blue Doll","Tiny Chest","Strange Spoon","Toolbox","ReplayTheSpireMod:Brewmster+1","Protect","expansioncontent:GoopSpray+1","Shuriken"],"campfire_rested":1,"item_purchase_floors":[2,2,2,24,24,31,31,31],"current_hp_per_floor":[120,120,120,120,120,80,116,90,90,91,91,93,105,111,111,74,120,109,118,112,112,112,112,112,120,120,120,120,120,120,120,120,120,120,120,73,73,73,78,78,87,87,87,92,109,109,113,85,85,76],"gold":390,"neow_bonus":"NOSTALGIA","is_daily":false,"chose_seed":false,"campfire_upgraded":12,"win_rate":0.0,"timestamp":1609034774,"path_taken":["M","$","M","M","M","E","R","E","T","E","?","M","M","?","R","BOSS","M","M","M","?","?","R","$","?","T","E","M","M","E","$","R","BOSS","M","?","?","?","M","R","E","R","T","E","?","R","E","M","R","BOSS"],"items_purchased_type":["Relic","Relic","Relic","Relic","Card","Card","Card","Relic"],"build_version":"2020-12-22","purchased_purges":0,"victory":true,"max_hp_per_floor":[120,120,120,120,120,120,120,120,120,120,120,120,120,120,120,120,120,120,120,120,120,120,120,120,120,120,120,120,120,120,120,120,120,120,120,120,120,120,120,120,120,120,120,120,120,120,120,120,120,120],"card_choices":[{"not_picked":["beaked:FeelMyPain","CutThroughFate"],"picked":"Prostrate","floor":1},{"not_picked":["InnerPeace","Swivel"],"picked":"Inflame","floor":3},{"not_picked":["Perseverance","Sanctity"],"picked":"Tantrum","floor":4},{"not_picked":["Replay:BluntJabs","FlyingSleeves"],"picked":"Omniscience","floor":5},{"not_picked":["Adaptation","beaked:DigDeeper"],"picked":"Establishment","floor":6},{"not_picked":["Adaptation","Collect"],"picked":"Replay:BluntJabs","floor":8},{"not_picked":["Replay:AllIn","Protect"],"picked":"JustLucky","floor":10},{"not_picked":["Evaluate","beaked:Resilience"],"picked":"Study","floor":11},{"not_picked":["FlyingSleeves","Crescendo"],"picked":"FlurryOfBlows","floor":12},{"not_picked":["Halt","Replay:ManipulateFuture"],"picked":"WindmillStrike","floor":13},{"not_picked":["Replay:DivineShield","Heavy Blade"],"picked":"DeceiveReality","floor":14},{"not_picked":["Feed","Hemogenesis"],"picked":"Reaper","floor":16},{"not_picked":["ClearTheMind","FlurryOfBlows"],"picked":"BowlingBash+1","floor":18},{"not_picked":["Replay:Battleflow","WaveOfTheHand"],"picked":"ReachHeaven","floor":19},{"not_picked":["Replay:AtTheReady","Evaluate"],"picked":"Protect","floor":20},{"not_picked":["FlurryOfBlows+1","Replay:AtTheReady+1"],"picked":"Nirvana","floor":27},{"not_picked":["Replay:ManipulateFuture+1","EmptyMind+1"],"picked":"ReachHeaven+1","floor":28},{"not_picked":["JustLucky","Replay:Cycle"],"picked":"Crescendo","floor":29},{"not_picked":["Ragnarok","CutThroughFate"],"picked":"ConjureBlade","floor":30},{"not_picked":["Establishment","Replay:LoomingThreat"],"picked":"ConjureBlade","floor":33},{"not_picked":["Prostrate+1","SignatureMove"],"picked":"FlyingSleeves","floor":35},{"not_picked":["hubris:InfiniteBlow","infinitespire:Fortify"],"picked":"infinitespire:DeathsTouch","floor":36},{"not_picked":["WindmillStrike","LikeWater"],"picked":"Evaluate+1","floor":39},{"not_picked":["Replay:ManipulateFuture+1","Swivel+1"],"picked":"CrushJoints","floor":41},{"not_picked":["Perseverance","Evaluate"],"picked":"PathToVictory+1","floor":44},{"not_picked":["FearNoEvil+1","EmptyBody"],"picked":"Consecrate+1","floor":45},{"not_picked":["Replay:Vibes","EmptyFist+1"],"picked":"BowlingBash+1","floor":47},{"not_picked":["Nirvana+1","Conclude+1"],"picked":"WheelKick","floor":48}],"player_experience":105264,"relics_obtained":[{"floor":6,"key":"Bag of Preparation"},{"floor":8,"key":"aspiration:ChemicalBlood"},{"floor":9,"key":"Replay:Bottled Snecko"},{"floor":10,"key":"Replay:Arrowhead"},{"floor":11,"key":"hubris:Teleporter"},{"floor":22,"key":"hubris:ToyBattleship"},{"floor":27,"key":"Bronze Scales"},{"floor":30,"key":"Replay:Mystery Machine"},{"floor":38,"key":"White Beast Statue"},{"floor":41,"key":"PreservedInsect"},{"floor":43,"key":"infinitespire:Bottled Soul"},{"floor":44,"key":"TungstenRod"},{"floor":47,"key":"infinitespire:Beetle Shell"}],"event_choices":[{"damage_healed":0,"gold_gain":0,"player_choice":"Copied","damage_taken":0,"max_hp_gain":0,"max_hp_loss":0,"event_name":"Duplicator","floor":21,"gold_loss":0,"cards_obtained":["Omniscience"]},{"damage_healed":0,"gold_gain":0,"player_choice":"Ignored","damage_taken":0,"max_hp_gain":0,"max_hp_loss":0,"event_name":"SecretPortal","floor":37,"gold_loss":0}],"is_beta":false,"boss_relics":[{"not_picked":["aspiration:RitualDagger","Painkiller Herb"],"picked":"hubris:BlackHole"},{"not_picked":["Replay:Ancient Bell","Runic Dome"],"picked":"ReplayTheSpireMod:DimensionalGlitch"}],"items_purged_floors":[],"is_endless":false,"potions_floor_spawned":[3,5,10,12,16,27,28,29,30,39,41,44,45,47,48],"ascension_level":1}}