{"host":"h0xw20cia6ppa69g","time":1609060905,"event":{"mods":["AchievementEnabler","BaseMod","Colored Map","Filter the Spire","Googly Eyes","Minty Spire (QoL Compilation)","Relic Stats","StSLib","The Awakened One except there are too many feathers","everything is the same but u backflip on backflip"],"gold_per_floor":[110,110,110,90,0,0,34,34,34,47,12,32,45,73,73,173,223,239,239,239,47,66,99,110,141,141,241,241,267,284,313,313,410,410,423,434,488,568,587,587,607,633,633,666,666,695,712,318,318,318,318,318,17,52,52],"floor_reached":56,"playtime":3391,"items_purged":[],"score":1578,"play_id":"6e4dcf8a-9101-4fca-a043-c60962e53031","local_time":"20201227032145","is_ascension_mode":true,"campfire_choices":[{"data":"Turbo","floor":6.0,"key":"SMITH"},{"data":"Streamline","floor":8.0,"key":"SMITH"},{"data":"Loop","floor":15,"key":"SMITH"},{"data":"Echo Form","floor":28,"key":"SMITH"},{"data":"Recycle","floor":32,"key":"SMITH"},{"floor":40,"key":"RECALL"},{"data":"Transmutation","floor":49,"key":"SMITH"},{"data":"Seek","floor":52,"key":"SMITH"}],"circlet_count":0,"master_deck":["Dualcast","Sweeping Beam","Echo Form+1","Force Field","Meteor Strike","Rebound+1","Chill","Genetic Algorithm+1","Turbo","Turbo+1","Loop+1","Streamline+1","Leap","Static Discharge","Undo+1","Self Repair","Tempest","Electrodynamics","Recycle+1","Doom and Gloom","Biased Cognition","Heatsinks","Capacitor","Redo+1","Stack+1","Turbo+1","Meteor Strike","Conserve Battery+1","Barrage","Seek+1","Scrape+1","Sunder+1","Stack+1","Reinforced Body","Consume+1","Enlightenment","Transmutation+1","Force Field","Thunder Strike+1","Storm","Compile Driver+1","Master of Strategy","Thunder Strike+1","Buffer","Turbo"],"relics":["Pandora\u0027s Box","Singing Bowl","Letter Opener","Mummified Hand","War Paint","Tiny House","Potion Belt","Oddly Smooth Stone","Anchor","Dead Branch","Pen Nib","Snecko Eye","Unceasing Top","Molten Egg 2","HornCleat","Bag of Preparation","Lantern","TungstenRod","Incense Burner"],"acts_visited":["Exordium","TheCity","TheBeyond","TheEnding"],"potions_floor_usage":[23,25,37,42,55],"damage_taken":[{"damage":5.0,"enemies":"2 Louse","floor":1.0,"turns":2.0},{"damage":18.0,"enemies":"Lagavulin","floor":7.0,"turns":5.0},{"damage":9.0,"enemies":"Jaw Worm","floor":10.0,"turns":3.0},{"damage":0,"enemies":"Cultist","floor":12,"turns":4},{"damage":0,"enemies":"3 Louse","floor":13,"turns":5},{"damage":8,"enemies":"Gremlin Nob","floor":14,"turns":4},{"damage":29,"enemies":"Hexaghost","floor":16,"turns":9},{"damage":10,"enemies":"2 Thieves","floor":18,"turns":5},{"damage":0,"enemies":"Shell Parasite","floor":22,"turns":3},{"damage":18,"enemies":"Slavers","floor":23,"turns":4},{"damage":28,"enemies":"Centurion and Healer","floor":24,"turns":7},{"damage":6,"enemies":"Gremlin Leader","floor":25,"turns":6},{"damage":17,"enemies":"Slavers","floor":29,"turns":2},{"damage":0,"enemies":"3 Cultists","floor":30,"turns":2},{"damage":5,"enemies":"Gremlin Leader","floor":31,"turns":4},{"damage":37,"enemies":"Collector","floor":33,"turns":9},{"damage":0,"enemies":"Orb Walker","floor":35,"turns":2},{"damage":0,"enemies":"3 Shapes","floor":36,"turns":4},{"damage":0,"enemies":"2 Orb Walkers","floor":37,"turns":5},{"damage":4,"enemies":"Maw","floor":39,"turns":6},{"damage":0,"enemies":"Sphere and 2 Shapes","floor":41,"turns":5},{"damage":16,"enemies":"Nemesis","floor":42,"turns":9},{"damage":0,"enemies":"Reptomancer","floor":44,"turns":5},{"damage":0,"enemies":"Nemesis","floor":46,"turns":3},{"damage":0,"enemies":"Spire Growth","floor":47,"turns":3},{"damage":85,"enemies":"Donu and Deca","floor":50,"turns":8},{"damage":0,"enemies":"Shield and Spear","floor":54,"turns":4},{"damage":0,"enemies":"The Heart","floor":55,"turns":8}],"seed_played":"-6133367434328001103","potions_obtained":[{"floor":1.0,"key":"Swift Potion"},{"floor":4.0,"key":"EssenceOfDarkness"},{"floor":12,"key":"Ancient Potion"},{"floor":14,"key":"Energy Potion"},{"floor":22,"key":"EssenceOfDarkness"},{"floor":24,"key":"EssenceOfSteel"},{"floor":31,"key":"SteroidPotion"},{"floor":36,"key":"Explosive Potion"},{"floor":37,"key":"Weak Potion"}],"is_trial":false,"path_per_floor":["M","?","T","?","$","R","E","R","T","M","$","M","M","E","R","B",null,"M","?","?","$","M","E","M","E","T","?","R","E","M","E","R","B",null,"M","M","?","T","M","R","M","E","T","E","?","E","M","$","R","B",null,"R","$","E","B",null],"character_chosen":"DEFECT","items_purchased":["Turbo","Loop","Static Discharge","Capacitor","Potion Belt","Thunder Strike+1","Storm","Compile Driver+1","Master of Strategy","Thunder Strike+1","Buffer","DuplicationPotion"],"campfire_rested":0,"item_purchase_floors":[5,5,11,21,21,48,48,48,48,53,53,53],"current_hp_per_floor":[70,75,75,75,75,75,57,57,57,48,48,48,48,40,40,18,85,85,85,85,85,85,83,62,56,56,56,56,39,46,48,48,18,87,87,87,89,89,91,91,91,89,89,91,81,81,90,90,90,12,93,93,93,93,93],"gold":52,"neow_bonus":"BOSS_RELIC","is_daily":false,"chose_seed":false,"campfire_upgraded":7,"win_rate":0.0,"timestamp":1609060905,"path_taken":["M","?","?","?","$","R","E","R","T","M","$","?","M","E","R","BOSS","M","?","?","$","M","E","M","E","T","?","R","E","?","E","R","BOSS","M","?","?","?","M","R","M","E","T","E","?","E","M","$","R","BOSS","R","$","E","BOSS"],"items_purchased_type":["Card","Card","Card","Card","Relic","Card","Card","Card","Card","Card","Card","Potion"],"build_version":"2020-12-22","purchased_purges":0,"victory":true,"max_hp_per_floor":[75,80,80,80,80,80,80,80,80,80,80,80,80,80,80,80,85,85,85,85,85,85,87,87,87,87,87,87,87,87,87,87,87,87,87,87,89,89,91,91,91,91,91,91,91,91,93,93,93,93,93,93,93,93,93],"relic_stats":{"Singing Bowl":8,"counters":[28,135],"Dead Branch":[103],"Pen Nib":[12],"Bag of Preparation":[12],"Letter Opener":[456],"War Paint":["Genetic Algorithm","Undo"],"Mummified Hand":[340],"Snecko Eye":[134,134,131,144],"Pandora\u0027s Box":["Sweeping Beam","Echo Form","Force Field","Meteor Strike","Rebound","Rebound","Chill","Genetic Algorithm"],"obtain_stats":[{"Potion Belt":21,"Lantern":44,"Tiny House":17,"Singing Bowl":3,"Dead Branch":29,"Oddly Smooth Stone":23,"Pen Nib":31,"Bag of Preparation":43,"Incense Burner":54,"Letter Opener":7,"War Paint":14,"Anchor":25,"HornCleat":42,"Mummified Hand":9,"Snecko Eye":34,"Pandora\u0027s Box":0,"Molten Egg 2":38,"Cracked Core":0,"Unceasing Top":37,"TungstenRod":46},{"Potion Belt":8,"Lantern":23,"Tiny House":7,"Singing Bowl":1,"Dead Branch":13,"Oddly Smooth Stone":10,"Pen Nib":15,"Bag of Preparation":22,"Incense Burner":27,"Letter Opener":2,"War Paint":6,"Anchor":12,"HornCleat":22,"Mummified Hand":2,"Snecko Eye":16,"Pandora\u0027s Box":0,"Molten Egg 2":19,"Cracked Core":0,"Unceasing Top":19,"TungstenRod":24},{"Potion Belt":37,"Lantern":109,"Tiny House":32,"Singing Bowl":2,"Dead Branch":59,"Oddly Smooth Stone":44,"Pen Nib":64,"Bag of Preparation":104,"Incense Burner":127,"Letter Opener":7,"War Paint":23,"Anchor":57,"HornCleat":104,"Mummified Hand":7,"Snecko Eye":73,"Pandora\u0027s Box":0,"Molten Egg 2":84,"Cracked Core":0,"Unceasing Top":84,"TungstenRod":112}],"Unceasing Top":[3],"TungstenRod":15},"card_choices":[{"not_picked":["White Noise","Conserve Battery"],"picked":"Turbo","floor":1.0},{"not_picked":["Chill","Buffer"],"picked":"Streamline","floor":7.0},{"not_picked":["Redo","Hologram"],"picked":"Leap","floor":10.0},{"not_picked":["Steam","Compile Driver"],"picked":"Undo","floor":12},{"not_picked":["Hello World","Reprogram"],"picked":"Self Repair","floor":13},{"not_picked":["Aggregate","Compile Driver"],"picked":"Tempest","floor":14},{"not_picked":["Amplify","Seek"],"picked":"Electrodynamics","floor":16},{"not_picked":["Double Energy","Barrage"],"picked":"Recycle","floor":17},{"not_picked":["Gash","Go for the Eyes"],"picked":"Doom and Gloom","floor":18},{"not_picked":["Compile Driver+1","Double Energy"],"picked":"Redo+1","floor":22},{"not_picked":["White Noise","Double Energy","Conserve Battery"],"picked":"Singing Bowl","floor":23},{"not_picked":["Compile Driver","Undo"],"picked":"Stack+1","floor":24},{"not_picked":["Chaos","Hello World"],"picked":"Turbo+1","floor":25},{"not_picked":["Beam Cell","Go for the Eyes"],"picked":"Meteor Strike","floor":29},{"not_picked":["Stack","Sweeping Beam"],"picked":"Conserve Battery+1","floor":30},{"not_picked":["Melter","Steam+1"],"picked":"Barrage","floor":31},{"not_picked":["Fission","Hyperbeam"],"picked":"Seek","floor":33},{"not_picked":["Sweeping Beam+1","Streamline"],"picked":"Scrape+1","floor":35},{"not_picked":["Barrage+1","Coolheaded+1"],"picked":"Sunder+1","floor":36},{"not_picked":["Hello World+1","Barrage","Leap"],"picked":"Singing Bowl","floor":37},{"not_picked":["Stack","Steam Power","Sweeping Beam+1"],"picked":"Singing Bowl","floor":39},{"not_picked":["Rebound+1","Cold Snap+1"],"picked":"Stack+1","floor":41},{"not_picked":["Cold Snap+1","Electrodynamics"],"picked":"Reinforced Body","floor":42},{"not_picked":["Glacier","Coolheaded+1"],"picked":"Consume+1","floor":44},{"not_picked":["Panache","Blind"],"picked":"Enlightenment","floor":45},{"not_picked":["Chrysalis","Swift Strike+1"],"picked":"Transmutation","floor":45},{"not_picked":["Gash+1","Amplify"],"picked":"Force Field","floor":46},{"not_picked":["Ball Lightning+1","Chaos+1","Stack+1"],"picked":"Singing Bowl","floor":47},{"not_picked":["Compile Driver+1","Barrage+1"],"picked":"Turbo","floor":54}],"player_experience":3554159,"relics_obtained":[{"floor":3.0,"key":"Singing Bowl"},{"floor":7.0,"key":"Letter Opener"},{"floor":9.0,"key":"Mummified Hand"},{"floor":14,"key":"War Paint"},{"floor":23,"key":"Oddly Smooth Stone"},{"floor":25,"key":"Anchor"},{"floor":29,"key":"Dead Branch"},{"floor":31,"key":"Pen Nib"},{"floor":37,"key":"Unceasing Top"},{"floor":38,"key":"Molten Egg 2"},{"floor":42,"key":"HornCleat"},{"floor":43,"key":"Bag of Preparation"},{"floor":44,"key":"Lantern"},{"floor":46,"key":"TungstenRod"},{"floor":54,"key":"Incense Burner"}],"event_choices":[{"damage_healed":0.0,"max_hp_gain":5.0,"max_hp_loss":0.0,"gold_gain":0.0,"event_name":"Big Fish","player_choice":"Donut","floor":2.0,"gold_loss":0.0,"damage_taken":0.0},{"damage_healed":0.0,"max_hp_gain":0.0,"max_hp_loss":0.0,"gold_gain":0.0,"event_name":"The Woman in Blue","player_choice":"Bought 1 Potion","floor":4.0,"gold_loss":0.0,"damage_taken":0.0},{"damage_healed":0,"gold_gain":0,"cards_transformed":["Zap","Rebound"],"player_choice":"Became Test Subject","damage_taken":0,"max_hp_gain":0,"max_hp_loss":0,"event_name":"Drug Dealer","floor":19,"gold_loss":0,"cards_obtained":["Biased Cognition","Heatsinks"]},{"damage_healed":0,"gold_gain":0,"player_choice":"Ignored","damage_taken":0,"max_hp_gain":0,"max_hp_loss":0,"event_name":"Vampires","floor":20,"gold_loss":0},{"damage_healed":0,"gold_gain":100,"player_choice":"Pray","damage_taken":0,"max_hp_gain":0,"max_hp_loss":0,"event_name":"Golden Shrine","floor":27,"gold_loss":0},{"damage_healed":0,"gold_gain":0,"player_choice":"Fight","damage_taken":0,"max_hp_gain":0,"max_hp_loss":0,"event_name":"Mysterious Sphere","floor":37,"gold_loss":0},{"damage_healed":0,"gold_gain":0,"player_choice":"Memory 3","damage_taken":10,"max_hp_gain":0,"max_hp_loss":0,"event_name":"SensoryStone","floor":45,"gold_loss":0}],"is_beta":false,"boss_relics":[{"not_picked":["Cursed Key","SlaversCollar"],"picked":"Tiny House"},{"not_picked":["Black Star","Nuclear Battery"],"picked":"Snecko Eye"}],"items_purged_floors":[],"is_endless":false,"potions_floor_spawned":[1,12,14,22,24,31,36,37,41],"ascension_level":1}}