{"host":"no0bdlpxzp7bzzks","time":1609102992,"event":{"mods":["BaseMod","Better Match","Block Reminder","Colored Map","Curses Come First","DeckTracker","Filter the Spire","Highlight Path","Key Reminder","Minty Spire (QoL Compilation)","Permanent Neow","Relic Sorter","Relic Stats","StSLib","The Saiyan"],"gold_per_floor":[89,50,63,63,80,114,124,158,183,212,212,245,29,47,47,143,143,154,154,165,165,165,191,209,209,232,250,279,379,412,327,327,327,327],"floor_reached":33,"playtime":3625,"items_purged":["Saiyan:SAIYA_Strike"],"score":426,"play_id":"daa0217a-90fd-4d66-b062-efbecd8ac34a","local_time":"20201227150312","is_ascension_mode":true,"campfire_choices":[{"data":"Saiyan:Honing","floor":15.0,"key":"SMITH"},{"floor":25.0,"key":"RECALL"},{"data":"Saiyan:DragonFist","floor":32,"key":"SMITH"}],"circlet_count":0,"master_deck":["Saiyan:SAIYA_Strike+1","Saiyan:SAIYA_Strike+1","Saiyan:SAIYA_Defend","Saiyan:SAIYA_Defend","Saiyan:EnergyBlast","Saiyan:KaioKen","Saiyan:RuthlessBlow","Saiyan:CCCapsule","Saiyan:SuperSaiyanForm","Saiyan:Honing+1","Saiyan:KiExplosion","Saiyan:MonkeyTail","Saiyan:DragonFist+1","Saiyan:Quickening","Saiyan:Rekindle","Saiyan:GhostAttack","Saiyan:ExtremeSpeed","Saiyan:Flurry","Saiyan:PowerUp","Saiyan:Planning","Saiyan:MajinSeal","Saiyan:Honing","Saiyan:UltraInstinct+1","Saiyan:PowerUp","Saiyan:Pacing","Saiyan:Planning","Saiyan:Pacing","Saiyan:ThirstForFight","Saiyan:Overexert+1"],"relics":["SaiyanSoul","SaiyanHeart","Matryoshka","Bag of Marbles","Whetstone","Vajra","Ancient Tea Set","Blood Vial","Thread and Needle","SlaversCollar","HornCleat","Potion Belt","Bag of Preparation","Girya","Pear","Pen Nib","Eternal Feather"],"acts_visited":["Exordium","TheCity"],"potions_floor_usage":[30],"damage_taken":[{"damage":2.0,"enemies":"Cultist","floor":1.0,"turns":3.0},{"damage":3.0,"enemies":"Small Slimes","floor":3.0,"turns":5.0},{"damage":11.0,"enemies":"Jaw Worm","floor":5.0,"turns":3.0},{"damage":6.0,"enemies":"3 Sentries","floor":6.0,"turns":10.0},{"damage":0.0,"enemies":"3 Louse","floor":7.0,"turns":3.0},{"damage":0.0,"enemies":"Gremlin Nob","floor":8.0,"turns":2.0},{"damage":3.0,"enemies":"3 Sentries","floor":10.0,"turns":6.0},{"damage":11.0,"enemies":"Gremlin Nob","floor":12.0,"turns":4.0},{"damage":0.0,"enemies":"Looter","floor":14.0,"turns":2.0},{"damage":14.0,"enemies":"Slime Boss","floor":16.0,"turns":8.0},{"damage":6.0,"enemies":"Shell Parasite","floor":18.0,"turns":4.0},{"damage":4.0,"enemies":"Spheric Guardian","floor":20.0,"turns":6.0},{"damage":13.0,"enemies":"Gremlin Leader","floor":23.0,"turns":7.0},{"damage":13.0,"enemies":"Snecko","floor":24.0,"turns":5.0},{"damage":0.0,"enemies":"Shelled Parasite and Fungi","floor":27.0,"turns":6.0},{"damage":5.0,"enemies":"Book of Stabbing","floor":28.0,"turns":5.0},{"damage":4,"enemies":"Colosseum Slavers","floor":29,"turns":6},{"damage":2,"enemies":"Colosseum Nobs","floor":29,"turns":6},{"damage":30,"enemies":"Slavers","floor":30,"turns":7},{"damage":38,"enemies":"Automaton","floor":33,"turns":6}],"seed_played":"6151096076578262957","potions_obtained":[{"floor":5.0,"key":"SteroidPotion"},{"floor":6.0,"key":"Energy Potion"},{"floor":7.0,"key":"GamblersBrew"},{"floor":10.0,"key":"SneckoOil"},{"floor":16.0,"key":"Explosive Potion"},{"floor":18.0,"key":"LiquidMemories"},{"floor":20.0,"key":"AttackPotion"},{"floor":29,"key":"CultistPotion"}],"is_trial":false,"path_per_floor":["M","$","M","?","M","E","M","E","T","E","?","E","$","M","R","B",null,"M","?","M","?","?","E","M","R","T","M","E","?","E","?","R","B"],"character_chosen":"SAIYAJIN","items_purchased":["Saiyan:SuperSaiyanForm","Saiyan:ExtremeSpeed","Saiyan:Flurry","Saiyan:PowerUp"],"campfire_rested":0,"item_purchase_floors":[2,13,13,13],"current_hp_per_floor":[53,53,51,33,24,19,19,20,20,18,23,15,15,17,17,6,68,65,52,51,51,51,41,32,32,32,37,34,43,17,17,32,0,0],"gold":327,"neow_bonus":"REMOVE_TWO","is_daily":false,"chose_seed":false,"campfire_upgraded":2,"win_rate":0.0,"timestamp":1609102992,"path_taken":["M","$","?","?","M","E","M","E","T","E","?","E","?","M","R","BOSS","M","?","M","?","?","E","?","R","T","M","E","?","E","?","R","BOSS"],"items_purchased_type":["Card","Card","Card","Card"],"build_version":"2020-12-22","purchased_purges":1,"victory":false,"max_hp_per_floor":[55,55,56,56,58,59,59,60,60,61,66,67,67,67,67,68,68,71,76,77,77,77,78,80,80,80,83,83,94,96,96,96,97,97],"relic_stats":{"Blood Vial":24,"counters":[20,104],"Eternal Feather":15,"Pen Nib":[0],"Bag of Preparation":[8],"Whetstone":["Saiyan:SAIYA_Strike","Saiyan:SAIYA_Strike"],"obtain_stats":[{"Potion Belt":26,"Girya":29,"Pear":29,"Vajra":9,"Thread and Needle":12,"Eternal Feather":31,"Pen Nib":30,"SaiyanHeart":0,"Bag of Preparation":28,"Whetstone":8,"Ancient Tea Set":9,"keyreminder:keyreminder":8,"Blood Vial":10,"SlaversCollar":17,"Matryoshka":4,"HornCleat":23,"SaiyanSoul":0,"Bag of Marbles":6},{"Potion Belt":14,"Girya":18,"Pear":18,"Vajra":6,"Thread and Needle":8,"Eternal Feather":19,"Pen Nib":19,"SaiyanHeart":0,"Bag of Preparation":16,"Whetstone":6,"Ancient Tea Set":6,"keyreminder:keyreminder":6,"Blood Vial":7,"SlaversCollar":10,"Matryoshka":2,"HornCleat":13,"SaiyanSoul":0,"Bag of Marbles":4},{"Potion Belt":68,"Girya":91,"Pear":91,"Vajra":26,"Thread and Needle":36,"Eternal Feather":98,"Pen Nib":98,"SaiyanHeart":0,"Bag of Preparation":79,"Whetstone":26,"Ancient Tea Set":26,"keyreminder:keyreminder":26,"Blood Vial":32,"SlaversCollar":46,"Matryoshka":8,"HornCleat":63,"SaiyanSoul":0,"Bag of Marbles":21}]},"card_choices":[{"not_picked":["Saiyan:MeteorDash","Saiyan:ExtremeSpeed"],"picked":"Saiyan:CCCapsule","floor":1.0},{"not_picked":["Saiyan:PowerUp","Saiyan:TurtleShell"],"picked":"Saiyan:Honing","floor":3.0},{"not_picked":["Saiyan:SoulSpice","Saiyan:HyperTimeChamber"],"picked":"Saiyan:KiExplosion","floor":5.0},{"not_picked":["Saiyan:Medicine","Saiyan:RemoveWeights"],"picked":"Saiyan:MonkeyTail","floor":6.0},{"not_picked":["Saiyan:DoubleMasenko","Saiyan:FinalFlash"],"picked":"Saiyan:DragonFist","floor":7.0},{"not_picked":["Saiyan:BigBangAttack","Saiyan:Planning"],"picked":"Saiyan:Quickening","floor":8.0},{"not_picked":["Saiyan:TurtleShell","Saiyan:BackAttack"],"picked":"Saiyan:Rekindle","floor":10.0},{"not_picked":["Saiyan:Quickening","Saiyan:ReverberatingForce"],"picked":"Saiyan:GhostAttack","floor":12.0},{"not_picked":["Saiyan:PowerStance","Saiyan:DoubleMasenko"],"picked":"Saiyan:Planning","floor":14.0},{"not_picked":["Saiyan:TheBomb","Saiyan:Rekindle"],"picked":"Saiyan:MajinSeal","floor":16.0},{"not_picked":["Saiyan:Kienzan+1","Saiyan:Furor"],"picked":"Saiyan:Honing","floor":18.0},{"not_picked":["Saiyan:BackAttack","Saiyan:DragonFist"],"picked":"Saiyan:UltraInstinct+1","floor":20.0},{"not_picked":["Saiyan:PressOn","Saiyan:Planning"],"picked":"Saiyan:PowerUp","floor":23.0},{"not_picked":["Saiyan:Quickening","Saiyan:Taunt"],"picked":"Saiyan:Pacing","floor":24.0},{"not_picked":["Saiyan:PowerPole","Saiyan:BigBangAttack"],"picked":"Saiyan:Planning","floor":27.0},{"not_picked":["Saiyan:Honing","Saiyan:Twize"],"picked":"Saiyan:Pacing","floor":28.0},{"not_picked":["Saiyan:RemoveWeights","Saiyan:KiExplosion"],"picked":"Saiyan:ThirstForFight","floor":29},{"not_picked":["Saiyan:BackAttack+1","Saiyan:ExpandingShockwave"],"picked":"Saiyan:Overexert+1","floor":30}],"player_experience":71006,"relics_obtained":[{"floor":6.0,"key":"Bag of Marbles"},{"floor":8.0,"key":"Whetstone"},{"floor":9.0,"key":"Vajra"},{"floor":9.0,"key":"Ancient Tea Set"},{"floor":10.0,"key":"Blood Vial"},{"floor":12.0,"key":"Thread and Needle"},{"floor":23.0,"key":"HornCleat"},{"floor":26.0,"key":"Potion Belt"},{"floor":28.0,"key":"Bag of Preparation"},{"floor":29,"key":"Girya"},{"floor":29,"key":"Pear"},{"floor":30,"key":"Pen Nib"}],"event_choices":[{"damage_healed":0.0,"max_hp_gain":0.0,"max_hp_loss":0.0,"gold_gain":0.0,"event_name":"Scrap Ooze","player_choice":"Success","floor":4.0,"gold_loss":0.0,"damage_taken":18.0,"relics_obtained":["Matryoshka"]},{"damage_healed":0.0,"max_hp_gain":5.0,"max_hp_loss":0.0,"gold_gain":0.0,"event_name":"Big Fish","player_choice":"Donut","floor":11.0,"gold_loss":0.0,"damage_taken":0.0},{"damage_healed":0.0,"max_hp_gain":5.0,"max_hp_loss":0.0,"gold_gain":0.0,"event_name":"Forgotten Altar","player_choice":"Shed Blood","floor":19.0,"gold_loss":0.0,"damage_taken":18.0},{"cards_removed":["Saiyan:SAIYA_Defend"],"damage_healed":0.0,"max_hp_gain":0.0,"max_hp_loss":0.0,"gold_gain":0.0,"event_name":"Back to Basics","player_choice":"Elegance","floor":21.0,"gold_loss":0.0,"damage_taken":0.0},{"damage_healed":0.0,"max_hp_gain":0.0,"max_hp_loss":0.0,"gold_gain":0.0,"event_name":"Ghosts","player_choice":"Ignored","floor":22.0,"gold_loss":0.0,"damage_taken":0.0},{"damage_healed":0,"gold_gain":0,"player_choice":"Fight","damage_taken":0,"max_hp_gain":0,"max_hp_loss":0,"event_name":"Colosseum","floor":29,"gold_loss":0},{"damage_healed":0,"gold_gain":0,"player_choice":"Fought Nobs","damage_taken":0,"max_hp_gain":0,"max_hp_loss":0,"event_name":"Colosseum","floor":29,"gold_loss":0},{"damage_healed":0,"gold_gain":0,"player_choice":"Obtained Relic","damage_taken":0,"relics_obtained":["Eternal Feather"],"max_hp_gain":0,"max_hp_loss":0,"event_name":"Addict","floor":31,"gold_loss":85}],"is_beta":false,"boss_relics":[{"not_picked":["Sozu","SacredBark"],"picked":"SlaversCollar"}],"items_purged_floors":[13],"is_endless":false,"potions_floor_spawned":[5,6,7,10,16,18,20,29,29],"killed_by":"Automaton","ascension_level":1}}