{"host":"acpsw8r33r8788yr","time":1609033467,"event":{"mods":["BaseMod","Better Altar","Better Skull","Better Third Choice","BetterRewards","Colored Map","Downfall","Hermit","Highlight Path","Hubris","Minty Spire (QoL Compilation)","Quick Restart","Replay The Spire","Robot Space Explorer","Shop Mod","StSLib","The Animator","The Bug Knight","The Construct","The Cursed","The Disciple","The Jungle","The Runesmith","The Senshi"],"gold_per_floor":[364,64,64,76,38,38,54,83,83,118,137,62,88,263,263,263,263],"floor_reached":16,"playtime":776,"items_purged":["HollowMod:BrokenVessel"],"score":118,"play_id":"1cdba642-c2e3-4a69-a45c-5f4bed50afb1","local_time":"20201226174427","is_ascension_mode":false,"campfire_choices":[{"data":"HollowMod:VengefulSpirit","floor":6,"key":"SMITH"},{"data":"HollowMod:SoulEater","floor":15,"key":"SMITH"}],"circlet_count":0,"master_deck":["HollowMod:NailStrikeStart","HollowMod:NailStrikeStart","HollowMod:NailStrikeStart","HollowMod:NailStrikeStart","HollowMod:QuickDashStart","HollowMod:QuickDashStart","HollowMod:QuickDashStart","HollowMod:QuickDashStart","HollowMod:FocusHealStart","HollowMod:PogoStrike","Slimebound:Defend_Slimebound","theSenshi:SailorBlock","HollowMod:CornifersMapStart","HollowMod:NewLastStag","HollowMod:VengefulSpirit+1","HollowMod:LifebloodCocoon","HollowMod:SoulEater+1","HollowMod:SoulStrike","Doubt"],"relics":["HollowMod:VesselMask","Toy Ornithopter","Bag of Marbles","White Beast Statue","Replay:Wax Seal","Smiling Mask"],"acts_visited":["Exordium"],"potions_floor_usage":[10,13],"damage_taken":[{"damage":0,"enemies":"2 Louse","floor":1,"turns":3},{"damage":0,"enemies":"Jaw Worm","floor":4,"turns":4},{"damage":0,"enemies":"Small Slimes","floor":7,"turns":4},{"damage":35,"enemies":"3 Sentries","floor":8,"turns":11},{"damage":21,"enemies":"Lagavulin","floor":10,"turns":6},{"damage":9,"enemies":"3 Louse","floor":11,"turns":4},{"damage":1,"enemies":"Gremlin Nob","floor":13,"turns":3},{"damage":28,"enemies":"Slime Boss","floor":16,"turns":6}],"seed_played":"-8630112281283527048","potions_obtained":[{"floor":7,"key":"BlessingOfTheForge"},{"floor":10,"key":"Explosive Potion"},{"floor":11,"key":"FairyPotion"},{"floor":13,"key":"Milkshake"}],"is_trial":false,"path_per_floor":["M","?","?","M","$","R","M","E","T","E","M","$","E","?","R","B"],"character_chosen":"THE_BUGKNIGHT","items_purchased":["HollowMod:BrokenVessel"],"campfire_rested":0,"item_purchase_floors":[5],"current_hp_per_floor":[75,75,57,63,63,63,63,38,38,22,19,19,23,23,23,1,1],"gold":263,"neow_bonus":"TWO_FIFTY_GOLD","is_daily":false,"chose_seed":false,"campfire_upgraded":2,"win_rate":0.0,"timestamp":1609033467,"path_taken":["M","?","?","M","$","R","M","E","T","E","M","$","E","?","R","BOSS"],"items_purchased_type":["Card"],"build_version":"2020-12-22","purchased_purges":1,"victory":false,"max_hp_per_floor":[75,75,75,75,75,75,75,75,75,75,75,75,75,75,75,75,75],"card_choices":[{"not_picked":["HollowMod:SoulSplash","HollowMod:FallenFury"],"picked":"HollowMod:CornifersMapStart","floor":1},{"not_picked":["HollowMod:CloakDash","HollowMod:DashSlash"],"picked":"HollowMod:VengefulSpirit","floor":4},{"not_picked":["HollowMod:SoulStrike","HollowMod:VengefulVoid","HollowMod:PureNailStrike"],"picked":"SKIP","floor":7},{"not_picked":["HollowMod:DescendingDark","HollowMod:NewLittleFool","HollowMod:CycloneSlash"],"picked":"SKIP","floor":8},{"not_picked":["HollowMod:MidwifesHunger","HollowMod:WraithStrike"],"picked":"HollowMod:LifebloodCocoon","floor":10},{"not_picked":["HollowMod:CoiledNail","HollowMod:GreatSlash"],"picked":"HollowMod:SoulEater","floor":11},{"not_picked":["HollowMod:FallenFury","HollowMod:DescendingDark"],"picked":"HollowMod:SoulStrike","floor":13}],"player_experience":406898,"relics_obtained":[{"floor":8,"key":"Bag of Marbles"},{"floor":9,"key":"White Beast Statue"},{"floor":10,"key":"Replay:Wax Seal"},{"floor":13,"key":"Smiling Mask"}],"event_choices":[{"damage_healed":0,"gold_gain":0,"player_choice":"Relic ","damage_taken":18,"max_hp_gain":0,"max_hp_loss":0,"event_name":"betterThird:BetterScrap","floor":3,"gold_loss":0,"cards_obtained":["hubris:SpecializedCircuitry"]},{"damage_healed":0,"gold_gain":175,"player_choice":"AGREE","damage_taken":88,"max_hp_gain":0,"max_hp_loss":0,"event_name":"betterThird:BetterSerpent","floor":14,"gold_loss":0}],"is_beta":false,"boss_relics":[],"items_purged_floors":[12],"is_endless":false,"potions_floor_spawned":[7,10,11,13],"killed_by":"Slime Boss","ascension_level":0}}