{"host":"ccwg5oaz7m60w53m","time":1609100335,"event":{"mods":["AchievementEnabler","BaseMod","Colored Powertips","Highlight Path","Minty Spire (QoL Compilation)","StSLib"],"gold_per_floor":[210,210,210,210,210,210,210,237,237,237,237,237,237,237,237,237,237,237,237,237,237,237,237,237,237,237,237,237,237,237,237,237,237,237,237,237,237,237,237,237,237,237,237,237,237,237,237,237,237,237],"floor_reached":51,"playtime":998,"items_purged":[],"score":985,"play_id":"666f0b99-ccae-4d36-90c5-ca302a9e52c9","local_time":"20201228031855","is_ascension_mode":true,"campfire_choices":[{"floor":7,"key":"RECALL"},{"floor":10,"key":"REST"},{"floor":15,"key":"REST"},{"floor":23,"key":"REST"},{"floor":27,"key":"REST"},{"floor":32,"key":"REST"},{"floor":41,"key":"REST"},{"floor":49,"key":"REST"}],"circlet_count":0,"master_deck":["FearNoEvil+1","TalkToTheHand+1","Tantrum+1","FlurryOfBlows+1","Vault+1"],"relics":["HolyWater"],"acts_visited":["Exordium","TheCity","TheBeyond"],"potions_floor_usage":[],"damage_taken":[{"damage":0,"enemies":"Jaw Worm","floor":1,"turns":2},{"damage":0,"enemies":"2 Louse","floor":4,"turns":2},{"damage":0,"enemies":"3 Sentries","floor":6,"turns":3},{"damage":0,"enemies":"Lagavulin","floor":8,"turns":3},{"damage":18,"enemies":"3 Sentries","floor":11,"turns":3},{"damage":0,"enemies":"Cultist","floor":12,"turns":2},{"damage":0,"enemies":"Blue Slaver","floor":13,"turns":2},{"damage":15,"enemies":"Hexaghost","floor":16,"turns":5},{"damage":0,"enemies":"Spheric Guardian","floor":18,"turns":2},{"damage":0,"enemies":"2 Thieves","floor":21,"turns":2},{"damage":0,"enemies":"Snecko","floor":22,"turns":3},{"damage":0,"enemies":"Chosen and Byrds","floor":24,"turns":3},{"damage":0,"enemies":"3 Cultists","floor":28,"turns":3},{"damage":54,"enemies":"Champ","floor":33,"turns":7},{"damage":3,"enemies":"3 Shapes","floor":35,"turns":3},{"damage":16,"enemies":"3 Darklings","floor":37,"turns":4},{"damage":0,"enemies":"Transient","floor":38,"turns":3},{"damage":0,"enemies":"Reptomancer","floor":40,"turns":1},{"damage":0,"enemies":"Writhing Mass","floor":42,"turns":1},{"damage":0,"enemies":"Maw","floor":47,"turns":1},{"damage":0,"enemies":"Jaw Worm Horde","floor":48,"turns":1},{"damage":0,"enemies":"Time Eater","floor":50,"turns":1}],"seed_played":"-2831980186555037434","potions_obtained":[],"is_trial":false,"path_per_floor":["M","?","$","M","?","E","R","E","T","R","E","M","M","$","R","B",null,"M","$","T","M","M","R","M","?","T","R","M","$","?","T","R","B",null,"M","?","M","M","?","E","R","M","T","?","T","?","M","M","R","B",null],"character_chosen":"WATCHER","items_purchased":[],"campfire_rested":7,"item_purchase_floors":[],"current_hp_per_floor":[72,72,72,72,72,72,72,72,72,72,54,54,54,54,72,57,72,72,72,72,72,72,72,72,72,72,72,72,72,72,72,72,18,72,69,72,56,72,68,68,68,68,68,68,68,68,68,68,68,68],"gold":237,"neow_bonus":"HUNDRED_GOLD","is_daily":false,"chose_seed":false,"campfire_upgraded":0,"win_rate":0.0,"timestamp":1609100335,"path_taken":["M","?","$","M","?","E","R","E","T","R","E","M","M","$","R","BOSS","M","$","?","M","M","R","M","?","T","R","M","$","?","?","R","BOSS","M","?","?","M","?","E","R","M","T","?","?","?","M","M","R","BOSS"],"items_purchased_type":[],"build_version":"2020-12-22","purchased_purges":0,"victory":true,"max_hp_per_floor":[72,72,72,72,72,72,72,72,72,72,72,72,72,72,72,72,72,72,72,72,72,72,72,72,72,72,72,72,72,72,72,72,72,72,72,72,72,72,68,68,68,68,68,68,68,68,68,68,68,68],"card_choices":[{"not_picked":["EmptyBody","Protect","BowlingBash"],"picked":"SKIP","floor":1},{"not_picked":["Vengeance","EmptyBody","CutThroughFate"],"picked":"SKIP","floor":4},{"not_picked":["SashWhip","EmptyFist","Crescendo"],"picked":"SKIP","floor":6},{"not_picked":["EmptyFist","SignatureMove","Devotion"],"picked":"SKIP","floor":8},{"not_picked":["BowlingBash","ClearTheMind","Wallop"],"picked":"SKIP","floor":11},{"not_picked":["Perseverance","SashWhip","PathToVictory"],"picked":"SKIP","floor":12},{"not_picked":["Crescendo","Perseverance","FlyingSleeves"],"picked":"SKIP","floor":13},{"not_picked":["FlyingSleeves+1","BowlingBash+1","MentalFortress+1"],"picked":"SKIP","floor":18},{"not_picked":["Vengeance","FollowUp","BowlingBash"],"picked":"SKIP","floor":21},{"not_picked":["WaveOfTheHand","FlurryOfBlows","FollowUp"],"picked":"SKIP","floor":22},{"not_picked":["WreathOfFlame","Blasphemy","ForeignInfluence"],"picked":"SKIP","floor":24},{"not_picked":["PathToVictory+1","MentalFortress","FlurryOfBlows"],"picked":"SKIP","floor":28},{"not_picked":["ThirdEye","EmptyBody+1","Crescendo+1"],"picked":"SKIP","floor":35},{"not_picked":["Crescendo","FollowUp+1","Conclude"],"picked":"SKIP","floor":37},{"not_picked":["SashWhip","Nirvana+1","FlyingSleeves+1"],"picked":"SKIP","floor":38},{"not_picked":["Fasting2","BowlingBash","Weave+1"],"picked":"SKIP","floor":40},{"not_picked":["Prostrate+1","MentalFortress+1","Wallop"],"picked":"SKIP","floor":42},{"not_picked":["FearNoEvil+1","CarveReality","CutThroughFate"],"picked":"SKIP","floor":47},{"not_picked":["EmptyFist+1","MentalFortress+1","ThirdEye"],"picked":"SKIP","floor":48}],"player_experience":25870,"relics_obtained":[],"event_choices":[{"cards_removed":["Tantrum"],"damage_healed":0,"gold_gain":0,"player_choice":"Forget","damage_taken":0,"max_hp_gain":0,"max_hp_loss":0,"event_name":"Living Wall","floor":2,"gold_loss":0},{"damage_healed":0,"gold_gain":0,"player_choice":"0 cards matched","damage_taken":0,"max_hp_gain":0,"max_hp_loss":0,"event_name":"Match and Keep!","floor":5,"gold_loss":0,"cards_obtained":[]},{"damage_healed":0,"gold_gain":0,"player_choice":"Ignored","damage_taken":0,"max_hp_gain":0,"max_hp_loss":0,"event_name":"Beggar","floor":25,"gold_loss":0},{"damage_healed":0,"gold_gain":0,"player_choice":"Ignored","damage_taken":0,"max_hp_gain":0,"max_hp_loss":0,"event_name":"The Mausoleum","floor":30,"gold_loss":0},{"cards_removed":["Tantrum"],"damage_healed":3,"gold_gain":0,"player_choice":"Offered Uncommon","damage_taken":0,"max_hp_gain":0,"max_hp_loss":0,"event_name":"Bonfire Elementals","floor":36,"gold_loss":0},{"damage_healed":0,"gold_gain":0,"player_choice":"Max HP","damage_taken":0,"max_hp_gain":0,"max_hp_loss":4,"event_name":"Winding Halls","floor":39,"gold_loss":0},{"cards_removed":["Vault"],"damage_healed":0,"gold_gain":0,"player_choice":"Removed Skill","damage_taken":0,"max_hp_gain":0,"max_hp_loss":0,"event_name":"Falling","floor":44,"gold_loss":0},{"damage_healed":0,"gold_gain":0,"player_choice":"Ignored","damage_taken":0,"max_hp_gain":0,"max_hp_loss":0,"event_name":"Tomb of Lord Red Mask","floor":46,"gold_loss":0}],"is_beta":false,"boss_relics":[{"not_picked":["Fusion Hammer","Empty Cage","Philosopher\u0027s Stone"]},{"not_picked":["Fusion Hammer","Empty Cage","Philosopher\u0027s Stone"]}],"items_purged_floors":[],"is_endless":false,"potions_floor_spawned":[6,11,13,18,22,24,37,40],"ascension_level":1}}