{"host":"6r341r9cz00j2qc1","time":1609085873,"event":{"mods":["BaseMod","Downfall","Hermit","Lobotomy","Minty Spire (QoL Compilation)","Shop Mod","StSLib","The Bug Knight"],"gold_per_floor":[110,110,130,145,209,209,223,241,241,259,259,259,259,259,259,363,363,344,344,355,94,94,94,94,94,94,114,114,114],"floor_reached":28,"playtime":2631,"items_purged":[],"score":208,"play_id":"ec302571-e59d-423d-af9f-ec87875c53a3","local_time":"20201227171753","is_ascension_mode":false,"campfire_choices":[{"data":"hermit:FullyLoaded","floor":6,"key":"SMITH"},{"floor":11,"key":"REST"},{"floor":13,"key":"REST"},{"data":"hermit:Glare","floor":15,"key":"SMITH"},{"data":"hermit:DeadOrAlive","floor":23,"key":"SMITH"},{"data":"hermit:Quickdraw","floor":25,"key":"SMITH"}],"circlet_count":0,"master_deck":["hermit:Strike_Hermit","hermit:Strike_Hermit","hermit:Strike_Hermit","hermit:Strike_Hermit","hermit:Defend_Hermit","hermit:Defend_Hermit","hermit:Defend_Hermit","hermit:Defend_Hermit","hermit:Snapshot","hermit:Covet","Wellcheers","hermit:Maintenance+1","Bloodbath","hermit:FullyLoaded+1","OldLady","hermit:TakeAim","Scorched","hermit:Quickdraw","ShyLook","hermit:Quickdraw+1","hermit:Glare+1","CherryBlossoms","hermit:DeadOrAlive+1","Rudolta","hermit:Headshot","hermit:Glare+1","hermit:Maintenance+1","Mercenary","hermit:LoneWolf+1"],"relics":["hermit:Momento","CogitoBucket","hermit:Spyglass","TreeSap","SlaversCollar","Ornamental Fan","MutagenicStrength","Bottled Flame"],"acts_visited":["Exordium","TheCity"],"potions_floor_usage":[10,16,16,28,28],"damage_taken":[{"damage":1,"enemies":"Jaw Worm","floor":1,"turns":4},{"damage":0,"enemies":"Small Slimes","floor":3,"turns":3},{"damage":1,"enemies":"2 Louse","floor":4,"turns":3},{"damage":35,"enemies":"Large Slime","floor":7,"turns":10},{"damage":0,"enemies":"Looter","floor":8,"turns":2},{"damage":26,"enemies":"Exordium Thugs","floor":10,"turns":14},{"damage":30,"enemies":"The Guardian","floor":16,"turns":14},{"damage":4,"enemies":"2 Thieves","floor":18,"turns":4},{"damage":14,"enemies":"Chosen","floor":20,"turns":6},{"damage":15,"enemies":"Snecko","floor":27,"turns":6},{"damage":63,"enemies":"3 Cultists","floor":28,"turns":3}],"seed_played":"8942521501393630563","potions_obtained":[{"floor":3,"key":"DuplicationPotion"},{"floor":4,"key":"Block Potion"},{"floor":7,"key":"hexamod:EctoCoolerPotion"},{"floor":10,"key":"hexamod:EctoCoolerPotion"},{"floor":18,"key":"SteroidPotion"},{"floor":20,"key":"sneckomod:MuddlingPotion"}],"is_trial":false,"path_per_floor":["M","?","M","M","?","R","M","M","T","M","R","?","R","?","R","B",null,"M","?","M","$","?","R","?","R","T","M","M"],"character_chosen":"HERMIT","items_purchased":["Ornamental Fan"],"campfire_rested":2,"item_purchase_floors":[21],"current_hp_per_floor":[74,74,75,75,75,75,45,48,48,26,48,48,70,70,70,47,75,75,75,62,62,62,62,62,62,62,48,0,0],"gold":114,"neow_bonus":"","is_daily":false,"chose_seed":false,"campfire_upgraded":4,"win_rate":0.0,"timestamp":1609085873,"path_taken":["M","?","M","M","?","R","M","M","T","M","R","?","R","?","R","BOSS","M","?","M","$","?","R","?","R","T","?","M"],"items_purchased_type":["Relic"],"build_version":"2020-12-22","purchased_purges":0,"victory":false,"max_hp_per_floor":[75,75,75,75,75,75,75,75,75,75,75,75,75,75,75,75,75,75,75,75,75,75,75,75,75,75,75,75,75],"card_choices":[{"not_picked":["WallGazer","RedShoes"],"picked":"Wellcheers","floor":1},{"not_picked":["hermit:Desperado","hermit:Manifest"],"picked":"hermit:Maintenance","floor":1},{"not_picked":["PunishingBird","Yin"],"picked":"Bloodbath","floor":3},{"not_picked":["hermit:Misfire","hermit:EyeOfTheStorm"],"picked":"hermit:FullyLoaded","floor":3},{"not_picked":["Woodsman","MeatLantern"],"picked":"OldLady","floor":4},{"not_picked":["hermit:Snipe","hermit:Desperado"],"picked":"hermit:TakeAim","floor":4},{"not_picked":["GreedKing","MHz","Scarecrow"],"picked":"Singing Bowl","floor":7},{"not_picked":["Scarecrow","FairyFestival"],"picked":"Scorched","floor":7},{"not_picked":["hermit:BigShot","hermit:Roulette"],"picked":"hermit:Quickdraw","floor":7},{"not_picked":["MHz","SpiderBud"],"picked":"ShyLook","floor":8},{"not_picked":["hermit:TakeAim","hermit:Glare"],"picked":"hermit:Quickdraw","floor":8},{"not_picked":["QueenBee","MHz","UniverseFragment"],"picked":"Singing Bowl","floor":10},{"not_picked":["hermit:HeroicBravado","hermit:BodyArmor"],"picked":"hermit:Glare","floor":10},{"not_picked":["Murderer","PunishingBird"],"picked":"CherryBlossoms","floor":16},{"not_picked":["hermit:Gambit","hermit:Dissolve"],"picked":"hermit:DeadOrAlive","floor":16},{"not_picked":["RedShoes","WhitesApple"],"picked":"Rudolta","floor":18},{"not_picked":["hermit:ItchyTrigger+1","hermit:SprayPray","hermit:PistolWhip+1"],"picked":"SKIP","floor":18},{"not_picked":["BigBadWolf","SpiderBud","LittlePrince"],"picked":"Singing Bowl","floor":20},{"not_picked":["hermit:Misfire","hermit:Desperado"],"picked":"hermit:Glare+1","floor":20},{"not_picked":["MHz","SpiderBud"],"picked":"Mercenary","floor":27},{"not_picked":["hermit:Roulette","hermit:Enervate"],"picked":"hermit:LoneWolf+1","floor":27}],"player_experience":439520,"relics_obtained":[{"floor":9,"key":"hermit:Spyglass"},{"floor":26,"key":"Bottled Flame"}],"event_choices":[{"damage_healed":0,"gold_gain":0,"player_choice":"Grow","damage_taken":0,"max_hp_gain":0,"max_hp_loss":0,"event_name":"Living Wall","floor":2,"gold_loss":0,"cards_upgraded":["hermit:Maintenance"]},{"damage_healed":0,"gold_gain":64,"player_choice":"Gained Gold","damage_taken":0,"max_hp_gain":0,"max_hp_loss":0,"event_name":"Golden Wing","floor":5,"gold_loss":0},{"damage_healed":0,"gold_gain":0,"player_choice":"Searched \u00270\u0027 times","damage_taken":0,"max_hp_gain":0,"max_hp_loss":0,"event_name":"Dead Adventurer","floor":12,"gold_loss":0},{"damage_healed":0,"gold_gain":0,"player_choice":"Leave","damage_taken":0,"max_hp_gain":0,"max_hp_loss":0,"event_name":"The Cleric","floor":14,"gold_loss":0},{"damage_healed":0,"gold_gain":0,"player_choice":"Read","damage_taken":0,"max_hp_gain":0,"max_hp_loss":0,"event_name":"The Library","floor":19,"gold_loss":0,"cards_obtained":["hermit:Headshot"]},{"damage_healed":0,"gold_gain":0,"player_choice":"Inject Mutagens","damage_taken":0,"relics_obtained":["MutagenicStrength"],"max_hp_gain":0,"max_hp_loss":0,"event_name":"Drug Dealer","floor":22,"gold_loss":0},{"damage_healed":0,"gold_gain":0,"player_choice":"Copied","damage_taken":0,"max_hp_gain":0,"max_hp_loss":0,"event_name":"Duplicator","floor":24,"gold_loss":0,"cards_obtained":["hermit:Maintenance"]}],"is_beta":false,"boss_relics":[{"not_picked":["SacredBark","Black Star"],"picked":"SlaversCollar"}],"items_purged_floors":[],"is_endless":false,"potions_floor_spawned":[3,4,7,8,10,18,20],"killed_by":"3 Cultists","ascension_level":0}}