{"host":"odz7g4gpgch153rb","time":1609102162,"event":{"mods":["AchievementEnabler","BaseMod","Better Match","Better Third Choice","BetterRewards","GifTheSpireLib","Infinite Spire","Jedi Mod","Minty Spire (QoL Compilation)","Quick Restart","Replay The Spire","Spikes Relics","StSLib","Stuff the Spire","The Blue Laboratory","Trackpad"],"gold_per_floor":[113,113,124,1,1,1,33,46,72,72,88,88,106,117,117,194,194,207,7,21,21,21,21,54,69,92,25,55,55,70,70,70,143,193,212,212,0,19,19,19,54,65,119,137,156,84,84,99,99,99],"floor_reached":51,"playtime":2843,"items_purged":["Strike_B","Strike_B","Strike_B","Strike_B"],"score":1499,"play_id":"8960a629-3c1b-497a-9180-501e1c27e3f2","local_time":"20201227154922","is_ascension_mode":true,"campfire_choices":[{"data":"Zap","floor":6,"key":"SMITH"},{"data":"Ball Lightning","floor":12,"key":"SMITH"},{"floor":15,"key":"REST"},{"floor":23,"key":"REST"},{"data":"infinitespire:Gouge","floor":29,"key":"SMITH"},{"data":"ReplayTheSpireMod:Black Plague","floor":32,"key":"SMITH"},{"floor":40,"key":"REST"},{"floor":49,"key":"REST"}],"circlet_count":0,"master_deck":["AscendersBane","Defend_B+1","Defend_B","Defend_B","Defend_B","Zap+1","Dualcast+1","Mayhem+1","Melter","Ball Lightning+1","Ball Lightning","Machine Learning","Static Discharge","Static Discharge","infinitespire:Gouge+1","ReplayTheSpireMod:Black Plague+1","Electrodynamics+1","Machine Learning","Thunder Strike","jedi:BurstLightning","jedi:locknload","infinitespire:TheBestDefense","jedi:LeechingStrike"],"relics":["Cracked Core","Replay:PocketPolymizer","trackpad:DisasterInABottle","War Paint","infinitespire:Freezer","Velvet Choker","Inserter","HornCleat","Nloth\u0027s Gift","Turnip","trackpad:FocusingLens","SuspiciousGoo","Tiny House","ClockworkSouvenir","Red Mask","Sundial","Vajra"],"acts_visited":["Exordium","TheCity","TheBeyond"],"potions_floor_usage":[7,14,16,18,24,28,44,45,50,50],"damage_taken":[{"damage":0,"enemies":"Small Slimes","floor":1,"turns":2},{"damage":0,"enemies":"2 Louse","floor":3,"turns":1},{"damage":10,"enemies":"Lagavulin","floor":7,"turns":3},{"damage":0,"enemies":"Cultist","floor":8,"turns":3},{"damage":0,"enemies":"Blue Slaver","floor":11,"turns":3},{"damage":10,"enemies":"Gremlin Gang","floor":13,"turns":2},{"damage":8,"enemies":"Exordium Thugs","floor":14,"turns":3},{"damage":5,"enemies":"Slime Boss","floor":16,"turns":8},{"damage":5,"enemies":"3 Byrds","floor":18,"turns":4},{"damage":25,"enemies":"Shell Parasite","floor":20,"turns":3},{"damage":5,"enemies":"Gremlin Leader","floor":24,"turns":4},{"damage":3,"enemies":"Centurion and Healer","floor":25,"turns":4},{"damage":1,"enemies":"Book of Stabbing","floor":28,"turns":4},{"damage":0,"enemies":"Snecko","floor":30,"turns":4},{"damage":15,"enemies":"Collector","floor":33,"turns":6},{"damage":30,"enemies":"3 Shapes","floor":35,"turns":2},{"damage":2,"enemies":"Orb Walker","floor":38,"turns":3},{"damage":29,"enemies":"Giant Head","floor":41,"turns":8},{"damage":20,"enemies":"Writhing Mass","floor":42,"turns":3},{"damage":2,"enemies":"Jaw Worm Horde","floor":44,"turns":4},{"damage":0,"enemies":"Sphere and 2 Shapes","floor":45,"turns":3},{"damage":0,"enemies":"Transient","floor":48,"turns":5},{"damage":23,"enemies":"Donu and Deca","floor":50,"turns":5}],"seed_played":"4498997588257990661","potions_obtained":[{"floor":5,"key":"Toxic Potion"},{"floor":7,"key":"jedi:coolantleak"},{"floor":13,"key":"blueLaboratory:BiasPotion"},{"floor":14,"key":"blueLaboratory:FrostheartPotion"},{"floor":16,"key":"Regen Potion"},{"floor":20,"key":"Energy Potion"},{"floor":24,"key":"Milkshake"},{"floor":25,"key":"Block Potion"},{"floor":30,"key":"SpeedPotion"},{"floor":34,"key":"jedi:holywater"},{"floor":44,"key":"Fire Potion"},{"floor":48,"key":"Swift Potion"}],"is_trial":false,"path_per_floor":["M","?","M","$","?","R","E","M","T","$","M","R","M","M","R","B",null,"M","$","M","AVR","?","R","E","M","T","$","E","R","M","$","R","B",null,"M","AVR","?","M","?","R","E","M","T","M","M","$","?","M","R","B",null],"character_chosen":"DEFECT","items_purchased":["Mayhem","trackpad:DisasterInABottle","Melter","Ball Lightning","Static Discharge","MealTicket","Electrodynamics","EssenceOfSteel"],"campfire_rested":4,"item_purchase_floors":[0,0,0,4,19,19,27,46],"current_hp_per_floor":[34,34,34,34,34,34,24,24,24,24,24,24,14,6,27,22,59,66,66,41,41,41,62,57,54,54,54,53,53,53,53,53,38,68,38,38,38,36,36,58,29,9,9,7,7,7,7,17,39,47],"gold":99,"neow_bonus":"","is_daily":false,"chose_seed":false,"campfire_upgraded":4,"win_rate":0.0,"timestamp":1609102162,"path_taken":["M","?","M","$","?","R","E","M","T","$","M","R","M","?","R","BOSS","M","$","M","AVR","?","R","E","M","T","$","E","R","?","?","R","BOSS","M","AVR","?","M","?","R","E","M","T","M","M","?","?","?","R","BOSS"],"items_purchased_type":["Card","Relic","Card","Card","Card","Relic","Card","Potion"],"build_version":"2020-12-22","purchased_purges":4,"victory":true,"max_hp_per_floor":[71,71,71,71,71,71,71,71,71,71,71,71,71,71,71,71,71,71,71,71,71,71,71,71,71,71,71,71,71,71,71,71,71,76,76,76,76,76,76,76,76,76,76,76,76,76,76,76,76,76],"card_choices":[{"not_picked":["StuffTheSpire:LoadUp","Stack"],"picked":"Ball Lightning","floor":1},{"not_picked":["Time Bomb","Gash","Beam Cell"],"picked":"SKIP","floor":3},{"not_picked":["Gash","Fission","StuffTheSpire:Plugnplay"],"picked":"SKIP","floor":7},{"not_picked":["Rebound","Barrage","Redo"],"picked":"SKIP","floor":8},{"not_picked":["Panic Button","Barrage","jedi:BurstFrost"],"picked":"SKIP","floor":11},{"not_picked":["Streamline","Beam Cell","jedi:blockon"],"picked":"SKIP","floor":13},{"not_picked":["Sweeping Beam","ReplayTheSpireMod:System Scan","Cold Snap"],"picked":"SKIP","floor":14},{"not_picked":["ReplayTheSpireMod:Omega Cannon","jedi:meditation"],"picked":"Machine Learning","floor":16},{"not_picked":["Conserve Battery","Fusion","BasicCrystalCard"],"picked":"SKIP","floor":18},{"not_picked":["White Noise","Turbo","Tempest"],"picked":"SKIP","floor":20},{"not_picked":["Seek","Amplify","ReplayTheSpireMod:Repulse"],"picked":"SKIP","floor":24},{"not_picked":["Panic Button","Streamline","StuffTheSpire:LoadUp"],"picked":"SKIP","floor":25},{"not_picked":["Steam","Go for the Eyes"],"picked":"Machine Learning","floor":28},{"not_picked":["jedi:hex+1","ReplaySolidLightProjector","ReplayTheSpireMod:System Scan"],"picked":"SKIP","floor":30},{"not_picked":["ReplayTheSpireMod:Omega Cannon","StuffTheSpire:EventHorizon"],"picked":"Thunder Strike","floor":33},{"not_picked":["Turbo","Streamline"],"picked":"jedi:BurstLightning","floor":34},{"not_picked":["Rebound+1","ReplaySort"],"picked":"jedi:locknload","floor":35},{"not_picked":["Doom and Gloom+1","StuffTheSpire:LoadUp+1","jedi:BurstDark"],"picked":"SKIP","floor":38},{"not_picked":["Compile Driver","Creative AI","jedi:BurstLightning+1"],"picked":"SKIP","floor":41},{"not_picked":["Compile Driver","Creative AI","jedi:BurstLightning+1"],"picked":"SKIP","floor":41},{"not_picked":["Gash","Panic Button","StuffTheSpire:SnapShoot"],"picked":"SKIP","floor":42},{"not_picked":["jedi:hex","Meteor Strike","Compile Driver"],"picked":"SKIP","floor":44},{"not_picked":["Barrage","Skim","Gash"],"picked":"SKIP","floor":45},{"not_picked":["jedi:forcepull","Enlightenment"],"picked":"jedi:LeechingStrike","floor":47},{"not_picked":["Hologram","Leap","Hyperbeam"],"picked":"SKIP","floor":48}],"player_experience":942869,"relics_obtained":[{"floor":7,"key":"War Paint"},{"floor":9,"key":"infinitespire:Freezer"},{"floor":24,"key":"Turnip"},{"floor":26,"key":"trackpad:FocusingLens"},{"floor":28,"key":"SuspiciousGoo"},{"floor":41,"key":"Sundial"},{"floor":43,"key":"Vajra"}],"event_choices":[{"damage_healed":0,"gold_gain":0,"player_choice":"Grow","damage_taken":0,"max_hp_gain":0,"max_hp_loss":0,"event_name":"Living Wall","floor":2,"gold_loss":0,"cards_upgraded":["Mayhem"]},{"damage_healed":0,"gold_gain":0,"player_choice":"Got Potions","damage_taken":0,"max_hp_gain":0,"max_hp_loss":0,"event_name":"Lab","floor":5,"gold_loss":0},{"damage_healed":0,"gold_gain":0,"player_choice":"Traded Relic","damage_taken":0,"relics_obtained":["Nloth\u0027s Gift"],"max_hp_gain":0,"max_hp_loss":0,"event_name":"N\u0027loth","floor":22,"relics_lost":["MealTicket"],"gold_loss":0},{"damage_healed":0,"gold_gain":0,"player_choice":"Paid","damage_taken":0,"relics_obtained":["Red Mask"],"max_hp_gain":0,"max_hp_loss":0,"event_name":"Tomb of Lord Red Mask","floor":37,"gold_loss":212},{"damage_healed":0,"gold_gain":0,"player_choice":"Memory 1","damage_taken":0,"max_hp_gain":0,"max_hp_loss":0,"event_name":"SensoryStone","floor":47,"gold_loss":0}],"is_beta":false,"boss_relics":[{"not_picked":["Philosopher\u0027s Stone","StuffTheSpire:RunicHypercube"],"picked":"Velvet Choker"},{"not_picked":["StuffTheSpire:RunicConfusion","Abe\u0027s Treasure"],"picked":"Tiny House"}],"items_purged_floors":[0,4,21,36],"is_endless":false,"potions_floor_spawned":[7,13,14,16,20,24,25,30,35,41,44,48],"ascension_level":14}}