{"host":"8u7tvcybuv0u72fd","time":1609052214,"event":{"mods":["BaseMod","BetterRewards","Colored Map","Colored Powertips","Minty Spire (QoL Compilation)","Quick Restart","Shop Mod"],"gold_per_floor":[118,118,118,132,132,132,150,150,150,150,168,168,209,209,209,339,339,358,273,287,30,30,62,62,72,72,72,72,95,95,95,95,203,262,280,309,309,325,275,275,300,300,300],"floor_reached":42,"playtime":2213,"items_purged":["Strike_R","Defend_R","Strike_R+1"],"score":614,"play_id":"11398e44-bd71-48f2-835b-45e4f893e577","local_time":"20201227015654","is_ascension_mode":false,"campfire_choices":[{"data":"Dramatic Entrance","floor":6.0,"key":"SMITH"},{"data":"Bash","floor":8.0,"key":"SMITH"},{"data":"Blood for Blood","floor":15.0,"key":"SMITH"},{"data":"Barricade","floor":24.0,"key":"SMITH"},{"data":"Offering","floor":27.0,"key":"SMITH"},{"data":"Iron Wave","floor":30.0,"key":"SMITH"},{"data":"Ghostly Armor","floor":32.0,"key":"SMITH"},{"floor":40.0,"key":"RECALL"}],"circlet_count":0,"master_deck":["Strike_R+1","Strike_R+1","Strike_R+1","Defend_R+1","Defend_R+1","Defend_R+1","Bash+1","Shrug It Off+1","Dramatic Entrance+1","Iron Wave+1","Offering+1","Blood for Blood+1","Barricade+1","Ghostly Armor+1","Impervious+1","Headbutt","Disarm+1","Flex+1"],"relics":["Burning Blood","Ancient Tea Set","Blue Candle","Mercury Hourglass","Lantern","Tiny Chest","Smiling Mask","Bloody Idol","Bag of Preparation","CeramicFish","Runic Cube","Strawberry","War Paint","Question Card","Juzu Bracelet","Tiny House"],"acts_visited":["Exordium","TheCity","TheBeyond"],"potions_floor_usage":[],"damage_taken":[{"damage":0.0,"enemies":"Small Slimes","floor":1.0,"turns":2.0},{"damage":0.0,"enemies":"2 Louse","floor":4.0,"turns":2.0},{"damage":1.0,"enemies":"Jaw Worm","floor":7.0,"turns":2.0},{"damage":0.0,"enemies":"Exordium Wildlife","floor":11.0,"turns":2.0},{"damage":6.0,"enemies":"3 Sentries","floor":13.0,"turns":4.0},{"damage":24.0,"enemies":"Hexaghost","floor":16.0,"turns":6.0},{"damage":6.0,"enemies":"Chosen","floor":18.0,"turns":4.0},{"damage":6.0,"enemies":"Shell Parasite","floor":20.0,"turns":5.0},{"damage":9.0,"enemies":"Slavers","floor":23.0,"turns":3.0},{"damage":6.0,"enemies":"3 Cultists","floor":25.0,"turns":4.0},{"damage":6.0,"enemies":"Snake Plant","floor":29.0,"turns":3.0},{"damage":57.0,"enemies":"Collector","floor":33.0,"turns":20.0},{"damage":6.0,"enemies":"Orb Walker","floor":35.0,"turns":4.0},{"damage":9.0,"enemies":"3 Shapes","floor":36.0,"turns":4.0},{"damage":7.0,"enemies":"3 Darklings","floor":38.0,"turns":9.0},{"damage":6.0,"enemies":"Maw","floor":41.0,"turns":11.0},{"damage":108,"enemies":"Giant Head","floor":42,"turns":11}],"seed_played":"-5631079961221441486","potions_obtained":[{"floor":7.0,"key":"DistilledChaos"},{"floor":20.0,"key":"Explosive Potion"},{"floor":29.0,"key":"Energy Potion"},{"floor":33.0,"key":"DuplicationPotion"},{"floor":34.0,"key":"Explosive Potion"},{"floor":36.0,"key":"Fire Potion"}],"is_trial":false,"path_per_floor":["M","?","?","M","$","R","M","R","T","?","M","?","E","T","R","B",null,"M","?","M","$","?","E","R","M","T","R","T","M","R","?","R","B",null,"M","M","?","M","$","R","M","E"],"character_chosen":"IRONCLAD","items_purchased":["Ancient Tea Set","Blue Candle","Mercury Hourglass","Lantern","Shrug It Off","Dramatic Entrance","Energy Potion","BlessingOfTheForge","FearPotion","War Paint","Fruit Juice"],"campfire_rested":0,"item_purchase_floors":[0,0,0,0,0,0,0,0,0,21,21],"current_hp_per_floor":[54,38,31,37,37,37,42,42,42,42,48,48,48,48,48,30,80,80,87,87,92,92,92,92,92,92,92,92,92,92,92,92,51,97,97,97,97,97,97,97,97,0,0],"gold":300,"neow_bonus":"","is_daily":false,"chose_seed":false,"campfire_upgraded":7,"win_rate":0.0,"timestamp":1609052214,"path_taken":["M","?","?","M","$","R","M","R","T","?","?","?","E","?","R","BOSS","M","?","M","$","?","E","R","?","T","R","?","M","R","?","R","BOSS","M","M","?","M","$","R","M","E"],"items_purchased_type":["Relic","Relic","Relic","Relic","Card","Card","Potion","Potion","Potion","Relic","Potion"],"build_version":"2020-12-22","purchased_purges":3,"victory":false,"max_hp_per_floor":[80,80,80,80,80,80,80,80,80,80,80,80,80,80,80,80,80,80,87,87,92,92,92,92,92,92,92,92,92,92,92,92,92,97,97,97,97,97,97,97,97,97,97],"card_choices":[{"not_picked":["Sever Soul","Clash","Perfected Strike"],"picked":"SKIP","floor":1.0},{"not_picked":["Thunderclap","Perfected Strike","True Grit"],"picked":"SKIP","floor":4.0},{"not_picked":["Clothesline","Armaments"],"picked":"Iron Wave","floor":7.0},{"not_picked":["Shrug It Off","Power Through"],"picked":"Offering","floor":11.0},{"not_picked":["Havoc","Feel No Pain"],"picked":"Blood for Blood","floor":13.0},{"not_picked":["Impervious","Juggernaut"],"picked":"Barricade","floor":16.0},{"not_picked":["Heavy Blade","Wild Strike","Burning Pact"],"picked":"SKIP","floor":18.0},{"not_picked":["Perfected Strike","Bloodletting+1","Thunderclap"],"picked":"SKIP","floor":20.0},{"not_picked":["Intimidate","Fire Breathing+1","Whirlwind"],"picked":"SKIP","floor":23.0},{"not_picked":["True Grit","Iron Wave+1","Pommel Strike","Wild Strike"],"picked":"SKIP","floor":25.0},{"not_picked":["Clash","Clothesline","Pummel"],"picked":"Ghostly Armor","floor":29.0},{"not_picked":["Limit Break","Double Tap","Reaper"],"picked":"Impervious","floor":33.0},{"not_picked":["Intimidate+1","True Grit+1","Twin Strike"],"picked":"Headbutt","floor":34.0},{"not_picked":["Twin Strike","Spot Weakness+1","Sword Boomerang","True Grit+1"],"picked":"SKIP","floor":35.0},{"not_picked":["Infernal Blade+1","Flex+1","Searing Blow+1"],"picked":"Disarm+1","floor":36.0},{"not_picked":["Searing Blow+1","Carnage+1","Shrug It Off","Berserk"],"picked":"SKIP","floor":38.0},{"not_picked":["Wild Strike","Clothesline","Warcry+1"],"picked":"Flex+1","floor":41.0}],"player_experience":1227953,"relics_obtained":[{"floor":9.0,"key":"Smiling Mask"},{"floor":13.0,"key":"Bag of Preparation"},{"floor":14.0,"key":"CeramicFish"},{"floor":23.0,"key":"Question Card"},{"floor":26.0,"key":"Juzu Bracelet"}],"event_choices":[{"damage_healed":0.0,"max_hp_gain":0.0,"max_hp_loss":0.0,"gold_gain":0.0,"event_name":"Shining Light","player_choice":"Entered Light","floor":2.0,"gold_loss":0.0,"damage_taken":16.0,"cards_upgraded":["Shrug It Off","Strike_R"]},{"damage_healed":0.0,"max_hp_gain":0.0,"max_hp_loss":0.0,"gold_gain":0.0,"event_name":"Scrap Ooze","player_choice":"Success","floor":3.0,"gold_loss":0.0,"damage_taken":7.0,"relics_obtained":["Tiny Chest"]},{"damage_healed":0.0,"max_hp_gain":0.0,"max_hp_loss":0.0,"gold_gain":0.0,"event_name":"Golden Idol","player_choice":"Take Wound","floor":10.0,"gold_loss":0.0,"damage_taken":0.0,"relics_obtained":["Golden Idol"],"cards_obtained":["Injury"]},{"cards_removed":["Injury"],"damage_healed":0.0,"max_hp_gain":0.0,"max_hp_loss":0.0,"gold_gain":0.0,"event_name":"Wheel of Change","player_choice":"Card Removal","floor":12.0,"gold_loss":0.0,"damage_taken":0.0},{"damage_healed":0.0,"max_hp_gain":0.0,"max_hp_loss":0.0,"gold_gain":0.0,"event_name":"Addict","player_choice":"Obtained Relic","floor":19.0,"gold_loss":85.0,"damage_taken":0.0,"relics_obtained":["Strawberry"]},{"damage_healed":0.0,"max_hp_gain":0.0,"max_hp_loss":0.0,"gold_gain":0.0,"event_name":"Forgotten Altar","player_choice":"Gave Idol","floor":22.0,"relics_lost":["Golden Idol"],"gold_loss":0.0,"damage_taken":0.0,"relics_obtained":["Bloody Idol"]},{"damage_healed":0.0,"max_hp_gain":0.0,"max_hp_loss":0.0,"gold_gain":0.0,"event_name":"Back to Basics","player_choice":"Simplicity","floor":31.0,"gold_loss":0.0,"damage_taken":0.0,"cards_upgraded":["Strike_R","Strike_R","Strike_R","Defend_R"]},{"damage_healed":0.0,"max_hp_gain":0.0,"max_hp_loss":0.0,"gold_gain":0.0,"event_name":"Mysterious Sphere","player_choice":"Ignored","floor":37.0,"gold_loss":0.0,"damage_taken":0.0}],"is_beta":false,"boss_relics":[{"not_picked":["Fusion Hammer","Coffee Dripper"],"picked":"Runic Cube"},{"not_picked":["Pandora\u0027s Box","Velvet Choker"],"picked":"Tiny House"}],"items_purged_floors":[0,0,39],"is_endless":false,"potions_floor_spawned":[7,11,20,29,33,36],"killed_by":"Giant Head","ascension_level":0}}