{"host":"fevvm7bbzuh4s1jc","time":1609069588,"event":{"mods":["BaseMod","Highlight Path","Minty Spire (QoL Compilation)","Relic Stats"],"gold_per_floor":[114,124,137,137,19,19,54,54,134,156,156,182,200,200,200,273,273,287,305,320,9,9,9,38,54,54,84,115,141,160,179,179,258,258,271,271,287,287,298,328,278,294,317,334,334,366,3,17,17,17,17,17,17,17,49,49],"floor_reached":57,"playtime":4552,"items_purged":["Strike_P","Defend_P","Defend_P","Parasite"],"score":3014,"play_id":"c5041e73-fe37-4eb0-a086-4c65a74584dc","local_time":"20201227064628","is_ascension_mode":true,"campfire_choices":[{"floor":6.0,"key":"REST"},{"floor":8.0,"key":"REST"},{"data":"CrushJoints","floor":11.0,"key":"SMITH"},{"data":"TalkToTheHand","floor":15.0,"key":"SMITH"},{"data":"TalkToTheHand","floor":23.0,"key":"SMITH"},{"data":"TalkToTheHand","floor":32.0,"key":"SMITH"},{"floor":45.0,"key":"RECALL"},{"data":"Wireheading","floor":49.0,"key":"SMITH"},{"data":"DeusExMachina","floor":53,"key":"SMITH"}],"circlet_count":0,"master_deck":["AscendersBane","Strike_P","Strike_P+1","Strike_P","Defend_P","Defend_P","Eruption+1","Vigilance","Consecrate","CrushJoints+1","SashWhip","WaveOfTheHand+1","TalkToTheHand+1","TalkToTheHand+1","FlurryOfBlows","Vault","Wireheading+1","FearNoEvil","Vault","TalkToTheHand+1","Scrawl","Omniscience","DeceiveReality","DeusExMachina+1","Vault","BattleHymn"],"relics":["Philosopher\u0027s Stone","Damaru","Mercury Hourglass","Odd Mushroom","Meat on the Bone","Snecko Eye","DollysMirror","Art of War","Torii","Smiling Mask","Red Mask","Dead Branch","Runic Dome","Lizard Tail","StoneCalendar","Frozen Eye","Yang"],"acts_visited":["TheCity","TheBeyond","TheEnding"],"potions_floor_usage":[56],"damage_taken":[{"damage":13.0,"enemies":"2 Louse","floor":1.0,"turns":3.0},{"damage":10.0,"enemies":"Jaw Worm","floor":2.0,"turns":4.0},{"damage":6.0,"enemies":"Small Slimes","floor":3.0,"turns":2.0},{"damage":16.0,"enemies":"Lagavulin","floor":7.0,"turns":6.0},{"damage":0.0,"enemies":"The Mushroom Lair","floor":10.0,"turns":2.0},{"damage":0.0,"enemies":"3 Sentries","floor":12.0,"turns":2.0},{"damage":0.0,"enemies":"2 Fungi Beasts","floor":13.0,"turns":2.0},{"damage":0.0,"enemies":"Slime Boss","floor":16.0,"turns":5.0},{"damage":6.0,"enemies":"2 Thieves","floor":18.0,"turns":3.0},{"damage":0.0,"enemies":"Spheric Guardian","floor":19.0,"turns":3.0},{"damage":7.0,"enemies":"Shelled Parasite and Fungi","floor":20.0,"turns":7.0},{"damage":12.0,"enemies":"Book of Stabbing","floor":24.0,"turns":6.0},{"damage":0.0,"enemies":"3 Cultists","floor":25.0,"turns":4.0},{"damage":17.0,"enemies":"Slavers","floor":27.0,"turns":4.0},{"damage":0.0,"enemies":"Masked Bandits","floor":28.0,"turns":3.0},{"damage":12.0,"enemies":"Book of Stabbing","floor":29.0,"turns":4.0},{"damage":0.0,"enemies":"Chosen and Byrds","floor":30.0,"turns":4.0},{"damage":1.0,"enemies":"Centurion and Healer","floor":31.0,"turns":8.0},{"damage":1.0,"enemies":"Collector","floor":33.0,"turns":8.0},{"damage":0.0,"enemies":"3 Shapes","floor":35.0,"turns":5.0},{"damage":0.0,"enemies":"Orb Walker","floor":37.0,"turns":1.0},{"damage":0.0,"enemies":"3 Darklings","floor":39.0,"turns":5.0},{"damage":0.0,"enemies":"Reptomancer","floor":40.0,"turns":4.0},{"damage":0.0,"enemies":"Maw","floor":42.0,"turns":7.0},{"damage":0.0,"enemies":"Writhing Mass","floor":44.0,"turns":5.0},{"damage":9.0,"enemies":"Giant Head","floor":46.0,"turns":9.0},{"damage":0.0,"enemies":"Jaw Worm Horde","floor":48.0,"turns":2.0},{"damage":17.0,"enemies":"Awakened One","floor":50.0,"turns":12.0},{"damage":0,"enemies":"Donu and Deca","floor":51,"turns":7},{"damage":0,"enemies":"Shield and Spear","floor":55,"turns":6},{"damage":23,"enemies":"The Heart","floor":56,"turns":10}],"seed_played":"-3983302387495391133","potions_obtained":[{"floor":2.0,"key":"LiquidMemories"},{"floor":3.0,"key":"ColorlessPotion"},{"floor":10.0,"key":"AttackPotion"},{"floor":19.0,"key":"Strength Potion"},{"floor":24.0,"key":"LiquidBronze"},{"floor":25.0,"key":"FearPotion"},{"floor":27.0,"key":"Explosive Potion"},{"floor":31.0,"key":"SkillPotion"},{"floor":35.0,"key":"Ancient Potion"},{"floor":38.0,"key":"DuplicationPotion"},{"floor":38.0,"key":"DistilledChaos"},{"floor":42.0,"key":"SteroidPotion"},{"floor":48.0,"key":"SneckoOil"}],"is_trial":false,"path_per_floor":["M","M","M","?","$","R","E","R","T","?","R","E","M","?","R","B",null,"M","M","M","$","?","R","E","M","T","E","?","E","M","M","R","B",null,"M","?","M","?","M","E","$","M","T","M","R","E","$","M","R","B","B",null,"R","$","E","B",null],"character_chosen":"WATCHER","items_purchased":["WaveOfTheHand","DollysMirror","TalkToTheHand","DeusExMachina","Frozen Eye"],"campfire_rested":2,"item_purchase_floors":[5,21,21,47,47],"current_hp_per_floor":[48,38,32,12,12,32,16,36,36,36,36,36,36,36,36,36,60,54,54,47,47,28,28,28,40,40,35,47,47,47,46,46,45,66,66,66,66,66,66,66,66,66,66,66,66,57,57,57,57,40,40,60,60,60,60,37],"gold":49,"neow_bonus":"BOSS_RELIC","is_daily":false,"chose_seed":false,"campfire_upgraded":6,"win_rate":0.0,"timestamp":1609069588,"path_taken":["M","M","M","?","$","R","E","R","T","?","R","E","M","?","R","BOSS","M","M","?","$","?","R","E","M","T","E","?","E","M","M","R","BOSS","M","?","M","?","M","E","$","?","T","M","R","E","$","M","R","BOSS","BOSS","R","$","E","BOSS"],"items_purchased_type":["Card","Relic","Card","Card","Relic"],"build_version":"2020-12-22","purchased_purges":4,"victory":true,"max_hp_per_floor":[68,68,68,68,68,68,68,68,68,68,68,68,68,68,68,68,68,68,68,68,68,73,73,73,73,73,73,73,73,73,73,73,73,73,73,69,69,69,69,69,69,69,69,69,69,69,66,66,66,66,66,66,66,66,66,66],"relic_stats":{"Lizard Tail":0,"Torii":19,"counters":[31,152],"Dead Branch":[180],"Snecko Eye":[242,228,219,237],"StoneCalendar":[83],"Yang":[36],"Art of War":[2],"Smiling Mask":175,"obtain_stats":[{"Torii":26,"Dead Branch":29,"Damaru":7,"StoneCalendar":46,"Yang":55,"Odd Mushroom":10,"Smiling Mask":27,"Mercury Hourglass":9,"Runic Dome":34,"Frozen Eye":47,"Lizard Tail":40,"DollysMirror":21,"Snecko Eye":17,"Philosopher\u0027s Stone":0,"Art of War":24,"Red Mask":28,"PureWater":0,"Meat on the Bone":12},{"Torii":13,"Dead Branch":16,"Damaru":4,"StoneCalendar":26,"Yang":30,"Odd Mushroom":5,"Smiling Mask":14,"Mercury Hourglass":4,"Runic Dome":19,"Frozen Eye":26,"Lizard Tail":23,"DollysMirror":11,"Snecko Eye":8,"Philosopher\u0027s Stone":0,"Art of War":12,"Red Mask":15,"PureWater":0,"Meat on the Bone":6},{"Torii":49,"Dead Branch":60,"Damaru":15,"StoneCalendar":115,"Yang":142,"Odd Mushroom":17,"Smiling Mask":53,"Mercury Hourglass":15,"Runic Dome":80,"Frozen Eye":115,"Lizard Tail":94,"DollysMirror":39,"Snecko Eye":26,"Philosopher\u0027s Stone":0,"Art of War":45,"Red Mask":56,"PureWater":0,"Meat on the Bone":19}],"Mercury Hourglass":[610],"Meat on the Bone":60},"card_choices":[{"not_picked":["Evaluate","PathToVictory"],"picked":"Consecrate","floor":1.0},{"not_picked":["Consecrate","PathToVictory"],"picked":"CrushJoints","floor":2.0},{"not_picked":["PathToVictory","Prostrate"],"picked":"SashWhip","floor":3.0},{"not_picked":["SignatureMove","FlyingSleeves"],"picked":"TalkToTheHand","floor":7.0},{"not_picked":["ForeignInfluence","Prostrate"],"picked":"TalkToTheHand","floor":12.0},{"not_picked":["DevaForm","InnerPeace"],"picked":"FlurryOfBlows","floor":13.0},{"not_picked":["Blasphemy","Brilliance"],"picked":"Vault","floor":16.0},{"not_picked":["Evaluate","Consecrate"],"picked":"Wireheading","floor":18.0},{"not_picked":["Halt","Prostrate"],"picked":"FearNoEvil","floor":19.0},{"not_picked":["ClearTheMind","EmptyFist","BowlingBash"],"picked":"SKIP","floor":20.0},{"not_picked":["Consecrate","FollowUp","Prostrate"],"picked":"SKIP","floor":24.0},{"not_picked":["WindmillStrike","Collect"],"picked":"Scrawl","floor":25.0},{"not_picked":["FollowUp","SashWhip","Crescendo+1"],"picked":"SKIP","floor":27.0},{"not_picked":["ClearTheMind","Brilliance","EmptyMind"],"picked":"SKIP","floor":29.0},{"not_picked":["Halt","Crescendo","SashWhip"],"picked":"SKIP","floor":30.0},{"not_picked":["Study","JustLucky","ClearTheMind"],"picked":"SKIP","floor":31.0},{"not_picked":["DevaForm","Blasphemy"],"picked":"Omniscience","floor":33.0},{"not_picked":["SandsOfTime","SashWhip","ClearTheMind+1"],"picked":"SKIP","floor":35.0},{"not_picked":["Evaluate","BowlingBash","EmptyFist+1"],"picked":"SKIP","floor":37.0},{"not_picked":["WreathOfFlame+1","Prostrate","SashWhip+1"],"picked":"SKIP","floor":39.0},{"not_picked":["ConjureBlade","FollowUp"],"picked":"DeceiveReality","floor":40.0},{"not_picked":["Fasting2","ThirdEye","Evaluate"],"picked":"SKIP","floor":42.0},{"not_picked":["ReachHeaven","SandsOfTime","CutThroughFate+1"],"picked":"SKIP","floor":44.0},{"not_picked":["FlurryOfBlows","PathToVictory","Sanctity"],"picked":"SKIP","floor":46.0},{"not_picked":["ClearTheMind","PathToVictory"],"picked":"Vault","floor":48.0},{"not_picked":["DeceiveReality","Alpha"],"picked":"BattleHymn","floor":55}],"player_experience":2592384,"relics_obtained":[{"floor":7.0,"key":"Damaru"},{"floor":9.0,"key":"Mercury Hourglass"},{"floor":10.0,"key":"Odd Mushroom"},{"floor":12.0,"key":"Meat on the Bone"},{"floor":24.0,"key":"Art of War"},{"floor":26.0,"key":"Torii"},{"floor":27.0,"key":"Smiling Mask"},{"floor":28.0,"key":"Red Mask"},{"floor":29.0,"key":"Dead Branch"},{"floor":40.0,"key":"Lizard Tail"},{"floor":46.0,"key":"StoneCalendar"},{"floor":55,"key":"Yang"}],"event_choices":[{"damage_healed":0.0,"max_hp_gain":0.0,"max_hp_loss":0.0,"gold_gain":0.0,"event_name":"Shining Light","player_choice":"Entered Light","floor":4.0,"gold_loss":0.0,"damage_taken":20.0,"cards_upgraded":["Strike_P","Eruption"]},{"damage_healed":0.0,"max_hp_gain":0.0,"max_hp_loss":0.0,"gold_gain":0.0,"event_name":"Mushrooms","player_choice":"Fought Mushrooms","floor":10.0,"gold_loss":0.0,"damage_taken":0.0},{"damage_healed":0.0,"max_hp_gain":0.0,"max_hp_loss":0.0,"gold_gain":0.0,"event_name":"Accursed Blacksmith","player_choice":"Forge","floor":14.0,"gold_loss":0.0,"damage_taken":0.0,"cards_upgraded":["WaveOfTheHand"]},{"damage_healed":0.0,"max_hp_gain":5.0,"max_hp_loss":0.0,"gold_gain":0.0,"event_name":"Forgotten Altar","player_choice":"Shed Blood","floor":22.0,"gold_loss":0.0,"damage_taken":24.0},{"damage_healed":0.0,"max_hp_gain":0.0,"max_hp_loss":0.0,"gold_gain":0.0,"event_name":"Masked Bandits","player_choice":"Fought Bandits","floor":28.0,"gold_loss":0.0,"damage_taken":0.0},{"damage_healed":0.0,"max_hp_gain":0.0,"max_hp_loss":4.0,"gold_gain":0.0,"event_name":"Winding Halls","player_choice":"Max HP","floor":36.0,"gold_loss":0.0,"damage_taken":0.0},{"damage_healed":0.0,"max_hp_gain":0.0,"max_hp_loss":0.0,"gold_gain":0.0,"event_name":"Lab","player_choice":"Got Potions","floor":38.0,"gold_loss":0.0,"damage_taken":0.0}],"is_beta":false,"boss_relics":[{"not_picked":["Fusion Hammer","SlaversCollar"],"picked":"Snecko Eye"},{"not_picked":["Velvet Choker","Astrolabe"],"picked":"Runic Dome"}],"items_purged_floors":[5,21,41,47],"is_endless":false,"potions_floor_spawned":[2,3,10,19,24,25,27,31,35,42,48],"ascension_level":20}}