{"host":"kn32u0f2pym5bozc","time":1609072841,"event":{"mods":["2.2 Compatiblity","BaseMod","Better Third Choice","Minty Spire (QoL Compilation)","Permanent Neow","Relic Stats","StSLib","The Animator"],"gold_per_floor":[113,113,113,14,189,189,214,249,273,321,334,259,259,314,314,408,408,433,452,475,475,498,498,531,531,554,554,569,128,128,169,169,264,264,282,282,309,324,338,338,397,307,307,325,325,325],"floor_reached":45,"playtime":4486,"items_purged":["Doubt","animator:Tatsumaki+1"],"score":848,"play_id":"4f40d2fa-1498-42e5-aecd-43076939b430","local_time":"20201227074041","is_ascension_mode":true,"campfire_choices":[{"data":"animator:Mikaela","floor":6.0,"key":"SMITH"},{"data":"animator:LizardPriest","floor":13.0,"key":"SMITH"},{"data":"animator:Tatsumaki","floor":15.0,"key":"SMITH"},{"floor":23.0,"key":"REST"},{"floor":25.0,"key":"REST"},{"floor":27.0,"key":"REST"},{"floor":32.0,"key":"REST"},{"floor":40.0,"key":"REST"}],"circlet_count":0,"master_deck":["AscendersBane","animator:Strike_GoblinSlayer","animator:Defend_GoblinSlayer","animator:Strike","animator:Defend","animator:Defend+1","animator:Defend","animator:LizardPriest+1","animator:HiiragiShinya","animator:Mikaela+1","animator:SilverFang","animator:Geryuganshoop","animator:Boros+1","animator:YachiyoNanami+1","animator:DolaRiku","animator:Yuuichirou","animator:DolaStephanie","animator:Shichika","animator:FeridBathory","animator:CrowleyEusford","animator:Guren","animator:HigakiRinne","animator:ZankiKiguchi+1","animator:Priestess+1","animator:Elesis+2","animator:Togame","animator:Tet","animator:Mikaela","animator:MetalKnight","animator:Ara"],"relics":["animator:LivingPicture","animator:TheMissingPiece","animator:PurgingStone","NeowsBlessing","Golden Idol","Orichalcum","Ancient Tea Set","Oddly Smooth Stone","Vajra","Velvet Choker","TungstenRod","Omamori","Anchor","PreservedInsect","Gambling Chip","Astrolabe","Art of War","Calipers","animator:OldCoffin"],"acts_visited":["Exordium","TheCity","TheBeyond"],"potions_floor_usage":[],"damage_taken":[{"damage":0.0,"enemies":"Small Slimes","floor":1.0,"turns":1.0},{"damage":0.0,"enemies":"Jaw Worm","floor":8.0,"turns":1.0},{"damage":0.0,"enemies":"Gremlin Nob","floor":10.0,"turns":1.0},{"damage":0.0,"enemies":"2 Louse","floor":11.0,"turns":3.0},{"damage":6.0,"enemies":"Lagavulin","floor":14.0,"turns":5.0},{"damage":24.0,"enemies":"The Guardian","floor":16.0,"turns":10.0},{"damage":0.0,"enemies":"Chosen","floor":18.0,"turns":4.0},{"damage":4.0,"enemies":"3 Byrds","floor":19.0,"turns":5.0},{"damage":15.0,"enemies":"Snake Plant","floor":20.0,"turns":9.0},{"damage":51.0,"enemies":"Shelled Parasite and Fungi","floor":22.0,"turns":9.0},{"damage":51.0,"enemies":"animator:HornedBat","floor":24.0,"turns":8.0},{"damage":14.0,"enemies":"3 Cultists","floor":28.0,"turns":5.0},{"damage":54.0,"enemies":"Book of Stabbing","floor":31.0,"turns":8.0},{"damage":31.0,"enemies":"Automaton","floor":33.0,"turns":13.0},{"damage":7.0,"enemies":"Orb Walker","floor":35.0,"turns":6.0},{"damage":24.0,"enemies":"3 Shapes","floor":38.0,"turns":8.0},{"damage":26.0,"enemies":"3 Darklings","floor":39.0,"turns":7.0},{"damage":9.0,"enemies":"Reptomancer","floor":41.0,"turns":10.0},{"damage":13.0,"enemies":"4 Shapes","floor":44.0,"turns":8.0},{"damage":20,"enemies":"Transient","floor":45,"turns":3}],"seed_played":"-1810360189270723181","potions_obtained":[{"floor":1.0,"key":"SpeedPotion"},{"floor":11.0,"key":"Block Potion"},{"floor":16.0,"key":"FairyPotion"},{"floor":20.0,"key":"Regen Potion"},{"floor":22.0,"key":"BlessingOfTheForge"},{"floor":24.0,"key":"SkillPotion"},{"floor":39.0,"key":"SpeedPotion"}],"is_trial":false,"path_per_floor":["M","?","?","$","?","R","T","M","T","E","M","$","R","E","R","B",null,"M","M","M","?","M","R","E","R","T","R","M","$","?","E","R","B",null,"M","?","T","M","M","R","E","?","T","M","M"],"character_chosen":"THE_ANIMATOR","items_purchased":["animator:HiiragiShinya","animator:Mikaela","Anchor","PreservedInsect","animator:CrowleyEusford"],"campfire_rested":5,"item_purchase_floors":[4,4,29,29,29],"current_hp_per_floor":[59,43,43,43,43,43,43,43,43,43,44,44,44,38,38,15,55,58,59,50,50,30,50,5,25,25,45,37,37,42,14,34,9,53,52,52,52,34,14,34,25,25,25,12,0,0],"gold":325,"neow_bonus":"THREE_ENEMY_KILL","is_daily":false,"chose_seed":false,"campfire_upgraded":3,"win_rate":0.0,"timestamp":1609072841,"path_taken":["M","?","?","$","?","R","?","M","T","E","M","$","R","E","R","BOSS","M","M","M","?","?","R","E","R","T","R","M","$","?","E","R","BOSS","M","?","?","?","M","R","E","?","T","?","M"],"items_purchased_type":["Card","Card","Relic","Relic","Card"],"build_version":"2020-12-22","purchased_purges":2,"victory":false,"max_hp_per_floor":[66,66,66,66,66,66,66,66,66,66,67,67,67,67,67,68,68,68,68,68,68,68,68,68,68,68,68,68,68,68,68,68,68,68,68,68,68,68,68,68,68,68,68,68,68,68],"relic_stats":{"counters":[20,124],"Golden Idol":120,"Gambling Chip":[25],"Astrolabe":["animator:ZankiKiguchi","animator:Priestess","animator:Elesis"],"PreservedInsect":103,"Art of War":[7],"Orichalcum":[132],"obtain_stats":[{"Calipers":41,"NeowsBlessing":0,"Golden Idol":2,"animator:TheMissingPiece":0,"Astrolabe":34,"Oddly Smooth Stone":10,"Vajra":14,"Velvet Choker":17,"PreservedInsect":29,"Omamori":26,"Orichalcum":7,"Ancient Tea Set":9,"Anchor":29,"animator:PurgingStone":0,"Gambling Chip":31,"animator:LivingPicture":0,"Art of War":37,"TungstenRod":24,"animator:OldCoffin":43},{"Calipers":18,"NeowsBlessing":0,"Golden Idol":1,"animator:TheMissingPiece":0,"Astrolabe":14,"Oddly Smooth Stone":3,"Vajra":5,"Velvet Choker":6,"PreservedInsect":12,"Omamori":11,"Orichalcum":1,"Ancient Tea Set":2,"Anchor":12,"animator:PurgingStone":0,"Gambling Chip":13,"animator:LivingPicture":0,"Art of War":15,"TungstenRod":11,"animator:OldCoffin":18},{"Calipers":113,"NeowsBlessing":0,"Golden Idol":1,"animator:TheMissingPiece":0,"Astrolabe":82,"Oddly Smooth Stone":3,"Vajra":11,"Velvet Choker":21,"PreservedInsect":61,"Omamori":56,"Orichalcum":1,"Ancient Tea Set":2,"Anchor":61,"animator:PurgingStone":0,"Gambling Chip":69,"animator:LivingPicture":0,"Art of War":88,"TungstenRod":56,"animator:OldCoffin":113}],"TungstenRod":29},"card_choices":[{"not_picked":["animator:Genos","animator:Nanami"],"picked":"animator:KyokoSakura","floor":1.0},{"not_picked":["animator:DolaRiku","animator:NagisaMomoe"],"picked":"animator:Hakurou","floor":8.0},{"not_picked":["animator:DwarfShaman","animator:Ara"],"picked":"animator:SilverFang","floor":10.0},{"not_picked":["animator:Tatsumaki","animator:MumenRider"],"picked":"animator:Geryuganshoop","floor":11.0},{"not_picked":["animator:LizardPriest","animator:Lu"],"picked":"animator:Tatsumaki","floor":14.0},{"not_picked":["animator:Hans","animator:Kyubey"],"picked":"animator:Boros","floor":16.0},{"not_picked":["animator:Kazuma","animator:DolaStephanie"],"picked":"animator:YachiyoNanami+1","floor":18.0},{"not_picked":["animator:YuiTsuruno","animator:DolaCouronne"],"picked":"animator:DolaRiku","floor":19.0},{"not_picked":["animator:Yoichi","animator:HiiragiShinya"],"picked":"animator:Yuuichirou","floor":20.0},{"not_picked":["animator:KrulTepes","animator:Vesta"],"picked":"animator:DolaStephanie","floor":22.0},{"not_picked":["animator:DwarfShaman","animator:HighElfArcher"],"picked":"animator:Shichika","floor":24.0},{"not_picked":["animator:Kazuma","animator:Hitei"],"picked":"animator:FeridBathory","floor":28.0},{"not_picked":["animator:Mikaela","animator:HiiragiShinya"],"picked":"animator:Guren","floor":31.0},{"not_picked":["animator:GoblinSlayer","animator:Sora"],"picked":"animator:HigakiRinne","floor":33.0},{"not_picked":["animator:Azekura","animator:DolaRiku"],"picked":"animator:Togame","floor":35.0},{"not_picked":["animator:YuiTsuruno","animator:Yoichi"],"picked":"animator:Tet","floor":38.0},{"not_picked":["animator:DolaRiku","animator:GazelDwargon"],"picked":"animator:Mikaela","floor":39.0},{"not_picked":["animator:SilverFang","animator:Geryuganshoop"],"picked":"animator:MetalKnight","floor":41.0},{"not_picked":["animator:FielNirvalen","animator:GazelDwargon"],"picked":"animator:Ara","floor":44.0}],"player_experience":759809,"relics_obtained":[{"floor":7.0,"key":"Orichalcum"},{"floor":9.0,"key":"Ancient Tea Set"},{"floor":10.0,"key":"Oddly Smooth Stone"},{"floor":14.0,"key":"Vajra"},{"floor":24.0,"key":"TungstenRod"},{"floor":26.0,"key":"Omamori"},{"floor":31.0,"key":"Gambling Chip"},{"floor":37.0,"key":"Art of War"},{"floor":41.0,"key":"Calipers"},{"floor":43.0,"key":"animator:OldCoffin"}],"event_choices":[{"damage_healed":0.0,"max_hp_gain":0.0,"max_hp_loss":0.0,"gold_gain":0.0,"event_name":"Golden Idol","player_choice":"Take Damage","floor":2.0,"gold_loss":0.0,"damage_taken":16.0,"relics_obtained":["Golden Idol"]},{"damage_healed":0.0,"max_hp_gain":0.0,"max_hp_loss":0.0,"gold_gain":0.0,"event_name":"Living Wall","player_choice":"Grow","floor":3.0,"gold_loss":0.0,"damage_taken":0.0,"cards_upgraded":["animator:DwarfShaman"]},{"damage_healed":0.0,"max_hp_gain":0.0,"max_hp_loss":0.0,"gold_gain":175.0,"event_name":"betterThird:BetterSerpent","player_choice":"AGREE","floor":5.0,"gold_loss":0.0,"damage_taken":14.0},{"damage_healed":0.0,"max_hp_gain":0.0,"max_hp_loss":0.0,"gold_gain":0.0,"event_name":"Upgrade Shrine","player_choice":"Upgraded","floor":21.0,"gold_loss":0.0,"damage_taken":0.0,"cards_upgraded":["animator:Boros"]},{"cards_removed":["animator:DwarfShaman"],"damage_healed":5.0,"max_hp_gain":0.0,"max_hp_loss":0.0,"gold_gain":0.0,"event_name":"Bonfire Elementals","player_choice":"Offered Common","floor":30.0,"gold_loss":0.0,"damage_taken":0.0},{"cards_removed":["animator:DwarfShaman"],"damage_healed":5.0,"max_hp_gain":0.0,"max_hp_loss":0.0,"gold_gain":0.0,"event_name":"Bonfire Elementals","player_choice":"Offered Special","floor":30.0,"gold_loss":0.0,"damage_taken":0.0},{"damage_healed":0.0,"max_hp_gain":0.0,"max_hp_loss":0.0,"gold_gain":0.0,"event_name":"Mysterious Sphere","player_choice":"Ignored","floor":36.0,"gold_loss":0.0,"damage_taken":0.0},{"cards_removed":["animator:Strike"],"damage_healed":0.0,"max_hp_gain":0.0,"max_hp_loss":0.0,"gold_gain":0.0,"event_name":"Designer","player_choice":"Upgrade and Remove","floor":42.0,"gold_loss":90.0,"damage_taken":0.0,"cards_upgraded":["animator:Defend"]}],"is_beta":false,"boss_relics":[{"not_picked":["Ectoplasm","animator:HolyGrailRelic"],"picked":"Velvet Choker"},{"not_picked":["Cursed Key","Fusion Hammer"],"picked":"Astrolabe"}],"items_purged_floors":[12,29],"is_endless":false,"potions_floor_spawned":[1,11,16,20,22,24,39],"killed_by":"Transient","ascension_level":13}}