{"host":"drrjwv4o5ms3zsrm","time":1609065439,"event":{"mods":["ATMod(阿瑾Mod)","Act Like it!","Aspiration","BaseMod","CapriCore","Colored Powertips","Friendly Minions","Gensokyo","Jedi Mod","Lobotomy","LobotomyExtend","Minty Spire (QoL Compilation)","MostiFishMod","Replay The Spire","RumiaBox-露米娅的神秘盒子","StSLib","TestMod","The Alterego","The Immortal","Waifu the Spire","[IsaacMod]以撒尖塔","vexMod","【遗物卡牌】REMEMod","残留之物","篝火指南"],"gold_per_floor":[114,128,142,162,176,204,218,0,24,52,71,96,107,124,124,222,272,291,291,304,304,51,85,103,117,142,154,154,189,199,209,75,177,177,192,92,110,110,110,7,24,55,124,1123,1141,817,850,861,472,472,472],"floor_reached":50,"playtime":3085,"items_purged":["PlaceholderMod:BaseStrike","Sickly","PlaceholderMod:BaseStrike","PlaceholderMod:BaseStrike","PlaceholderMod:BaseStrike","PlaceholderMod:BaseDefend","PlaceholderMod:BaseDefend","PlaceholderMod:BaseDefend","PlaceholderMod:Crystal"],"score":972,"play_id":"3946c844-9dfa-4ac9-bea8-7335055d84be","local_time":"20201227183719","is_ascension_mode":false,"campfire_choices":[{"data":"PlaceholderMod:DiffusionPoison","floor":15.0,"key":"SMITH"}],"circlet_count":0,"master_deck":["PlaceholderMod:BaseStrike","PlaceholderMod:BaseDefend","PlaceholderMod:BaseDefend","PlaceholderMod:PoisonWhip","AT_FamilyPortrait+1","BootSequence","PlaceholderMod:Internalization","PlaceholderMod:Colorful","PlaceholderMod:Stable","PlaceholderMod:DiffusionPoison+1","PlaceholderMod:CycleAttack","PlaceholderMod:EnergyAbsorb","PlaceholderMod:Package","PlaceholderMod:Crystallization","PlaceholderMod:RadicalHit","PlaceholderMod:ChainPoly","PlaceholderMod:CorePoison","PlaceholderMod:Crystallization","PlaceholderMod:HardStrike","PlaceholderMod:CorePoison+1","PlaceholderMod:NearChange","PlaceholderMod:Corrosion","PlaceholderMod:PericyclicReaction","PlaceholderMod:EnergyAbsorb","PlaceholderMod:FinalSpray","PlaceholderMod:NearChange","PlaceholderMod:Crystallization","PlaceholderMod:NearChange","Discovery","PlaceholderMod:Activation","MostiFishMod:SephirahHod","PlaceholderMod:QualitativeChange","PlaceholderMod:DiffusionChemical","PlaceholderMod:Colorful","PlaceholderMod:Hyperplasia","PlaceholderMod:SprayAttack","PlaceholderMod:CycleAttack+1","PlaceholderMod:FastReaction+1","PlaceholderMod:NearChange","MostiFishMod:JungleRules","PlaceholderMod:PoisonBlast"],"relics":["PlaceholderMod:Tancle","testmod-TestBox","DaveBox","HushsDoor","AT_ATBox","REME_ComplimentaryCards","RhineCircuit","AnarchistCookbook","SynthV:TestCard","ZombieArmy","BookOfRevelations","vexMod:FocusSash","jedi:cryingmask","DeathBook","Prayer Wheel","ReplayTheSpireMod:Ring of Collecting","SteamSale","Replay:Wax Seal","ReplayTheSpireMod:Lightbulb","Ring of Fangs","Replay:Rubber Ducky","Lantern","Smiling Mask","MostiFishMod:Hod","REME_PuzzleBoxRelic","testmod-CasingShield","Ring of Panic","AT_ForceNature","FossilizedHelix","testmod-IndustrialRevolution","SynthV:C4","PlaceholderMod:SlimeBlood"],"acts_visited":["Exordium","TheCity","Gensokyo:Gensokyoest"],"potions_floor_usage":[],"damage_taken":[{"damage":0.0,"enemies":"Cultist","floor":1.0,"turns":3.0},{"damage":0.0,"enemies":"Small Slimes","floor":2.0,"turns":3.0},{"damage":0.0,"enemies":"2 Louse","floor":3.0,"turns":1.0},{"damage":0.0,"enemies":"2 Fungi Beasts","floor":4.0,"turns":2.0},{"damage":2.0,"enemies":"Blue Slaver","floor":5.0,"turns":3.0},{"damage":6.0,"enemies":"Gremlin Nob","floor":6.0,"turns":3.0},{"damage":1.0,"enemies":"Large Slime","floor":7.0,"turns":5.0},{"damage":0.0,"enemies":"Lagavulin","floor":10.0,"turns":6.0},{"damage":0.0,"enemies":"3 Louse","floor":11.0,"turns":3.0},{"damage":9.0,"enemies":"3 Sentries","floor":12.0,"turns":5.0},{"damage":0.0,"enemies":"Blue Slaver","floor":13.0,"turns":2.0},{"damage":0.0,"enemies":"Large Slime","floor":14.0,"turns":2.0},{"damage":0.0,"enemies":"The Guardian","floor":16.0,"turns":8.0},{"damage":0.0,"enemies":"Spheric Guardian","floor":18.0,"turns":3.0},{"damage":0.0,"enemies":"2 Thieves","floor":20.0,"turns":2.0},{"damage":0.0,"enemies":"Replay:Snechameleon","floor":23.0,"turns":6.0},{"damage":0.0,"enemies":"Cultist and Chosen","floor":24.0,"turns":4.0},{"damage":15.0,"enemies":"Sentry and Sphere","floor":25.0,"turns":4.0},{"damage":0.0,"enemies":"Snecko","floor":27.0,"turns":2.0},{"damage":0.0,"enemies":"REME_1_Revenger","floor":29.0,"turns":3.0},{"damage":0.0,"enemies":"3 Cultists","floor":30.0,"turns":2.0},{"damage":0.0,"enemies":"Centurion and Healer","floor":31.0,"turns":5.0},{"damage":0.0,"enemies":"Champ","floor":33.0,"turns":7.0},{"damage":0.0,"enemies":"Gensokyo:AncientGuardian","floor":35.0,"turns":4.0},{"damage":0.0,"enemies":"Gensokyo:3_Bats","floor":37.0,"turns":1.0},{"damage":0.0,"enemies":"Gensokyo:Dusk_and_Dawn","floor":41.0,"turns":2.0},{"damage":0.0,"enemies":"Gensokyo:Kasen","floor":42.0,"turns":2.0},{"damage":0.0,"enemies":"Gensokyo:SeedOfUnknown","floor":45.0,"turns":3.0},{"damage":2.0,"enemies":"Gensokyo:Marisa","floor":47.0,"turns":5.0},{"damage":0.0,"enemies":"Gensokyo:3_Boulders","floor":48.0,"turns":1.0},{"damage":0,"enemies":"Gensokyo:Scarlet_Devils","floor":50,"turns":1}],"seed_played":"5979340068407817106","potions_obtained":[{"floor":3.0,"key":"Weak Potion"},{"floor":4.0,"key":"testmod-TestPotion"},{"floor":7.0,"key":"AttackPotion"},{"floor":20.0,"key":"PowerPotion"}],"is_trial":false,"path_per_floor":["M","M","M","M","M","E","M","$","T","E","M","E","M","M","R","B",null,"M","?","M","?","$","E","M","M","T","M","?","E","M","M","R","B",null,"M","$","M","?","?","R","M","E","T","?","M","R","E","M","R","B"],"character_chosen":"THE_PLACEHOLDER","items_purchased":["PlaceholderMod:Crystallization","PlaceholderMod:RadicalHit","DeathBook","SteamSale","Replay:Wax Seal","PlaceholderMod:NearChange","Discovery","PlaceholderMod:QualitativeChange","REME_PuzzleBoxRelic","PlaceholderMod:SprayAttack","FossilizedHelix","testmod-IndustrialRevolution","PlaceholderMod:SlimeBlood","PlaceholderMod:NearChange","MostiFishMod:JungleRules","PlaceholderMod:PoisonBlast"],"campfire_rested":0,"item_purchase_floors":[8,8,17,22,22,32,32,34,40,40,46,46,49,49,49,49],"current_hp_per_floor":[78,78,78,78,76,70,69,69,69,69,69,60,60,60,60,60,73,73,73,73,73,73,73,73,58,58,58,58,58,58,58,58,73,69,69,74,74,74,74,74,74,74,74,74,74,79,77,77,82,82,82],"gold":472,"neow_bonus":"UPGRADE_CARD","is_daily":false,"chose_seed":false,"campfire_upgraded":1,"win_rate":0.0,"timestamp":1609065439,"path_taken":["M","M","M","M","M","E","M","?","T","E","M","E","M","M","R","BOSS","M","?","M","?","$","E","M","M","T","M","?","E","M","M","R","BOSS","M","$","M","?","?","R","M","E","T","?","M","R","E","?","R","BOSS"],"items_purchased_type":["Card","Card","Relic","Relic","Relic","Card","Card","Card","Relic","Card","Relic","Relic","Relic","Card","Card","Card"],"build_version":"2020-12-22","purchased_purges":9,"victory":false,"max_hp_per_floor":[78,78,78,78,78,78,78,78,78,78,78,78,78,78,78,78,73,73,73,73,73,73,73,73,73,73,73,73,73,73,73,73,73,69,69,74,74,74,74,74,74,74,74,74,74,79,79,79,84,84,84],"card_choices":[{"not_picked":["PlaceholderMod:OHStrongAttack","PlaceholderMod:SprayAttack"],"picked":"PlaceholderMod:Internalization","floor":1.0},{"not_picked":["PlaceholderMod:HornyBlast","PlaceholderMod:ParasiteChange","PlaceholderMod:Sweep","PlaceholderMod:PoisonAbsorb"],"picked":"PlaceholderMod:Colorful","floor":2.0},{"not_picked":["PlaceholderMod:NearChange","PlaceholderMod:EvolutionSpray","PlaceholderMod:PoisonAbsorb","PlaceholderMod:Hyperplasia"],"picked":"PlaceholderMod:Stable","floor":3.0},{"not_picked":["PlaceholderMod:NutritionAbsorb","PlaceholderMod:DirectingGroup","PlaceholderMod:TriggerStrike","Bomb"],"picked":"PlaceholderMod:DiffusionPoison","floor":4.0},{"not_picked":["PlaceholderMod:NearChange","PlaceholderMod:Sweep","PlaceholderMod:Stratification","PlaceholderMod:ContinueSpray"],"picked":"PlaceholderMod:CycleAttack","floor":5.0},{"not_picked":["PlaceholderMod:HardStinger","PlaceholderMod:Sweep","PlaceholderMod:PoisonAbsorb","PlaceholderMod:TriggerStrike"],"picked":"PlaceholderMod:EnergyAbsorb","floor":6.0},{"not_picked":["PlaceholderMod:ParasiteChange","PlaceholderMod:OHStrongAttack","PlaceholderMod:ConsolidateHit","PlaceholderMod:SpinBlade"],"picked":"PlaceholderMod:Package","floor":7.0},{"not_picked":["PlaceholderMod:StressReaction","Bomb","PlaceholderMod:PoisonBlast","PlaceholderMod:Hyperplasia"],"picked":"PlaceholderMod:ChainPoly","floor":10.0},{"not_picked":["PlaceholderMod:Colorful","PlaceholderMod:ConsolidateHit","Bomb","PlaceholderMod:PoisonAbsorb"],"picked":"PlaceholderMod:CorePoison","floor":11.0},{"not_picked":["PlaceholderMod:CycleAttack","PlaceholderMod:PoisonAbsorb","PlaceholderMod:AttackAsDefend","PlaceholderMod:CrystallizationStrike"],"picked":"PlaceholderMod:Crystallization","floor":12.0},{"not_picked":["PlaceholderMod:StressReaction","PlaceholderMod:Internalization","PlaceholderMod:ProliferateStrike","PlaceholderMod:OHStrongAttack","PlaceholderMod:Hard"],"picked":"SKIP","floor":13.0},{"not_picked":["PlaceholderMod:ComplexForm","PlaceholderMod:StressReaction","PlaceholderMod:DissolvingSpikes","PlaceholderMod:StrongAcid"],"picked":"PlaceholderMod:HardStrike","floor":14.0},{"not_picked":["PlaceholderMod:AbsorbTouch","PlaceholderMod:Inner","PlaceholderMod:HornyCollision","PlaceholderMod:GrowthForm"],"picked":"PlaceholderMod:CorePoison","floor":16.0},{"not_picked":["PlaceholderMod:Polyp","PlaceholderMod:MultipleOxi","PlaceholderMod:PoisonAbsorb","PlaceholderMod:PoisonExcitation"],"picked":"PlaceholderMod:NearChange","floor":17.0},{"not_picked":["PlaceholderMod:StrongAcid","PlaceholderMod:Turn","PlaceholderMod:HardStinger","PlaceholderMod:DiffusionChemical"],"picked":"PlaceholderMod:Corrosion","floor":18.0},{"not_picked":["PlaceholderMod:ProliferateStrike","PlaceholderMod:ThreeBenzyolStart+1","PlaceholderMod:StrongAcid","PlaceholderMod:Colorful","PlaceholderMod:Turn"],"picked":"SKIP","floor":18.0},{"not_picked":["PlaceholderMod:ChainPoly","PlaceholderMod:Internalization","PlaceholderMod:DiffusionChemical","PlaceholderMod:FastReaction"],"picked":"PlaceholderMod:PericyclicReaction","floor":20.0},{"not_picked":["PlaceholderMod:UnpureUse","PlaceholderMod:StrongAcid","PlaceholderMod:EnergyAbsorb","PlaceholderMod:AttackAsDefend+1","PlaceholderMod:Colorful"],"picked":"SKIP","floor":20.0},{"not_picked":["PlaceholderMod:TriggerStrike","PlaceholderMod:StressReaction+1","PlaceholderMod:ParasiteChange+1","PlaceholderMod:EvolutionSpray+1","PlaceholderMod:ChainPoly"],"picked":"SKIP","floor":23.0},{"not_picked":["PlaceholderMod:Turn+1","PlaceholderMod:UnpureUse","PlaceholderMod:NutritionAbsorb","PlaceholderMod:ComplexForm","PlaceholderMod:OHStrongAttack"],"picked":"SKIP","floor":24.0},{"not_picked":["PlaceholderMod:UnpureUse","PlaceholderMod:Hyperplasia","PlaceholderMod:Corrosion","PlaceholderMod:TriggerStrike","PlaceholderMod:HealingAttack"],"picked":"SKIP","floor":24.0},{"not_picked":["PlaceholderMod:Colorful","PlaceholderMod:StressReaction","PlaceholderMod:DirectingGroup","PlaceholderMod:Hyperplasia","PlaceholderMod:MultipleOxi+1"],"picked":"SKIP","floor":25.0},{"not_picked":["PlaceholderMod:SpinBlade","PlaceholderMod:DissolvingSpikes","PlaceholderMod:Eat","PlaceholderMod:Sweep+1","PlaceholderMod:ParasiteChange"],"picked":"SKIP","floor":25.0},{"not_picked":["PlaceholderMod:DirectingGroup+1","PlaceholderMod:PoisonExcitation","PlaceholderMod:Turn","PlaceholderMod:Internalization","PlaceholderMod:StressReaction+1"],"picked":"SKIP","floor":27.0},{"not_picked":["PlaceholderMod:TriggerStrike","PlaceholderMod:StrongAcid+1","PlaceholderMod:PoisonAbsorb","PlaceholderMod:ParasiteChange","PlaceholderMod:PoisonExcitation"],"picked":"SKIP","floor":27.0},{"not_picked":["PlaceholderMod:NutritionAbsorb+1","PlaceholderMod:Eat","PlaceholderMod:ConsolidateHit","PlaceholderMod:ProliferateStrike"],"picked":"PlaceholderMod:EnergyAbsorb","floor":29.0},{"not_picked":["PlaceholderMod:SeverePoisonStrike","PlaceholderMod:HealingAttack","PlaceholderMod:Hard","PlaceholderMod:Colorful"],"picked":"PlaceholderMod:FinalSpray","floor":30.0},{"not_picked":["PlaceholderMod:OHStrongAttack","PlaceholderMod:ParasiteChange","PlaceholderMod:Internalization","PlaceholderMod:AttackAsDefend+1","PlaceholderMod:Turn+1"],"picked":"SKIP","floor":30.0},{"not_picked":["PlaceholderMod:Turn","PlaceholderMod:Polyp","PlaceholderMod:PoisonAbsorb","PlaceholderMod:DissolvingSpikes"],"picked":"PlaceholderMod:NearChange","floor":31.0},{"not_picked":["PlaceholderMod:AttackAsDefend+1","PlaceholderMod:SubstitutionNucleophilic1","PlaceholderMod:PoisonExcitation","PlaceholderMod:ProliferateStrike"],"picked":"PlaceholderMod:Crystallization","floor":31.0},{"not_picked":["PlaceholderMod:GrowthForm","PlaceholderMod:SelfCoupling","PlaceholderMod:Inner","PlaceholderMod:AbsorbTouch"],"picked":"PlaceholderMod:Activation","floor":33.0},{"not_picked":["PlaceholderMod:Polyp","PlaceholderMod:StressReaction","PlaceholderMod:EnergyAbsorb+1","PlaceholderMod:FastReaction"],"picked":"PlaceholderMod:DiffusionChemical","floor":35.0},{"not_picked":["PlaceholderMod:HornyBlast","PlaceholderMod:DissolvingSpikes","PlaceholderMod:Sweep","PlaceholderMod:Package"],"picked":"PlaceholderMod:Colorful","floor":35.0},{"not_picked":["PlaceholderMod:HornyBlast+1","PlaceholderMod:ConsolidateHit+1","PlaceholderMod:RadicalHit","PlaceholderMod:CycleAttack"],"picked":"PlaceholderMod:Hyperplasia","floor":37.0},{"not_picked":["PlaceholderMod:RadicalHit+1","PlaceholderMod:SelectReaction","PlaceholderMod:MultipleOxi+1","PlaceholderMod:NutritionAbsorb","PlaceholderMod:Polyp"],"picked":"SKIP","floor":37.0},{"not_picked":["PlaceholderMod:Turn+1","PlaceholderMod:PoisonExcitation","PlaceholderMod:StrongAcid","PlaceholderMod:OHStrongAttack","PlaceholderMod:SelectReaction+1"],"picked":"SKIP","floor":41.0},{"not_picked":["PlaceholderMod:ContinueSpray","PlaceholderMod:DoublePoint","PlaceholderMod:HealingAttack+1","PlaceholderMod:HornyBlast+1","PlaceholderMod:AngryAttack+1"],"picked":"SKIP","floor":41.0},{"not_picked":["PlaceholderMod:InnerStable","PlaceholderMod:Stable","PlaceholderMod:HighConcentration","PlaceholderMod:Sweep"],"picked":"PlaceholderMod:CycleAttack+1","floor":42.0},{"not_picked":["PlaceholderMod:Polyp+1","PlaceholderMod:DirectingGroup+1","PlaceholderMod:DissolvingSpikes","PlaceholderMod:NutritionAbsorb+1","PlaceholderMod:AttackAsDefend+1"],"picked":"SKIP","floor":45.0},{"not_picked":["PlaceholderMod:PoisonExcitation+1","PlaceholderMod:Turn","PlaceholderMod:ComplexForm","PlaceholderMod:DissolvingSpikes","PlaceholderMod:CycleAttack"],"picked":"SKIP","floor":45.0},{"not_picked":["PlaceholderMod:UnpureUse","PlaceholderMod:ParasiteChange+1","PlaceholderMod:HealingAttack+1","PlaceholderMod:ContinueSpray","PlaceholderMod:HardStinger+1"],"picked":"SKIP","floor":47.0},{"not_picked":["PlaceholderMod:MultipleOxi+1","PlaceholderMod:SevereHeat+1","PlaceholderMod:HardStrike","PlaceholderMod:PoisonAbsorb+1"],"picked":"PlaceholderMod:FastReaction+1","floor":48.0},{"not_picked":["PlaceholderMod:ChainPoly","PlaceholderMod:Eat","PlaceholderMod:Stratification","PlaceholderMod:SpinBlade","PlaceholderMod:Sweep+1"],"picked":"SKIP","floor":48.0}],"player_experience":206780,"relics_obtained":[{"floor":1.0,"key":"SynthV:TestCard"},{"floor":6.0,"key":"ZombieArmy"},{"floor":9.0,"key":"BookOfRevelations"},{"floor":10.0,"key":"vexMod:FocusSash"},{"floor":12.0,"key":"jedi:cryingmask"},{"floor":19.0,"key":"ReplayTheSpireMod:Ring of Collecting"},{"floor":23.0,"key":"ReplayTheSpireMod:Lightbulb"},{"floor":26.0,"key":"Ring of Fangs"},{"floor":26.0,"key":"Replay:Rubber Ducky"},{"floor":28.0,"key":"Lantern"},{"floor":29.0,"key":"Smiling Mask"},{"floor":42.0,"key":"testmod-CasingShield"},{"floor":43.0,"key":"Ring of Panic"},{"floor":43.0,"key":"AT_ForceNature"},{"floor":47.0,"key":"SynthV:C4"}],"event_choices":[{"damage_healed":0.0,"max_hp_gain":0.0,"max_hp_loss":0.0,"gold_gain":999.0,"event_name":"恩洛斯的盘子","player_choice":"Sell","floor":44.0,"relics_lost":["Tiny House"],"gold_loss":0.0,"damage_taken":0.0}],"is_beta":false,"boss_relics":[{"not_picked":["aspiration:DefectSkillbook","vexMod:RockOfEvil"],"picked":"Tiny House"},{"not_picked":[]},{"not_picked":["testmod-IncinerationGenerator","OneHitWonderSystem"],"picked":"MostiFishMod:Hod"},{"not_picked":[]}],"items_purged_floors":[8,22,32,36,36,46,46,49,49],"is_endless":false,"potions_floor_spawned":[3,4,7,10,13,16,20,23,25,31,33,41,47],"killed_by":"Gensokyo:Scarlet_Devils","ascension_level":0}}