{"host":"s5i48q09v0un9rqc","time":1609066443,"event":{"mods":["Ascension Reborn","BaseMod","BetterRewards","Highlight Path","Minty Spire (QoL Compilation)","Rare Cards Sparkle","Shop Mod"],"gold_per_floor":[114,114,114,125,139,139,152,178,203,221,221,221,45,60,60,158,158,177,196,196,211,221,221,254,254,254,282,301,301,320,195,195,296,296,315,315,334,138,156,156,190,206,206,206,219,246,256,256,256,256,256,256,43,75,75],"floor_reached":56,"playtime":9062,"items_purged":["Strike_G","Strike_G","Strike_G","Strike_G"],"score":2209,"play_id":"65be7560-45bb-467a-8de1-4958bf1186b5","local_time":"20201227185403","is_ascension_mode":true,"campfire_choices":[{"floor":6.0,"key":"REST"},{"data":"1","floor":11.0,"key":"LIFT"},{"data":"2","floor":15.0,"key":"LIFT"},{"data":"Envenom","floor":23.0,"key":"SMITH"},{"data":"3","floor":25.0,"key":"LIFT"},{"data":"Accuracy","floor":32.0,"key":"SMITH"},{"data":"Well Laid Plans","floor":40,"key":"SMITH"},{"data":"Defend_G","floor":44,"key":"PURGE"},{"floor":49,"key":"RECALL"},{"data":"Defend_G","floor":52,"key":"PURGE"}],"circlet_count":0,"master_deck":["Defend_G","Defend_G","Defend_G","Survivor","Neutralize+1","Blade Dance+1","Infinite Blades","Backflip+1","Accuracy+1","Reflex+1","Terror+1","Die Die Die","Noxious Fumes+1","Envenom+1","Blade Dance+1","Escape Plan+1","Flash of Steel","Purity+1","Acrobatics+1","Acrobatics+1","Well Laid Plans+1","Malaise+1","Prepared+1"],"relics":["Ring of the Snake","Toxic Egg 2","OrangePellets","Girya","Tough Bandages","Kunai","The Specimen","Ornamental Fan","Bronze Scales","Bag of Preparation","Omamori","HoveringKite","Ginger","Darkstone Periapt","Mummified Hand","Calling Bell","Nunchaku","The Courier","Calipers","Meat on the Bone","Peace Pipe","MealTicket","Chemical X","Toy Ornithopter"],"acts_visited":["Exordium","TheCity","TheBeyond","TheEnding"],"potions_floor_usage":[48,55],"damage_taken":[{"damage":0.0,"enemies":"2 Louse","floor":1.0,"turns":4.0},{"damage":0.0,"enemies":"Jaw Worm","floor":4.0,"turns":5.0},{"damage":0.0,"enemies":"Cultist","floor":5.0,"turns":3.0},{"damage":0.0,"enemies":"Red Slaver","floor":7.0,"turns":3.0},{"damage":5.0,"enemies":"Gremlin Nob","floor":8.0,"turns":4.0},{"damage":0.0,"enemies":"Blue Slaver","floor":10.0,"turns":4.0},{"damage":0.0,"enemies":"Lots of Slimes","floor":14.0,"turns":3.0},{"damage":0.0,"enemies":"Hexaghost","floor":16.0,"turns":5.0},{"damage":0.0,"enemies":"Shell Parasite","floor":18.0,"turns":3.0},{"damage":0.0,"enemies":"3 Byrds","floor":19.0,"turns":3.0},{"damage":7.0,"enemies":"Snecko","floor":21.0,"turns":4.0},{"damage":7.0,"enemies":"Snake Plant","floor":22.0,"turns":3.0},{"damage":14.0,"enemies":"Book of Stabbing","floor":24.0,"turns":3.0},{"damage":0.0,"enemies":"Slavers","floor":27.0,"turns":4.0},{"damage":1.0,"enemies":"Centurion and Healer","floor":28.0,"turns":4.0},{"damage":2.0,"enemies":"Cultist and Chosen","floor":30.0,"turns":4.0},{"damage":24.0,"enemies":"Automaton","floor":33.0,"turns":6.0},{"damage":0.0,"enemies":"Orb Walker","floor":35.0,"turns":2.0},{"damage":4,"enemies":"3 Shapes","floor":37,"turns":2},{"damage":3,"enemies":"Maw","floor":39,"turns":4},{"damage":0,"enemies":"Reptomancer","floor":41,"turns":2},{"damage":0,"enemies":"Writhing Mass","floor":42,"turns":3},{"damage":0,"enemies":"Spire Growth","floor":45,"turns":2},{"damage":0,"enemies":"Giant Head","floor":46,"turns":3},{"damage":0,"enemies":"Jaw Worm Horde","floor":47,"turns":2},{"damage":26,"enemies":"Donu and Deca","floor":50,"turns":4},{"damage":0,"enemies":"Shield and Spear","floor":54,"turns":4},{"damage":8,"enemies":"The Heart","floor":55,"turns":5}],"seed_played":"-2808960995940015544","potions_obtained":[{"floor":1.0,"key":"BlessingOfTheForge"},{"floor":4.0,"key":"GhostInAJar"},{"floor":16.0,"key":"Fire Potion"},{"floor":21.0,"key":"SkillPotion"},{"floor":28.0,"key":"SneckoOil"},{"floor":48,"key":"Fruit Juice"},{"floor":48,"key":"Regen Potion"},{"floor":54,"key":"SkillPotion"}],"is_trial":false,"path_per_floor":["M","?","?","M","M","R","M","E","T","M","R","$","$","M","R","B",null,"M","M","?","M","M","R","E","R","T","E","M","?","M","$","R","B",null,"M","?","M","$","M","R","E","M","T","R","M","E","M","?","R","B",null,"R","$","E","B",null],"character_chosen":"THE_SILENT","items_purchased":["Toxic Egg 2","OrangePellets","Tough Bandages","Kunai","Ornamental Fan","Terror+1","Acrobatics+1","Well Laid Plans","Swift Potion","Chemical X","Malaise+1"],"campfire_rested":1,"item_purchase_floors":[0,0,0,0,0,13,38,38,53,53,53],"current_hp_per_floor":[21,14,14,14,14,35,35,30,30,30,30,30,30,30,30,30,60,60,60,60,53,46,46,32,32,32,32,31,31,29,29,29,5,54,54,49,45,45,42,42,42,42,42,42,42,42,42,47,47,33,65,65,75,75,72],"gold":75,"neow_bonus":"","is_daily":false,"chose_seed":false,"campfire_upgraded":3,"win_rate":0.0,"timestamp":1609066443,"path_taken":["M","?","?","M","?","R","M","E","T","M","R","?","$","M","R","BOSS","M","M","?","M","M","R","E","R","T","E","?","?","M","$","R","BOSS","M","?","M","$","M","R","E","M","T","R","M","E","M","?","R","BOSS","R","$","E","BOSS"],"items_purchased_type":["Relic","Relic","Relic","Relic","Relic","Card","Card","Card","Potion","Relic","Card"],"build_version":"2020-12-22","purchased_purges":4,"victory":true,"max_hp_per_floor":[70,70,70,70,70,70,70,70,70,70,70,70,70,70,70,70,70,70,70,70,70,70,70,70,70,70,70,70,70,70,70,70,70,70,70,70,70,70,70,70,70,70,70,70,70,70,70,75,75,75,75,75,75,75,75],"card_choices":[{"not_picked":["Eviscerate","Heel Hook"],"picked":"Blade Dance+1","floor":1.0},{"not_picked":["Caltrops","Poisoned Stab"],"picked":"Infinite Blades","floor":4.0},{"not_picked":["Slice","All Out Attack","Dagger Spray"],"picked":"SKIP","floor":5.0},{"not_picked":["Bane","Cloak And Dagger+1"],"picked":"Backflip+1","floor":7.0},{"not_picked":["Bouncing Flask+1","A Thousand Cuts"],"picked":"Accuracy","floor":8.0},{"not_picked":["Quick Slash","Expertise+1"],"picked":"Reflex+1","floor":10.0},{"not_picked":["Cloak And Dagger+1","PiercingWail+1","Finisher"],"picked":"SKIP","floor":14.0},{"not_picked":["Tools of the Trade","Wraith Form v2"],"picked":"Die Die Die","floor":16.0},{"not_picked":["PiercingWail+1","Distraction+1","Caltrops"],"picked":"SKIP","floor":18.0},{"not_picked":["All Out Attack","Poisoned Stab"],"picked":"Noxious Fumes+1","floor":19.0},{"not_picked":["Terror+1","PiercingWail+1"],"picked":"Blade Dance+1","floor":21.0},{"not_picked":["Dodge and Roll+1","PiercingWail+1","Bane"],"picked":"SKIP","floor":22.0},{"not_picked":["PiercingWail+1","Cloak And Dagger+1","Caltrops"],"picked":"SKIP","floor":24.0},{"not_picked":["Terror+1","Catalyst+1","Dodge and Roll+1"],"picked":"SKIP","floor":27.0},{"not_picked":["Die Die Die","Underhanded Strike","Masterful Stab+1"],"picked":"SKIP","floor":28.0},{"not_picked":["Backflip+1","Finisher","Footwork"],"picked":"SKIP","floor":30.0},{"not_picked":["Outmaneuver+1","Quick Slash+1"],"picked":"Escape Plan+1","floor":35.0},{"not_picked":["The Bomb+1","Forethought+1"],"picked":"Flash of Steel","floor":36},{"not_picked":["Bandage Up+1","Dramatic Entrance"],"picked":"Purity+1","floor":36},{"not_picked":["Dagger Throw+1","Bane"],"picked":"Acrobatics+1","floor":37},{"not_picked":["Deadly Poison+1","Backflip+1","Dagger Throw+1"],"picked":"SKIP","floor":39},{"not_picked":["Sucker Punch+1","Slice","Masterful Stab"],"picked":"SKIP","floor":41},{"not_picked":["Blade Dance+1","All Out Attack+1","Footwork"],"picked":"SKIP","floor":42},{"not_picked":["Bouncing Flask+1","Cloak And Dagger+1","Outmaneuver+1"],"picked":"SKIP","floor":45},{"not_picked":["Infinite Blades","Setup+1","Reflex+1"],"picked":"SKIP","floor":46},{"not_picked":["Backstab+1","Eviscerate+1","Dagger Spray+1"],"picked":"SKIP","floor":47},{"not_picked":["Poisoned Stab","Finisher"],"picked":"Prepared+1","floor":54}],"player_experience":674221,"relics_obtained":[{"floor":8.0,"key":"Bag of Preparation"},{"floor":9.0,"key":"Omamori"},{"floor":24.0,"key":"Ginger"},{"floor":27.0,"key":"Darkstone Periapt"},{"floor":34.0,"key":"Nunchaku"},{"floor":34.0,"key":"The Courier"},{"floor":34.0,"key":"Calipers"},{"floor":41,"key":"Meat on the Bone"},{"floor":43,"key":"Peace Pipe"},{"floor":46,"key":"MealTicket"},{"floor":54,"key":"Toy Ornithopter"}],"event_choices":[{"damage_healed":0.0,"max_hp_gain":0.0,"max_hp_loss":0.0,"gold_gain":0.0,"event_name":"Scrap Ooze","player_choice":"Success","floor":2.0,"gold_loss":0.0,"damage_taken":7.0,"relics_obtained":["Bronze Scales"]},{"damage_healed":0.0,"max_hp_gain":0.0,"max_hp_loss":0.0,"gold_gain":0.0,"event_name":"Upgrade Shrine","player_choice":"Upgraded","floor":3.0,"gold_loss":0.0,"damage_taken":0.0,"cards_upgraded":["Neutralize"]},{"damage_healed":0.0,"max_hp_gain":0.0,"max_hp_loss":0.0,"gold_gain":0.0,"cards_transformed":["Strike_G"],"event_name":"Transmorgrifier","player_choice":"Transformed","floor":20.0,"gold_loss":0.0,"damage_taken":0.0,"cards_obtained":["Envenom"]},{"damage_healed":0.0,"max_hp_gain":0.0,"max_hp_loss":0.0,"gold_gain":0.0,"event_name":"Addict","player_choice":"Stole Relic","floor":29.0,"gold_loss":0.0,"damage_taken":0.0,"relics_obtained":["Mummified Hand"],"cards_obtained":["Shame"]},{"damage_healed":0,"gold_gain":0,"player_choice":"Memory 2","damage_taken":5,"max_hp_gain":0,"max_hp_loss":0,"event_name":"SensoryStone","floor":36,"gold_loss":0},{"damage_healed":0,"gold_gain":0,"player_choice":"Got Potions","damage_taken":0,"max_hp_gain":0,"max_hp_loss":0,"event_name":"Lab","floor":48,"gold_loss":0}],"is_beta":false,"boss_relics":[{"not_picked":["Cursed Key","SacredBark"],"picked":"HoveringKite"},{"not_picked":["Black Star","Pandora\u0027s Box"],"picked":"Calling Bell"}],"items_purged_floors":[0,13,31,38],"is_endless":false,"potions_floor_spawned":[1,4,16,18,19,21,28,33,37,41,42,47,54],"ascension_level":9}}