{"host":"fne7yx97fnz7kq05","time":1609053462,"event":{"mods":["BaseMod","Colored Map","Colored Powertips","Highlight Path","Minty Spire (QoL Compilation)","Relic Stats"],"gold_per_floor":[114,132,132,78,89,117,117,134,186,221,271,271,283,311,311,311,311],"floor_reached":16,"playtime":1214,"items_purged":["Strike_G"],"score":234,"play_id":"3a505fc2-3478-481b-98dd-c576567ca44a","local_time":"20201227011742","is_ascension_mode":true,"campfire_choices":[{"floor":7,"key":"REST"},{"floor":12,"key":"REST"},{"data":"Cloak And Dagger","floor":15,"key":"SMITH"}],"circlet_count":0,"master_deck":["AscendersBane","Strike_G","Strike_G","Strike_G","Strike_G","Defend_G","Defend_G","Defend_G","Defend_G","Defend_G","Survivor","Neutralize","PiercingWail","Deadly Poison","Blade Dance","Well Laid Plans+1","Backflip","Crippling Poison","Cloak And Dagger+1","Blade Dance"],"relics":["Ring of the Snake","SsserpentHead","Ornamental Fan","Juzu Bracelet","Happy Flower","Bag of Preparation"],"acts_visited":["Exordium"],"potions_floor_usage":[6,8,10,10,14],"damage_taken":[{"damage":1,"enemies":"Small Slimes","floor":1,"turns":5},{"damage":9,"enemies":"Cultist","floor":2,"turns":4},{"damage":0,"enemies":"Jaw Worm","floor":5,"turns":6},{"damage":27,"enemies":"3 Sentries","floor":6,"turns":9},{"damage":2,"enemies":"Looter","floor":8,"turns":4},{"damage":22,"enemies":"Lagavulin","floor":10,"turns":6},{"damage":9,"enemies":"Blue Slaver","floor":13,"turns":8},{"damage":13,"enemies":"3 Sentries","floor":14,"turns":3},{"damage":17,"enemies":"Hexaghost","floor":16,"turns":9}],"seed_played":"8953183563141942442","potions_obtained":[{"floor":0,"key":"CultistPotion"},{"floor":0,"key":"Strength Potion"},{"floor":6,"key":"DuplicationPotion"},{"floor":8,"key":"PowerPotion"},{"floor":10,"key":"ColorlessPotion"}],"is_trial":false,"path_per_floor":["M","M","?","$","M","E","R","M","T","E","?","R","M","E","R","B"],"character_chosen":"THE_SILENT","items_purchased":["Blade Dance"],"campfire_rested":2,"item_purchase_floors":[4],"current_hp_per_floor":[58,49,49,49,49,22,41,39,39,17,17,36,27,14,14,0,0],"gold":311,"neow_bonus":"THREE_SMALL_POTIONS","is_daily":false,"chose_seed":false,"campfire_upgraded":1,"win_rate":0.0,"timestamp":1609053462,"path_taken":["M","M","?","?","M","E","R","M","T","E","?","R","M","E","R","BOSS"],"items_purchased_type":["Card"],"build_version":"2020-12-22","purchased_purges":1,"victory":false,"max_hp_per_floor":[66,66,66,66,66,66,66,66,66,66,66,66,66,66,66,66,66],"relic_stats":{"SsserpentHead":100,"Happy Flower":[6],"counters":[9,54],"Ornamental Fan":[68],"Juzu Bracelet":0,"Bag of Preparation":[2],"obtain_stats":[{"SsserpentHead":3,"Happy Flower":10,"Ornamental Fan":6,"Juzu Bracelet":9,"Bag of Preparation":14,"Ring of the Snake":0},{"SsserpentHead":2,"Happy Flower":6,"Ornamental Fan":4,"Juzu Bracelet":5,"Bag of Preparation":8,"Ring of the Snake":0},{"SsserpentHead":9,"Happy Flower":34,"Ornamental Fan":24,"Juzu Bracelet":28,"Bag of Preparation":45,"Ring of the Snake":0}],"Ring of the Snake":[18]},"card_choices":[{"not_picked":["Finisher","Bane"],"picked":"PiercingWail","floor":1},{"not_picked":["Blur","Masterful Stab"],"picked":"Deadly Poison","floor":2},{"not_picked":["Poisoned Stab","Outmaneuver"],"picked":"Well Laid Plans","floor":5},{"not_picked":["Poisoned Stab","Unload"],"picked":"Backflip","floor":6},{"not_picked":["Deadly Poison","Outmaneuver"],"picked":"Crippling Poison","floor":8},{"not_picked":["Deflect","Backflip","Sucker Punch"],"picked":"SKIP","floor":10},{"not_picked":["Backstab","Tactician"],"picked":"Cloak And Dagger","floor":13},{"not_picked":["Cloak And Dagger","Backflip"],"picked":"Blade Dance","floor":14}],"player_experience":249323,"relics_obtained":[{"floor":6,"key":"Ornamental Fan"},{"floor":9,"key":"Juzu Bracelet"},{"floor":10,"key":"Happy Flower"},{"floor":14,"key":"Bag of Preparation"}],"event_choices":[{"damage_healed":0,"gold_gain":0,"player_choice":"Trade","damage_taken":0,"relics_obtained":["SsserpentHead"],"max_hp_gain":0,"max_hp_loss":0,"event_name":"FaceTrader","floor":3,"gold_loss":0},{"damage_healed":0,"gold_gain":0,"player_choice":"Grow","damage_taken":0,"max_hp_gain":0,"max_hp_loss":0,"event_name":"Living Wall","floor":11,"gold_loss":0,"cards_upgraded":["Well Laid Plans"]}],"is_beta":false,"boss_relics":[],"items_purged_floors":[4],"is_endless":false,"potions_floor_spawned":[6,8,10],"killed_by":"Hexaghost","ascension_level":19}}