{"host":"1zt0sbx2lxtdq0i6","time":1609107342,"event":{"mods":["BaseMod","Card Forge","Minty Spire (QoL Compilation)","Permanent Neow","Prisma Mod","Shop Mod","StSLib"],"gold_per_floor":[115,135,113,123,136,167,167,167,194,369,369,382,410,430,430,533,533,551,551,551,85,103,130,140,166,166,177,91,105,105,134,134,232,232,250,6,6,24,24,49,49,74,74,92,105,118,47,58,58,58],"floor_reached":51,"playtime":3902,"items_purged":[],"score":834,"play_id":"57e4f617-07ec-4778-ab70-3bd74d3649e2","local_time":"20201227231542","is_ascension_mode":false,"campfire_choices":[{"floor":7,"key":"REST"},{"floor":11,"key":"REST"},{"data":"Twin Strike","floor":15,"key":"SMITH"},{"floor":32,"key":"REST"},{"floor":41,"key":"REST"},{"floor":49,"key":"REST"}],"circlet_count":0,"master_deck":["Strike_R+1","Strike_R+1","Strike_R+1","Strike_R+1","Defend_R+1","Defend_R+1","Defend_R+1","Bash+1","Iron Wave+1","Dropkick+1","Pommel Strike+1","Juggernaut+1","Perfected Strike+1","Perfected Strike+1","Reaper+1","Searing Blow+11","Twin Strike+1","Feed+1","Rampage+1","Panacea+1","Battle Trance+1","Inflame+1","Combust+1","Rampage+1","Iron Wave+1","Necronomicurse","Cleave+1","Juggernaut+1","Searing Blow+11","Bloodletting+1","Shrug It Off+1","Whirlwind+1","Dual Wield+1","Inflame+1","Dropkick+1"],"relics":["Burning Blood","Hammer of Thor","Seething Fire","Anvil of the Gods","Regal Pillow","Nunchaku","Red Skull","Cursed Key","Pocketwatch","Bird Faced Urn","Blood Vial","Mango","MerchantsRug","Necronomicon","Red Mask","Sozu","Bag of Marbles","Oddly Smooth Stone","White Beast Statue","Centennial Puzzle","Mercury Hourglass"],"acts_visited":["Exordium","TheCity","TheBeyond"],"potions_floor_usage":[],"damage_taken":[{"damage":12,"enemies":"Cultist","floor":1,"turns":5},{"damage":15,"enemies":"Jaw Worm","floor":2,"turns":4},{"damage":2,"enemies":"Small Slimes","floor":4,"turns":4},{"damage":10,"enemies":"Looter","floor":5,"turns":3},{"damage":26,"enemies":"3 Sentries","floor":6,"turns":7},{"damage":9,"enemies":"2 Fungi Beasts","floor":12,"turns":2},{"damage":10,"enemies":"Gremlin Nob","floor":13,"turns":4},{"damage":0,"enemies":"Exordium Wildlife","floor":14,"turns":2},{"damage":37,"enemies":"The Guardian","floor":16,"turns":6},{"damage":25,"enemies":"2 Thieves","floor":18,"turns":3},{"damage":0,"enemies":"Spheric Guardian","floor":22,"turns":2},{"damage":6,"enemies":"Book of Stabbing","floor":23,"turns":3},{"damage":9,"enemies":"3 Cultists","floor":24,"turns":4},{"damage":27,"enemies":"Slavers","floor":25,"turns":4},{"damage":0,"enemies":"Snake Plant","floor":27,"turns":1},{"damage":0,"enemies":"Sentry and Sphere","floor":29,"turns":2},{"damage":0,"enemies":"Masked Bandits","floor":31,"turns":2},{"damage":30,"enemies":"Champ","floor":33,"turns":4},{"damage":0,"enemies":"Orb Walker","floor":35,"turns":2},{"damage":0,"enemies":"3 Shapes","floor":38,"turns":2},{"damage":0,"enemies":"Reptomancer","floor":40,"turns":1},{"damage":9,"enemies":"Giant Head","floor":42,"turns":4},{"damage":37,"enemies":"Sphere and 2 Shapes","floor":44,"turns":3},{"damage":10,"enemies":"3 Darklings","floor":45,"turns":3},{"damage":0,"enemies":"Jaw Worm Horde","floor":46,"turns":1},{"damage":15,"enemies":"Maw","floor":48,"turns":3},{"damage":66,"enemies":"Awakened One","floor":50,"turns":7}],"seed_played":"-7907922752342847246","potions_obtained":[{"floor":2,"key":"CultistPotion"},{"floor":5,"key":"AttackPotion"},{"floor":13,"key":"Weak Potion"}],"is_trial":false,"path_per_floor":["M","M","$","M","M","E","R","?","T","?","R","M","E","M","R","B",null,"M","?","?","$","M","E","M","E","T","M","$","M","?","?","R","B",null,"M","$","?","M","$","E","R","E","T","M","M","M","$","M","R","B",null],"character_chosen":"IRONCLAD","items_purchased":["Pommel Strike","Rampage","Panacea","Bird Faced Urn","MerchantsRug","Bag of Marbles","Oddly Smooth Stone","Inflame"],"campfire_rested":5,"item_purchase_floors":[3,21,21,21,28,36,36,47],"current_hp_per_floor":[74,65,65,69,65,45,80,80,80,80,80,77,77,80,80,49,80,64,48,48,48,54,54,60,71,71,79,79,87,71,106,106,106,106,106,106,106,106,106,106,106,105,103,84,86,94,94,91,103,67],"gold":58,"neow_bonus":"","is_daily":false,"chose_seed":false,"campfire_upgraded":1,"win_rate":0.0,"timestamp":1609107342,"path_taken":["M","M","$","?","M","E","R","?","T","?","R","M","E","M","R","BOSS","M","?","?","?","?","E","M","E","T","M","$","M","?","?","R","BOSS","M","$","?","M","$","E","R","E","T","M","?","M","?","M","R","BOSS"],"items_purchased_type":["Card","Card","Card","Relic","Relic","Relic","Relic","Card"],"build_version":"2020-12-22","purchased_purges":0,"victory":true,"max_hp_per_floor":[80,80,80,80,80,80,80,80,80,80,80,80,80,80,80,80,80,83,88,88,88,88,88,88,102,102,102,102,102,102,106,106,106,106,106,106,106,106,106,106,106,106,103,103,103,103,103,103,103,103],"card_choices":[{"not_picked":["Thunderclap","Power Through"],"picked":"Iron Wave","floor":1},{"not_picked":["Warcry","Armaments"],"picked":"Dropkick","floor":2},{"not_picked":["Clothesline","Iron Wave"],"picked":"Juggernaut","floor":4},{"not_picked":["Armaments","Blood for Blood"],"picked":"Perfected Strike","floor":5},{"not_picked":["Pommel Strike","Headbutt"],"picked":"Perfected Strike","floor":6},{"not_picked":["Reckless Charge","Intimidate"],"picked":"Reaper","floor":12},{"not_picked":["Thunderclap","Iron Wave"],"picked":"Searing Blow","floor":13},{"not_picked":["Warcry","True Grit"],"picked":"Twin Strike","floor":14},{"not_picked":["Reaper","Juggernaut"],"picked":"Feed","floor":16},{"not_picked":["Pummel","Anger","Sword Boomerang"],"picked":"SKIP","floor":18},{"not_picked":["Pommel Strike","Armaments"],"picked":"Battle Trance","floor":22},{"not_picked":["Pommel Strike","Body Slam"],"picked":"Inflame","floor":23},{"not_picked":["Body Slam+1","Thunderclap"],"picked":"Combust","floor":24},{"not_picked":["Headbutt","Reckless Charge","Anger+1"],"picked":"SKIP","floor":25},{"not_picked":["Rupture","Barricade"],"picked":"Rampage","floor":27},{"not_picked":["Twin Strike","True Grit"],"picked":"Iron Wave","floor":29},{"not_picked":["Headbutt","Sword Boomerang"],"picked":"Cleave+1","floor":31},{"not_picked":["Brutality","Corruption"],"picked":"Juggernaut","floor":33},{"not_picked":["Burning Pact+1","Clothesline+1","Pummel+1"],"picked":"SKIP","floor":35},{"not_picked":["Sword Boomerang","Anger","Warcry+1"],"picked":"SKIP","floor":38},{"not_picked":["Sword Boomerang","Twin Strike+1"],"picked":"Bloodletting+1","floor":40},{"not_picked":["Headbutt","Berserk"],"picked":"Shrug It Off+1","floor":42},{"not_picked":["Armaments+1","Headbutt","Thunderclap"],"picked":"SKIP","floor":44},{"not_picked":["Sever Soul+1","Iron Wave"],"picked":"Whirlwind+1","floor":45},{"not_picked":["Sever Soul","Dark Embrace"],"picked":"Dual Wield","floor":46},{"not_picked":["Rage","Perfected Strike"],"picked":"Dropkick+1","floor":48}],"player_experience":0,"relics_obtained":[{"floor":6,"key":"Regal Pillow"},{"floor":9,"key":"Nunchaku"},{"floor":13,"key":"Red Skull"},{"floor":23,"key":"Blood Vial"},{"floor":25,"key":"Mango"},{"floor":26,"key":"Toxic Egg 2"},{"floor":30,"key":"Necronomicon"},{"floor":31,"key":"Red Mask"},{"floor":40,"key":"White Beast Statue"},{"floor":42,"key":"Centennial Puzzle"},{"floor":43,"key":"Mercury Hourglass"}],"event_choices":[{"damage_healed":0,"gold_gain":0,"player_choice":"Ignored","damage_taken":0,"max_hp_gain":0,"max_hp_loss":0,"event_name":"Golden Idol","floor":8,"gold_loss":0},{"damage_healed":0,"gold_gain":175,"player_choice":"AGREE","damage_taken":0,"max_hp_gain":0,"max_hp_loss":0,"event_name":"Liars Game","floor":10,"gold_loss":0,"cards_obtained":["Doubt"]},{"damage_healed":0,"gold_gain":0,"player_choice":"Shed Blood","damage_taken":21,"max_hp_gain":5,"max_hp_loss":0,"event_name":"Forgotten Altar","floor":19,"gold_loss":0},{"damage_healed":0,"gold_gain":0,"player_choice":"Stole Relic","damage_taken":0,"relics_obtained":["Pocketwatch"],"max_hp_gain":0,"max_hp_loss":0,"event_name":"Addict","floor":20,"gold_loss":0,"cards_obtained":["Shame"]},{"damage_healed":0,"gold_gain":0,"player_choice":"Obtained Book","damage_taken":16,"max_hp_gain":0,"max_hp_loss":0,"event_name":"Cursed Tome","floor":30,"gold_loss":0},{"damage_healed":0,"gold_gain":0,"player_choice":"Fought Bandits","damage_taken":0,"max_hp_gain":0,"max_hp_loss":0,"event_name":"Masked Bandits","floor":31,"gold_loss":0},{"damage_healed":0,"gold_gain":0,"player_choice":"Copied","damage_taken":0,"max_hp_gain":0,"max_hp_loss":0,"event_name":"Duplicator","floor":37,"gold_loss":0,"cards_obtained":["Searing Blow"]}],"is_beta":false,"boss_relics":[{"not_picked":["Calling Bell","Velvet Choker"],"picked":"Cursed Key"},{"not_picked":["Coffee Dripper","Snecko Eye"],"picked":"Sozu"}],"items_purged_floors":[],"is_endless":false,"potions_floor_spawned":[2,5,13,23,25,29,31,33,40,42,44,45,46,48],"ascension_level":0}}