{"host":"BK","time":1609040295,"event":{"mods":["BaseMod","Highlight Path","Minty Spire (QoL Compilation)","StSLib"],"gold_per_floor":[116,116,128,53,53,83,83,112,112,131,163,163,190,200,200,271,271,282,35,55,67,85,85,111,137,164,80,80,80,110,35,35,35,35],"floor_reached":33,"playtime":1427,"items_purged":["Reflex"],"score":762,"play_id":"d65c685f-6a4d-4ac0-b72f-8bdf8cf53e0d","local_time":"20201226203815","is_ascension_mode":true,"campfire_choices":[{"data":"Backstab","floor":7.0,"key":"SMITH"},{"floor":12.0,"key":"REST"},{"data":"Dagger Spray","floor":15.0,"key":"SMITH"},{"floor":23.0,"key":"REST"},{"floor":28.0,"key":"REST"},{"floor":32,"key":"REST"}],"circlet_count":0,"master_deck":["AscendersBane","Survivor","Neutralize","Dagger Spray+1","Sucker Punch","All Out Attack","Backstab+1","PiercingWail","Dash+1","Blur+1","Wraith Form v2","Calculated Gamble+1","Noxious Fumes","Bullet Time","Venomology","Skewer+1","Finisher+1","Crippling Poison","Footwork","Heel Hook+1","Deflect+1","Backflip","Crippling Poison","Outmaneuver","Riddle With Holes+1"],"relics":["Ring of the Snake","NeowsBlessing","FaceOfCleric","Thread and Needle","Torii","Molten Egg 2","Tingsha","WingedGreaves","Pandora\u0027s Box","Darkstone Periapt","War Paint","Toy Ornithopter"],"acts_visited":["Exordium","TheCity"],"potions_floor_usage":[30,33],"damage_taken":[{"damage":0.0,"enemies":"Small Slimes","floor":1.0,"turns":1.0},{"damage":0.0,"enemies":"Cultist","floor":3.0,"turns":1.0},{"damage":0.0,"enemies":"Lagavulin","floor":6.0,"turns":1.0},{"damage":3.0,"enemies":"3 Sentries","floor":8.0,"turns":7.0},{"damage":0.0,"enemies":"2 Louse","floor":10.0,"turns":1.0},{"damage":18.0,"enemies":"Lagavulin","floor":11.0,"turns":5.0},{"damage":0.0,"enemies":"3 Sentries","floor":13.0,"turns":6.0},{"damage":0.0,"enemies":"2 Fungi Beasts","floor":14.0,"turns":3.0},{"damage":4.0,"enemies":"Slime Boss","floor":16.0,"turns":12.0},{"damage":1.0,"enemies":"2 Thieves","floor":18.0,"turns":3.0},{"damage":11.0,"enemies":"Shell Parasite","floor":20.0,"turns":5.0},{"damage":15.0,"enemies":"Snecko","floor":21.0,"turns":5.0},{"damage":20.0,"enemies":"Snake Plant","floor":22.0,"turns":4.0},{"damage":2.0,"enemies":"Gremlin Leader","floor":24.0,"turns":8.0},{"damage":48.0,"enemies":"Slavers","floor":25.0,"turns":7.0},{"damage":10,"enemies":"Gremlin Leader","floor":30,"turns":7},{"damage":75,"enemies":"Automaton","floor":33,"turns":10}],"seed_played":"-8998984802037378036","potions_obtained":[{"floor":6.0,"key":"EssenceOfSteel"},{"floor":8.0,"key":"Strength Potion"},{"floor":10.0,"key":"Poison Potion"},{"floor":14.0,"key":"DistilledChaos"},{"floor":30,"key":"Weak Potion"}],"is_trial":false,"path_per_floor":["M","?","M","$","?","E","R","E","T","M","E","R","E","M","R","B",null,"M","$","M","M","M","R","E","E","T","$","R","?","E","?","R","B"],"character_chosen":"THE_SILENT","items_purchased":["All Out Attack","Crippling Poison","Footwork","Crippling Poison"],"campfire_rested":4,"item_purchase_floors":[4,19,19,27],"current_hp_per_floor":[59,59,60,60,40,41,41,39,39,40,23,44,45,46,46,43,66,66,66,56,42,23,46,45,24,24,24,48,48,39,39,63,0,0],"gold":35,"neow_bonus":"THREE_ENEMY_KILL","is_daily":false,"chose_seed":false,"campfire_upgraded":2,"win_rate":0.0,"timestamp":1609040295,"path_taken":["M","?","?","?","?","E","R","E","T","M","E","R","E","M","R","BOSS","M","$","M","M","M","R","E","E","T","$","R","?","E","?","R","BOSS"],"items_purchased_type":["Card","Card","Card","Card"],"build_version":"2020-12-18","purchased_purges":1,"victory":false,"max_hp_per_floor":[66,66,67,67,67,68,68,69,69,70,71,71,72,73,73,74,74,75,75,76,77,78,78,79,80,80,80,80,80,81,81,81,81,81],"card_choices":[{"not_picked":["Deflect","Flechettes"],"picked":"Dagger Spray","floor":1.0},{"not_picked":["Escape Plan","Calculated Gamble"],"picked":"Sucker Punch","floor":3.0},{"not_picked":["Sucker Punch","Expertise"],"picked":"Backstab","floor":6.0},{"not_picked":["Dagger Throw","Finisher","Dodge and Roll"],"picked":"SKIP","floor":8.0},{"not_picked":["Distraction","Masterful Stab+1"],"picked":"PiercingWail","floor":10.0},{"not_picked":["Unload+1","Endless Agony+1"],"picked":"Dash+1","floor":11.0},{"not_picked":["Unload+1","Underhanded Strike+1","Expertise"],"picked":"SKIP","floor":13.0},{"not_picked":["Choke+1","Deflect"],"picked":"Blur","floor":14.0},{"not_picked":["Night Terror","Die Die Die+1"],"picked":"Wraith Form v2","floor":16.0},{"not_picked":["Sucker Punch+1","Blade Dance","Flying Knee+1"],"picked":"SKIP","floor":18.0},{"not_picked":["Predator+1","Slice+1","Outmaneuver"],"picked":"SKIP","floor":20.0},{"not_picked":["PiercingWail","Choke+1"],"picked":"Heel Hook+1","floor":21.0},{"not_picked":["Tactician","Outmaneuver","PiercingWail"],"picked":"SKIP","floor":22.0},{"not_picked":["Footwork","Acrobatics"],"picked":"Deflect+1","floor":24.0},{"not_picked":["Reflex+1","Bane+1"],"picked":"Backflip","floor":25.0},{"not_picked":["Riddle With Holes+1","Dagger Spray+1","Well Laid Plans"],"picked":"SKIP","floor":30}],"player_experience":2447596,"relics_obtained":[{"floor":6.0,"key":"Thread and Needle"},{"floor":8.0,"key":"Torii"},{"floor":9.0,"key":"Molten Egg 2"},{"floor":11.0,"key":"Tingsha"},{"floor":13.0,"key":"WingedGreaves"},{"floor":24.0,"key":"Darkstone Periapt"},{"floor":25.0,"key":"War Paint"},{"floor":30,"key":"Toy Ornithopter"}],"event_choices":[{"damage_healed":0.0,"max_hp_gain":0.0,"max_hp_loss":0.0,"gold_gain":0.0,"event_name":"FaceTrader","player_choice":"Trade","floor":2.0,"gold_loss":0.0,"damage_taken":0.0,"relics_obtained":["FaceOfCleric"]},{"damage_healed":0.0,"max_hp_gain":0.0,"max_hp_loss":0.0,"gold_gain":0.0,"event_name":"Shining Light","player_choice":"Entered Light","floor":5.0,"gold_loss":0.0,"damage_taken":20.0,"cards_upgraded":["Strike_G","Strike_G"]},{"damage_healed":0.0,"max_hp_gain":0.0,"max_hp_loss":0.0,"gold_gain":0.0,"cards_transformed":["Tactician","Outmaneuver"],"event_name":"Drug Dealer","player_choice":"Became Test Subject","floor":29.0,"gold_loss":0.0,"damage_taken":0.0,"cards_obtained":["Outmaneuver","Riddle With Holes"]},{"cards_removed":["Masterful Stab"],"damage_healed":0,"gold_gain":0,"player_choice":"Gave Gold","damage_taken":0,"max_hp_gain":0,"max_hp_loss":0,"event_name":"Beggar","floor":31,"gold_loss":75}],"is_beta":true,"boss_relics":[{"not_picked":["Cursed Key","Ectoplasm"],"picked":"Pandora\u0027s Box"}],"items_purged_floors":[19],"is_endless":false,"potions_floor_spawned":[6,8,10,14,20,21,30],"killed_by":"Automaton","ascension_level":20}}