{"host":"cyiefo55v5hz1ih5","time":1609106380,"event":{"mods":["2.2 Compatiblity","AchievementEnabler","Arknights The Spire","BaseMod","GifTheSpireLib","Hubris","Minty Spire (QoL Compilation)","Replay The Spire","Spicy Shops","StSLib"],"gold_per_floor":[114,94,111,111,130,130,205,233,260,260,37,71,71,88,88,187,187,203,203,215,115,115,143,143,166,166,184,59,59,59,83,83,83,83],"floor_reached":33,"playtime":1667,"items_purged":["ats:Strike V","ats:Strike S","ats:Strike C"],"score":271,"play_id":"60dac27f-6220-4141-a12e-e058a6dc2485","local_time":"20201227165940","is_ascension_mode":false,"campfire_choices":[{"data":"ats:Closed Bolt Burst Fire","floor":6.0,"key":"SMITH"},{"floor":13.0,"key":"REST"},{"data":"ats:Encircling Forest","floor":15.0,"key":"SMITH"},{"floor":24.0,"key":"REST"},{"floor":29,"key":"REST"},{"floor":32,"key":"REST"}],"circlet_count":0,"master_deck":["ats:Strike G","ats:Armor Crushing Shot","ats:Defend","ats:Defend","ats:Defend","ats:Defend","ats:Emotion Absorption+1","ats:Closed Bolt Burst Fire+1","ats:Shell Defense","ats:Encircling Forest+1","ats:Rat Pack","ats:Thermite Blade","ats:Revitalization"],"relics":["ats:Sanity","ats:Originium","Boot","Anchor","ats:Originium","Bronze Scales","hubris:CrackedHourglass","CeramicFish","hubris:Towel","ats:Originium","ats:Ability Aura","Juzu Bracelet","Kunai"],"acts_visited":["Exordium","TheCity"],"potions_floor_usage":[33,33,33],"damage_taken":[{"damage":5.0,"enemies":"Jaw Worm","floor":1.0,"turns":5.0},{"damage":1.0,"enemies":"Cultist","floor":3.0,"turns":3.0},{"damage":0.0,"enemies":"2 Louse","floor":5.0,"turns":3.0},{"damage":19.0,"enemies":"3 Sentries","floor":8.0,"turns":7.0},{"damage":12.0,"enemies":"Lagavulin","floor":12.0,"turns":6.0},{"damage":5.0,"enemies":"Blue Slaver","floor":14.0,"turns":3.0},{"damage":44.0,"enemies":"Slime Boss","floor":16.0,"turns":13.0},{"damage":0.0,"enemies":"Chosen","floor":18.0,"turns":4.0},{"damage":0.0,"enemies":"Spheric Guardian","floor":20.0,"turns":5.0},{"damage":74.0,"enemies":"Book of Stabbing","floor":23.0,"turns":9.0},{"damage":7,"enemies":"Shelled Parasite and Fungi","floor":27,"turns":4},{"damage":17,"enemies":"Cultist and Chosen","floor":31,"turns":7},{"damage":63,"enemies":"Pondfish","floor":33,"turns":14}],"seed_played":"5838650719906305323","potions_obtained":[{"floor":1.0,"key":"Regen Potion"},{"floor":2.0,"key":"Block Potion"},{"floor":3.0,"key":"Explosive Potion"},{"floor":12.0,"key":"BlessingOfTheForge"},{"floor":14.0,"key":"Energy Potion"},{"floor":18.0,"key":"Dexterity Potion"},{"floor":30,"key":"Elixir"},{"floor":30,"key":"EntropicBrew"},{"floor":30,"key":"SmokeBomb"}],"is_trial":false,"path_per_floor":["M","?","M","?","M","R","?","E","T","?","$","E","R","M","R","B",null,"M","?","M","$","?","E","R","T","T","M","$","R","?","M","R","B"],"character_chosen":"DOCTOR_CLASS","items_purchased":["Anchor"],"campfire_rested":4,"item_purchase_floors":[11],"current_hp_per_floor":[67,67,66,71,71,71,60,47,47,40,40,47,70,70,70,34,77,77,77,77,77,77,8,31,31,31,27,27,50,50,39,62,0,0],"gold":83,"neow_bonus":"RANDOM_EVENT","is_daily":false,"chose_seed":false,"campfire_upgraded":2,"win_rate":0.0,"timestamp":1609106380,"path_taken":["M","?","?","?","M","R","?","E","T","?","$","E","R","?","R","BOSS","M","?","M","$","?","E","R","?","T","M","$","R","?","M","R","BOSS"],"items_purchased_type":["Relic"],"build_version":"2020-12-22","purchased_purges":3,"victory":false,"max_hp_per_floor":[72,72,72,77,77,77,77,77,77,77,77,77,77,77,77,77,77,77,77,77,77,77,77,77,77,77,77,77,77,77,77,77,77,77],"card_choices":[{"not_picked":["ats:Poison Spread","ats:Curse Doll"],"picked":"ats:Closed Bolt Burst Fire","floor":1.0},{"not_picked":["ats:Beaten Up","ats:Healing Drone"],"picked":"ats:Shell Defense","floor":3.0},{"not_picked":["ats:Part Time Job","ats:Magnetic Hammer","ats:Guardian Obelisk"],"picked":"SKIP","floor":5.0},{"not_picked":["ats:Support Order","ats:Childhood Dance","ats:Durian"],"picked":"SKIP","floor":8.0},{"not_picked":["ats:Beaten Up","ats:Chain Hook"],"picked":"ats:Encircling Forest","floor":12.0},{"not_picked":["ats:Automatic Cover","ats:Powerful Strike","ats:Poison Spread"],"picked":"SKIP","floor":14.0},{"not_picked":["ats:Volcano","ats:True Silver Slash"],"picked":"ats:Rat Pack","floor":16.0},{"not_picked":["ats:Hammer On+1","ats:Flexible Camouflage"],"picked":"ats:Thermite Blade","floor":18.0},{"not_picked":["ats:Cat Scratch","ats:Ignite","ats:Childhood Dance"],"picked":"SKIP","floor":20.0},{"not_picked":["ats:Assault Order","ats:Childhood Dance","ats:Chain Hook"],"picked":"SKIP","floor":23.0},{"not_picked":["ats:Ignite","ats:Closed Bolt Burst Fire","ats:Assault Order"],"picked":"SKIP","floor":27},{"not_picked":["ats:Chain Hook","ats:Ignite"],"picked":"ats:Revitalization","floor":31}],"player_experience":591901,"relics_obtained":[{"floor":8.0,"key":"ats:Originium"},{"floor":8.0,"key":"Boot"},{"floor":12.0,"key":"ats:Originium"},{"floor":12.0,"key":"Bronze Scales"},{"floor":23.0,"key":"ats:Originium"},{"floor":23.0,"key":"ats:Ability Aura"},{"floor":25.0,"key":"Juzu Bracelet"},{"floor":26.0,"key":"Kunai"}],"event_choices":[{"damage_healed":0.0,"max_hp_gain":0.0,"max_hp_loss":0.0,"gold_gain":0.0,"event_name":"The Woman in Blue","player_choice":"Bought 1 Potion","floor":2.0,"gold_loss":0.0,"damage_taken":0.0},{"damage_healed":0.0,"max_hp_gain":5.0,"max_hp_loss":0.0,"gold_gain":0.0,"event_name":"Big Fish","player_choice":"Donut","floor":4.0,"gold_loss":0.0,"damage_taken":0.0},{"damage_healed":0.0,"max_hp_gain":0.0,"max_hp_loss":0.0,"gold_gain":75.0,"event_name":"World of Goop","player_choice":"Gather Gold","floor":7.0,"gold_loss":0.0,"damage_taken":11.0},{"damage_healed":0.0,"max_hp_gain":0.0,"max_hp_loss":0.0,"gold_gain":0.0,"event_name":"Wheel of Change","player_choice":"Damaged","floor":10.0,"gold_loss":0.0,"damage_taken":7.0},{"damage_healed":0,"gold_gain":0,"player_choice":"Got Potions","damage_taken":0,"max_hp_gain":0,"max_hp_loss":0,"event_name":"Lab","floor":30,"gold_loss":0}],"is_beta":false,"boss_relics":[{"not_picked":["hubris:GrandSneckoEye","hubris:BlackHole"],"picked":"hubris:CrackedHourglass"}],"items_purged_floors":[11,21,28],"is_endless":false,"potions_floor_spawned":[1,3,12,14,18],"killed_by":"Pondfish","ascension_level":0}}