{"host":"6kpik4p6m02tzjjt","time":1609112190,"event":{"mods":["BaseMod","Colored Map","Downfall","Minty Spire (QoL Compilation)","Quick Restart","Relic Stats","Replay The Spire","StSLib"],"gold_per_floor":[99,111,125,144,144,155,182,221,248,260,299,323,335,347,375,488,500,512,540,562,594,606,631,643,655,682,694,694,694],"floor_reached":27,"playtime":2261,"items_purged":[],"score":219,"play_id":"1c088dd3-3922-4c45-b21c-8d05d4d2b302","local_time":"20201227183630","is_ascension_mode":false,"campfire_choices":[{"data":"hexamod:Float","floor":1.0,"key":"SMITH"},{"data":"hexamod:VolcanoVisage","floor":10.0,"key":"SMITH"},{"data":"hexamod:HeatMetal","floor":13,"key":"SMITH"},{"data":"hexamod:EmpoweringStance","floor":18,"key":"SMITH"},{"floor":25,"key":"REST"}],"circlet_count":0,"master_deck":["hexamod:Strike","hexamod:Strike","hexamod:Strike","hexamod:Strike","hexamod:Defend","hexamod:Defend","hexamod:Defend","hexamod:Defend","hexamod:Sear","hexamod:Float+1","hexamod:PhantomFireball","hexamod:PhantomFireball","hexamod:BurningTouch","hexamod:HeatMetal+1","hexamod:AdvancingGuard","hexamod:VolcanoVisage+1","hexamod:FourthSeal","hexamod:NecessarySacrifice","hexamod:EmpoweringStance+1","hexamod:ThirdSeal","hexamod:BacktrackSmack+1","hexamod:CatchUp+1","hexamod:Incineration","hexamod:GhostOfSpireFuture","hexamod:CrushingStance","hexamod:SecondSeal"],"relics":["hexamod:SpiritBrand","MawBank","Pet Ghost","Gremlin Food","ReplayTheSpireMod:Ring of Exchange","Ring of Misfortune","Frozen Eye","Darkstone Periapt"],"acts_visited":["Exordium","TheCity"],"potions_floor_usage":[23],"damage_taken":[{"damage":0.0,"enemies":"Small Slimes","floor":2.0,"turns":3.0},{"damage":0.0,"enemies":"Cultist","floor":3.0,"turns":4.0},{"damage":0.0,"enemies":"2 Louse","floor":4.0,"turns":2.0},{"damage":2.0,"enemies":"2 Fungi Beasts","floor":6.0,"turns":3.0},{"damage":12.0,"enemies":"Lagavulin","floor":8.0,"turns":5.0},{"damage":7.0,"enemies":"3 Louse","floor":9.0,"turns":3.0},{"damage":0,"enemies":"Gremlin Gang","floor":12,"turns":4},{"damage":7,"enemies":"Red Slaver","floor":15,"turns":2},{"damage":40,"enemies":"downfall:Ironclad","floor":16,"turns":7},{"damage":8,"enemies":"Chosen","floor":19,"turns":5},{"damage":14,"enemies":"Spheric Guardian","floor":20,"turns":5},{"damage":18,"enemies":"Snake Plant","floor":21,"turns":4},{"damage":21,"enemies":"Snecko","floor":23,"turns":5},{"damage":27,"enemies":"Centurion and Healer","floor":26,"turns":8},{"damage":12,"enemies":"Chosen and Byrds","floor":27,"turns":4}],"seed_played":"-4655421804222720647","potions_obtained":[{"floor":4.0,"key":"SmokeBomb"},{"floor":8.0,"key":"SkillPotion"},{"floor":9.0,"key":"LiquidMemories"},{"floor":15,"key":"Weak Potion"},{"floor":23,"key":"EntropicBrew"}],"is_trial":false,"path_per_floor":["R","M","M","M","?","M","T","E","M","R","T","M","R","?","M","B",null,"R_BF","M","M","M","?","M","T","R","M","M"],"character_chosen":"THE_SPIRIT","items_purchased":[],"campfire_rested":1,"item_purchase_floors":[],"current_hp_per_floor":[77,77,77,77,77,75,75,63,56,56,56,56,56,56,49,9,77,77,69,55,37,37,16,16,39,12,0,0,0],"gold":694,"neow_bonus":"TEN_PERCENT_HP_BONUS","is_daily":false,"chose_seed":false,"campfire_upgraded":4,"win_rate":0.0,"timestamp":1609112190,"path_taken":["R","M","M","M","?","?","T","E","M","R","?","M","R","?","M","BOSS","R_BF","M","M","M","?","M","T","R","M","M"],"items_purchased_type":[],"build_version":"2020-12-22","purchased_purges":0,"victory":false,"max_hp_per_floor":[77,77,77,77,77,77,77,77,77,77,77,77,77,77,77,77,77,77,77,77,77,77,77,77,77,77,77,77,77],"relic_stats":{"Darkstone Periapt":0,"counters":[15,64],"MawBank":240,"obtain_stats":[{"Gremlin Food":11,"Darkstone Periapt":24,"ReplayTheSpireMod:Ring of Exchange":14,"Frozen Eye":17,"Ring of Misfortune":14,"MawBank":7,"hexamod:SpiritBrand":0,"Pet Ghost":8},{"Gremlin Food":6,"Darkstone Periapt":13,"ReplayTheSpireMod:Ring of Exchange":7,"Frozen Eye":9,"Ring of Misfortune":7,"MawBank":4,"hexamod:SpiritBrand":0,"Pet Ghost":5},{"Gremlin Food":20,"Darkstone Periapt":52,"ReplayTheSpireMod:Ring of Exchange":24,"Frozen Eye":33,"Ring of Misfortune":24,"MawBank":12,"hexamod:SpiritBrand":0,"Pet Ghost":17}]},"card_choices":[{"not_picked":["hexamod:FastForward","hexamod:Hexaguard"],"picked":"hexamod:PhantomFireball","floor":2.0},{"not_picked":["hexamod:SoulSteal","hexamod:NightmareStrike"],"picked":"hexamod:PhantomFireball","floor":3.0},{"not_picked":["hexamod:RainOfEmbers","hexamod:BacktrackSmack"],"picked":"hexamod:BurningTouch","floor":4.0},{"not_picked":["hexamod:GhostShield","hexamod:Incineration"],"picked":"hexamod:HeatMetal","floor":6.0},{"not_picked":["hexamod:NightmareStrike","hexamod:RainOfEmbers"],"picked":"hexamod:AdvancingGuard","floor":8.0},{"not_picked":["hexamod:InspiringFlames","hexamod:AdvancingGuard"],"picked":"hexamod:VolcanoVisage","floor":9.0},{"not_picked":["hexamod:GhostLash","hexamod:HauntingEcho"],"picked":"hexamod:FourthSeal","floor":12},{"not_picked":["hexamod:NightmareStrike","hexamod:ShieldOfDarkness"],"picked":"hexamod:NecessarySacrifice","floor":15},{"not_picked":["hexamod:ParanormalForm","hexamod:VolcanoVisage"],"picked":"hexamod:EmpoweringStance","floor":16},{"not_picked":["hexamod:ExtraCrispy","hexamod:ShieldOfDarkness+1"],"picked":"hexamod:ThirdSeal","floor":19},{"not_picked":["hexamod:PhantomFireball","hexamod:GhostShield"],"picked":"hexamod:BacktrackSmack+1","floor":20},{"not_picked":["hexamod:SwordOfDarkness+1","hexamod:GhostShield+1"],"picked":"hexamod:SpectersWail","floor":20},{"not_picked":["hexamod:BacktrackSmack","hexamod:NecessarySacrifice+1"],"picked":"hexamod:CatchUp","floor":21},{"not_picked":["hexamod:NightmareGuise","hexamod:Haunt","hexamod:PhantomFireball"],"picked":"SKIP","floor":21},{"not_picked":["hexamod:NightmareStrike","hexamod:ShieldOfDarkness"],"picked":"hexamod:Incineration","floor":23},{"not_picked":["hexamod:HauntingEcho","hexamod:AdvancingGuard"],"picked":"hexamod:GhostOfSpireFuture","floor":23},{"not_picked":["hexamod:FastForward+1","hexamod:HeatMetal+1"],"picked":"hexamod:CrushingStance","floor":26},{"not_picked":["hexamod:FourthSeal","hexamod:NightmareGuise"],"picked":"hexamod:SecondSeal","floor":26}],"player_experience":49751,"relics_obtained":[{"floor":7.0,"key":"MawBank"},{"floor":8.0,"key":"Pet Ghost"},{"floor":11.0,"key":"Gremlin Food"},{"floor":14,"key":"ReplayTheSpireMod:Ring of Exchange"},{"floor":14,"key":"Ring of Misfortune"},{"floor":24,"key":"Darkstone Periapt"}],"event_choices":[{"damage_healed":0.0,"max_hp_gain":0.0,"max_hp_loss":0.0,"gold_gain":0.0,"event_name":"NoteForYourself","player_choice":"Ignored","floor":5.0,"gold_loss":0.0,"damage_taken":0.0},{"cards_removed":["hexamod:SpectersWail"],"damage_healed":0,"gold_gain":0,"player_choice":"Purged","damage_taken":0,"max_hp_gain":0,"max_hp_loss":0,"event_name":"Purifier","floor":22,"gold_loss":0}],"is_beta":false,"boss_relics":[{"not_picked":["Busted Crown","Snecko Eye"],"picked":"Frozen Eye"}],"items_purged_floors":[],"is_endless":false,"potions_floor_spawned":[4,8,9,15,19,20],"killed_by":"Chosen and Byrds","ascension_level":0}}