{"host":"9ndbo4kgsfoemf7y","time":1609053689,"event":{"mods":["AchievementEnabler","BaseMod","Colored Map","DeckTracker","Keyboard Shortcuts","Minty Spire (QoL Compilation)","Permanent Neow","Quick Restart","Relic Stats","StSLib","SuperFastMode"],"gold_per_floor":[11,31,50,50,66,66,66,66],"floor_reached":7,"playtime":230,"items_purged":[],"score":84,"play_id":"925eb4d7-bb86-4c33-b936-1c85bbd69658","local_time":"20201227162129","is_ascension_mode":true,"campfire_choices":[{"data":"Neutralize","floor":6,"key":"SMITH"}],"circlet_count":0,"master_deck":["AscendersBane","Strike_G","Strike_G","Strike_G","Strike_G","Strike_G","Defend_G+1","Defend_G+1","Defend_G","Defend_G","Defend_G","Survivor","Neutralize+1","Unload","Dagger Spray","Dagger Throw","Blade Dance","Heel Hook"],"relics":["Ring of the Snake"],"acts_visited":["Exordium"],"potions_floor_usage":[],"damage_taken":[{"damage":1.0,"enemies":"Jaw Worm","floor":1.0,"turns":3.0},{"damage":0.0,"enemies":"2 Louse","floor":2.0,"turns":3.0},{"damage":5.0,"enemies":"Small Slimes","floor":3.0,"turns":4.0},{"damage":0,"enemies":"3 Louse","floor":5,"turns":4},{"damage":45,"enemies":"Lagavulin","floor":7,"turns":6}],"seed_played":"-7261782188422273184","potions_obtained":[{"floor":5,"key":"Ancient Potion"}],"is_trial":false,"path_per_floor":["M","M","M","?","M","R","E"],"character_chosen":"THE_SILENT","items_purchased":[],"campfire_rested":0,"item_purchase_floors":[],"current_hp_per_floor":[58,58,53,33,33,33,0,0],"gold":66,"neow_bonus":"THREE_RARE_CARDS","is_daily":false,"chose_seed":false,"campfire_upgraded":1,"win_rate":0.0,"timestamp":1609053689,"path_taken":["M","M","M","?","M","R","E"],"items_purchased_type":[],"build_version":"2020-12-22","purchased_purges":0,"victory":false,"max_hp_per_floor":[66,66,66,66,66,66,66,66],"relic_stats":{"counters":[5,20],"obtain_stats":[{"Ring of the Snake":0},{"Ring of the Snake":0},{"Ring of the Snake":0}],"Ring of the Snake":[10]},"card_choices":[{"not_picked":["Bullet Time","Doppelganger"],"picked":"Unload","floor":0.0},{"not_picked":["Deflect","Sucker Punch"],"picked":"Dagger Spray","floor":1.0},{"not_picked":["Deflect","Tactician"],"picked":"Dagger Throw","floor":2.0},{"not_picked":["Accuracy","Acrobatics"],"picked":"Blade Dance","floor":3.0},{"not_picked":["Outmaneuver","Backflip"],"picked":"Heel Hook","floor":5}],"player_experience":748203,"relics_obtained":[],"event_choices":[{"damage_healed":0.0,"max_hp_gain":0.0,"max_hp_loss":0.0,"gold_gain":0.0,"event_name":"Shining Light","player_choice":"Entered Light","floor":4.0,"gold_loss":0.0,"damage_taken":20.0,"cards_upgraded":["Defend_G","Defend_G"]}],"is_beta":false,"boss_relics":[],"items_purged_floors":[],"is_endless":false,"potions_floor_spawned":[5],"killed_by":"Lagavulin","ascension_level":19}}