{"host":"fevvm7bbzuh4s1jc","time":1609055076,"event":{"mods":["BaseMod","Highlight Path","Minty Spire (QoL Compilation)","Relic Stats"],"gold_per_floor":[11,11,31,43,43,84,84,117,117,117,132,132,171,171,171,266,266,285,285,300,47,62,62,105,126,153,171,206,33,33,68,68,164,164,189,205,205,105,155,155,198,211,211,211,251,264,178,198,198,198,198,198,198,40,73,73],"floor_reached":57,"playtime":4517,"items_purged":["Strike_B","Defend_B+1"],"score":2776,"play_id":"0d120a8a-1fdd-426c-97a8-dad453508485","local_time":"20201227024436","is_ascension_mode":true,"campfire_choices":[{"data":"Zap","floor":7.0,"key":"SMITH"},{"data":"Chaos","floor":10.0,"key":"SMITH"},{"data":"Compile Driver","floor":12.0,"key":"SMITH"},{"data":"Undo","floor":15.0,"key":"SMITH"},{"data":"Biased Cognition","floor":23,"key":"SMITH"},{"floor":32,"key":"REST"},{"floor":40,"key":"RECALL"},{"data":"Multi-Cast","floor":49,"key":"SMITH"},{"data":"Hologram","floor":53,"key":"SMITH"}],"circlet_count":0,"master_deck":["AscendersBane","Strike_B+1","Strike_B+1","Strike_B+1","Defend_B+1","Defend_B+1","Defend_B+1","Zap+1","Dualcast","Undo+1","Compile Driver+1","Cold Snap","Cold Snap","Chaos+1","Biased Cognition+1","Coolheaded","Turbo+1","Core Surge","Glacier+1","Reinforced Body","Hologram+1","Machine Learning","Consume+1","Static Discharge+1","Doom and Gloom","Multi-Cast+1","Darkness"],"relics":["Cracked Core","Golden Idol","Anchor","StrikeDummy","Letter Opener","HornCleat","Inserter","Juzu Bracelet","Nunchaku","Blue Candle","OrangePellets","Shuriken","Cursed Key","Shovel","Pantograph","TheAbacus","Akabeko"],"acts_visited":["TheCity","TheBeyond","TheEnding"],"potions_floor_usage":[22,28,56,56],"damage_taken":[{"damage":1.0,"enemies":"Cultist","floor":1.0,"turns":3.0},{"damage":0.0,"enemies":"Small Slimes","floor":3.0,"turns":3.0},{"damage":1.0,"enemies":"2 Louse","floor":4.0,"turns":2.0},{"damage":35.0,"enemies":"3 Sentries","floor":6.0,"turns":10.0},{"damage":27.0,"enemies":"Gremlin Nob","floor":8.0,"turns":4.0},{"damage":0.0,"enemies":"Exordium Wildlife","floor":11.0,"turns":5.0},{"damage":6.0,"enemies":"3 Sentries","floor":13.0,"turns":6.0},{"damage":12.0,"enemies":"Hexaghost","floor":16.0,"turns":9.0},{"damage":6,"enemies":"3 Byrds","floor":18,"turns":5},{"damage":4,"enemies":"Shell Parasite","floor":20,"turns":5},{"damage":4,"enemies":"Cultist and Chosen","floor":22,"turns":9},{"damage":3,"enemies":"Book of Stabbing","floor":24,"turns":6},{"damage":0,"enemies":"Snake Plant","floor":25,"turns":5},{"damage":17,"enemies":"Shelled Parasite and Fungi","floor":27,"turns":14},{"damage":12,"enemies":"Slavers","floor":28,"turns":6},{"damage":0,"enemies":"Book of Stabbing","floor":31,"turns":5},{"damage":9,"enemies":"Collector","floor":33,"turns":14},{"damage":0,"enemies":"3 Darklings","floor":35,"turns":6},{"damage":0,"enemies":"3 Shapes","floor":36,"turns":7},{"damage":6,"enemies":"Nemesis","floor":41,"turns":7},{"damage":0,"enemies":"Maw","floor":42,"turns":7},{"damage":12,"enemies":"Reptomancer","floor":45,"turns":10},{"damage":0,"enemies":"Transient","floor":46,"turns":6},{"damage":10,"enemies":"Spire Growth","floor":48,"turns":5},{"damage":26,"enemies":"Donu and Deca","floor":50,"turns":10},{"damage":11,"enemies":"Time Eater","floor":51,"turns":20},{"damage":26,"enemies":"Shield and Spear","floor":55,"turns":20},{"damage":54,"enemies":"The Heart","floor":56,"turns":12}],"seed_played":"6810976778748994205","potions_obtained":[{"floor":6.0,"key":"PowerPotion"},{"floor":8.0,"key":"Regen Potion"},{"floor":13.0,"key":"PowerPotion"},{"floor":20,"key":"Explosive Potion"},{"floor":24,"key":"FearPotion"},{"floor":27,"key":"SpeedPotion"},{"floor":33,"key":"EssenceOfDarkness"}],"is_trial":false,"path_per_floor":["M","T","M","M","?","E","R","E","T","R","M","R","E","?","R","B",null,"M","?","M","$","M","R","E","M","T","M","E","$","?","E","R","B",null,"M","M","?","$","?","R","E","M","T","?","E","M","$","M","R","B","B",null,"R","$","E","B",null],"character_chosen":"DEFECT","items_purchased":["Core Surge","OrangePellets","Doom and Gloom","TheAbacus"],"campfire_rested":1,"item_purchase_floors":[21,29,47,54],"current_hp_per_floor":[77,77,77,76,76,41,41,14,14,14,28,28,22,27,27,15,65,59,59,55,55,51,51,48,48,48,31,19,19,19,19,43,34,70,70,70,70,70,70,70,64,64,64,64,52,52,52,42,42,41,55,72,72,72,46,17],"gold":73,"neow_bonus":"TWENTY_PERCENT_HP_BONUS","is_daily":false,"chose_seed":false,"campfire_upgraded":7,"win_rate":0.0,"timestamp":1609055076,"path_taken":["M","?","M","M","?","E","R","E","T","R","M","R","E","?","R","BOSS","M","?","M","$","M","R","E","M","T","M","E","$","?","E","R","BOSS","M","M","?","$","?","R","E","M","T","?","E","M","?","M","R","BOSS","BOSS","R","$","E","BOSS"],"items_purchased_type":["Card","Relic","Card","Relic"],"build_version":"2020-12-22","purchased_purges":2,"victory":true,"max_hp_per_floor":[85,85,85,85,77,77,77,77,77,77,77,77,77,82,82,82,82,82,82,82,82,82,82,82,82,82,82,82,82,82,82,82,82,82,82,82,78,78,78,78,78,78,78,78,78,78,78,78,78,78,78,78,78,78,78,78],"relic_stats":{"Inserter":[88],"counters":[28,221],"Golden Idol":202,"Blue Candle":[0],"Juzu Bracelet":1,"Letter Opener":[284],"Cursed Key":0,"OrangePellets":[14],"Nunchaku":[19],"Shovel":0,"TheAbacus":[48],"Shuriken":[22],"Pantograph":75,"obtain_stats":[{"Inserter":17,"Golden Idol":5,"Blue Candle":28,"Juzu Bracelet":24,"Letter Opener":9,"Cursed Key":34,"Akabeko":55,"OrangePellets":29,"Anchor":6,"Nunchaku":26,"HornCleat":13,"Shovel":41,"TheAbacus":54,"Shuriken":31,"Pantograph":45,"Cracked Core":0,"StrikeDummy":8},{"Inserter":8,"Golden Idol":3,"Blue Candle":15,"Juzu Bracelet":12,"Letter Opener":5,"Cursed Key":17,"Akabeko":27,"OrangePellets":15,"Anchor":4,"Nunchaku":13,"HornCleat":7,"Shovel":20,"TheAbacus":26,"Shuriken":16,"Pantograph":22,"Cracked Core":0,"StrikeDummy":5},{"Inserter":42,"Golden Idol":8,"Blue Candle":92,"Juzu Bracelet":67,"Letter Opener":22,"Cursed Key":111,"Akabeko":209,"OrangePellets":92,"Anchor":18,"Nunchaku":72,"HornCleat":33,"Shovel":131,"TheAbacus":189,"Shuriken":97,"Pantograph":148,"Cracked Core":0,"StrikeDummy":22}]},"card_choices":[{"not_picked":["Sweeping Beam","Conserve Battery"],"picked":"Undo","floor":1.0},{"not_picked":["Stack","Beam Cell"],"picked":"Compile Driver","floor":3.0},{"not_picked":["Self Repair","Leap"],"picked":"Cold Snap","floor":4.0},{"not_picked":["All For One","Leap"],"picked":"Cold Snap","floor":6.0},{"not_picked":["Steam Power","Scrape"],"picked":"Chaos","floor":8.0},{"not_picked":["Turbo","Sweeping Beam","Coolheaded"],"picked":"SKIP","floor":11.0},{"not_picked":["Redo","Blizzard","Rebound"],"picked":"SKIP","floor":13.0},{"not_picked":["Buffer","Fission"],"picked":"Biased Cognition","floor":16.0},{"not_picked":["Sweeping Beam","Aggregate"],"picked":"Coolheaded","floor":18},{"not_picked":["Conserve Battery","Stack"],"picked":"Turbo+1","floor":20},{"not_picked":["Stack","White Noise+1"],"picked":"Glacier+1","floor":22},{"not_picked":["FTL","Buffer"],"picked":"Reinforced Body","floor":24},{"not_picked":["Redo","Conserve Battery"],"picked":"Hologram","floor":25},{"not_picked":["Force Field","Leap","Steam"],"picked":"SKIP","floor":27},{"not_picked":["Reprogram+1","Ball Lightning","Doom and Gloom"],"picked":"SKIP","floor":28},{"not_picked":["Steam","Undo"],"picked":"Machine Learning","floor":31},{"not_picked":["Cold Snap","Hello World"],"picked":"Consume","floor":35},{"not_picked":["Glacier","Streamline","Beam Cell+1"],"picked":"SKIP","floor":36},{"not_picked":["Self Repair+1","Redo"],"picked":"Static Discharge+1","floor":41},{"not_picked":["Coolheaded","Sweeping Beam","Melter"],"picked":"SKIP","floor":42},{"not_picked":["Conserve Battery","Turbo+1","Coolheaded"],"picked":"SKIP","floor":45},{"not_picked":["Leap","Sweeping Beam","Force Field"],"picked":"SKIP","floor":46},{"not_picked":["Sweeping Beam","Stack"],"picked":"Multi-Cast","floor":48},{"not_picked":["Auto Shields","Barrage"],"picked":"Darkness","floor":55}],"player_experience":2587867,"relics_obtained":[{"floor":6.0,"key":"Anchor"},{"floor":8.0,"key":"StrikeDummy"},{"floor":9.0,"key":"Letter Opener"},{"floor":13.0,"key":"HornCleat"},{"floor":24,"key":"Juzu Bracelet"},{"floor":26,"key":"Nunchaku"},{"floor":28,"key":"Blue Candle"},{"floor":31,"key":"Shuriken"},{"floor":41,"key":"Shovel"},{"floor":45,"key":"Pantograph"},{"floor":55,"key":"Akabeko"}],"event_choices":[{"damage_healed":0.0,"max_hp_gain":0.0,"max_hp_loss":8.0,"gold_gain":0.0,"event_name":"Golden Idol","player_choice":"Lose Max HP","floor":5.0,"gold_loss":0.0,"damage_taken":0.0,"relics_obtained":["Golden Idol"]},{"damage_healed":0.0,"max_hp_gain":5.0,"max_hp_loss":0.0,"gold_gain":0.0,"event_name":"Big Fish","player_choice":"Donut","floor":14.0,"gold_loss":0.0,"damage_taken":0.0},{"damage_healed":0,"gold_gain":0,"player_choice":"Ignored","damage_taken":0,"max_hp_gain":0,"max_hp_loss":0,"event_name":"Ghosts","floor":19,"gold_loss":0},{"damage_healed":0,"gold_gain":0,"player_choice":"Simplicity","damage_taken":0,"max_hp_gain":0,"max_hp_loss":0,"event_name":"Back to Basics","floor":30,"gold_loss":0,"cards_upgraded":["Strike_B","Strike_B","Strike_B","Defend_B","Defend_B","Defend_B","Defend_B"]},{"damage_healed":0,"gold_gain":0,"player_choice":"Max HP","damage_taken":0,"max_hp_gain":0,"max_hp_loss":4,"event_name":"Winding Halls","floor":37,"gold_loss":0},{"damage_healed":0,"gold_gain":50,"player_choice":"Pray","damage_taken":0,"max_hp_gain":0,"max_hp_loss":0,"event_name":"Golden Shrine","floor":39,"gold_loss":0},{"damage_healed":0,"gold_gain":0,"player_choice":"Forge","damage_taken":0,"max_hp_gain":0,"max_hp_loss":0,"event_name":"Accursed Blacksmith","floor":44,"gold_loss":0,"cards_upgraded":["Consume"]}],"is_beta":false,"boss_relics":[{"not_picked":["Calling Bell","Snecko Eye"],"picked":"Inserter"},{"not_picked":["Sozu","Fusion Hammer"],"picked":"Cursed Key"}],"items_purged_floors":[21,38],"is_endless":false,"potions_floor_spawned":[6,8,13,20,24,27,33,36,41,45,55],"ascension_level":20}}