{"host":"pe0zhl1vvtkxuc0p","time":1609069176,"event":{"mods":["A Magickal Journey","AchievementEnabler","Act Like it!","Aspiration","BaseMod","Card Forge","Challenge The Spire","Chen","Colored Powertips","Conspire","Curses Come First","GifTheSpireLib","Glutton Mod","Gremlin Mod","Hubris","Hunter 猎人","KinomotoSakuraMod(木之本樱)","Luminous","Minty Spire (QoL Compilation)","Pale of the Ancients","Quick Restart","Relic Filter","Replay The Spire","Shop Mod","StSLib","SuperFastMode","Td1madao Mod","The Clintock","The Cursed","The Dragon Tamer","The Druid","The Factory","The Florist","The Hayseed","The Hierophant","The Jungle","The Mystic","The Necromancer","The Sage","残留之物"],"gold_per_floor":[112,62,62,80,80,127,152,184,254,300,314,347,347,347,347,500,500,538,94,94,108,131,131,184,184,236,269,269,298,298,330,330,467,467,499,832,88,88,160,460,460,72,72,113,113,318,318,318,318,380,380,380,4,97,125],"floor_reached":56,"playtime":10412,"items_purged":[],"score":1410,"play_id":"505b4d38-6d44-4eb7-97fb-aa369d03ffa1","local_time":"20201227193936","is_ascension_mode":false,"campfire_choices":[{"data":"ClowCardTheWave","floor":15.0,"key":"SMITH"},{"floor":23.0,"key":"REST"},{"floor":32.0,"key":"REST"},{"floor":41.0,"key":"REST"},{"floor":47.0,"key":"RECALL"},{"floor":49.0,"key":"REST"},{"data":"ClowCardTheFly","floor":52.0,"key":"SMITH"}],"circlet_count":0,"master_deck":["SakuraCardTheMove+","SakuraCardTheThrough+","SpellCardSeal+1","SpellCardRelease","ClowCardTheSweet+1","ClowCardTheErase","ClowCardTheIllusion","ClowCardTheFloat+1","ClowCardTheWave+1","ClowCardTheWatery+1","ClowCardTheWood+1","ClowCardTheDark+1","ClowCardTheErase","ClowCardTheDash+1","ClowCardTheSilent","ClowCardTheFreeze+1","ClowCardTheRain","ClowCardTheVoice","ClowCardTheArrow","ClowCardTheSnow+1","ClowCardTheLoop+1","ClowCardTheJump+1","ClowCardTheDream","ClowCardTheTime+1","ClowCardTheTwin+1","ClowCardTheFly+1","ClowCardTheLock","ClowCardTheSong+1","Blind+1","Luminous:Abyss_Heart_Luminous+1","ClowCardTheGlow+1","ClowCardTheCreate","ClowCardTheDash+1"],"relics":["KSMOD_SealedBook","KSMOD_SealedWand","Hammer of Thor","Seething Fire","Anvil of the Gods","NeowsBlessing","Happy Flower","hubris:DeckOfHolding","hubris:SphereOfDissonance","FossilizedHelix","Ring of Fangs","Golden Idol","Pandora\u0027s Box","Replay:Towering Pillar of Hats","Orichalcum","Bronze Scales","Torii","hubris:Icosahedron","Replay:Ancient Bell","Replay:Bandana","KSMOD_TaoistSuit","aspiration:HatOfInfinitePower","Turnip","BargainBundle","TungstenRod","Juzu Bracelet","Garlic","KSMOD_YukitosBentoBox","hubris:Towel","Replay:Ringing Soul","Boot","KSMOD_SwordJade"],"acts_visited":["Exordium","Exordium","theJungle:Jungle","TheEnding"],"potions_floor_usage":[],"damage_taken":[{"damage":0.0,"enemies":"Jaw Worm","floor":1.0,"turns":1.0},{"damage":0.0,"enemies":"Small Slimes","floor":4.0,"turns":2.0},{"damage":0.0,"enemies":"Lagavulin","floor":6.0,"turns":4.0},{"damage":0.0,"enemies":"Cultist","floor":7.0,"turns":3.0},{"damage":18.0,"enemies":"Gremlin Nob","floor":8.0,"turns":5.0},{"damage":13.0,"enemies":"Lagavulin","floor":10.0,"turns":7.0},{"damage":0.0,"enemies":"Large Slime","floor":11.0,"turns":3.0},{"damage":0.0,"enemies":"2 Fungi Beasts","floor":12.0,"turns":3.0},{"damage":5.0,"enemies":"Fading Forest","floor":16.0,"turns":11.0},{"damage":9.0,"enemies":"Shell Parasite","floor":18.0,"turns":5.0},{"damage":21.0,"enemies":"theJungle:Flameango_and_Byrd","floor":21.0,"turns":5.0},{"damage":4.0,"enemies":"theJungle:Lyon","floor":22.0,"turns":5.0},{"damage":12.0,"enemies":"theJungle:Cassacara","floor":24.0,"turns":6.0},{"damage":15.0,"enemies":"Snake Plant","floor":27.0,"turns":3.0},{"damage":11.0,"enemies":"theJungle:2_Flameangoes","floor":29.0,"turns":6.0},{"damage":1.0,"enemies":"theJungle:Snecko_Cultist_And_Trap","floor":31.0,"turns":6.0},{"damage":0.0,"enemies":"theJungle:FunGuy","floor":33.0,"turns":8.0},{"damage":7.0,"enemies":"theFactory:BigBot","floor":35.0,"turns":6.0},{"damage":20.0,"enemies":"theFactory:4_Mini-Bots","floor":39.0,"turns":2.0},{"damage":0.0,"enemies":"theFactory:ShrapnelTosser","floor":44.0,"turns":5.0},{"damage":19.0,"enemies":"theFactory:Personnel_and_Mini-Bots","floor":46.0,"turns":7.0},{"damage":0.0,"enemies":"theFactory:SPIDER","floor":50.0,"turns":7.0},{"damage":0.0,"enemies":"Shield and Spear","floor":54.0,"turns":4.0},{"damage":57,"enemies":"The Heart","floor":55,"turns":7}],"seed_played":"-783702125072701981","potions_obtained":[{"floor":1.0,"key":"LiquidMemories"},{"floor":4.0,"key":"FearPotion"},{"floor":6.0,"key":"EntropicBrew"},{"floor":11.0,"key":"SkillPotion"},{"floor":20.0,"key":"FearPotion"},{"floor":20.0,"key":"Explosive Potion"},{"floor":22.0,"key":"ColorlessPotion"},{"floor":27.0,"key":"sagemod:Wine"},{"floor":31.0,"key":"CultistPotion"},{"floor":33.0,"key":"Energy Potion"},{"floor":35.0,"key":"GamblersBrew"},{"floor":46.0,"key":"AttackPotion"}],"is_trial":false,"path_per_floor":["M","?","?","M","?","E","M","E","T","E","M","M","?","?","R","B",null,"M","$","?","M","M","R","E","?","T","M","?","M","?","M","R","B",null,"M","?","$","?","M","?","R","$","T","M","?","M","R","T","R","B",null,"R","$","E","B",null],"character_chosen":"KINOMOTOSAKURA","items_purchased":["Replay:Towering Pillar of Hats","Orichalcum","Turnip","BargainBundle","TungstenRod","ClowCardTheLock","ClowCardTheSong","Blind","KSMOD_MagickBottle","PowerPotion","Juzu Bracelet","Garlic","ClowCardTheDash","Boot","LiquidMemories"],"campfire_rested":4,"item_purchase_floors":[19,19,37,37,37,37,37,37,37,37,42,42,53,53,53],"current_hp_per_floor":[70,70,70,70,70,70,70,57,57,49,54,54,54,54,54,54,70,66,66,66,45,46,67,58,58,58,43,43,32,32,31,52,64,70,63,53,53,53,33,33,54,54,54,59,62,43,43,46,67,70,70,70,73,73,33],"gold":125,"neow_bonus":"THREE_ENEMY_KILL","is_daily":false,"chose_seed":false,"campfire_upgraded":2,"win_rate":0.0,"timestamp":1609069176,"path_taken":["M","?","?","M","?","E","M","E","T","E","?","M","?","?","R","BOSS","M","$","?","M","?","R","E","?","T","?","?","M","?","?","R","BOSS","M","?","$","?","M","?","R","$","T","M","?","M","R","?","R","BOSS","R","$","E","BOSS"],"items_purchased_type":["Relic","Relic","Relic","Relic","Relic","Card","Card","Card","Potion","Potion","Relic","Relic","Card","Relic","Potion"],"build_version":"2020-12-22","purchased_purges":0,"victory":true,"max_hp_per_floor":[70,70,70,70,70,70,70,70,70,70,70,70,70,70,70,70,70,70,70,70,70,70,70,70,70,70,70,70,70,70,70,70,70,70,70,70,70,70,70,70,70,70,70,70,70,70,70,70,70,70,70,70,73,73,73],"card_choices":[{"not_picked":["ClowCardTheArrow","ClowCardTheFly"],"picked":"ClowCardTheSweet","floor":1.0},{"not_picked":["ClowCardTheMist","ClowCardTheCloud"],"picked":"ClowCardTheErase","floor":4.0},{"not_picked":["ClowCardTheSweet","ClowCardTheLibra"],"picked":"ClowCardTheIllusion","floor":6.0},{"not_picked":["ClowCardTheShot","ClowCardThePower"],"picked":"ClowCardTheFloat","floor":7.0},{"not_picked":["ClowCardTheWood","ClowCardTheLittle"],"picked":"ClowCardTheWave","floor":8.0},{"not_picked":["ClowCardTheShadow","ClowCardTheEarthy"],"picked":"ClowCardTheThrough","floor":10.0},{"not_picked":["ClowCardTheMirror","ClowCardTheIllusion"],"picked":"ClowCardTheWatery","floor":11.0},{"not_picked":["ClowCardTheErase","ClowCardTheIllusion"],"picked":"ClowCardTheWood","floor":12.0},{"not_picked":["ClowCardTheThrough","ClowCardTheTime"],"picked":"ClowCardTheDark","floor":16.0},{"not_picked":["ClowCardTheSilent","ClowCardTheCloud"],"picked":"ClowCardTheMove","floor":18.0},{"not_picked":["ClowCardTheLock","ClowCardTheArrow"],"picked":"ClowCardTheSnow","floor":21.0},{"not_picked":["ClowCardTheStorm","ClowCardTheWood+1"],"picked":"ClowCardTheLoop","floor":22.0},{"not_picked":["ClowCardTheIllusion","ClowCardTheRain"],"picked":"ClowCardTheJump","floor":24.0},{"not_picked":["ClowCardTheRain","ClowCardTheIllusion","ClowCardTheArrow+1"],"picked":"SKIP","floor":27.0},{"not_picked":["ClowCardTheChange","ClowCardTheSilent"],"picked":"ClowCardTheDream","floor":29.0},{"not_picked":["ClowCardTheGlow","ClowCardTheRain"],"picked":"ClowCardTheTime","floor":31.0},{"not_picked":["ClowCardTheFight","ClowCardTheCreate"],"picked":"ClowCardTheTwin","floor":33.0},{"not_picked":["Voices","Looming Evil"],"picked":"hubris:Despair","floor":34.0},{"not_picked":["ReplayTheSpireMod:Whispers of Evil","ReplayTheSpireMod:Splinters"],"picked":"Writhe","floor":34.0},{"not_picked":["TheCursedMod:Dregs","TheSimpletonMod:Spoilage"],"picked":"Writhe","floor":34.0},{"not_picked":["ClowCardTheFloat+1","ClowCardTheWood+1"],"picked":"ClowCardTheFly","floor":35.0},{"not_picked":["PlaceholderMod:EnergyAbsorb","Backward Giant"],"picked":"Luminous:Abyss_Heart_Luminous","floor":38.0},{"not_picked":["ClowCardTheMist","ClowCardTheRain"],"picked":"ClowCardTheGlow","floor":39.0},{"not_picked":["ClowCardTheMist","ClowCardTheLoop+1","ClowCardTheShot"],"picked":"SKIP","floor":44.0},{"not_picked":["ClowCardTheFloat+1","ClowCardTheDream+1"],"picked":"ClowCardTheCreate","floor":46.0},{"not_picked":["ClowCardTheChange","ClowCardTheWave","ClowCardTheFirey"],"picked":"SKIP","floor":54.0}],"player_experience":511638,"relics_obtained":[{"floor":6.0,"key":"Happy Flower"},{"floor":8.0,"key":"hubris:DeckOfHolding"},{"floor":9.0,"key":"hubris:SphereOfDissonance"},{"floor":10.0,"key":"FossilizedHelix"},{"floor":13.0,"key":"Ring of Fangs"},{"floor":24.0,"key":"Bronze Scales"},{"floor":43.0,"key":"KSMOD_YukitosBentoBox"},{"floor":48.0,"key":"Replay:Ringing Soul"},{"floor":54.0,"key":"KSMOD_SwordJade"}],"event_choices":[{"damage_healed":0.0,"max_hp_gain":0.0,"max_hp_loss":0.0,"gold_gain":0.0,"event_name":"conspire:Investor","player_choice":"Invest 1","floor":2.0,"gold_loss":0.0,"damage_taken":0.0},{"damage_healed":0.0,"max_hp_gain":0.0,"max_hp_loss":0.0,"gold_gain":0.0,"event_name":"NoteForYourself","player_choice":"Ignored","floor":5.0,"gold_loss":0.0,"damage_taken":0.0},{"damage_healed":0.0,"max_hp_gain":0.0,"max_hp_loss":0.0,"gold_gain":0.0,"event_name":"Golden Idol","player_choice":"Take Wound","floor":14.0,"gold_loss":0.0,"damage_taken":0.0,"relics_obtained":["Golden Idol"],"cards_obtained":["Injury"]},{"damage_healed":0.0,"max_hp_gain":0.0,"max_hp_loss":0.0,"gold_gain":0.0,"event_name":"Lab","player_choice":"Got Potions","floor":20.0,"gold_loss":0.0,"damage_taken":0.0},{"damage_healed":0.0,"max_hp_gain":0.0,"max_hp_loss":0.0,"gold_gain":0.0,"event_name":"WeMeetAgain","player_choice":"Gave Potion","floor":25.0,"gold_loss":0.0,"damage_taken":0.0,"relics_obtained":["Torii"]},{"cards_removed":["ClowCardTheStorm"],"damage_healed":0.0,"max_hp_gain":0.0,"max_hp_loss":0.0,"gold_gain":0.0,"event_name":"Purifier","player_choice":"Purged","floor":30.0,"gold_loss":0.0,"damage_taken":0.0}],"is_beta":false,"boss_relics":[{"not_picked":["Philosopher\u0027s Stone","Runic Pyramid"],"picked":"Pandora\u0027s Box"},{"not_picked":["hubris:HollowSoul","conspire:SlowCooker"],"picked":"Replay:Ancient Bell"},{"not_picked":["Blood Vial","Smiling Mask"],"picked":"Replay:Bandana"},{"not_picked":["Onion Ring","aspiration:FetidBarrel"],"picked":"KSMOD_TaoistSuit"},{"not_picked":["hubris:CuriousFeather","Incense Burner"],"picked":"aspiration:HatOfInfinitePower"}],"items_purged_floors":[],"is_endless":false,"potions_floor_spawned":[1,4,6,11,22,27,31,33,35,46],"ascension_level":0}}