{"host":"jnpc5rzortks67vf","time":1609054524,"event":{"mods":["2.2 Compatiblity","A Magickal Journey","AchievementEnabler","Act Like it!","Aspiration","BaseMod","Better Match","Better Third Choice","CapriCore","Challenge The Spire","Colored Map","Colored Powertips","Conspire","Downfall","Elementarium","Energized Spire","Friendly Minions","GungeonMod","Halation","Hallownest","Hermit","HexUI Lib","Hubris","Infinite Spire","JesterMod","Jorbs\u0027s Wanderer Trilogy","Mimic Mod","Minty Spire (QoL Compilation)","Pale of the Ancients","Quick Restart","Random Character Button","Rare Cards Sparkle","Relic Stats","Replay The Spire","Reworked Bosses","Robot Space Explorer","Shade Mod","Shop Mod","Spikes Relics","StSLib","The Blackbeard","The Bug Knight","The Clintock","The Construct","The Factory","The Florist","The Forsaken","The Gatherer","The Hierophant","The Judge","The Kombatant","The Trickster","The Wild Card","TheBandit","TheHero","TheVacant","The_Crusader","Unceasing Turn Reminder","Wandering Minibosses","vexMod"],"gold_per_floor":[109,109,109,126,18,47,147,147,177,194,194,269,288,301,301,404,404,423,433,433,433,433,462,474,490,490,490,527,527,537,537,537,547,547,652,652,667,685,685,685,697,725,737,776,838,864,876,900,912,938,950,962,974,986,362,390,390,390],"floor_reached":57,"playtime":2361,"items_purged":["Parasite"],"score":984,"play_id":"e80e894a-a398-42cc-99fb-db7e867be41f","local_time":"20201227003524","is_ascension_mode":false,"campfire_choices":[{"data":"RobotSpaceExplorer:PowerCollector","floor":8,"key":"SMITH"},{"data":"RobotSpaceExplorer:DoubleFind","floor":11,"key":"SMITH"},{"data":"RobotSpaceExplorer:MiniBoosters","floor":15,"key":"SMITH"},{"data":"infinitespire:Collect","floor":29,"key":"SMITH"},{"data":"RobotSpaceExplorer:TrailblazerForm","floor":31,"key":"SMITH"},{"data":"RobotSpaceExplorer:Accelerator","floor":34,"key":"SMITH"},{"floor":43,"key":"REST"},{"floor":47,"key":"REST"},{"floor":49,"key":"REST"},{"floor":51,"key":"RECALL"},{"data":"RobotSpaceExplorer:Autoloader","floor":54,"key":"SMITH"}],"circlet_count":0,"master_deck":["RobotSpaceExplorer:Strike","RobotSpaceExplorer:Strike","RobotSpaceExplorer:Strike","RobotSpaceExplorer:Strike","RobotSpaceExplorer:Defend","RobotSpaceExplorer:Defend","RobotSpaceExplorer:Defend","RobotSpaceExplorer:Defend","RobotSpaceExplorer:Scan","RobotSpaceExplorer:MiniLasers","RobotSpaceExplorer:StunGrenade","RobotSpaceExplorer:MiniBoosters+1","RobotSpaceExplorer:DoubleFind+1","RobotSpaceExplorer:PowerCollector+1","RobotSpaceExplorer:ScrapMissile","RobotSpaceExplorer:Probe","RobotSpaceExplorer:SurgingStrike","RobotSpaceExplorer:MiniDrones","RobotSpaceExplorer:Accelerator","RobotSpaceExplorer:Counterblock+1","RobotSpaceExplorer:Strike","RobotSpaceExplorer:Strike","RobotSpaceExplorer:Strike","RobotSpaceExplorer:Strike","RobotSpaceExplorer:Defend","RobotSpaceExplorer:Defend","RobotSpaceExplorer:Defend","RobotSpaceExplorer:Defend","RobotSpaceExplorer:Scan","RobotSpaceExplorer:MiniLasers","RobotSpaceExplorer:StunGrenade","RobotSpaceExplorer:MiniBoosters+1","RobotSpaceExplorer:DoubleFind+1","RobotSpaceExplorer:PowerCollector+1","RobotSpaceExplorer:ScrapMissile","RobotSpaceExplorer:Probe","RobotSpaceExplorer:SurgingStrike","RobotSpaceExplorer:MiniDrones","RobotSpaceExplorer:Accelerator+1","RobotSpaceExplorer:Counterblock+1","infinitespire:Collect+1","RobotSpaceExplorer:TrailblazerForm+1","RobotSpaceExplorer:DualCore+1","RobotSpaceExplorer:ScrapMissile+1","RobotSpaceExplorer:LuckyStrike+1","RobotSpaceExplorer:Autoloader+1","RobotSpaceExplorer:DualCore+1","RobotSpaceExplorer:Probe+1","theForsaken:PlagueCurse","RobotSpaceExplorer:ImprovisedAttack+1","RobotSpaceExplorer:Jetpack+1","RobotSpaceExplorer:Multitool","RobotSpaceExplorer:Fix","RobotSpaceExplorer:ScrapMissile+1","RobotSpaceExplorer:PowerCollector","RobotSpaceExplorer:DoubleFind","RobotSpaceExplorer:DoubleFind","Mayhem","Impatience+1","Pot Of Greed+1","Pot Of Greed+1","Pot Of Greed+1","Pot Of Greed+1","Pot Of Greed+1"],"relics":["RobotSpaceExplorer:RoboCore","NeowsBlessing","infinitespire:Satchel","MealTicket","vexMod:HeadHunter","Runic Dome","RetroEgg","halation:Toothbrush","Ornamental Fan","halation:StarCompass","Replay:Bronze Core","theForsaken:PlagueMask","MawBank","conspire:BottledYoYo","halation:AfternoonTea","infinitespire:FocusingShard","DemoMod:GlassGuonStoneRelic","Grinning Jar"],"acts_visited":["Exordium","TheCity","TheBeyond","TheEnding"],"potions_floor_usage":[16,33,33,35,52,52],"damage_taken":[{"damage":0,"enemies":"2 Louse","floor":1,"turns":1},{"damage":0,"enemies":"Small Slimes","floor":4,"turns":1},{"damage":0,"enemies":"3 Sentries","floor":6,"turns":1},{"damage":0,"enemies":"Cultist","floor":9,"turns":4},{"damage":0,"enemies":"Cultist","floor":10,"turns":3},{"damage":1,"enemies":"Blue Slaver","floor":13,"turns":2},{"damage":3,"enemies":"Lots of Slimes","floor":14,"turns":2},{"damage":6,"enemies":"Fading Forest","floor":16,"turns":11},{"damage":6,"enemies":"2 Thieves","floor":18,"turns":3},{"damage":3,"enemies":"conspire:FuzzyDice","floor":19,"turns":4},{"damage":1,"enemies":"Replay:Snechameleon","floor":23,"turns":4},{"damage":10,"enemies":"conspire:HollyBat","floor":24,"turns":5},{"damage":13,"enemies":"Sentry and Sphere","floor":25,"turns":4},{"damage":0,"enemies":"Shelled Parasite and Fungi","floor":28,"turns":4},{"damage":0,"enemies":"Shelled Parasite and Fungi","floor":30,"turns":5},{"damage":10,"enemies":"Centurion and Healer","floor":33,"turns":4},{"damage":0,"enemies":"bossMod:newCollector","floor":35,"turns":5},{"damage":12,"enemies":"3 Shapes","floor":37,"turns":3},{"damage":25,"enemies":"3 Darklings","floor":38,"turns":4},{"damage":3,"enemies":"Maw","floor":41,"turns":4},{"damage":15,"enemies":"Reptomancer","floor":42,"turns":5},{"damage":9,"enemies":"HollowMod:StalkingDevout","floor":44,"turns":5},{"damage":10,"enemies":"Spire Growth","floor":46,"turns":4},{"damage":16,"enemies":"Writhing Mass","floor":48,"turns":4},{"damage":2,"enemies":"Maw","floor":50,"turns":5},{"damage":30,"enemies":"bossMod:newAwakened","floor":52,"turns":6},{"damage":62,"enemies":"Shield and Spear","floor":56,"turns":4},{"damage":50,"enemies":"The Heart","floor":57,"turns":2}],"seed_played":"-6437979284148787332","potions_obtained":[{"floor":1,"key":"Fire Potion"},{"floor":13,"key":"Swift Potion"},{"floor":16,"key":"SpeedPotion"},{"floor":23,"key":"PowerPotion"},{"floor":24,"key":"Elixir"},{"floor":33,"key":"AttackPotion"},{"floor":37,"key":"Venom Potion"},{"floor":38,"key":"Dexterity Potion"}],"is_trial":false,"path_per_floor":["M","?","?","M","$","E","?","R","MIM","M","R","?","M","M","R","B",null,"M","M","?","?","AVR","E","M","M","PTL","PTL","MIM","R","M","R","?","M","R","B",null,"M","M","?","?","M","E","R","E","T","M","R","M","R","M","R","B",null,"R","$","E","B"],"character_chosen":"RobotSpaceExplorer","items_purchased":["RobotSpaceExplorer:DoubleFind","RobotSpaceExplorer:PowerCollector","RobotSpaceExplorer:DoubleFind","Mayhem","infinitespire:FocusingShard","Impatience"],"campfire_rested":3,"item_purchase_floors":[5,5,55,55,55,55],"current_hp_per_floor":[75,75,75,75,75,75,75,75,75,75,75,64,63,60,60,75,75,69,66,66,66,66,65,55,42,42,42,42,42,42,42,42,32,32,32,75,63,38,38,38,35,20,42,39,39,33,57,53,77,81,81,51,81,81,81,23,0,0],"gold":390,"neow_bonus":"THREE_ENEMY_KILL","is_daily":false,"chose_seed":false,"campfire_upgraded":7,"win_rate":0.0,"timestamp":1609054524,"path_taken":["M","?","?","?","$","E","?","R","MIM","M","R","?","M","M","R","BOSS","M","M","?","?","AVR","E","M","M","PTL","PTL","MIM","R","M","R","?","M","R","BOSS","M","M","?","?","?","E","R","E","T","M","R","M","R","M","R","BOSS","R","$","E","BOSS"],"items_purchased_type":["Card","Card","Card","Card","Relic","Card"],"build_version":"2020-12-22","purchased_purges":1,"victory":false,"max_hp_per_floor":[75,75,75,75,75,75,75,75,75,75,75,75,75,75,75,75,75,75,75,75,75,75,75,75,75,75,75,75,75,75,75,75,75,75,75,75,75,75,75,75,75,75,75,81,81,81,81,81,81,81,81,81,81,81,81,81,81,81],"relic_stats":{"counters":[28,109],"Ornamental Fan":[152],"MealTicket":0,"MawBank":156,"obtain_stats":[{"NeowsBlessing":0,"RetroEgg":22,"RobotSpaceExplorer:RoboCore":0,"DemoMod:GlassGuonStoneRelic":1,"infinitespire:FocusingShard":55,"halation:StarCompass":32,"theForsaken:PlagueMask":39,"MawBank":42,"Runic Dome":17,"Ornamental Fan":28,"vexMod:HeadHunter":6,"Replay:Bronze Core":36,"infinitespire:Satchel":2,"MealTicket":3,"halation:Toothbrush":23,"conspire:BottledYoYo":44,"halation:AfternoonTea":45,"Grinning Jar":56},{"NeowsBlessing":0,"RetroEgg":10,"RobotSpaceExplorer:RoboCore":0,"DemoMod:GlassGuonStoneRelic":1,"infinitespire:FocusingShard":26,"halation:StarCompass":15,"theForsaken:PlagueMask":19,"MawBank":21,"Runic Dome":8,"Ornamental Fan":14,"vexMod:HeadHunter":3,"Replay:Bronze Core":17,"infinitespire:Satchel":1,"MealTicket":1,"halation:Toothbrush":11,"conspire:BottledYoYo":22,"halation:AfternoonTea":22,"Grinning Jar":27},{"NeowsBlessing":0,"RetroEgg":32,"RobotSpaceExplorer:RoboCore":0,"DemoMod:GlassGuonStoneRelic":1,"infinitespire:FocusingShard":103,"halation:StarCompass":54,"theForsaken:PlagueMask":70,"MawBank":79,"Runic Dome":25,"Ornamental Fan":49,"vexMod:HeadHunter":3,"Replay:Bronze Core":63,"infinitespire:Satchel":1,"MealTicket":1,"halation:Toothbrush":36,"conspire:BottledYoYo":84,"halation:AfternoonTea":84,"Grinning Jar":107}]},"card_choices":[{"not_picked":["RobotSpaceExplorer:SwiftStep","RobotSpaceExplorer:FreezingShield"],"picked":"RobotSpaceExplorer:StunGrenade","floor":1},{"not_picked":["RobotSpaceExplorer:StarDust","RobotSpaceExplorer:Probe"],"picked":"RobotSpaceExplorer:MiniBoosters","floor":4},{"not_picked":["RobotSpaceExplorer:StunGrenade","RobotSpaceExplorer:GlueShot"],"picked":"RobotSpaceExplorer:ScrapMissile","floor":6},{"not_picked":["RobotSpaceExplorer:ShockMissile","RobotSpaceExplorer:FreezeRay"],"picked":"RobotSpaceExplorer:Probe","floor":9},{"not_picked":["RobotSpaceExplorer:PowerCollector","RobotSpaceExplorer:FrostMissile","RobotSpaceExplorer:FranticSearch"],"picked":"SKIP","floor":10},{"not_picked":["RobotSpaceExplorer:FrostMissile","RobotSpaceExplorer:PowerCollector"],"picked":"RobotSpaceExplorer:SurgingStrike","floor":13},{"not_picked":["RobotSpaceExplorer:GlueShot","RobotSpaceExplorer:ImprovisedAttack"],"picked":"RobotSpaceExplorer:MiniDrones","floor":14},{"not_picked":["RobotSpaceExplorer:BlastShield","RobotSpaceExplorer:DroneSwarm"],"picked":"RobotSpaceExplorer:Accelerator","floor":16},{"not_picked":["RobotSpaceExplorer:MakeshiftVolley","RobotSpaceExplorer:SurgingStrike"],"picked":"RobotSpaceExplorer:Counterblock+1","floor":18},{"not_picked":["RobotSpaceExplorer:ShockKick+1","RobotSpaceExplorer:ScrapShield","RobotSpaceExplorer:SlimeMissile+1"],"picked":"SKIP","floor":19},{"not_picked":["RobotSpaceExplorer:Blaster","RobotSpaceExplorer:Scanner"],"picked":"RobotSpaceExplorer:TrailblazerForm","floor":23},{"not_picked":["RobotSpaceExplorer:Counterblock","RobotSpaceExplorer:ShockMissile","RobotSpaceExplorer:ShockKick"],"picked":"SKIP","floor":23},{"not_picked":["RobotSpaceExplorer:StunGrenade","RobotSpaceExplorer:ShovelStrike"],"picked":"RobotSpaceExplorer:DualCore+1","floor":24},{"not_picked":["RobotSpaceExplorer:PlasmaMissile","RobotSpaceExplorer:ShockKick","RobotSpaceExplorer:PowerGlove"],"picked":"SKIP","floor":25},{"not_picked":["RobotSpaceExplorer:Pulsar","RobotSpaceExplorer:GlueShot"],"picked":"RobotSpaceExplorer:ScrapMissile","floor":30},{"not_picked":["RobotSpaceExplorer:ImprovisedAttack","RobotSpaceExplorer:DualCore"],"picked":"RobotSpaceExplorer:LuckyStrike+1","floor":33},{"not_picked":["RobotSpaceExplorer:Comet","RobotSpaceExplorer:Exploration"],"picked":"RobotSpaceExplorer:Autoloader","floor":35},{"not_picked":["RobotSpaceExplorer:Ammunition","RobotSpaceExplorer:ToxicBomb"],"picked":"RobotSpaceExplorer:DualCore+1","floor":37},{"not_picked":["RobotSpaceExplorer:StunGrenade+1","RobotSpaceExplorer:FreezingShield+1"],"picked":"RobotSpaceExplorer:Probe+1","floor":38},{"not_picked":["RobotSpaceExplorer:GlueSpray","RobotSpaceExplorer:Calculate+1"],"picked":"RobotSpaceExplorer:ImprovisedAttack+1","floor":41},{"not_picked":["RobotSpaceExplorer:HighVoltage","RobotSpaceExplorer:BlastShield"],"picked":"RobotSpaceExplorer:Wormhole","floor":42},{"not_picked":["RobotSpaceExplorer:SurgingStrike","RobotSpaceExplorer:StunGrenade"],"picked":"RobotSpaceExplorer:Jetpack+1","floor":42},{"not_picked":["RobotSpaceExplorer:Asteroid","RobotSpaceExplorer:Exploration"],"picked":"RobotSpaceExplorer:Multitool","floor":44},{"not_picked":["RobotSpaceExplorer:GlueSpray+1","RobotSpaceExplorer:FrostMissile"],"picked":"RobotSpaceExplorer:Fix","floor":44},{"not_picked":["RobotSpaceExplorer:ShockKick","RobotSpaceExplorer:TurboDodge"],"picked":"RobotSpaceExplorer:ScrapMissile","floor":46},{"not_picked":["RobotSpaceExplorer:ShockKick","RobotSpaceExplorer:FreezeRay+1"],"picked":"RobotSpaceExplorer:PowerCollector","floor":48},{"not_picked":["RobotSpaceExplorer:StunGrenade","RobotSpaceExplorer:StarLightning+1","RobotSpaceExplorer:GearShield"],"picked":"SKIP","floor":50},{"not_picked":["RobotSpaceExplorer:Exploration","RobotSpaceExplorer:Asteroid","RobotSpaceExplorer:Autoloader"],"picked":"SKIP","floor":56},{"not_picked":["RobotSpaceExplorer:SlimeMissile+1","RobotSpaceExplorer:FrostMissile","RobotSpaceExplorer:IronShell"],"picked":"SKIP","floor":56}],"player_experience":993878,"relics_obtained":[{"floor":2,"key":"infinitespire:Satchel"},{"floor":6,"key":"vexMod:HeadHunter"},{"floor":23,"key":"halation:Toothbrush"},{"floor":28,"key":"Ornamental Fan"},{"floor":42,"key":"MawBank"},{"floor":44,"key":"conspire:BottledYoYo"},{"floor":45,"key":"halation:AfternoonTea"},{"floor":56,"key":"Grinning Jar"}],"event_choices":[{"damage_healed":0,"gold_gain":0,"player_choice":"Gave Potion","damage_taken":0,"relics_obtained":["MealTicket"],"max_hp_gain":0,"max_hp_loss":0,"event_name":"WeMeetAgain","floor":3,"gold_loss":0},{"damage_healed":0,"gold_gain":100,"player_choice":"Gold","damage_taken":0,"max_hp_gain":0,"max_hp_loss":0,"event_name":"Wheel of Change","floor":7,"gold_loss":0},{"damage_healed":0,"gold_gain":75,"player_choice":"Gold","damage_taken":11,"max_hp_gain":0,"max_hp_loss":0,"event_name":"betterThird:BetterGoop","floor":12,"gold_loss":0},{"damage_healed":0,"gold_gain":0,"player_choice":"Leave","damage_taken":0,"max_hp_gain":0,"max_hp_loss":0,"event_name":"conspire:Investor","floor":20,"gold_loss":0},{"damage_healed":0,"gold_gain":0,"player_choice":"Obtain Plague Curse","damage_taken":0,"max_hp_gain":0,"max_hp_loss":0,"event_name":"Plague Doctor","floor":39,"gold_loss":0,"cards_obtained":["theForsaken:PlagueCurse"]},{"damage_healed":0,"gold_gain":0,"player_choice":"Cursed","damage_taken":0,"max_hp_gain":0,"max_hp_loss":0,"event_name":"Wheel of Change","floor":40,"gold_loss":0,"cards_obtained":["Decay"]}],"is_beta":false,"boss_relics":[{"not_picked":["Empty Cage","Replay:Drink Me"],"picked":"Runic Dome"},{"not_picked":["halation:ForbiddenBikini","SacredBark"],"picked":"Replay:Bronze Core"}],"items_purged_floors":[55],"is_endless":false,"potions_floor_spawned":[1,13,16,23,24,33,37,38,46,50],"killed_by":"The Heart","ascension_level":0}}