{"host":"og6lam4kt3nibbw0","time":1609094314,"event":{"mods":["AchievementEnabler","BaseMod","Colored Map","DeckTracker","Highlight Path","Keyboard Shortcuts","Minty Spire (QoL Compilation)","Permanent Neow","Quick Restart","StSLib","SuperFastMode"],"gold_per_floor":[18,31,31,31,31,47,47,58,112,112,130,130,205,224,224,224,224],"floor_reached":16,"playtime":449,"items_purged":[],"score":184,"play_id":"23cbfd90-b293-4e69-86b7-cf6fbc04a140","local_time":"20201228033834","is_ascension_mode":true,"campfire_choices":[{"data":"Ball Lightning","floor":7.0,"key":"SMITH"},{"data":"Biased Cognition","floor":10.0,"key":"SMITH"},{"floor":15,"key":"REST"}],"circlet_count":0,"master_deck":["AscendersBane","Strike_B","Strike_B","Strike_B","Defend_B","Defend_B","Defend_B","Defend_B","Zap+1","Dualcast","Biased Cognition+1","Conserve Battery+1","Ball Lightning+1","BootSequence+1","Coolheaded"],"relics":["Cracked Core","War Paint"],"acts_visited":["Exordium"],"potions_floor_usage":[14,16,16],"damage_taken":[{"damage":1.0,"enemies":"Cultist","floor":1.0,"turns":3.0},{"damage":1.0,"enemies":"Small Slimes","floor":2.0,"turns":3.0},{"damage":6.0,"enemies":"2 Louse","floor":6.0,"turns":2.0},{"damage":9.0,"enemies":"Blue Slaver","floor":8.0,"turns":3.0},{"damage":0,"enemies":"Looter","floor":11,"turns":2},{"damage":2,"enemies":"Lots of Slimes","floor":14,"turns":3},{"damage":43,"enemies":"Hexaghost","floor":16,"turns":9}],"seed_played":"-6237148963771830735","potions_obtained":[{"floor":8.0,"key":"EssenceOfSteel"},{"floor":11,"key":"FearPotion"},{"floor":14,"key":"Fire Potion"}],"is_trial":false,"path_per_floor":["M","M","?","?","?","M","R","M","T","R","M","$","?","M","R","B"],"character_chosen":"DEFECT","items_purchased":[],"campfire_rested":1,"item_purchase_floors":[],"current_hp_per_floor":[63,62,62,62,55,49,49,40,40,40,40,40,29,27,48,5,5],"gold":224,"neow_bonus":"THREE_RARE_CARDS","is_daily":false,"chose_seed":false,"campfire_upgraded":2,"win_rate":0.0,"timestamp":1609094314,"path_taken":["M","M","?","?","?","M","R","M","T","R","M","$","?","M","R","BOSS"],"items_purchased_type":[],"build_version":"2020-12-22","purchased_purges":0,"victory":false,"max_hp_per_floor":[71,71,71,71,71,71,71,71,71,71,71,71,71,71,71,71,71],"card_choices":[{"not_picked":["Rainbow","Buffer"],"picked":"Biased Cognition","floor":0.0},{"not_picked":["Beam Cell","Redo"],"picked":"Conserve Battery","floor":1.0},{"not_picked":["Darkness","Turbo","Conserve Battery"],"picked":"SKIP","floor":2.0},{"not_picked":["Doom and Gloom","Conserve Battery"],"picked":"Ball Lightning","floor":6.0},{"not_picked":["Aggregate","Redo"],"picked":"BootSequence","floor":8.0},{"not_picked":["Double Energy","Consume","Cold Snap"],"picked":"SKIP","floor":11},{"not_picked":["Stack","Sweeping Beam"],"picked":"Coolheaded","floor":14}],"player_experience":846643,"relics_obtained":[{"floor":9.0,"key":"War Paint"}],"event_choices":[{"damage_healed":0.0,"max_hp_gain":0.0,"max_hp_loss":0.0,"gold_gain":0.0,"event_name":"Living Wall","player_choice":"Grow","floor":3.0,"gold_loss":0.0,"damage_taken":0.0,"cards_upgraded":["Zap"]},{"damage_healed":0.0,"max_hp_gain":0.0,"max_hp_loss":0.0,"gold_gain":0.0,"event_name":"Liars Game","player_choice":"Ignored","floor":4.0,"gold_loss":0.0,"damage_taken":0.0},{"cards_removed":["Strike_B"],"damage_healed":0.0,"max_hp_gain":0.0,"max_hp_loss":0.0,"gold_gain":0.0,"event_name":"Golden Wing","player_choice":"Card Removal","floor":5.0,"gold_loss":0.0,"damage_taken":7.0},{"damage_healed":0,"gold_gain":75,"player_choice":"Gather Gold","damage_taken":11,"max_hp_gain":0,"max_hp_loss":0,"event_name":"World of Goop","floor":13,"gold_loss":0}],"is_beta":false,"boss_relics":[],"items_purged_floors":[],"is_endless":false,"potions_floor_spawned":[8,11,14],"killed_by":"Hexaghost","ascension_level":20}}