{"host":"qy7jow5usmjkdnnq","time":1609110888,"event":{"mods":["BaseMod","Colored Map","Downfall","Minty Spire (QoL Compilation)","Permanent Neow","Relic Stats","StSLib"],"gold_per_floor":[99,118,135,149,162,162,162,189,189,289,214,66,66,81,95,198,198,198,209,221,234,260,294,294,306,317,317,317,329,346,365,384,481,481,331,349,445,455,469,11,83,117,117,117,147,2,31,42,52,52,52,79,3,3,3],"floor_reached":56,"playtime":6728,"items_purged":["hexamod:GhostOfSpireFuture+1"],"score":1607,"play_id":"d37312bf-ffb4-468a-aca1-0714d92b26a7","local_time":"20201228001448","is_ascension_mode":true,"campfire_choices":[{"data":"hexamod:Float","floor":1,"key":"SMITH"},{"data":"hexamod:SpectralSpark","floor":11,"key":"SMITH"},{"floor":13,"key":"REST"},{"floor":18,"key":"RECALL"},{"data":"Discovery","floor":35,"key":"SMITH"},{"data":"hexamod:PowerFromBeyond","floor":43,"key":"SMITH"},{"data":"hexamod:SearingWound","floor":54,"key":"SMITH"}],"circlet_count":0,"master_deck":["hexamod:Strike+1","hexamod:Defend+1","hexamod:Defend+1","hexamod:Sear+1","hexamod:Float+1","hexamod:UnlimitedPower+1","hexamod:SpectralSpark+1","hexamod:Again+1","hexamod:TurnItUp+1","hexamod:PhantomCloak+1","hexamod:TimeWarp","hexamod:CrushingStance+1","hexamod:NecessarySacrifice+1","Discovery+1","hexamod:ShieldOfDarkness+1","hexamod:CrushingStance+1","hexamod:Haunt+1","hexamod:Haunt+1","hexamod:Haunt+1","hexamod:Hexaguard+1","hexamod:SearingWound+1","hexamod:Hexaguard","hexamod:RadiantFlame+1","hexamod:Again+1","hexamod:Hexaguard+1","hexamod:PowerFromBeyond+1","hexamod:GiftsFromTheDead+1","hexamod:ApocalypticArmor+1","hexamod:Hexaguard","hexamod:Hexaguard+1","hexamod:Hexaguard+1"],"relics":["hexamod:SpiritBrand","downfall:ShatteredFragment","Bottled Lightning","downfall:HeartBlessingBlue","Coffee Dripper","Red Mask","Bag of Marbles","Frozen Egg 2","Astrolabe","downfall:HeartBlessingRed","downfall:HeartBlessingGreen","Happy Flower","Ancient Tea Set","Turnip","Eternal Feather","Orichalcum","hexamod:MatchstickCase","Lee\u0027s Waffle","Boot","Vajra"],"acts_visited":["Exordium","TheCity","TheBeyond","TheEnding"],"potions_floor_usage":[8,10,12,15,16,20,23,32,55,55,55],"damage_taken":[{"damage":0,"enemies":"Small Slimes","floor":2,"turns":3},{"damage":0,"enemies":"Jaw Worm","floor":3,"turns":2},{"damage":0,"enemies":"2 Louse","floor":4,"turns":3},{"damage":1,"enemies":"Exordium Wildlife","floor":5,"turns":4},{"damage":16,"enemies":"Gremlin Nob","floor":8,"turns":3},{"damage":16,"enemies":"downfall:Heads","floor":10,"turns":6},{"damage":0,"enemies":"downfall:FleeingMerchant","floor":12,"turns":4},{"damage":5,"enemies":"Exordium Thugs","floor":14,"turns":3},{"damage":0,"enemies":"Lots of Slimes","floor":15,"turns":3},{"damage":27,"enemies":"downfall:Watcher","floor":16,"turns":6},{"damage":11,"enemies":"Spheric Guardian","floor":19,"turns":4},{"damage":5,"enemies":"3 Byrds","floor":20,"turns":5},{"damage":17,"enemies":"Snake Plant","floor":21,"turns":4},{"damage":0,"enemies":"Masked Bandits","floor":22,"turns":2},{"damage":10,"enemies":"Gremlin Leader","floor":23,"turns":6},{"damage":0,"enemies":"Centurion and Healer","floor":25,"turns":3},{"damage":4,"enemies":"Shelled Parasite and Fungi","floor":26,"turns":3},{"damage":0,"enemies":"Cultist and Chosen","floor":29,"turns":3},{"damage":0,"enemies":"Centurion and Healer","floor":30,"turns":3},{"damage":0,"enemies":"3 Cultists","floor":31,"turns":4},{"damage":5,"enemies":"Shelled Parasite and Fungi","floor":32,"turns":4},{"damage":0,"enemies":"downfall:Defect","floor":33,"turns":5},{"damage":0,"enemies":"3 Shapes","floor":36,"turns":3},{"damage":0,"enemies":"downfall:FleeingMerchant","floor":37,"turns":2},{"damage":0,"enemies":"Orb Walker","floor":38,"turns":2},{"damage":6,"enemies":"Sphere and 2 Shapes","floor":39,"turns":4},{"damage":28,"enemies":"Reptomancer","floor":42,"turns":3},{"damage":13,"enemies":"Nemesis","floor":45,"turns":3},{"damage":0,"enemies":"Reptomancer","floor":47,"turns":3},{"damage":0,"enemies":"3 Darklings","floor":48,"turns":2},{"damage":0,"enemies":"Transient","floor":49,"turns":6},{"damage":0,"enemies":"downfall:Ironclad","floor":50,"turns":3},{"damage":7,"enemies":"downfall:CharBossMerchant","floor":52,"turns":3},{"damage":1,"enemies":"downfall:NeowBoss","floor":55,"turns":15}],"seed_played":"-128861406500384878","potions_obtained":[{"floor":4,"key":"Explosive Potion"},{"floor":5,"key":"SteroidPotion"},{"floor":8,"key":"PowerPotion"},{"floor":8,"key":"SteroidPotion"},{"floor":10,"key":"LiquidMemories"},{"floor":12,"key":"Regen Potion"},{"floor":15,"key":"GamblersBrew"},{"floor":16,"key":"ColorlessPotion"},{"floor":16,"key":"Ancient Potion"},{"floor":19,"key":"SpeedPotion"},{"floor":20,"key":"FearPotion"},{"floor":21,"key":"EssenceOfSteel"},{"floor":25,"key":"hexamod:DoubleChargePotion"},{"floor":30,"key":"Regen Potion"},{"floor":32,"key":"GamblersBrew"},{"floor":38,"key":"Dexterity Potion"}],"is_trial":false,"path_per_floor":["R","M","M","M","M","?","T","E","?","?","R","$","R","M","M","B",null,"R","M","M","M","?","E","T","M","M","?","?","M","M","M","M","B",null,"R","M","$","M","M","$","T","E","R","?","E","$","E","M","M","B",null,"E","$","R","B",null],"character_chosen":"THE_SPIRIT","items_purchased":["hexamod:NecessarySacrifice","Discovery","Happy Flower","Ancient Tea Set","Turnip","Lee\u0027s Waffle","DuplicationPotion"],"campfire_rested":1,"item_purchase_floors":[12,12,37,40,40,46,53],"current_hp_per_floor":[70,70,70,70,69,48,48,32,32,16,26,26,50,45,45,33,80,80,69,64,47,47,37,37,37,33,59,59,59,59,59,68,68,80,80,80,80,80,74,74,74,46,61,61,48,87,87,87,87,87,87,80,80,87,86],"gold":3,"neow_bonus":"ONE_RANDOM_RARE_CARD","is_daily":false,"chose_seed":false,"campfire_upgraded":5,"win_rate":0.0,"timestamp":1609110888,"path_taken":["R","M","M","M","M","?","T","E","?","?","R","$","R","?","M","BOSS","R","M","M","M","?","E","T","M","M","?","?","?","M","M","M","BOSS","R","M","$","M","M","$","T","E","R","?","E","$","E","M","M","BOSS","E","$","R","BOSS"],"items_purchased_type":["Card","Card","Relic","Relic","Relic","Relic","Potion"],"build_version":"2020-12-22","purchased_purges":1,"victory":true,"max_hp_per_floor":[70,70,70,70,70,70,70,70,70,70,80,80,80,80,80,80,80,80,80,80,80,80,80,80,80,80,80,80,80,80,80,80,80,80,80,80,80,80,80,80,80,80,80,80,80,87,87,87,87,87,87,87,87,87,87],"relic_stats":{"Lee\u0027s Waffle":39,"Happy Flower":[14],"counters":[34,132],"Astrolabe":["hexamod:GhostOfSpireFuture","hexamod:Again","hexamod:Hexaguard"],"Eternal Feather":22,"Turnip":[2],"Orichalcum":[12],"Boot":[13],"obtain_stats":[{"Lee\u0027s Waffle":46,"downfall:ShatteredFragment":6,"downfall:HeartBlessingRed":35,"Happy Flower":37,"Astrolabe":34,"Vajra":52,"downfall:HeartBlessingGreen":35,"Eternal Feather":41,"Frozen Egg 2":24,"Orichalcum":42,"Ancient Tea Set":40,"Boot":47,"hexamod:MatchstickCase":45,"downfall:HeartBlessingBlue":11,"Turnip":40,"Coffee Dripper":17,"Red Mask":22,"Bag of Marbles":23,"Bottled Lightning":8,"hexamod:SpiritBrand":0},{"Lee\u0027s Waffle":28,"downfall:ShatteredFragment":4,"downfall:HeartBlessingRed":22,"Happy Flower":24,"Astrolabe":22,"Vajra":33,"downfall:HeartBlessingGreen":22,"Eternal Feather":26,"Frozen Egg 2":15,"Orichalcum":27,"Ancient Tea Set":26,"Boot":29,"hexamod:MatchstickCase":28,"downfall:HeartBlessingBlue":6,"Turnip":26,"Coffee Dripper":10,"Red Mask":14,"Bag of Marbles":15,"Bottled Lightning":5,"hexamod:SpiritBrand":0},{"Lee\u0027s Waffle":100,"downfall:ShatteredFragment":12,"downfall:HeartBlessingRed":83,"Happy Flower":88,"Astrolabe":83,"Vajra":117,"downfall:HeartBlessingGreen":83,"Eternal Feather":94,"Frozen Egg 2":58,"Orichalcum":97,"Ancient Tea Set":94,"Boot":103,"hexamod:MatchstickCase":100,"downfall:HeartBlessingBlue":21,"Turnip":94,"Coffee Dripper":37,"Red Mask":52,"Bag of Marbles":58,"Bottled Lightning":15,"hexamod:SpiritBrand":0}]},"card_choices":[{"not_picked":["hexamod:NightmareStrike","hexamod:RadiantFlame"],"picked":"hexamod:SpectralSpark","floor":2},{"not_picked":["hexamod:ThirdSeal","hexamod:Firestarter"],"picked":"hexamod:Again","floor":3},{"not_picked":["hexamod:SpectersWail","hexamod:AdvancingGuard","hexamod:SwordOfDarkness"],"picked":"SKIP","floor":4},{"not_picked":["hexamod:DynamicBlow","hexamod:GhostOfSpireFuture"],"picked":"hexamod:FourthSeal","floor":5},{"not_picked":["hexamod:FastForward","hexamod:Firestarter"],"picked":"hexamod:TurnItUp","floor":8},{"not_picked":["hexamod:BurningTouch","hexamod:GhostShield"],"picked":"hexamod:PhantomCloak","floor":10},{"not_picked":["hexamod:TimeWarp","hexamod:ThermalTransfer"],"picked":"hexamod:CrushingStance","floor":12},{"not_picked":["hexamod:GhostShield","hexamod:ThermalTransfer"],"picked":"hexamod:ShieldOfDarkness","floor":14},{"not_picked":["hexamod:Again","hexamod:HeatMetal"],"picked":"hexamod:SixthSeal","floor":15},{"not_picked":["hexamod:ParanormalForm","hexamod:UnleashSpirits"],"picked":"hexamod:CrushingStance","floor":16},{"not_picked":["hexamod:ThermalTransfer","hexamod:SpectersWail"],"picked":"hexamod:Haunt","floor":19},{"not_picked":["hexamod:GhostOfSpireFuture","hexamod:HauntingEcho+1"],"picked":"hexamod:Haunt","floor":20},{"not_picked":["hexamod:RainOfEmbers","hexamod:BacktrackSmack"],"picked":"hexamod:Haunt","floor":21},{"not_picked":["hexamod:ThirdSeal","hexamod:SoulSteal"],"picked":"hexamod:Hexaguard+1","floor":22},{"not_picked":["hexamod:NightmareStrike","hexamod:SpectersWail","hexamod:ShieldOfDarkness"],"picked":"SKIP","floor":23},{"not_picked":["hexamod:InspiringFlames","hexamod:SwordOfDarkness","hexamod:FastForward+1"],"picked":"SKIP","floor":25},{"not_picked":["hexamod:NightmareStrike","hexamod:SwordOfDarkness"],"picked":"hexamod:SearingWound","floor":26},{"not_picked":["hexamod:SecondSeal","hexamod:SwordOfDarkness+1"],"picked":"hexamod:Hexaguard","floor":29},{"not_picked":["hexamod:ShieldOfDarkness","hexamod:NightmareStrike"],"picked":"hexamod:RadiantFlame+1","floor":30},{"not_picked":["hexamod:BurningTouch","hexamod:Firestarter","hexamod:PhantomCloak+1"],"picked":"SKIP","floor":31},{"not_picked":["hexamod:FlamesFromBeyond","hexamod:Incineration","hexamod:RainOfEmbers"],"picked":"SKIP","floor":32},{"not_picked":["hexamod:RainOfEmbers+1","hexamod:BacktrackSmack"],"picked":"hexamod:PowerFromBeyond","floor":36},{"not_picked":["hexamod:Hexaguard+1","hexamod:AdvancingGuard+1"],"picked":"hexamod:GiftsFromTheDead+1","floor":37},{"not_picked":["hexamod:HauntingEcho","hexamod:FastForward+1","hexamod:BurningTouch"],"picked":"SKIP","floor":38},{"not_picked":["hexamod:HeatCrush","hexamod:NightmareStrike+1","hexamod:ShieldOfDarkness"],"picked":"SKIP","floor":39},{"not_picked":["hexamod:GhostShield","hexamod:Again+1"],"picked":"hexamod:ApocalypticArmor+1","floor":42},{"not_picked":["hexamod:SuperheatedStrike","hexamod:StepThrough+1"],"picked":"hexamod:Hexaguard","floor":45},{"not_picked":["hexamod:BacktrackSmack+1","hexamod:HauntingEcho+1","hexamod:SpectersWail+1"],"picked":"SKIP","floor":47},{"not_picked":["hexamod:SpectersWail+1","hexamod:FastForward+1"],"picked":"hexamod:Hexaguard+1","floor":48},{"not_picked":["hexamod:RainOfEmbers","hexamod:GhostOfSpireFuture+1","hexamod:ApocalypseNow"],"picked":"SKIP","floor":49},{"not_picked":["hexamod:NightmareStrike+1","hexamod:GhostflameBarrier"],"picked":"hexamod:Hexaguard+1","floor":52}],"player_experience":534095,"relics_obtained":[{"floor":8,"key":"Bottled Lightning"},{"floor":22,"key":"Red Mask"},{"floor":23,"key":"Bag of Marbles"},{"floor":24,"key":"Frozen Egg 2"},{"floor":41,"key":"Eternal Feather"},{"floor":42,"key":"Orichalcum"},{"floor":45,"key":"hexamod:MatchstickCase"},{"floor":47,"key":"Boot"},{"floor":52,"key":"Vajra"}],"event_choices":[{"damage_healed":0,"gold_gain":0,"player_choice":"Fought Bandits","damage_taken":0,"max_hp_gain":0,"max_hp_loss":0,"event_name":"Masked Bandits","floor":22,"gold_loss":0},{"damage_healed":26,"gold_gain":0,"player_choice":"Heal","damage_taken":0,"max_hp_gain":0,"max_hp_loss":0,"event_name":"The Library","floor":27,"gold_loss":0},{"cards_removed":["hexamod:Strike"],"damage_healed":0,"gold_gain":0,"player_choice":"Elegance","damage_taken":0,"max_hp_gain":0,"max_hp_loss":0,"event_name":"Back to Basics","floor":28,"gold_loss":0},{"damage_healed":0,"gold_gain":0,"player_choice":"Upgraded","damage_taken":0,"max_hp_gain":0,"max_hp_loss":0,"event_name":"Upgrade Shrine","floor":44,"gold_loss":0,"cards_upgraded":["hexamod:Haunt"]}],"is_beta":false,"boss_relics":[{"not_picked":["downfall:Hecktoplasm","Cursed Key"],"picked":"Coffee Dripper"},{"not_picked":["Pandora\u0027s Box","expansioncontent:StudyCardRelic"],"picked":"Astrolabe"}],"items_purged_floors":[37],"is_endless":false,"potions_floor_spawned":[4,5,8,16,19,21,22,25,30,31,38,39,42,49,52],"ascension_level":3}}