{"host":"6cq08l203i8iyh3k","time":1609038569,"event":{"mods":["BaseMod","Better Note","Better Silent Start","BetterRewards","Colored Map","Colored Powertips","Minty Spire (QoL Compilation)","Quick Restart","Spicy Shops","StSLib","vexMod"],"gold_per_floor":[115,115,115,134,134,162,178,198,198,209,225,225,245,28,28,130,130,150,168,168,168,88,88,108,108,108,120,120,120,120,120],"floor_reached":30,"playtime":1240,"items_purged":["Strike_G","Strike_G"],"score":332,"play_id":"315f7293-c242-4a97-9592-28e236f8959d","local_time":"20201226210929","daily_mods":["Heirloom"],"is_ascension_mode":false,"campfire_choices":[{"data":"Envenom","floor":12,"key":"SMITH"},{"floor":15,"key":"REST"},{"floor":23,"key":"REST"},{"data":"Defend_G","floor":25,"key":"SMITH"},{"floor":29,"key":"REST"}],"circlet_count":0,"master_deck":["Strike_G","Defend_G+1","Defend_G+1","Defend_G","Defend_G","Survivor","Neutralize","Backstab","Envenom","Deadly Poison","Bouncing Flask","Envenom+1","Deadly Poison","Bane","Deflect","Bane"],"relics":["Ring of the Snake","vexMod:HeadHunter","The Courier","Ornamental Fan","Snake Skull","SacredBark","Toy Ornithopter"],"acts_visited":["Exordium","TheCity"],"potions_floor_usage":[4,6,11,16,24,27,30],"damage_taken":[{"damage":0,"enemies":"2 Louse","floor":1,"turns":3},{"damage":0,"enemies":"Small Slimes","floor":4,"turns":4},{"damage":28,"enemies":"3 Sentries","floor":6,"turns":14},{"damage":0,"enemies":"Cultist","floor":7,"turns":4},{"damage":0,"enemies":"Blue Slaver","floor":8,"turns":3},{"damage":7,"enemies":"Exordium Wildlife","floor":10,"turns":6},{"damage":3,"enemies":"Lots of Slimes","floor":11,"turns":5},{"damage":2,"enemies":"Exordium Thugs","floor":13,"turns":4},{"damage":13,"enemies":"Slime Boss","floor":16,"turns":9},{"damage":26,"enemies":"Spheric Guardian","floor":18,"turns":6},{"damage":24,"enemies":"3 Byrds","floor":19,"turns":5},{"damage":16,"enemies":"Snake Plant","floor":24,"turns":3},{"damage":33,"enemies":"Centurion and Healer","floor":27,"turns":8},{"damage":30,"enemies":"Book of Stabbing","floor":30,"turns":6}],"seed_played":"3637633488914493575","potions_obtained":[{"floor":3,"key":"Swift Potion"},{"floor":4,"key":"Fruit Juice"},{"floor":7,"key":"Strength Potion"},{"floor":11,"key":"ColorlessPotion"},{"floor":13,"key":"Ancient Potion"},{"floor":19,"key":"SteroidPotion"},{"floor":24,"key":"SkillPotion"}],"is_trial":true,"path_per_floor":["M","?","?","M","?","E","M","M","T","M","M","R","M","$","R","B",null,"M","M","?","?","$","R","M","R","T","M","?","R","E"],"character_chosen":"THE_SILENT","items_purchased":["Snake Skull","Deflect"],"campfire_rested":3,"item_purchase_floors":[14,14],"current_hp_per_floor":[70,70,70,75,75,47,47,47,47,40,37,37,35,35,57,44,75,49,25,25,25,25,47,31,31,31,3,3,25,0,0],"gold":120,"neow_bonus":"","is_daily":false,"chose_seed":false,"campfire_upgraded":2,"win_rate":0.0,"timestamp":1609038569,"path_taken":["M","?","?","M","?","E","M","M","T","M","M","R","M","$","R","BOSS","M","M","?","?","$","R","M","R","T","?","?","R","E"],"items_purchased_type":["Relic","Card"],"build_version":"2020-12-22","purchased_purges":2,"victory":false,"max_hp_per_floor":[70,70,70,75,75,75,75,75,75,75,75,75,75,75,75,75,75,75,75,75,75,75,75,75,75,75,75,75,75,75,75],"card_choices":[{"not_picked":["Prepared","Heel Hook","Flechettes"],"picked":"SKIP","floor":1},{"not_picked":["Backflip","Deflect"],"picked":"Backstab","floor":4},{"not_picked":["Glass Knife","Unload"],"picked":"Envenom","floor":6},{"not_picked":["PiercingWail","Concentrate"],"picked":"Deadly Poison","floor":6},{"not_picked":["Tactician","Cloak And Dagger"],"picked":"Bouncing Flask","floor":7},{"not_picked":["Underhanded Strike","Predator","Sucker Punch"],"picked":"SKIP","floor":8},{"not_picked":["Bouncing Flask","Flying Knee"],"picked":"Envenom","floor":10},{"not_picked":["Quick Slash","Prepared"],"picked":"Deadly Poison","floor":11},{"not_picked":["Eviscerate","Acrobatics"],"picked":"Bane","floor":13},{"not_picked":["Blade Dance+1","Riddle With Holes","Acrobatics"],"picked":"SKIP","floor":18},{"not_picked":["Blur","Underhanded Strike"],"picked":"Bane","floor":19},{"not_picked":["Acrobatics+1","Heel Hook","Prepared"],"picked":"SKIP","floor":24},{"not_picked":["Blade Dance+1","Escape Plan+1","Slice+1"],"picked":"SKIP","floor":27}],"player_experience":303975,"relics_obtained":[{"floor":6,"key":"The Courier"},{"floor":9,"key":"Ornamental Fan"},{"floor":26,"key":"Toy Ornithopter"}],"event_choices":[{"damage_healed":0,"gold_gain":0,"player_choice":"Grow","damage_taken":0,"max_hp_gain":0,"max_hp_loss":0,"event_name":"Living Wall","floor":2,"gold_loss":0,"cards_upgraded":["Defend_G"]},{"damage_healed":0,"gold_gain":0,"player_choice":"Fled","damage_taken":0,"max_hp_gain":0,"max_hp_loss":0,"event_name":"Scrap Ooze","floor":5,"gold_loss":0},{"cards_removed":["Strike_G"],"damage_healed":0,"gold_gain":0,"player_choice":"Purged","damage_taken":0,"max_hp_gain":0,"max_hp_loss":0,"event_name":"Purifier","floor":20,"gold_loss":0},{"cards_removed":["Envenom"],"damage_healed":0,"gold_gain":0,"player_choice":"Give","damage_taken":0,"max_hp_gain":0,"max_hp_loss":0,"event_name":"betterNote:BetterNote","floor":21,"gold_loss":0,"cards_obtained":["Infinite Blades"]},{"damage_healed":0,"gold_gain":0,"player_choice":"Ignored","damage_taken":0,"max_hp_gain":0,"max_hp_loss":0,"event_name":"Cursed Tome","floor":28,"gold_loss":0}],"is_beta":false,"boss_relics":[{"not_picked":["vexMod:RockOfEvil","Coffee Dripper"],"picked":"SacredBark"}],"items_purged_floors":[14,22],"is_endless":true,"potions_floor_spawned":[4,7,11,13,19,24],"killed_by":"Book of Stabbing","ascension_level":0}}