{"host":"j06fkfseroga8i8e","time":1609040125,"event":{"mods":["BaseMod","Bestiary","Colored Map","Colored Powertips","Minty Spire (QoL Compilation)","Relic Stats","StSLib","everything is the same but u backflip on backflip"],"gold_per_floor":[114,114,128,128,138,463,463,428,428,428,444,444,473,485,485,561,611,621,637,274,286,303,303,18,18,18],"floor_reached":25,"playtime":1104,"items_purged":["Strike_R","Strike_R"],"score":373,"play_id":"024c3d63-1e35-48ad-bd26-92d5a428cef8","local_time":"20201226223525","is_ascension_mode":true,"campfire_choices":[{"floor":7,"key":"REST"},{"data":"Bash","floor":10,"key":"SMITH"},{"data":"Feel No Pain","floor":12,"key":"SMITH"},{"floor":15,"key":"REST"},{"data":"Blood for Blood","floor":23,"key":"SMITH"}],"circlet_count":0,"master_deck":["AscendersBane","Strike_R+1","Strike_R+1","Strike_R","Defend_R","Defend_R","Defend_R","Defend_R","Bash+1","Flex","Pummel","Feel No Pain+1","Seeing Red","Flex+1","Reaper","Armaments","Blood for Blood+1","Twin Strike","Carnage","Disarm"],"relics":["Busted Crown","Old Coin","Kunai","Lantern","Tiny House","Lee\u0027s Waffle","Red Skull"],"acts_visited":["Exordium","TheCity"],"potions_floor_usage":[3,18,19,25],"damage_taken":[{"damage":0,"enemies":"Small Slimes","floor":1,"turns":3},{"damage":0,"enemies":"2 Louse","floor":3,"turns":3},{"damage":0,"enemies":"Jaw Worm","floor":5,"turns":3},{"damage":28,"enemies":"Lagavulin","floor":6,"turns":7},{"damage":1,"enemies":"2 Fungi Beasts","floor":11,"turns":3},{"damage":29,"enemies":"Gremlin Nob","floor":13,"turns":4},{"damage":1,"enemies":"3 Louse","floor":14,"turns":5},{"damage":72,"enemies":"The Guardian","floor":16,"turns":15},{"damage":58,"enemies":"Spheric Guardian","floor":18,"turns":8},{"damage":21,"enemies":"2 Thieves","floor":19,"turns":4},{"damage":25,"enemies":"Snecko","floor":21,"turns":5},{"damage":21,"enemies":"Centurion and Healer","floor":22,"turns":6},{"damage":105,"enemies":"Gremlin Leader","floor":25,"turns":8}],"seed_played":"-7047181266300786521","potions_obtained":[{"floor":3,"key":"Fruit Juice"},{"floor":5,"key":"FairyPotion"},{"floor":11,"key":"Energy Potion"},{"floor":17,"key":"Regen Potion"},{"floor":21,"key":"SteroidPotion"}],"is_trial":false,"path_per_floor":["M","?","M","?","M","E","R","?","T","R","M","R","E","M","R","B",null,"M","M","$","M","M","R","$","E"],"character_chosen":"IRONCLAD","items_purchased":["Lee\u0027s Waffle","Blood for Blood","BloodPotion","Red Skull","Disarm"],"campfire_rested":2,"item_purchase_floors":[20,20,20,24,24],"current_hp_per_floor":[68,45,50,50,50,22,46,66,66,66,65,65,36,35,59,18,70,27,14,92,72,57,57,57,0,0],"gold":18,"neow_bonus":"BOSS_RELIC","is_daily":false,"chose_seed":false,"campfire_upgraded":3,"win_rate":0.0,"timestamp":1609040125,"path_taken":["M","?","M","?","M","E","R","?","T","R","?","R","E","M","R","BOSS","M","M","$","M","M","R","$","E"],"items_purchased_type":["Relic","Card","Potion","Relic","Card"],"build_version":"2020-12-22","purchased_purges":2,"victory":false,"max_hp_per_floor":[75,75,80,80,80,80,80,80,80,80,80,80,80,80,80,80,85,85,85,92,92,92,92,92,92,92],"relic_stats":{"Lee\u0027s Waffle":78,"Busted Crown":26,"counters":[13,74],"Kunai":[11],"obtain_stats":[{"Lantern":13,"Lee\u0027s Waffle":20,"Busted Crown":0,"Tiny House":17,"Kunai":9,"Burning Blood":0,"Red Skull":24,"Old Coin":6},{"Lantern":6,"Lee\u0027s Waffle":10,"Busted Crown":0,"Tiny House":8,"Kunai":4,"Burning Blood":0,"Red Skull":12,"Old Coin":4},{"Lantern":23,"Lee\u0027s Waffle":55,"Busted Crown":0,"Tiny House":43,"Kunai":16,"Burning Blood":0,"Red Skull":66,"Old Coin":16}]},"card_choices":[{"not_picked":["Anger"],"picked":"SKIP","floor":1},{"not_picked":[],"picked":"Flex","floor":3},{"not_picked":[],"picked":"Pummel","floor":5},{"not_picked":["Havoc"],"picked":"SKIP","floor":6},{"not_picked":[],"picked":"Feel No Pain","floor":11},{"not_picked":[],"picked":"Seeing Red","floor":13},{"not_picked":[],"picked":"Flex","floor":14},{"not_picked":[],"picked":"Reaper","floor":16},{"not_picked":[],"picked":"Armaments","floor":18},{"not_picked":["Combust"],"picked":"SKIP","floor":19},{"not_picked":[],"picked":"Twin Strike","floor":21},{"not_picked":[],"picked":"Carnage","floor":22}],"player_experience":572109,"relics_obtained":[{"floor":6,"key":"Old Coin"},{"floor":9,"key":"Kunai"},{"floor":13,"key":"Lantern"}],"event_choices":[{"damage_healed":0,"gold_gain":0,"player_choice":"Entered Light","damage_taken":23,"max_hp_gain":0,"max_hp_loss":0,"event_name":"Shining Light","floor":2,"gold_loss":0,"cards_upgraded":["Strike_R","Strike_R"]},{"damage_healed":0,"gold_gain":0,"player_choice":"Ignored","damage_taken":0,"max_hp_gain":0,"max_hp_loss":0,"event_name":"Liars Game","floor":4,"gold_loss":0},{"damage_healed":20,"gold_gain":0,"player_choice":"Healed","damage_taken":0,"max_hp_gain":0,"max_hp_loss":0,"event_name":"The Cleric","floor":8,"gold_loss":35}],"is_beta":false,"boss_relics":[{"not_picked":["Empty Cage","Runic Dome"],"picked":"Tiny House"}],"items_purged_floors":[20,24],"is_endless":false,"potions_floor_spawned":[3,5,11,13,21],"killed_by":"Gremlin Leader","ascension_level":15}}