{"host":"eocn4tduyrehyy81","time":1609096306,"event":{"mods":["AchievementEnabler","BaseMod","BetterRewards","Custom Start","Minty Spire (QoL Compilation)","Replay The Spire","StSLib"],"gold_per_floor":[111,129,304,304,2,37,37,63,87,87,87,87,100,100,100,197,197,210,4,4,17,17,17,17,28,28,40,40,50,1,21,21,21,21],"floor_reached":33,"playtime":2292,"items_purged":[],"score":368,"play_id":"5f26f702-d82f-47f6-a9e6-1b8619b16b34","local_time":"20201227131146","is_ascension_mode":false,"campfire_choices":[{"data":"Feed","floor":7,"key":"SMITH"},{"data":"Perfected Strike","floor":11,"key":"SMITH"},{"data":"Entrench","floor":15,"key":"SMITH"},{"floor":23,"key":"REST"},{"data":"Shrug It Off","floor":28,"key":"SMITH"},{"floor":32,"key":"DIG"}],"circlet_count":0,"master_deck":["Strike_R","Strike_R","Strike_R","Strike_R","Strike_R","Defend_R","Defend_R","Defend_R","Defend_R","Bash","Anger","Feed+1","Armaments+1","Perfected Strike+1","Run Through","Shrug It Off+1","Doubt","Thunderclap+1","Rage","Entrench+1","Demon Form+1","Shrug It Off+1","Languid","Cleave+1","ReplayTheSpireMod:Strike From Hell+1","Uppercut","Shame","Double Tap+1","Anger","Clash","Cleave+1","Clash+1"],"relics":["Burning Blood","Orrery","ReplayTheSpireMod:Ring of Collecting","Golden Egg","Darkstone Periapt","Ring of Misfortune","Ancient Tea Set","ReplayTheSpireMod:Ring of Challenge","Nunchaku","Replay:Mystery Machine","Philosopher\u0027s Stone","ReplayTheSpireMod:CursedCoin","Quantum Egg","MutagenicStrength","Thread and Needle","Ring of Hypnosis","Ginger","Blood Vial"],"acts_visited":["Exordium","TheCity"],"potions_floor_usage":[16,16,27,29,29,33],"damage_taken":[{"damage":0,"enemies":"2 Louse","floor":1,"turns":3},{"damage":15,"enemies":"Jaw Worm","floor":2,"turns":5},{"damage":9,"enemies":"Replay:BlueRogue","floor":6,"turns":6},{"damage":1,"enemies":"Cultist","floor":13,"turns":4},{"damage":67,"enemies":"The Guardian","floor":16,"turns":19},{"damage":39,"enemies":"Spheric Guardian","floor":18,"turns":8},{"damage":7,"enemies":"3 Byrds","floor":21,"turns":5},{"damage":0,"enemies":"Snecko","floor":25,"turns":4},{"damage":12,"enemies":"Shelled Parasite and Fungi","floor":27,"turns":2},{"damage":10,"enemies":"Cultist and Chosen","floor":29,"turns":5},{"damage":0,"enemies":"Centurion and Healer","floor":31,"turns":3},{"damage":128,"enemies":"Champ","floor":33,"turns":10}],"seed_played":"3296403427386379077","potions_obtained":[{"floor":1,"key":"PowerPotion"},{"floor":6,"key":"BloodPotion"},{"floor":21,"key":"EssenceOfSteel"},{"floor":25,"key":"Death Potion"},{"floor":27,"key":"SkillPotion"},{"floor":31,"key":"Elixir"}],"is_trial":false,"path_per_floor":["M","M","?","?","$","E","R","T","T","$","R","?","M","?","R","B",null,"M","$","?","M","?","R","$","M","T","M","R","M","$","M","R","B"],"character_chosen":"IRONCLAD","items_purchased":["Orrery","Golden Egg","Thunderclap","ReplayTheSpireMod:CursedCoin","Quantum Egg","Cleave","ReplayTheSpireMod:Strike From Hell","Cleave"],"campfire_rested":1,"item_purchase_floors":[0,5,5,19,19,19,19,30],"current_hp_per_floor":[83,74,74,74,74,74,74,74,74,74,74,74,79,79,79,35,86,53,59,59,62,68,98,98,102,102,100,100,96,96,102,102,0,0],"gold":21,"neow_bonus":"","is_daily":false,"chose_seed":false,"campfire_upgraded":4,"win_rate":0.0,"timestamp":1609096306,"path_taken":["M","M","?","?","$","E","R","?","T","$","R","?","?","?","R","BOSS","M","$","?","M","?","R","?","M","T","M","R","M","$","M","R","BOSS"],"items_purchased_type":["Relic","Relic","Card","Relic","Relic","Card","Card","Card"],"build_version":"2020-12-22","purchased_purges":0,"victory":false,"max_hp_per_floor":[83,83,83,83,83,86,86,86,86,86,86,86,86,86,86,86,86,86,92,92,96,102,102,102,102,102,106,106,106,106,106,106,106,106],"card_choices":[{"not_picked":["Metallicize","Carnage"],"picked":"ReplayTheSpireMod:Strike From Hell","floor":0},{"not_picked":["Sever Soul","True Grit"],"picked":"Anger","floor":0},{"not_picked":["True Grit","Twin Strike"],"picked":"Feed","floor":0},{"not_picked":["Bloodletting","Body Slam"],"picked":"Armaments","floor":0},{"not_picked":["Intimidate","Warcry"],"picked":"Perfected Strike","floor":0},{"not_picked":["Berserk","Cleave"],"picked":"Run Through","floor":1},{"not_picked":["Warcry","Searing Blow"],"picked":"Shrug It Off","floor":2},{"not_picked":["Carnage","True Grit"],"picked":"Rage","floor":6},{"not_picked":["Shrug It Off","ReplayTheSpireMod:Limb From Limb"],"picked":"Entrench","floor":13},{"not_picked":["Bludgeon","Berserk"],"picked":"Demon Form","floor":16},{"not_picked":["Defy Death","Cleave"],"picked":"Shrug It Off+1","floor":18},{"not_picked":["Battle Trance","True Grit+1"],"picked":"Uppercut","floor":21},{"not_picked":["Dual Wield+1","Iron Wave+1"],"picked":"Double Tap","floor":25},{"not_picked":["Entrench","Run Through+1"],"picked":"Anger","floor":27},{"not_picked":["Abandon","Disarm+1"],"picked":"Clash","floor":29},{"not_picked":["Life Link","Rampage"],"picked":"Clash+1","floor":31}],"player_experience":1994,"relics_obtained":[{"floor":4,"key":"ReplayTheSpireMod:Ring of Collecting"},{"floor":6,"key":"Darkstone Periapt"},{"floor":8,"key":"Ring of Misfortune"},{"floor":8,"key":"Ancient Tea Set"},{"floor":9,"key":"ReplayTheSpireMod:Ring of Challenge"},{"floor":9,"key":"Nunchaku"},{"floor":26,"key":"Ring of Hypnosis"},{"floor":26,"key":"Ginger"},{"floor":32,"key":"Blood Vial"}],"event_choices":[{"damage_healed":0,"gold_gain":175,"player_choice":"AGREE","damage_taken":0,"max_hp_gain":0,"max_hp_loss":0,"event_name":"Liars Game","floor":3,"gold_loss":0,"cards_obtained":["Doubt"]},{"damage_healed":0,"gold_gain":0,"player_choice":"Upgraded","damage_taken":0,"max_hp_gain":0,"max_hp_loss":0,"event_name":"Upgrade Shrine","floor":12,"gold_loss":0,"cards_upgraded":["Armaments"]},{"cards_removed":["ReplayTheSpireMod:Strike From Hell"],"damage_healed":0,"gold_gain":0,"player_choice":"Gave Card","damage_taken":0,"relics_obtained":["Replay:Mystery Machine"],"max_hp_gain":0,"max_hp_loss":0,"event_name":"WeMeetAgain","floor":14,"gold_loss":0},{"damage_healed":0,"gold_gain":0,"player_choice":"Inject Mutagens","damage_taken":0,"relics_obtained":["MutagenicStrength"],"max_hp_gain":0,"max_hp_loss":0,"event_name":"Drug Dealer","floor":20,"gold_loss":0},{"damage_healed":0,"gold_gain":0,"player_choice":"Stole Relic","damage_taken":0,"relics_obtained":["Thread and Needle"],"max_hp_gain":0,"max_hp_loss":0,"event_name":"Addict","floor":22,"gold_loss":0,"cards_obtained":["Shame"]}],"is_beta":false,"boss_relics":[{"not_picked":["Busted Crown","Sozu"],"picked":"Philosopher\u0027s Stone"}],"items_purged_floors":[],"is_endless":false,"potions_floor_spawned":[1,6,21,25,27,31],"killed_by":"Champ","ascension_level":0}}