{"host":"x5nedmcg1ruvdks4","time":1609065967,"event":{"mods":["AchievementEnabler","BaseMod","Block Reminder","DeckTracker","Minty Spire (QoL Compilation)","Permanent Neow"],"gold_per_floor":[114,114,124,139,150,150,168,168,168],"floor_reached":8,"playtime":309,"items_purged":[],"score":60,"play_id":"613f2257-4a38-4af9-8dea-24b81cbfad18","local_time":"20201227114607","is_ascension_mode":true,"campfire_choices":[{"data":"Barricade","floor":6.0,"key":"SMITH"}],"circlet_count":0,"master_deck":["Strike_R","Strike_R","Strike_R","Strike_R","Defend_R","Defend_R","Defend_R","Defend_R","Bash","Barricade+1","Fire Breathing","Armaments","Sever Soul"],"relics":["Burning Blood"],"acts_visited":["Exordium"],"potions_floor_usage":[],"damage_taken":[{"damage":4.0,"enemies":"Jaw Worm","floor":1.0,"turns":4.0},{"damage":10.0,"enemies":"Cultist","floor":3.0,"turns":5.0},{"damage":9.0,"enemies":"2 Louse","floor":4.0,"turns":3.0},{"damage":17.0,"enemies":"Blue Slaver","floor":5.0,"turns":6.0},{"damage":20.0,"enemies":"2 Fungi Beasts","floor":7.0,"turns":7.0},{"damage":14,"enemies":"Lagavulin","floor":8,"turns":6}],"seed_played":"7545433675571585872","potions_obtained":[{"floor":1.0,"key":"Strength Potion"},{"floor":4.0,"key":"LiquidBronze"}],"is_trial":false,"path_per_floor":["M","?","M","M","M","R","M","E"],"character_chosen":"IRONCLAD","items_purchased":[],"campfire_rested":0,"item_purchase_floors":[],"current_hp_per_floor":[58,58,54,51,40,40,26,12,12],"gold":168,"neow_bonus":"THREE_RARE_CARDS","is_daily":false,"chose_seed":false,"campfire_upgraded":1,"win_rate":0.0,"timestamp":1609065967,"path_taken":["M","?","M","M","?","R","M","E"],"items_purchased_type":[],"build_version":"2020-12-22","purchased_purges":0,"victory":false,"max_hp_per_floor":[80,80,80,80,80,80,80,80,80],"card_choices":[{"not_picked":["Corruption","Demon Form"],"picked":"Barricade","floor":0.0},{"not_picked":["Reckless Charge","Shrug It Off"],"picked":"Fire Breathing","floor":1.0},{"not_picked":["Cleave","Iron Wave","Clothesline"],"picked":"SKIP","floor":3.0},{"not_picked":["Sentinel","Cleave","Flex"],"picked":"SKIP","floor":4.0},{"not_picked":["Flex","Twin Strike"],"picked":"Armaments","floor":5.0},{"not_picked":["Bloodletting","Body Slam"],"picked":"Sever Soul","floor":7.0}],"player_experience":80263,"relics_obtained":[],"event_choices":[{"cards_removed":["Strike_R"],"damage_healed":0.0,"max_hp_gain":0.0,"max_hp_loss":0.0,"gold_gain":0.0,"event_name":"Purifier","player_choice":"Purged","floor":2.0,"gold_loss":0.0,"damage_taken":0.0}],"is_beta":false,"boss_relics":[],"items_purged_floors":[],"is_endless":false,"potions_floor_spawned":[1,4],"killed_by":"Lagavulin","ascension_level":4}}