{"host":"dh4nu8nelr2izibb","time":1609094990,"event":{"mods":["Act Like it!","BaseMod","Better Third Choice","Card Forge","Displayed Cursed Tome","HololiveMod","Marisa????????","Minty Spire (QoL Compilation)","Puzzle Mod","Quick Restart","Relic Filter","StSLib","The Marked","The Poker Player","The Servant 0.9.4","WarShipGirlsR/????R mod","Yakumo Yukari mod"],"gold_per_floor":[115,127,142,152,152,152,186,186,212,227,227,227,23,23,23,124,124,140,140,140,78,38,38,56,56,56,56,74,86,104,104,104],"floor_reached":31,"playtime":806,"items_purged":["theMarked:Strike","theMarked:Aftermath"],"score":235,"play_id":"2799a41d-eb82-4aef-ae25-0a206e446443","local_time":"20201227134950","is_ascension_mode":false,"campfire_choices":[{"data":"theMarked:UnarmedFury","floor":6.0,"key":"SMITH"},{"data":"theMarked:SoldierOfQuellstein","floor":12.0,"key":"SMITH"},{"data":"theMarked:Defy","floor":15.0,"key":"SMITH"},{"data":"theMarked:Electrocute","floor":23.0,"key":"SMITH"},{"data":"theMarked:StartUp","floor":25.0,"key":"SMITH"},{"data":"theMarked:Levitate","floor":27.0,"key":"SMITH"}],"circlet_count":0,"master_deck":["theMarked:Strike","theMarked:Strike+1","theMarked:Defend","theMarked:Defend","theMarked:Defend","theMarked:Defend","theMarked:SoldierOfQuellstein+1","theMarked:Static","theMarked:BanishingStrike","theMarked:Defy+1","Predator+1","theMarked:BanishingStrike","theMarked:Frustration","theMarked:Levitate+1","theMarked:Electrocute+1","theMarked:Static+1","theMarked:StartUp+1","theMarked:EnhancedHearing"],"relics":["theMarked:ArtifactOfAir","Hammer of Thor","Seething Fire","Anvil of the Gods","Regal Pillow","Blood Vial","Membership Card","Sozu","The Courier"],"acts_visited":["Exordium","TheCity"],"potions_floor_usage":[],"damage_taken":[{"damage":4.0,"enemies":"Jaw Worm","floor":1.0,"turns":4.0},{"damage":1.0,"enemies":"Cultist","floor":2.0,"turns":3.0},{"damage":2.0,"enemies":"Small Slimes","floor":3.0,"turns":3.0},{"damage":5.0,"enemies":"Looter","floor":4.0,"turns":3.0},{"damage":8.0,"enemies":"3 Sentries","floor":7.0,"turns":7.0},{"damage":5.0,"enemies":"Lots of Slimes","floor":10.0,"turns":2.0},{"damage":34.0,"enemies":"Hexaghost","floor":16.0,"turns":7.0},{"damage":5.0,"enemies":"Chosen","floor":18.0,"turns":4.0},{"damage":20.0,"enemies":"2 Thieves","floor":24.0,"turns":2.0},{"damage":0.0,"enemies":"Cultist and Chosen","floor":28.0,"turns":3.0},{"damage":16.0,"enemies":"Shelled Parasite and Fungi","floor":29.0,"turns":3.0},{"damage":14,"enemies":"Snake Plant","floor":30,"turns":2},{"damage":25,"enemies":"Slavers","floor":31,"turns":1}],"seed_played":"-7061858103051161906","potions_obtained":[{"floor":1.0,"key":"LiquidBronze"},{"floor":2.0,"key":"FearPotion"},{"floor":4.0,"key":"Dexterity Potion"},{"floor":16.0,"key":"LiquidBronze"}],"is_trial":false,"path_per_floor":["M","M","M","M","?","R","E","?","T","M","?","R","$","?","R","B",null,"M","$","?","$","?","R","M","R","T","R","M","M","M","E"],"character_chosen":"THE_DEFAULT","items_purchased":["Membership Card","theMarked:Frustration","theMarked:Static"],"campfire_rested":0,"item_purchase_floors":[13,13,21],"current_hp_per_floor":[45,44,42,37,37,37,29,29,29,26,49,49,49,49,49,17,70,65,65,65,65,65,65,47,47,47,47,49,35,23,0,0],"gold":104,"neow_bonus":"THREE_RARE_CARDS","is_daily":false,"chose_seed":false,"campfire_upgraded":6,"win_rate":0.0,"timestamp":1609094990,"path_taken":["M","M","M","M","?","R","E","?","T","?","?","R","$","?","R","BOSS","M","?","?","$","?","R","M","R","T","R","M","?","M","E"],"items_purchased_type":["Relic","Card","Card"],"build_version":"2020-12-22","purchased_purges":2,"victory":false,"max_hp_per_floor":[70,70,70,70,70,70,70,70,70,70,70,70,70,70,70,70,70,70,70,70,70,70,70,70,70,70,70,70,70,70,70,70],"card_choices":[{"not_picked":["theMarked:SuspiciousRaven","theMarked:DispelDoubt"],"picked":"theMarked:UnarmedFury","floor":0.0},{"not_picked":["theMarked:ComboAttacks","theMarked:Panic"],"picked":"theMarked:Static","floor":1.0},{"not_picked":["theMarked:KeepCalmAndFightOn","theMarked:ElectricStrings"],"picked":"theMarked:BanishingStrike","floor":2.0},{"not_picked":["theMarked:RogueSparks","theMarked:KeepCalmAndFightOn"],"picked":"theMarked:Aftermath","floor":3.0},{"not_picked":["theMarked:Seal","theMarked:Frustration","theMarked:LightningStrikesTwice"],"picked":"SKIP","floor":4.0},{"not_picked":["theMarked:Static","theMarked:WastefulAttack"],"picked":"theMarked:Defy","floor":7.0},{"not_picked":["theMarked:EmpowerWeapon","theMarked:WastefulAttack"],"picked":"theMarked:BanishingStrike","floor":10.0},{"not_picked":["theMarked:UnarmedFury","theMarked:DispelDoubt"],"picked":"theMarked:Levitate","floor":16.0},{"not_picked":["theMarked:Parkour","theMarked:WastefulAttack"],"picked":"theMarked:Electrocute","floor":18.0},{"not_picked":["theMarked:Parkour","theMarked:Aftermath"],"picked":"theMarked:StartUp","floor":24.0},{"not_picked":["theMarked:CreepingChasm","theMarked:Aftermath"],"picked":"theMarked:EnhancedHearing","floor":28.0},{"not_picked":["theMarked:Opportunist","theMarked:RepellingDischarge","theMarked:BanishingStrike"],"picked":"SKIP","floor":29.0},{"not_picked":["theMarked:Parkour","theMarked:SwordAndMagic","theMarked:ElectricStrings+1"],"picked":"SKIP","floor":30}],"player_experience":1123679,"relics_obtained":[{"floor":7.0,"key":"Regal Pillow"},{"floor":9.0,"key":"Blood Vial"},{"floor":26.0,"key":"The Courier"}],"event_choices":[{"damage_healed":0.0,"max_hp_gain":0.0,"max_hp_loss":0.0,"gold_gain":0.0,"event_name":"Golden Wing","player_choice":"Ignored","floor":5.0,"gold_loss":0.0,"damage_taken":0.0},{"cards_removed":["theMarked:UnarmedFury"],"damage_healed":0.0,"max_hp_gain":0.0,"max_hp_loss":0.0,"gold_gain":0.0,"event_name":"NoteForYourself","player_choice":"Took Card","floor":8.0,"gold_loss":0.0,"damage_taken":0.0,"cards_obtained":["Predator"]},{"damage_healed":23.0,"max_hp_gain":0.0,"max_hp_loss":0.0,"gold_gain":0.0,"event_name":"Big Fish","player_choice":"Banana","floor":11.0,"gold_loss":0.0,"damage_taken":0.0},{"cards_removed":["theMarked:Strike"],"damage_healed":0.0,"max_hp_gain":0.0,"max_hp_loss":0.0,"gold_gain":0.0,"event_name":"Bonfire Elementals","player_choice":"Offered Basic","floor":14.0,"gold_loss":0.0,"damage_taken":0.0},{"cards_removed":["theMarked:Strike"],"damage_healed":0.0,"max_hp_gain":0.0,"max_hp_loss":0.0,"gold_gain":0.0,"event_name":"betterThird:BetterWriting","player_choice":"Elegance","floor":20.0,"gold_loss":0.0,"damage_taken":0.0},{"damage_healed":0.0,"max_hp_gain":0.0,"max_hp_loss":0.0,"gold_gain":0.0,"event_name":"Designer","player_choice":"Upgraded Two","floor":22.0,"gold_loss":40.0,"damage_taken":0.0,"cards_upgraded":["theMarked:Static","theMarked:Strike"]}],"is_beta":false,"boss_relics":[{"not_picked":["Runic Dome","Philosopher\u0027s Stone"],"picked":"Sozu"}],"items_purged_floors":[13,21],"is_endless":false,"potions_floor_spawned":[1,2,4,16,18,29],"killed_by":"Slavers","ascension_level":0}}