{"host":"9ndbo4kgsfoemf7y","time":1609055468,"event":{"mods":["AchievementEnabler","BaseMod","Colored Map","DeckTracker","Keyboard Shortcuts","Minty Spire (QoL Compilation)","Permanent Neow","Quick Restart","Relic Stats","StSLib","SuperFastMode"],"gold_per_floor":[116,189,205,219,229,229,229,229],"floor_reached":7,"playtime":225,"items_purged":[],"score":84,"play_id":"ae2f45ad-eb05-4ffb-8d69-aa15bc7a9c85","local_time":"20201227165108","is_ascension_mode":true,"campfire_choices":[{"data":"Adrenaline","floor":6.0,"key":"SMITH"}],"circlet_count":0,"master_deck":["AscendersBane","Strike_G","Strike_G","Strike_G","Strike_G","Strike_G","Defend_G","Defend_G","Defend_G","Defend_G","Defend_G","Survivor","Neutralize","Adrenaline+1","Deadly Poison","Backflip","Acrobatics"],"relics":["Ring of the Snake","Mercury Hourglass"],"acts_visited":["Exordium"],"potions_floor_usage":[],"damage_taken":[{"damage":6.0,"enemies":"Cultist","floor":1.0,"turns":4.0},{"damage":1.0,"enemies":"Jaw Worm","floor":3.0,"turns":3.0},{"damage":2.0,"enemies":"2 Louse","floor":4.0,"turns":2.0},{"damage":5.0,"enemies":"Exordium Wildlife","floor":5.0,"turns":4.0},{"damage":46,"enemies":"Gremlin Nob","floor":7,"turns":3}],"seed_played":"-7283865432189827486","potions_obtained":[{"floor":4.0,"key":"SpeedPotion"},{"floor":5.0,"key":"SpeedPotion"}],"is_trial":false,"path_per_floor":["M","T","M","M","M","R","E"],"character_chosen":"THE_SILENT","items_purchased":[],"campfire_rested":0,"item_purchase_floors":[],"current_hp_per_floor":[53,53,52,50,45,45,0,0],"gold":229,"neow_bonus":"ONE_RANDOM_RARE_CARD","is_daily":false,"chose_seed":false,"campfire_upgraded":1,"win_rate":0.0,"timestamp":1609055468,"path_taken":["M","?","M","M","M","R","E"],"items_purchased_type":[],"build_version":"2020-12-22","purchased_purges":0,"victory":false,"max_hp_per_floor":[66,66,66,66,66,66,66,66],"relic_stats":{"counters":[5,16],"obtain_stats":[{"Ring of the Snake":0,"Mercury Hourglass":2},{"Ring of the Snake":0,"Mercury Hourglass":1},{"Ring of the Snake":0,"Mercury Hourglass":4}],"Ring of the Snake":[10],"Mercury Hourglass":[42]},"card_choices":[{"not_picked":["Sucker Punch","Outmaneuver"],"picked":"Deadly Poison","floor":1.0},{"not_picked":["Expertise","Concentrate","Poisoned Stab"],"picked":"SKIP","floor":3.0},{"not_picked":["Cloak And Dagger","Outmaneuver"],"picked":"Backflip","floor":4.0},{"not_picked":["Flechettes","Sucker Punch"],"picked":"Acrobatics","floor":5.0}],"player_experience":751464,"relics_obtained":[{"floor":2.0,"key":"Mercury Hourglass"}],"event_choices":[],"is_beta":false,"boss_relics":[],"items_purged_floors":[],"is_endless":false,"potions_floor_spawned":[4,5],"killed_by":"Gremlin Nob","ascension_level":19}}