{"host":"ccwg5oaz7m60w53m","time":1609069248,"event":{"mods":["AchievementEnabler","BaseMod","Colored Powertips","Highlight Path","Minty Spire (QoL Compilation)","StSLib"],"gold_per_floor":[117,90130,90144,89314,89325,89360,89360,89379,89405,89422,88554,88554,88554,87601,87601,87696,87696,87710,87721,87733,86977,86997,87022,87039,87039,87087,87087,87087,86304,86315,86344,86344,86442,86442,86457,86457,86509,86509,86522,86552,86566,86594,86617,86945,86945,86964,86964,86215,86215,86215,86215,86215,85497,85528,85528],"floor_reached":56,"playtime":4412,"items_purged":["Strike_P","Defend_P","Strike_P","Defend_P","Strike_P+1","Defend_P+1"],"score":1502,"play_id":"1ed73e52-0e15-42b0-9eaf-692ff1f84534","local_time":"20201227184048","is_ascension_mode":false,"campfire_choices":[{"data":"1","floor":7,"key":"LIFT"},{"floor":13,"key":"RECALL"},{"data":"2","floor":15,"key":"LIFT"},{"data":"3","floor":25,"key":"LIFT"},{"data":"Eruption","floor":32,"key":"PURGE"},{"data":"Strike_P+1","floor":45,"key":"PURGE"},{"data":"Evaluate","floor":47,"key":"PURGE"},{"data":"MasterReality","floor":49,"key":"PURGE"},{"data":"BattleHymn","floor":52,"key":"SMITH"}],"circlet_count":0,"master_deck":["Defend_P+1","Vigilance+1","CutThroughFate+1","Protect","BattleHymn+1","Conclude+1","Consecrate+1","Tantrum+1","ReachHeaven+1","Consecrate+1","WheelKick+1","FlurryOfBlows+1","Flash of Steel+1","InnerPeace","CutThroughFate+1","CutThroughFate+1","Protect","FlurryOfBlows+1","SandsOfTime+1","Tantrum+1","Tantrum+1","Establishment+1","Protect","TalkToTheHand+1","TalkToTheHand+1","Study+1","CutThroughFate+1"],"relics":["HolyWater","Molten Egg 2","Girya","ClockworkSouvenir","Vajra","Bag of Preparation","War Paint","Melange","Unceasing Top","Pantograph","TheAbacus","Black Star","Whetstone","Chemical X","Mummified Hand","Blood Vial","Nunchaku","Juzu Bracelet","Frozen Egg 2","Frozen Eye","Peace Pipe","Happy Flower","Damaru","Pocketwatch","Bottled Lightning","Bottled Flame","Prayer Wheel","Potion Belt","Eternal Feather","Anchor","MealTicket","Lantern","Old Coin","Meat on the Bone","InkBottle","PreservedInsect","Sling","OrangePellets","White Beast Statue","Gremlin Horn","Bottled Tornado","Toy Ornithopter","Letter Opener"],"acts_visited":["Exordium","TheCity","TheBeyond","TheEnding"],"potions_floor_usage":[33],"damage_taken":[{"damage":0,"enemies":"Cultist","floor":1,"turns":2},{"damage":1,"enemies":"Jaw Worm","floor":2,"turns":4},{"damage":0,"enemies":"2 Louse","floor":3,"turns":4},{"damage":0,"enemies":"Large Slime","floor":5,"turns":3},{"damage":6,"enemies":"Lagavulin","floor":6,"turns":5},{"damage":0,"enemies":"Exordium Wildlife","floor":8,"turns":1},{"damage":0,"enemies":"Exordium Thugs","floor":10,"turns":1},{"damage":30,"enemies":"Hexaghost","floor":16,"turns":3},{"damage":0,"enemies":"3 Byrds","floor":18,"turns":1},{"damage":3,"enemies":"Chosen","floor":19,"turns":3},{"damage":0,"enemies":"Centurion and Healer","floor":20,"turns":1},{"damage":0,"enemies":"Snecko","floor":22,"turns":2},{"damage":3,"enemies":"Slavers","floor":23,"turns":2},{"damage":0,"enemies":"Cultist and Chosen","floor":24,"turns":2},{"damage":0,"enemies":"Shelled Parasite and Fungi","floor":30,"turns":2},{"damage":0,"enemies":"Book of Stabbing","floor":31,"turns":2},{"damage":14,"enemies":"Automaton","floor":33,"turns":3},{"damage":27,"enemies":"3 Shapes","floor":35,"turns":2},{"damage":23,"enemies":"2 Orb Walkers","floor":37,"turns":3},{"damage":0,"enemies":"Orb Walker","floor":39,"turns":2},{"damage":0,"enemies":"Nemesis","floor":40,"turns":3},{"damage":0,"enemies":"Maw","floor":41,"turns":3},{"damage":0,"enemies":"Reptomancer","floor":42,"turns":2},{"damage":101,"enemies":"Nemesis","floor":44,"turns":5},{"damage":0,"enemies":"Writhing Mass","floor":46,"turns":2},{"damage":0,"enemies":"Awakened One","floor":50,"turns":4},{"damage":0,"enemies":"Shield and Spear","floor":54,"turns":2},{"damage":68,"enemies":"The Heart","floor":55,"turns":5}],"seed_played":"-7948077631100882971","potions_obtained":[{"floor":2,"key":"EssenceOfSteel"},{"floor":6,"key":"FearPotion"},{"floor":10,"key":"SteroidPotion"},{"floor":33,"key":"Swift Potion"},{"floor":41,"key":"DistilledChaos"},{"floor":54,"key":"FearPotion"}],"is_trial":false,"path_per_floor":["M","M","M","$","M","E","R","M","T","M","$","?","R","$","R","B",null,"M","M","M","$","M","E","M","R","T","?","?","$","M","E","R","B",null,"M","?","?","?","M","E","M","E","T","E","R","M","R","$","R","B",null,"R","$","E","B",null],"character_chosen":"WATCHER","items_purchased":["Molten Egg 2","Girya","ClockworkSouvenir","Conclude+1","War Paint","Melange","Bottled Tornado","Establishment","WheelKick+1","Unceasing Top","Pantograph","TheAbacus","FlurryOfBlows+1","Flash of Steel+1","Whetstone","Chemical X","Mummified Hand","CutThroughFate+1","Frozen Eye","Peace Pipe","Happy Flower","InkBottle","PreservedInsect","Sling","OrangePellets","White Beast Statue","Gremlin Horn","Study+1"],"campfire_rested":0,"item_purchase_floors":[4,4,4,4,11,11,11,11,11,14,14,14,14,14,21,21,21,21,29,29,29,48,48,48,53,53,53,53],"current_hp_per_floor":[79,78,78,78,78,72,72,72,72,72,72,56,56,56,56,49,79,79,76,76,76,76,73,75,75,75,75,75,75,77,79,79,65,79,52,72,51,51,53,55,57,59,59,79,79,79,79,79,79,79,79,79,79,79,59],"gold":85528,"neow_bonus":"TEN_PERCENT_HP_BONUS","is_daily":false,"chose_seed":false,"campfire_upgraded":1,"win_rate":0.0,"timestamp":1609069248,"path_taken":["M","M","?","$","?","E","R","M","T","M","$","?","R","?","R","BOSS","M","M","M","$","M","E","M","R","T","?","?","$","M","E","R","BOSS","M","?","?","?","M","E","M","E","T","E","R","M","R","$","R","BOSS","R","$","E","BOSS"],"items_purchased_type":["Relic","Relic","Relic","Card","Relic","Relic","Relic","Card","Card","Relic","Relic","Relic","Card","Card","Relic","Relic","Relic","Card","Relic","Relic","Relic","Relic","Relic","Relic","Relic","Relic","Relic","Card"],"build_version":"2020-12-22","purchased_purges":6,"victory":true,"max_hp_per_floor":[79,79,79,79,79,79,79,79,79,79,79,79,79,79,79,79,79,79,79,79,79,79,79,79,79,79,79,79,79,79,79,79,79,79,79,79,79,79,79,79,79,79,79,79,79,79,79,79,79,79,79,79,79,79,79],"card_choices":[{"not_picked":["Protect","SashWhip","ThirdEye"],"picked":"SKIP","floor":1},{"not_picked":["JustLucky","Crescendo","Perseverance"],"picked":"SKIP","floor":2},{"not_picked":["FlyingSleeves","Weave"],"picked":"BattleHymn","floor":3},{"not_picked":["ClearTheMind","ThirdEye"],"picked":"Consecrate+1","floor":5},{"not_picked":["Adaptation","Swivel"],"picked":"Tantrum+1","floor":6},{"not_picked":["Perseverance","FollowUp+1"],"picked":"ReachHeaven+1","floor":8},{"not_picked":["SashWhip+1","Weave+1"],"picked":"Consecrate+1","floor":10},{"not_picked":["Brilliance+1","ConjureBlade"],"picked":"MasterReality","floor":16},{"not_picked":["EmptyFist+1","Weave+1"],"picked":"Evaluate","floor":18},{"not_picked":["ThirdEye","Wallop+1"],"picked":"InnerPeace","floor":19},{"not_picked":["JustLucky+1","Sanctity"],"picked":"CutThroughFate+1","floor":20},{"not_picked":["FollowUp+1","Brilliance+1"],"picked":"Protect","floor":22},{"not_picked":["Weave+1","Halt","EmptyFist+1"],"picked":"SKIP","floor":23},{"not_picked":["WreathOfFlame","BattleHymn"],"picked":"FlurryOfBlows+1","floor":24},{"not_picked":["Consecrate+1","JustLucky+1","ThirdEye"],"picked":"SKIP","floor":30},{"not_picked":["PathToVictory","ThirdEye"],"picked":"SandsOfTime+1","floor":31},{"not_picked":["ConjureBlade","Ragnarok+1"],"picked":"Establishment+1","floor":33},{"not_picked":["WreathOfFlame+1","BowlingBash+1","PathToVictory+1"],"picked":"SKIP","floor":35},{"not_picked":["FollowUp+1","Crescendo+1"],"picked":"Protect","floor":37},{"not_picked":["LikeWater+1","DeceiveReality","FearNoEvil+1"],"picked":"SKIP","floor":39},{"not_picked":["Protect","Halt","Evaluate+1"],"picked":"SKIP","floor":39},{"not_picked":["FollowUp+1","Pray"],"picked":"TalkToTheHand+1","floor":40},{"not_picked":["Evaluate+1","DeceiveReality","BowlingBash+1"],"picked":"SKIP","floor":41},{"not_picked":["Sanctity","FollowUp+1","CrushJoints+1"],"picked":"SKIP","floor":41},{"not_picked":["Halt","MasterReality+1","FlyingSleeves+1"],"picked":"SKIP","floor":42},{"not_picked":["EmptyBody","Adaptation+1","CrushJoints+1"],"picked":"SKIP","floor":44},{"not_picked":["FollowUp+1","WindmillStrike+1"],"picked":"TalkToTheHand+1","floor":46},{"not_picked":["ClearTheMind+1","Establishment+1","Consecrate+1"],"picked":"SKIP","floor":46},{"not_picked":["PathToVictory","CarveReality+1"],"picked":"CutThroughFate+1","floor":54}],"player_experience":20514,"relics_obtained":[{"floor":6,"key":"Vajra"},{"floor":23,"key":"Blood Vial"},{"floor":23,"key":"Nunchaku"},{"floor":26,"key":"Juzu Bracelet"},{"floor":31,"key":"Pocketwatch"},{"floor":31,"key":"Bottled Lightning"},{"floor":37,"key":"Prayer Wheel"},{"floor":40,"key":"Potion Belt"},{"floor":40,"key":"Eternal Feather"},{"floor":42,"key":"Anchor"},{"floor":42,"key":"MealTicket"},{"floor":43,"key":"Lantern"},{"floor":44,"key":"Old Coin"},{"floor":44,"key":"Meat on the Bone"},{"floor":54,"key":"Toy Ornithopter"},{"floor":54,"key":"Letter Opener"}],"event_choices":[{"damage_healed":0,"gold_gain":0,"player_choice":"Entered Light","damage_taken":16,"max_hp_gain":0,"max_hp_loss":0,"event_name":"Shining Light","floor":12,"gold_loss":0,"cards_upgraded":["Defend_P","Strike_P"]},{"damage_healed":0,"gold_gain":0,"player_choice":"Ignored","damage_taken":0,"max_hp_gain":0,"max_hp_loss":0,"event_name":"Ghosts","floor":27,"gold_loss":0},{"damage_healed":0,"gold_gain":0,"player_choice":"Opened","damage_taken":0,"relics_obtained":["Frozen Egg 2"],"max_hp_gain":0,"max_hp_loss":0,"event_name":"The Mausoleum","floor":28,"gold_loss":0},{"damage_healed":20,"gold_gain":0,"player_choice":"Writhe","damage_taken":0,"max_hp_gain":0,"max_hp_loss":0,"event_name":"Winding Halls","floor":36,"gold_loss":0,"cards_obtained":["Writhe"]},{"damage_healed":0,"gold_gain":0,"player_choice":"Fight","damage_taken":0,"max_hp_gain":0,"max_hp_loss":0,"event_name":"Mysterious Sphere","floor":37,"gold_loss":0},{"damage_healed":0,"gold_gain":0,"player_choice":"Memory 1","damage_taken":0,"max_hp_gain":0,"max_hp_loss":0,"event_name":"SensoryStone","floor":38,"gold_loss":0}],"is_beta":false,"boss_relics":[{"not_picked":["Calling Bell","SacredBark"],"picked":"Black Star"},{"not_picked":["Busted Crown","Velvet Choker"],"picked":"HolyWater"}],"items_purged_floors":[4,11,14,21,29,48],"is_endless":false,"potions_floor_spawned":[2,6,10,20,22,24,33,35,37,41,54],"ascension_level":0}}