{"host":"ktoxvvst1mwxww91","time":1609070090,"event":{"mods":["BaseMod","Hermit","Minty Spire (QoL Compilation)","StSLib","The Hierophant","The Mystic","The Necromancer"],"gold_per_floor":[109,41,56,56,231,231,267,267,292,332,332,376,394,418,418,544,544,564,17,17,33,54,54,77,77,77],"floor_reached":25,"playtime":843,"items_purged":[],"score":454,"play_id":"df3317ff-60f8-47dd-953b-70924052ddb7","local_time":"20201227125450","is_ascension_mode":true,"campfire_choices":[{"data":"Bash","floor":6.0,"key":"SMITH"},{"data":"Fire Breathing","floor":11.0,"key":"SMITH"},{"data":"Clothesline","floor":15.0,"key":"SMITH"},{"data":"Armaments","floor":23.0,"key":"SMITH"}],"circlet_count":0,"master_deck":["Defend_R","Defend_R","Defend_R","Defend_R","Bash+1","Ghostly Armor","Fire Breathing+1","Sword Boomerang","Doubt","Hemokinesis","Dropkick","Sword Boomerang","Body Slam","Clothesline+1","Juggernaut","CurseOfTheBell","Pommel Strike","Juggernaut","Bite","Bite","Bite","Bite","Bite","Shrug It Off","Armaments+1","Evolve"],"relics":["Burning Blood","NeowsBlessing","Golden Idol","PreservedInsect","Bronze Scales","Kunai","Bag of Preparation","Calling Bell","Bag of Marbles","Matryoshka","Incense Burner","DollysMirror","Oddly Smooth Stone","HornCleat"],"acts_visited":["Exordium","TheCity"],"potions_floor_usage":[],"damage_taken":[{"damage":0.0,"enemies":"Cultist","floor":1.0,"turns":1.0},{"damage":0.0,"enemies":"Jaw Worm","floor":3.0,"turns":1.0},{"damage":0.0,"enemies":"Lagavulin","floor":7.0,"turns":1.0},{"damage":2.0,"enemies":"3 Sentries","floor":10.0,"turns":5.0},{"damage":2.0,"enemies":"Gremlin Nob","floor":12.0,"turns":3.0},{"damage":0.0,"enemies":"Small Slimes","floor":13.0,"turns":3.0},{"damage":2.0,"enemies":"Gremlin Gang","floor":14.0,"turns":5.0},{"damage":55.0,"enemies":"The Guardian","floor":16.0,"turns":13.0},{"damage":17.0,"enemies":"3 Byrds","floor":18.0,"turns":6.0},{"damage":18.0,"enemies":"Spheric Guardian","floor":21.0,"turns":5.0},{"damage":15.0,"enemies":"Centurion and Healer","floor":22.0,"turns":11.0},{"damage":42.0,"enemies":"Shelled Parasite and Fungi","floor":24.0,"turns":7.0},{"damage":41,"enemies":"Gremlin Leader","floor":25,"turns":5}],"seed_played":"-5937274801414078610","potions_obtained":[{"floor":3.0,"key":"ElixirPotion"},{"floor":7.0,"key":"SkillPotion"},{"floor":8.0,"key":"ColorlessPotion"},{"floor":8.0,"key":"DistilledChaos"},{"floor":12.0,"key":"SkillPotion"},{"floor":16.0,"key":"Block Potion"},{"floor":18.0,"key":"Swift Potion"}],"is_trial":false,"path_per_floor":["M","$","M","?","?","R","E","?","T","E","R","E","M","M","R","B",null,"M","$","?","M","M","R","M","E"],"character_chosen":"IRONCLAD","items_purchased":["Fire Breathing","DollysMirror","Oddly Smooth Stone","HornCleat"],"campfire_rested":0,"item_purchase_floors":[2,19,19,19],"current_hp_per_floor":[78,78,80,74,74,74,74,74,74,74,74,74,74,74,74,25,62,51,51,51,43,51,51,19,0,0],"gold":77,"neow_bonus":"THREE_ENEMY_KILL","is_daily":false,"chose_seed":false,"campfire_upgraded":4,"win_rate":0.0,"timestamp":1609070090,"path_taken":["M","?","M","?","?","R","E","?","T","E","R","E","M","?","R","BOSS","M","$","?","M","M","R","M","E"],"items_purchased_type":["Card","Relic","Relic","Relic"],"build_version":"2020-12-22","purchased_purges":0,"victory":false,"max_hp_per_floor":[80,80,80,74,74,74,74,74,74,74,74,74,74,74,74,74,74,74,74,51,51,51,51,51,51,51],"card_choices":[{"not_picked":["Thunderclap","Searing Blow"],"picked":"Ghostly Armor","floor":1.0},{"not_picked":["Thunderclap","Rupture"],"picked":"Sword Boomerang","floor":3.0},{"not_picked":["Juggernaut","Rage"],"picked":"Hemokinesis","floor":7.0},{"not_picked":["Second Wind","Cleave"],"picked":"Dropkick","floor":10.0},{"not_picked":["Infernal Blade","Cleave"],"picked":"Sword Boomerang","floor":12.0},{"not_picked":["Thunderclap","Warcry"],"picked":"Body Slam","floor":13.0},{"not_picked":["Heavy Blade","Pommel Strike"],"picked":"Clothesline","floor":14.0},{"not_picked":["Berserk","Bludgeon"],"picked":"Juggernaut","floor":16.0},{"not_picked":["Body Slam","Dropkick"],"picked":"Pommel Strike","floor":18.0},{"not_picked":["Heavy Blade","Flex"],"picked":"Shrug It Off","floor":21.0},{"not_picked":["Rampage","Headbutt"],"picked":"Armaments","floor":22.0},{"not_picked":["Hemokinesis","Combust"],"picked":"Evolve","floor":24.0}],"player_experience":933570,"relics_obtained":[{"floor":7.0,"key":"PreservedInsect"},{"floor":9.0,"key":"Bronze Scales"},{"floor":10.0,"key":"Kunai"},{"floor":12.0,"key":"Bag of Preparation"},{"floor":17.0,"key":"Bag of Marbles"},{"floor":17.0,"key":"Matryoshka"},{"floor":17.0,"key":"Incense Burner"}],"event_choices":[{"damage_healed":0.0,"max_hp_gain":0.0,"max_hp_loss":6.0,"gold_gain":0.0,"event_name":"Golden Idol","player_choice":"Lose Max HP","floor":4.0,"gold_loss":0.0,"damage_taken":0.0,"relics_obtained":["Golden Idol"]},{"damage_healed":0.0,"max_hp_gain":0.0,"max_hp_loss":0.0,"gold_gain":175.0,"event_name":"Liars Game","player_choice":"AGREE","floor":5.0,"gold_loss":0.0,"damage_taken":0.0,"cards_obtained":["Doubt"]},{"damage_healed":0.0,"max_hp_gain":0.0,"max_hp_loss":0.0,"gold_gain":0.0,"event_name":"Lab","player_choice":"Got Potions","floor":8.0,"gold_loss":0.0,"damage_taken":0.0},{"damage_healed":0.0,"max_hp_gain":0.0,"max_hp_loss":23.0,"gold_gain":0.0,"event_name":"Vampires","player_choice":"Became a vampire","floor":20.0,"gold_loss":0.0,"damage_taken":0.0,"cards_obtained":["Bite","Bite","Bite","Bite","Bite"]}],"is_beta":false,"boss_relics":[{"not_picked":["Ectoplasm","Pandora\u0027s Box"],"picked":"Calling Bell"}],"items_purged_floors":[],"is_endless":false,"potions_floor_spawned":[3,7,12,16,18],"killed_by":"Gremlin Leader","ascension_level":9}}