{"host":"baymyijz6sxaqj5s","time":1609062831,"event":{"mods":["AchievementEnabler","BaseMod","Colored Map","Colored Powertips","DeckTracker","KOR Keyword Fix","Keyboard Shortcuts","Minty Spire (QoL Compilation)","Quick Restart","StSLib","SuperFastMode"],"gold_per_floor":[116,128,128,128,148,148,166,166,219,12,12,27,27,10,10,111,161,176,193,206,206,206],"floor_reached":21,"playtime":876,"items_purged":[],"score":190,"play_id":"9c9431c0-26a9-4dd6-b0e2-1582024d6be8","local_time":"20201227185351","is_ascension_mode":true,"campfire_choices":[{"floor":6,"key":"REST"},{"data":"After Image","floor":11,"key":"SMITH"},{"data":"Backflip","floor":13,"key":"SMITH"},{"data":"Bouncing Flask","floor":15,"key":"SMITH"}],"circlet_count":0,"master_deck":["Strike_G","Strike_G","Strike_G","Strike_G","Defend_G","Defend_G","Defend_G","Defend_G","Defend_G","Survivor+1","Neutralize","Dodge and Roll","Deflect","All Out Attack","Backflip+1","After Image+1","Bouncing Flask+1","Grand Finale","Poisoned Stab+1","Deadly Poison","Bane+1"],"relics":["Ring of the Snake","Dream Catcher","Anchor","Smiling Mask","Tiny House"],"acts_visited":["Exordium","TheCity"],"potions_floor_usage":[7,7,14,19],"damage_taken":[{"damage":4,"enemies":"2 Louse","floor":1,"turns":3},{"damage":5,"enemies":"Small Slimes","floor":2,"turns":4},{"damage":0,"enemies":"Cultist","floor":5,"turns":5},{"damage":0,"enemies":"Looter","floor":7,"turns":2},{"damage":0,"enemies":"3 Louse","floor":12,"turns":2},{"damage":10,"enemies":"Exordium Thugs","floor":14,"turns":7},{"damage":37,"enemies":"The Guardian","floor":16,"turns":12},{"damage":18,"enemies":"Spheric Guardian","floor":18,"turns":9},{"damage":10,"enemies":"Shell Parasite","floor":19,"turns":7},{"damage":30,"enemies":"Shelled Parasite and Fungi","floor":20,"turns":10},{"damage":28,"enemies":"3 Cultists","floor":21,"turns":4}],"seed_played":"7898750419049518522","potions_obtained":[{"floor":1,"key":"GamblersBrew"},{"floor":2,"key":"SteroidPotion"},{"floor":5,"key":"Fire Potion"},{"floor":12,"key":"Energy Potion"},{"floor":17,"key":"Dexterity Potion"},{"floor":19,"key":"GamblersBrew"},{"floor":20,"key":"SteroidPotion"}],"is_trial":false,"path_per_floor":["M","M","?","?","M","R","M","?","T","$","R","M","R","M","R","B",null,"M","M","M","M"],"character_chosen":"THE_SILENT","items_purchased":["Backflip","After Image"],"campfire_rested":1,"item_purchase_floors":[10,10],"current_hp_per_floor":[73,68,61,54,54,77,77,77,77,77,77,77,77,67,67,30,82,64,54,24,0,0],"gold":206,"neow_bonus":"TEN_PERCENT_HP_BONUS","is_daily":false,"chose_seed":false,"campfire_upgraded":3,"win_rate":0.0,"timestamp":1609062831,"path_taken":["M","M","?","?","M","R","M","?","T","$","R","M","R","M","R","BOSS","M","M","?","M"],"items_purchased_type":["Card","Card"],"build_version":"2020-12-22","purchased_purges":0,"victory":false,"max_hp_per_floor":[77,77,77,77,77,77,77,77,77,77,77,77,77,77,77,77,82,82,82,82,82,82],"card_choices":[{"not_picked":["Escape Plan","Acrobatics","Dagger Throw"],"picked":"SKIP","floor":1},{"not_picked":["Prepared","Cloak And Dagger"],"picked":"Dodge and Roll","floor":2},{"not_picked":["Infinite Blades","Flying Knee"],"picked":"Deflect","floor":5},{"not_picked":["Dagger Throw","Accuracy"],"picked":"All Out Attack","floor":7},{"not_picked":["All Out Attack","Dagger Throw","Acrobatics"],"picked":"SKIP","floor":12},{"not_picked":["Slice","Blade Dance"],"picked":"Bouncing Flask","floor":14},{"not_picked":["Tools of the Trade","After Image"],"picked":"Grand Finale","floor":16},{"not_picked":["Cloak And Dagger+1","Dagger Throw"],"picked":"Poisoned Stab+1","floor":18},{"not_picked":["Setup","Blade Dance"],"picked":"Deadly Poison","floor":19},{"not_picked":["Poisoned Stab","Doppelganger"],"picked":"Bane+1","floor":20}],"player_experience":260834,"relics_obtained":[{"floor":9,"key":"Smiling Mask"}],"event_choices":[{"damage_healed":0,"gold_gain":0,"player_choice":"Success","damage_taken":7,"relics_obtained":["Dream Catcher"],"max_hp_gain":0,"max_hp_loss":0,"event_name":"Scrap Ooze","floor":3,"gold_loss":0},{"cards_removed":["Strike_G"],"damage_healed":0,"gold_gain":0,"player_choice":"Card Removal","damage_taken":7,"max_hp_gain":0,"max_hp_loss":0,"event_name":"Golden Wing","floor":4,"gold_loss":0},{"damage_healed":0,"gold_gain":0,"player_choice":"Gave Potion","damage_taken":0,"relics_obtained":["Anchor"],"max_hp_gain":0,"max_hp_loss":0,"event_name":"WeMeetAgain","floor":8,"gold_loss":0}],"is_beta":false,"boss_relics":[{"not_picked":["SacredBark","Busted Crown"],"picked":"Tiny House"}],"items_purged_floors":[],"is_endless":false,"potions_floor_spawned":[1,2,5,12,19,20],"killed_by":"3 Cultists","ascension_level":2}}