{"host":"8u40nq559zpgb6zp","time":1609043096,"event":{"mods":["Aspiration","Bard","BaseMod","Beaked The Cultist","Better Altar","Better Match","Better Note","Better Sensory Stone","Better Skull","Better Third Choice","BetterRewards","CCEM","Clawfect","Conspire","Duelist Mod","Googly Eyes","Halation","Hermit","Highlight Path","Infinite Spire","Jedi Mod","Jorbs\u0027s Wanderer Trilogy","Mad Scientist","Marisa（霧雨　魔理沙）","Minty Spire (QoL Compilation)","Permanent Neow","Replay The Spire","Shade Mod","Shop Mod","Spicy Shops","StSLib","The Bladedancer","The Construct","The Cursed","The Disciple","The Druid","The Gatherer","The Hierophant","The IronCluck","The Jungle","The Mystic","The Necromancer","The Runesmith","The Senshi","The Servant 0.9.4","The Spell Scribe","The Witch","slay the spire mod where everything is the same but ironclad has a cowboy hat"],"gold_per_floor":[117,127,140,51,66,98,98,116,116,136,136,136,136,136,136,237,237,250,263,263,263,263],"floor_reached":21,"playtime":2188,"items_purged":["Injury"],"score":256,"play_id":"e38c1fb6-9190-4c41-bf3a-ec3e34381c6b","local_time":"20201226232456","is_ascension_mode":false,"campfire_choices":[{"data":"Clawfect:ClawingBeam","floor":7,"key":"SMITH"},{"floor":11,"key":"REST"},{"data":"Clawfect:ClawingBeam","floor":13,"key":"SMITH"},{"data":"Clawfect:ClawCell","floor":15,"key":"SMITH"}],"circlet_count":0,"master_deck":["Gash+1","Gash","Gash+1","Gash","Gash+1","Defend_B","Defend_B","Defend_B","Defend_B","Defend_B","Clawfect:ClawCell+1","FTL","Clawfect:ClawLightning","Echo Form+1","Clawfect:ClawingBeam+1","BootSequence","Clawfect:ClawingBeam+1","Glacier","LessonLearned","Clawfect:Clawter","BasicCrystalCard+1"],"relics":["aspiration:WatcherSkillbook","ReplayTheSpireMod:CursedCoin","Oddly Smooth Stone","conspire:IceCreamScoop","aspiration:Stellarator","construct:WeddingRing"],"acts_visited":["Exordium","TheCity"],"potions_floor_usage":[19],"damage_taken":[{"damage":0,"enemies":"2 Louse","floor":1,"turns":4},{"damage":1,"enemies":"Jaw Worm","floor":2,"turns":4},{"damage":2,"enemies":"Small Slimes","floor":3,"turns":4},{"damage":30,"enemies":"Gremlin Gang","floor":5,"turns":5},{"damage":17,"enemies":"Gremlin Nob","floor":6,"turns":4},{"damage":5,"enemies":"Large Slime","floor":8,"turns":3},{"damage":0,"enemies":"2 Fungi Beasts","floor":10,"turns":3},{"damage":0,"enemies":"Fading Forest","floor":16,"turns":11},{"damage":36,"enemies":"conspire:FuzzyDice","floor":18,"turns":5},{"damage":12,"enemies":"3 Byrds","floor":19,"turns":5},{"damage":28,"enemies":"Snake Plant","floor":21,"turns":4}],"seed_played":"-3313922013961067122","potions_obtained":[{"floor":2,"key":"construct:ShiftPotion"},{"floor":6,"key":"Fire Potion"}],"is_trial":false,"path_per_floor":["M","M","M","$","M","E","R","M","T","M","R","?","R","?","R","B",null,"M","M","?","M"],"character_chosen":"DEFECT","items_purchased":["ReplayTheSpireMod:CursedCoin","Clawfect:ClawLightning","Echo Form+1"],"campfire_rested":1,"item_purchase_floors":[4,4,4],"current_hp_per_floor":[75,74,72,72,42,25,25,20,20,20,42,42,42,42,42,42,75,39,27,27,0,0],"gold":263,"neow_bonus":"BOSS_RELIC","is_daily":false,"chose_seed":false,"campfire_upgraded":3,"win_rate":0.0,"timestamp":1609043096,"path_taken":["M","M","M","$","M","E","R","M","T","M","R","?","R","?","R","BOSS","M","M","?","M"],"items_purchased_type":["Relic","Card","Card"],"build_version":"2020-12-22","purchased_purges":1,"victory":false,"max_hp_per_floor":[75,75,75,75,75,75,75,75,75,75,75,75,75,75,75,75,75,75,75,57,57,57],"card_choices":[{"not_picked":["Clawfect:ScrapingClaw","jedi:BurstFrost","Capacitor"],"picked":"Clawfect:ClawCell","floor":1},{"not_picked":["WheelKick","Stack","Sunder"],"picked":"FTL","floor":2},{"not_picked":["Redo","BowlingBash","CrushJoints","Replay:BluntJabs"],"picked":"SKIP","floor":3},{"not_picked":["Adaptation","jedi:studyfrost","Halt"],"picked":"Clawfect:ClawingBeam","floor":5},{"not_picked":["ReplayTheSpireMod:Reroute Power","Crescendo","Heatsinks"],"picked":"BootSequence","floor":6},{"not_picked":["Consecrate","ReplayTheSpireMod:System Scan","WaveOfTheHand"],"picked":"Clawfect:ClawingBeam","floor":8},{"not_picked":["Protect","Clawfect:Clawline","Replay:Vibes"],"picked":"Glacier","floor":10},{"not_picked":["ConjureBlade","Vault","Echo Form"],"picked":"LessonLearned","floor":16},{"not_picked":["FlyingSleeves","Replay:AtTheReady+1","Meditate+1"],"picked":"Clawfect:Clawter","floor":18},{"not_picked":["InnerPeace","Fasting2","CutThroughFate+1"],"picked":"BasicCrystalCard+1","floor":19}],"player_experience":991230,"relics_obtained":[{"floor":6,"key":"Oddly Smooth Stone"},{"floor":9,"key":"conspire:IceCreamScoop"}],"event_choices":[{"damage_healed":0,"gold_gain":0,"player_choice":"Grow","damage_taken":0,"max_hp_gain":0,"max_hp_loss":0,"event_name":"Living Wall","floor":14,"gold_loss":0,"cards_upgraded":["Gash"]}],"is_beta":false,"boss_relics":[{"not_picked":["Pandora\u0027s Box","beaked:MawFillet"],"picked":"aspiration:Stellarator"}],"items_purged_floors":[4],"is_endless":false,"potions_floor_spawned":[2,6],"killed_by":"Snake Plant","ascension_level":0}}