{"host":"nukjzc0ca34w6eem","time":1609106796,"event":{"mods":["2.2 Compatiblity","AchievementEnabler","BaseMod","Colored Powertips","Downfall","Minty Spire (QoL Compilation)","StSLib"],"gold_per_floor":[99,117,133,133,133,133,133,133,58,71,71,99,114,147,163,163,163,163],"floor_reached":16,"playtime":880,"items_purged":[],"score":182,"play_id":"1f83c43d-f001-4e8a-8cad-9a6dc703ba2a","local_time":"20201227140636","is_ascension_mode":true,"campfire_choices":[{"data":"expansioncontent:DonusPower","floor":1.0,"key":"SMITH"}],"circlet_count":0,"master_deck":["Guardian:Strike_Guardian","Guardian:Strike_Guardian","Guardian:Strike_Guardian","Guardian:Strike_Guardian","Guardian:Defend_Guardian","Guardian:Defend_Guardian","Guardian:Defend_Guardian","Guardian:Defend_Guardian","Guardian:CurlUp","Guardian:TwinSlam","expansioncontent:DonusPower+1","Guardian:FloatingOrbs","Guardian:FloatingOrbs","Guardian:Gem_Cyan","Guardian:Gem_Cyan","Guardian:Gem_Yellow","Guardian:Gem_White","Guardian:Gem_Blue","Guardian:Gem_Red","Guardian:Preprogram","Guardian:Gem_Fragmented","Guardian:PiercingHide","Guardian:CrystalBeam"],"relics":["Guardian:ModeShifter","Guardian:PickAxe","downfall:ShatteredFragment","downfall:HeartBlessingBlue","Ornamental Fan","The Courier"],"acts_visited":["Exordium"],"potions_floor_usage":[16,16],"damage_taken":[{"damage":0.0,"enemies":"2 Louse","floor":2.0,"turns":3.0},{"damage":18.0,"enemies":"Small Slimes","floor":3.0,"turns":3.0},{"damage":9,"enemies":"Jaw Worm","floor":10,"turns":3},{"damage":18,"enemies":"Gremlin Nob","floor":12,"turns":3},{"damage":0,"enemies":"Blue Slaver","floor":13,"turns":3},{"damage":0,"enemies":"Lagavulin","floor":14,"turns":3},{"damage":0,"enemies":"Gremlin Gang","floor":15,"turns":3},{"damage":38,"enemies":"downfall:Silent","floor":16,"turns":8}],"seed_played":"8688378232207531604","potions_obtained":[{"floor":2.0,"key":"Guardian:AcceleratePotion"},{"floor":10,"key":"SpeedPotion"},{"floor":15,"key":"Weak Potion"}],"is_trial":false,"path_per_floor":["R","M","M","?","?","R","T","?","R","M","R","E","M","E","M","B"],"character_chosen":"GUARDIAN","items_purchased":[],"campfire_rested":0,"item_purchase_floors":[],"current_hp_per_floor":[72,72,54,48,74,74,74,50,60,51,51,33,33,33,33,0,0,0],"gold":163,"neow_bonus":"RANDOM_COLORLESS","is_daily":false,"chose_seed":false,"campfire_upgraded":1,"win_rate":0.0,"timestamp":1609106796,"path_taken":["R","M","M","?","?","R","T","?","R","M","R","E","M","E","M","BOSS"],"items_purchased_type":[],"build_version":"2020-12-22","purchased_purges":0,"victory":false,"max_hp_per_floor":[80,80,80,80,80,80,80,80,90,90,90,90,90,90,90,90,90,90],"card_choices":[{"not_picked":["expansioncontent:TimeRipple","expansioncontent:Torchfire"],"picked":"expansioncontent:DonusPower","floor":0.0},{"not_picked":["Guardian:PrimingBeam","Guardian:Gem_Cyan"],"picked":"Guardian:FloatingOrbs","floor":2.0},{"not_picked":["Guardian:WalkerClaw","Guardian:ShieldSpikes"],"picked":"Guardian:FloatingOrbs","floor":3.0},{"not_picked":["Guardian:Gem_Green","Guardian:Emergency"],"picked":"Guardian:Gem_White","floor":10},{"not_picked":["Guardian:WalkerClaw","Guardian:Reroute"],"picked":"Guardian:Preprogram","floor":12},{"not_picked":["Guardian:VentSteam","Guardian:Gem_Cyan"],"picked":"Guardian:Gem_Fragmented","floor":13},{"not_picked":["Guardian:ShieldSpikes","Guardian:TimeBomb"],"picked":"Guardian:PiercingHide","floor":14},{"not_picked":["Guardian:TimeCapacitor","Guardian:Gem_Red"],"picked":"Guardian:CrystalBeam","floor":15}],"player_experience":467331,"relics_obtained":[{"floor":12,"key":"Ornamental Fan"},{"floor":14,"key":"The Courier"}],"event_choices":[{"damage_healed":26.0,"max_hp_gain":0.0,"max_hp_loss":0.0,"gold_gain":0.0,"event_name":"Big Fish","player_choice":"Banana","floor":5.0,"gold_loss":0.0,"damage_taken":0.0}],"is_beta":false,"boss_relics":[],"items_purged_floors":[],"is_endless":false,"potions_floor_spawned":[2,10,15],"killed_by":"downfall:Silent","ascension_level":7}}