{"host":"Fun","time":1609084216,"event":{"mods":["BaseMod","Colored Map","Filter the Spire","Minty Spire (QoL Compilation)","Relic Stats","StSLib"],"gold_per_floor":[116,127,142,122,142,142,170,170,193,213,213,224,254,254,254,343,343,357,70,70,84,104,104,142,154,166,178,200,212,239,263,275,361,373,399,430,442,454,480,492,504,548,560,592,616,628,640,392,392,392],"floor_reached":51,"playtime":2302,"items_purged":["Strike_B"],"score":1335,"play_id":"a21ba274-f2c1-41b6-be0b-6e4b7c3b5600","local_time":"20201227105016","is_ascension_mode":true,"campfire_choices":[{"data":"Ball Lightning","floor":6,"key":"SMITH"},{"data":"White Noise","floor":8,"key":"SMITH"},{"floor":11,"key":"REST"},{"floor":15,"key":"REST"},{"data":"Reinforced Body","floor":27,"key":"SMITH"},{"data":"Capacitor","floor":29,"key":"SMITH"},{"data":"Echo Form","floor":32,"key":"SMITH"},{"data":"Buffer","floor":40,"key":"SMITH"},{"data":"Aggregate","floor":46,"key":"SMITH"},{"data":"Reinforced Body","floor":49,"key":"SMITH"}],"circlet_count":0,"master_deck":["AscendersBane","Strike_B","Defend_B","Defend_B","Defend_B","Defend_B","Zap","Dualcast","Electrodynamics","Coolheaded","Genetic Algorithm","Ball Lightning+1","Ball Lightning","White Noise+1","Capacitor+1","Echo Form+1","Chill","Core Surge","Reinforced Body+1","Reinforced Body+1","Turbo+1","Genetic Algorithm","Double Energy","Undo","Coolheaded","Buffer+1","Leap+1","Genetic Algorithm","Loop+1","Coolheaded+1","Barrage+1","Aggregate+1","Creative AI","Streamline+1"],"relics":["Cracked Core","WarpedTongs","MealTicket","Orichalcum","Bronze Scales","Bloody Idol","SacredBark","Gambling Chip","MawBank","Pantograph","Snecko Eye","Blood Vial","Molten Egg 2"],"acts_visited":["Exordium","TheCity","TheBeyond"],"potions_floor_usage":[7,18,33,50],"damage_taken":[{"damage":0,"enemies":"2 Louse","floor":1,"turns":2},{"damage":0,"enemies":"Cultist","floor":2,"turns":3},{"damage":7,"enemies":"Jaw Worm","floor":3,"turns":3},{"damage":6,"enemies":"2 Fungi Beasts","floor":5,"turns":3},{"damage":17,"enemies":"3 Sentries","floor":7,"turns":4},{"damage":7,"enemies":"Blue Slaver","floor":10,"turns":2},{"damage":0,"enemies":"Looter","floor":12,"turns":3},{"damage":26,"enemies":"Gremlin Nob","floor":13,"turns":5},{"damage":0,"enemies":"Hexaghost","floor":16,"turns":9},{"damage":4,"enemies":"Shell Parasite","floor":18,"turns":4},{"damage":16,"enemies":"2 Thieves","floor":21,"turns":3},{"damage":0,"enemies":"Centurion and Healer","floor":22,"turns":7},{"damage":27,"enemies":"Book of Stabbing","floor":24,"turns":8},{"damage":9,"enemies":"Cultist and Chosen","floor":28,"turns":6},{"damage":0,"enemies":"Chosen and Byrds","floor":30,"turns":7},{"damage":0,"enemies":"Sentry and Sphere","floor":31,"turns":3},{"damage":8,"enemies":"Collector","floor":33,"turns":11},{"damage":6,"enemies":"3 Darklings","floor":35,"turns":6},{"damage":0,"enemies":"Orb Walker","floor":36,"turns":5},{"damage":0,"enemies":"4 Shapes","floor":39,"turns":7},{"damage":0,"enemies":"Reptomancer","floor":42,"turns":9},{"damage":0,"enemies":"Jaw Worm Horde","floor":44,"turns":2},{"damage":0,"enemies":"3 Darklings","floor":45,"turns":5},{"damage":1,"enemies":"Time Eater","floor":50,"turns":13}],"seed_played":"-2640371345234873753","potions_obtained":[{"floor":1,"key":"Energy Potion"},{"floor":4,"key":"FairyPotion"},{"floor":7,"key":"PotionOfCapacity"},{"floor":10,"key":"Fire Potion"},{"floor":22,"key":"FocusPotion"},{"floor":39,"key":"Fire Potion"}],"is_trial":false,"path_per_floor":["M","M","M","?","M","R","E","R","T","M","R","M","E","?","R","B",null,"M","$","?","M","M","?","E","?","T","R","M","R","M","M","R","B",null,"M","M","$","?","M","R","$","E","T","M","M","R","?","$","R","B",null],"character_chosen":"DEFECT","items_purchased":["Gambling Chip","Creative AI","Streamline+1"],"campfire_rested":2,"item_purchase_floors":[19,48,48],"current_hp_per_floor":[46,46,39,39,33,33,16,16,16,9,30,30,4,4,23,23,54,50,64,64,48,48,48,21,21,26,31,32,37,47,57,62,61,64,63,64,64,64,64,64,64,64,64,64,64,64,64,64,64,63],"gold":392,"neow_bonus":"THREE_RARE_CARDS","is_daily":false,"chose_seed":false,"campfire_upgraded":8,"win_rate":0.0,"timestamp":1609084216,"path_taken":["M","M","M","?","M","R","E","R","T","M","R","?","E","?","R","BOSS","M","$","?","M","M","?","E","?","T","R","M","R","?","M","R","BOSS","M","M","?","?","?","R","?","E","T","M","?","R","?","$","R","BOSS"],"items_purchased_type":["Relic","Card","Card"],"build_version":"2020-12-18","purchased_purges":1,"victory":true,"max_hp_per_floor":[71,71,71,71,71,71,71,71,71,71,71,71,71,64,64,64,64,64,64,64,64,64,64,64,64,64,64,64,64,64,64,64,64,64,64,64,64,64,64,64,64,64,64,64,64,64,64,64,64,64],"relic_stats":{"Blood Vial":0,"counters":[24,130],"Bronze Scales":[389],"Bloody Idol":66,"Gambling Chip":[49],"Pantograph":0,"Snecko Eye":[75,83,81,75],"MealTicket":14,"Orichalcum":[126],"MawBank":288,"obtain_stats":[{"Golden Idol":14,"SacredBark":17,"Orichalcum":9,"MawBank":24,"WarpedTongs":0,"Blood Vial":42,"Bronze Scales":13,"Gambling Chip":19,"Bloody Idol":25,"Pantograph":26,"Snecko Eye":34,"MealTicket":7,"Molten Egg 2":43,"Cracked Core":0},{"Golden Idol":8,"SacredBark":9,"Orichalcum":5,"MawBank":13,"WarpedTongs":0,"Blood Vial":21,"Bronze Scales":8,"Gambling Chip":10,"Bloody Idol":13,"Pantograph":13,"Snecko Eye":17,"MealTicket":5,"Molten Egg 2":21,"Cracked Core":0},{"Golden Idol":25,"SacredBark":34,"Orichalcum":15,"MawBank":56,"WarpedTongs":0,"Blood Vial":110,"Bronze Scales":25,"Gambling Chip":38,"Bloody Idol":56,"Pantograph":56,"Snecko Eye":83,"MealTicket":15,"Molten Egg 2":110,"Cracked Core":0}],"WarpedTongs":[129]},"card_choices":[{"not_picked":["Buffer","Creative AI"],"picked":"Electrodynamics","floor":0},{"not_picked":["Blizzard","Turbo"],"picked":"Coolheaded","floor":1},{"not_picked":["White Noise","FTL"],"picked":"Genetic Algorithm","floor":2},{"not_picked":["Heatsinks","Loop"],"picked":"Ball Lightning","floor":3},{"not_picked":["Chaos","Turbo"],"picked":"Ball Lightning","floor":5},{"not_picked":["Amplify","Turbo"],"picked":"White Noise","floor":7},{"not_picked":["Steam","Beam Cell"],"picked":"Capacitor","floor":10},{"not_picked":["Fusion","Storm"],"picked":"Echo Form","floor":12},{"not_picked":["Redo","Sweeping Beam"],"picked":"Chill","floor":13},{"not_picked":["Echo Form","All For One"],"picked":"Core Surge","floor":16},{"not_picked":["Ball Lightning","Leap"],"picked":"Reinforced Body","floor":18},{"not_picked":["Reprogram","Leap"],"picked":"Turbo+1","floor":21},{"not_picked":["Beam Cell","Turbo"],"picked":"Genetic Algorithm","floor":22},{"not_picked":["FTL","Gash+1","Sweeping Beam"],"picked":"SKIP","floor":24},{"not_picked":["Compile Driver","Turbo"],"picked":"Coolheaded","floor":28},{"not_picked":["Auto Shields","Rebound","Streamline+1"],"picked":"SKIP","floor":30},{"not_picked":["Redo","Steam","Sweeping Beam"],"picked":"SKIP","floor":31},{"not_picked":["Electrodynamics","Hyperbeam"],"picked":"Buffer","floor":33},{"not_picked":["Conserve Battery","Ball Lightning"],"picked":"Leap+1","floor":35},{"not_picked":["Chaos","Rebound","Sweeping Beam"],"picked":"SKIP","floor":36},{"not_picked":["Stack","Gash"],"picked":"Loop+1","floor":39},{"not_picked":["Fusion","Skim+1"],"picked":"Coolheaded+1","floor":42},{"not_picked":["Redo","Ball Lightning+1"],"picked":"Barrage+1","floor":44},{"not_picked":["BootSequence+1","Sweeping Beam+1"],"picked":"Aggregate","floor":45}],"player_experience":125007,"relics_obtained":[{"floor":7,"key":"MealTicket"},{"floor":9,"key":"Orichalcum"},{"floor":13,"key":"Bronze Scales"},{"floor":24,"key":"MawBank"},{"floor":26,"key":"Pantograph"},{"floor":42,"key":"Blood Vial"},{"floor":43,"key":"Molten Egg 2"}],"event_choices":[{"damage_healed":0,"gold_gain":0,"player_choice":"Bought 1 Potion","damage_taken":0,"max_hp_gain":0,"max_hp_loss":0,"event_name":"The Woman in Blue","floor":4,"gold_loss":0},{"damage_healed":0,"gold_gain":0,"player_choice":"Lose Max HP","damage_taken":0,"relics_obtained":["Golden Idol"],"max_hp_gain":0,"max_hp_loss":7,"event_name":"Golden Idol","floor":14,"gold_loss":0},{"damage_healed":0,"gold_gain":0,"player_choice":"Read","damage_taken":0,"max_hp_gain":0,"max_hp_loss":0,"event_name":"The Library","floor":20,"gold_loss":0,"cards_obtained":["Reinforced Body"]},{"damage_healed":0,"gold_gain":0,"cards_transformed":["Strike_B","Strike_B"],"player_choice":"Became Test Subject","damage_taken":0,"max_hp_gain":0,"max_hp_loss":0,"event_name":"Drug Dealer","floor":23,"gold_loss":0,"cards_obtained":["Double Energy","Undo"]},{"damage_healed":0,"gold_gain":0,"player_choice":"Gave Idol","damage_taken":0,"relics_obtained":["Bloody Idol"],"max_hp_gain":0,"max_hp_loss":0,"event_name":"Forgotten Altar","floor":25,"relics_lost":["Golden Idol"],"gold_loss":0},{"damage_healed":0,"gold_gain":0,"player_choice":"Copied","damage_taken":0,"max_hp_gain":0,"max_hp_loss":0,"event_name":"Duplicator","floor":38,"gold_loss":0,"cards_obtained":["Genetic Algorithm"]},{"damage_healed":0,"gold_gain":0,"player_choice":"Got Potions","damage_taken":0,"max_hp_gain":0,"max_hp_loss":0,"event_name":"Lab","floor":47,"gold_loss":0}],"is_beta":true,"boss_relics":[{"not_picked":["Velvet Choker","Tiny House"],"picked":"SacredBark"},{"not_picked":["Coffee Dripper","Fusion Hammer"],"picked":"Snecko Eye"}],"items_purged_floors":[48],"is_endless":false,"potions_floor_spawned":[1,5,7,10,13,16,22,24,30,39,44],"ascension_level":15}}