{"host":"x5nedmcg1ruvdks4","time":1609065493,"event":{"mods":["AchievementEnabler","BaseMod","Block Reminder","DeckTracker","Minty Spire (QoL Compilation)","Permanent Neow"],"gold_per_floor":[115,115,135,149,169,169,196,196,220,245,245,257,257,257,257,257,257],"floor_reached":16,"playtime":741,"items_purged":[],"score":132,"play_id":"a32fc901-321e-431e-a746-e7f2670c250c","local_time":"20201227113813","is_ascension_mode":true,"campfire_choices":[{"data":"Rage","floor":6,"key":"SMITH"},{"data":"Pummel","floor":8,"key":"SMITH"},{"floor":13,"key":"REST"},{"data":"Sentinel","floor":15,"key":"SMITH"}],"circlet_count":0,"master_deck":["Strike_R","Strike_R","Defend_R","Defend_R","Defend_R","Defend_R","Bash","Rage+1","Reckless Charge","Pummel+1","Sentinel+1","Bloodletting","Parasite"],"relics":["Burning Blood","Toy Ornithopter","Centennial Puzzle","Akabeko"],"acts_visited":["Exordium"],"potions_floor_usage":[5,7,16],"damage_taken":[{"damage":4.0,"enemies":"Small Slimes","floor":1.0,"turns":4.0},{"damage":9.0,"enemies":"Cultist","floor":3.0,"turns":5.0},{"damage":4,"enemies":"2 Louse","floor":4,"turns":4},{"damage":5,"enemies":"Large Slime","floor":5,"turns":9},{"damage":13,"enemies":"Gremlin Nob","floor":7,"turns":4},{"damage":46,"enemies":"3 Sentries","floor":10,"turns":14},{"damage":6,"enemies":"Looter","floor":12,"turns":2},{"damage":61,"enemies":"The Guardian","floor":16,"turns":16}],"seed_played":"-1825158326526676936","potions_obtained":[{"floor":3.0,"key":"DuplicationPotion"},{"floor":4,"key":"SpeedPotion"},{"floor":12,"key":"DistilledChaos"}],"is_trial":false,"path_per_floor":["M","?","M","M","M","R","E","R","T","E","?","M","R","?","R","B"],"character_chosen":"IRONCLAD","items_purchased":[],"campfire_rested":1,"item_purchase_floors":[],"current_hp_per_floor":[58,58,55,57,58,58,51,51,51,11,11,11,35,55,55,0,0],"gold":257,"neow_bonus":"REMOVE_TWO","is_daily":false,"chose_seed":false,"campfire_upgraded":3,"win_rate":0.0,"timestamp":1609065493,"path_taken":["M","?","?","M","?","R","E","R","T","E","?","M","R","?","R","BOSS"],"items_purchased_type":[],"build_version":"2020-12-22","purchased_purges":0,"victory":false,"max_hp_per_floor":[80,80,80,80,80,80,80,80,80,80,80,80,80,80,80,80,80],"card_choices":[{"not_picked":["Cleave","Twin Strike","Clash"],"picked":"SKIP","floor":1.0},{"not_picked":["Clash","Armaments"],"picked":"Rage","floor":3.0},{"not_picked":["Shockwave","Clash","Disarm"],"picked":"SKIP","floor":4},{"not_picked":["Perfected Strike","True Grit"],"picked":"Reckless Charge","floor":5},{"not_picked":["Thunderclap","Perfected Strike"],"picked":"Pummel","floor":7},{"not_picked":["Clash","Combust"],"picked":"Sentinel","floor":10},{"not_picked":["Pommel Strike","Warcry"],"picked":"Bloodletting","floor":12}],"player_experience":79443,"relics_obtained":[{"floor":7,"key":"Toy Ornithopter"},{"floor":9,"key":"Centennial Puzzle"},{"floor":10,"key":"Akabeko"}],"event_choices":[{"cards_removed":["Strike_R"],"damage_healed":0.0,"max_hp_gain":0.0,"max_hp_loss":0.0,"gold_gain":0.0,"event_name":"Bonfire Elementals","player_choice":"Offered Basic","floor":2.0,"gold_loss":0.0,"damage_taken":0.0},{"damage_healed":0,"gold_gain":0,"player_choice":"Ignored","damage_taken":0,"max_hp_gain":0,"max_hp_loss":0,"event_name":"Golden Wing","floor":11,"gold_loss":0},{"damage_healed":20,"gold_gain":0,"player_choice":"Healed and dodged fight","damage_taken":0,"max_hp_gain":0,"max_hp_loss":0,"event_name":"Mushrooms","floor":14,"gold_loss":0,"cards_obtained":["Parasite"]}],"is_beta":false,"boss_relics":[],"items_purged_floors":[],"is_endless":false,"potions_floor_spawned":[3,4,12],"killed_by":"The Guardian","ascension_level":4}}