{"host":"ecuvtzmejf7hhjpv","time":1609108528,"event":{"mods":["AchievementEnabler","Act Like it!","Aspiration","BaseMod","Better Altar","Better Match","Better Note","Better Sensory Stone","Better Skull","Better Third Choice","BetterRewards","Conspire","Custom Start","Gensokyo","GifTheSpireLib","Hallownest","Hermit","Hubris","Kratos Character Expansion","Marisa????????","Minty Spire (QoL Compilation)","Prisma Mod","Replay The Spire","Spicy Shops","StSLib","The Animator","The Blackbeard","The Bug Knight","The Forsaken","The Hierophant","The Jungle","The Necromancer","The Poker Player","The Wild Card"],"gold_per_floor":[110,120,149,169,194,194,219,219,219,260,275,303,303,34,34,135,135,152,152,251,251,261,261,278,311,311,330,47,73,73,110,110,210,210,226,226,83,133,151,151,151],"floor_reached":40,"playtime":1834,"items_purged":["Regret"],"score":460,"play_id":"07607017-20ab-4d90-bf6c-2b161e57c4e0","local_time":"20201227163528","is_ascension_mode":true,"campfire_choices":[{"floor":6.0,"key":"REST"},{"floor":13.0,"key":"REST"},{"data":"animator:Berserker","floor":15,"key":"SMITH"},{"floor":23,"key":"REST"},{"data":"animator:JeanneDArc","floor":32,"key":"SMITH"}],"circlet_count":0,"master_deck":["animator:Strike_Fate","animator:Defend_Fate","animator:Strike","animator:Strike","animator:Strike","animator:Defend","animator:Defend","animator:Defend","animator:Alexander","animator:Rider","animator:Pride","animator:DwarfShaman","animator:SuzuneAmano","animator:Sloth","animator:Fredrika","animator:Yuuichirou","animator:Saber","animator:Berserker+1","animator:Archer","animator:Envy","animator:Caster","animator:Pride","animator:JeanneDArc+1","animator:SwordMaiden","animator:Berserker+1","animator:ElricAlphonse","animator:RinTohsaka","animator:Saber","animator:Lancer+1","Amnesia","animator:Elesis","animator:ElricAlphonse","animator:HiiragiShinya+1"],"relics":["animator:LivingPicture","animator:TheMissingPiece","hubris:PeanutButter","ReplayTheSpireMod:Shallot","Blood Vial","Sling","Question Card","Black Star","aspiration:Lifesprig","ReplayTheSpireMod:Lightbulb","animator:CursedGlyph","Ancient Tea Set","WingedGreaves","Gremlin Horn","Lee\u0027s Waffle","Tiny Chest","Sundial","Meat on the Bone","conspire:RoyalGoblet","Ring of Misfortune","aspiration:Nostalgia","Cracked Core","conspire:GiftBox"],"acts_visited":["Exordium","TheCity","TheBeyond"],"potions_floor_usage":[22,25,29,29,33,40],"damage_taken":[{"damage":13.0,"enemies":"Cultist","floor":1.0,"turns":6.0},{"damage":15.0,"enemies":"Jaw Worm","floor":2.0,"turns":6.0},{"damage":0.0,"enemies":"conspire:RoseBush","floor":3.0,"turns":4.0},{"damage":31.0,"enemies":"Exordium Wildlife","floor":4.0,"turns":7.0},{"damage":2.0,"enemies":"Blue Slaver","floor":5.0,"turns":4.0},{"damage":18.0,"enemies":"3 Sentries","floor":7.0,"turns":9.0},{"damage":5.0,"enemies":"Gremlin Nob","floor":10.0,"turns":5.0},{"damage":0.0,"enemies":"3 Louse","floor":11.0,"turns":3.0},{"damage":9.0,"enemies":"Exordium Thugs","floor":12.0,"turns":4.0},{"damage":3,"enemies":"Fading Forest","floor":16,"turns":11},{"damage":11,"enemies":"3 Byrds","floor":18,"turns":5},{"damage":0,"enemies":"Chosen","floor":22,"turns":5},{"damage":0,"enemies":"Snecko","floor":24,"turns":4},{"damage":10,"enemies":"HollowMod:Nosk","floor":25,"turns":8},{"damage":19,"enemies":"Sentry and Sphere","floor":27,"turns":10},{"damage":46,"enemies":"Slavers","floor":29,"turns":7},{"damage":0,"enemies":"Snake Plant","floor":31,"turns":4},{"damage":34,"enemies":"conspire:MysteriousRune","floor":33,"turns":12},{"damage":16,"enemies":"3 Shapes","floor":35,"turns":5},{"damage":0,"enemies":"Mind Bloom Boss Battle","floor":38,"turns":7},{"damage":42,"enemies":"3 Darklings","floor":39,"turns":8},{"damage":60,"enemies":"Giant Head","floor":40,"turns":7}],"seed_played":"1455153990928447041","potions_obtained":[{"floor":1.0,"key":"GamblersBrew"},{"floor":10.0,"key":"Explosive Potion"},{"floor":16,"key":"Explosive Potion"},{"floor":22,"key":"LiquidMemories"},{"floor":27,"key":"Dexterity Potion"},{"floor":31,"key":"Swift Potion"},{"floor":33,"key":"SpeedPotion"},{"floor":39,"key":"LiquidBronze"}],"is_trial":false,"path_per_floor":["M","M","M","M","M","R","E","?","T","E","M","M","R","$","R","B",null,"M","?","?","?","M","R","M","E","T","M","$","E","R","M","R","B",null,"M","?","$","?","M","E"],"character_chosen":"THE_ANIMATOR","items_purchased":["Sling","Question Card","Lee\u0027s Waffle","Tiny Chest","aspiration:Nostalgia"],"campfire_rested":3,"item_purchase_floors":[14,14,28,28,37],"current_hp_per_floor":[59,44,44,13,11,32,14,14,14,9,12,5,26,26,26,35,73,63,63,63,28,30,52,54,46,46,29,77,31,31,45,45,25,77,63,63,63,65,37,0,0],"gold":151,"neow_bonus":"TEN_PERCENT_HP_BONUS","is_daily":false,"chose_seed":false,"campfire_upgraded":2,"win_rate":0.0,"timestamp":1609108528,"path_taken":["M","?","M","M","M","R","E","?","T","E","M","M","R","$","R","BOSS","M","?","?","?","M","R","?","E","T","M","$","E","R","M","R","BOSS","M","?","$","?","M","E"],"items_purchased_type":["Relic","Relic","Relic","Relic","Relic"],"build_version":"2020-12-22","purchased_purges":1,"victory":false,"max_hp_per_floor":[72,72,72,72,72,72,72,72,72,72,73,73,73,73,73,73,73,74,74,74,74,74,74,70,70,70,70,77,77,77,77,77,77,77,79,79,79,79,79,79,79],"card_choices":[{"not_picked":["animator:Alexander","animator:Guy"],"picked":"animator:Pride","floor":1.0},{"not_picked":["animator:Ara","animator:Priestess"],"picked":"animator:DwarfShaman","floor":2.0},{"not_picked":["animator:ChaikaBohdan","animator:Mitsuba"],"picked":"animator:SuzuneAmano","floor":3.0},{"not_picked":["animator:MaesHughes","animator:Pride"],"picked":"animator:Sloth","floor":4.0},{"not_picked":["animator:GoblinSlayer","animator:Shinoa"],"picked":"animator:Fredrika","floor":5.0},{"not_picked":["animator:AcuraAkari","animator:RinTohsaka"],"picked":"animator:Yuuichirou","floor":7.0},{"not_picked":["animator:LizardPriest","animator:Aisha"],"picked":"animator:Saber","floor":10.0},{"not_picked":["animator:Lancer","animator:ShinjiMatou"],"picked":"animator:Berserker","floor":11.0},{"not_picked":["animator:Shinoa","animator:Ciel"],"picked":"animator:Archer","floor":12.0},{"not_picked":["animator:Eve","animator:HomuraAkemi","animator:GoblinSlayer"],"picked":"animator:Envy","floor":16},{"not_picked":["animator:Ciel","animator:Chung","animator:ShinjiMatou"],"picked":"animator:Caster","floor":18},{"not_picked":["animator:Elsword","animator:Scar","animator:Alexander"],"picked":"animator:Pride","floor":22},{"not_picked":["animator:Assassin","animator:Alexander","animator:EmiyaShirou"],"picked":"animator:JeanneDArc","floor":24},{"not_picked":["animator:Elsword+1","animator:GoblinSlayer","animator:OrikoMikuni+1"],"picked":"animator:SwordMaiden","floor":25},{"not_picked":["animator:LizardPriest","animator:Gillette","animator:Ain+1"],"picked":"animator:Berserker+1","floor":27},{"not_picked":["animator:Ara","animator:YuiTsuruno","animator:Priestess"],"picked":"animator:ElricAlphonse","floor":29},{"not_picked":["animator:Alexander","animator:Caster","animator:Berserker"],"picked":"animator:RinTohsaka","floor":31},{"not_picked":["animator:ChaikaTrabant","animator:AcuraShin","animator:FeridBathory"],"picked":"animator:Saber","floor":33},{"not_picked":["animator:Ara+1","animator:SuzuneAmano+1","animator:LizardPriest+1"],"picked":"animator:Lancer+1","floor":35},{"not_picked":["animator:HomuraAkemi","animator:SwordMaiden","animator:GoblinSlayer"],"picked":"animator:Elesis","floor":38},{"not_picked":["animator:Add","animator:Ciel+1","animator:KyokoSakura+1"],"picked":"animator:ElricAlphonse","floor":38},{"not_picked":["animator:Ara","animator:OrikoMikuni+1","animator:Viivi"],"picked":"animator:HiiragiShinya+1","floor":39}],"player_experience":908479,"relics_obtained":[{"floor":7.0,"key":"hubris:PeanutButter"},{"floor":9.0,"key":"ReplayTheSpireMod:Shallot"},{"floor":10.0,"key":"Blood Vial"},{"floor":24,"key":"animator:CursedGlyph"},{"floor":25,"key":"Ancient Tea Set"},{"floor":25,"key":"WingedGreaves"},{"floor":26,"key":"Gremlin Horn"},{"floor":29,"key":"Sundial"},{"floor":29,"key":"Meat on the Bone"},{"floor":36,"key":"Ring of Misfortune"},{"floor":38,"key":"conspire:GiftBox"}],"event_choices":[{"damage_healed":0,"gold_gain":0,"player_choice":"Ignored","damage_taken":0,"max_hp_gain":0,"max_hp_loss":0,"event_name":"betterNote:BetterNote","floor":19,"gold_loss":0,"cards_obtained":["Strike_G"]},{"damage_healed":0,"gold_gain":99,"player_choice":"Steal","damage_taken":0,"max_hp_gain":0,"max_hp_loss":0,"event_name":"betterThird:BetterNest","floor":20,"gold_loss":0},{"damage_healed":0,"gold_gain":0,"player_choice":"RE RE ","damage_taken":39,"relics_obtained":["aspiration:Lifesprig","ReplayTheSpireMod:Lightbulb"],"max_hp_gain":0,"max_hp_loss":0,"event_name":"betterSkull:BetterSkull","floor":21,"gold_loss":0,"cards_upgraded":[]},{"damage_healed":0,"gold_gain":0,"player_choice":"Fight","damage_taken":0,"max_hp_gain":0,"max_hp_loss":0,"event_name":"MindBloom","floor":38,"gold_loss":0}],"is_beta":false,"boss_relics":[{"not_picked":["Painkiller Herb","animator:VividPicture"],"picked":"Black Star"},{"not_picked":["hubris:ScarierMask","Replay:Bronze Core"],"picked":"conspire:RoyalGoblet"}],"items_purged_floors":[28],"is_endless":false,"potions_floor_spawned":[1,10,16,22,27,31,33,39],"killed_by":"Giant Head","ascension_level":1}}