{"host":"vtat3rddyckbno30","time":1609104080,"event":{"mods":["AchievementEnabler","BaseMod","BetterRewards","Colored Map","Downfall","Highlight Path","Minty Spire (QoL Compilation)","Replay The Spire","StSLib","everything is the same but u backflip on backflip"],"gold_per_floor":[116,14,14,14,14,44,44,69,92,107,107,124,151,166,166,166,166],"floor_reached":16,"playtime":954,"items_purged":[],"score":143,"play_id":"b0f3ede8-f72d-4d48-bc2a-cd54c0b780d4","local_time":"20201227222120","is_ascension_mode":false,"campfire_choices":[{"data":"Replay:Undeath\u0027s Touch","floor":7,"key":"SMITH"},{"data":"Armaments","floor":11,"key":"SMITH"},{"floor":15,"key":"REST"}],"circlet_count":0,"master_deck":["Strike_R","Strike_R","Strike_R","Strike_R","Strike_R","Defend_R","Defend_R","Defend_R","Defend_R","Bash","Flex+1","Replay:Undeath\u0027s Touch+1","Replay:Undeath\u0027s Touch+1","Rage","Armaments+1","Headbutt"],"relics":["Burning Blood","Membership Card","Oddly Smooth Stone","Letter Opener","Torii","Replay:Baseball","MealTicket","Replay:Bottled Snecko","Replay:Towering Pillar of Hats","ReplayTheSpireMod:Spearhead","King of Hearts"],"acts_visited":["Exordium"],"potions_floor_usage":[6,6,6,6,8,16],"damage_taken":[{"damage":1,"enemies":"Small Slimes","floor":1,"turns":4},{"damage":0,"enemies":"Gremlin Nob","floor":6,"turns":3},{"damage":45,"enemies":"3 Sentries","floor":8,"turns":12},{"damage":0,"enemies":"2 Louse","floor":10,"turns":2},{"damage":0,"enemies":"Cultist","floor":12,"turns":3},{"damage":7,"enemies":"Lagavulin","floor":13,"turns":5},{"damage":1,"enemies":"Large Slime","floor":14,"turns":4},{"damage":73,"enemies":"Fading Forest","floor":16,"turns":9}],"seed_played":"-1958326419888069658","potions_obtained":[{"floor":1,"key":"Elixir"},{"floor":4,"key":"Venom Potion"},{"floor":4,"key":"EntropicBrew"},{"floor":4,"key":"Flashbang"},{"floor":8,"key":"champ:CounterPotion"},{"floor":12,"key":"Dexterity Potion"}],"is_trial":false,"path_per_floor":["M","$","?","?","$","E","R","E","T","M","R","M","E","M","R","B"],"character_chosen":"IRONCLAD","items_purchased":["Membership Card","Oddly Smooth Stone","Letter Opener","Flex+1","Replay:Undeath\u0027s Touch","Torii","Replay:Baseball","Replay:Undeath\u0027s Touch","MealTicket","Armaments"],"campfire_rested":1,"item_purchase_floors":[0,0,0,0,0,0,0,0,2,2],"current_hp_per_floor":[49,49,49,49,64,70,70,31,31,37,37,43,42,47,71,0,0],"gold":166,"neow_bonus":"","is_daily":false,"chose_seed":false,"campfire_upgraded":2,"win_rate":0.0,"timestamp":1609104080,"path_taken":["M","$","?","?","$","E","R","E","T","M","R","?","E","M","R","BOSS"],"items_purchased_type":["Relic","Relic","Relic","Card","Card","Relic","Relic","Card","Relic","Card"],"build_version":"2020-12-22","purchased_purges":0,"victory":false,"max_hp_per_floor":[80,80,80,80,80,80,80,80,80,80,80,80,80,80,80,80,80],"card_choices":[{"not_picked":["Body Slam","Perfected Strike"],"picked":"Rage","floor":1},{"not_picked":["Body Slam","Abandon","Dropkick"],"picked":"SKIP","floor":6},{"not_picked":["Evolve","Clothesline","ReplayTheSpireMod:LeadingStrike"],"picked":"SKIP","floor":8},{"not_picked":["Flame Barrier","Clash","Warcry"],"picked":"SKIP","floor":10},{"not_picked":["True Grit","Wild Strike","Replay:Undeath\u0027s Touch"],"picked":"SKIP","floor":12},{"not_picked":["Corruption","Rage"],"picked":"Headbutt","floor":13},{"not_picked":["Metallicize","True Grit","Armaments"],"picked":"SKIP","floor":14}],"player_experience":532745,"relics_obtained":[{"floor":6,"key":"Replay:Bottled Snecko"},{"floor":8,"key":"Replay:Towering Pillar of Hats"},{"floor":9,"key":"ReplayTheSpireMod:Spearhead"},{"floor":13,"key":"King of Hearts"}],"event_choices":[{"damage_healed":0,"gold_gain":0,"player_choice":"Grow","damage_taken":0,"max_hp_gain":0,"max_hp_loss":0,"event_name":"Living Wall","floor":3,"gold_loss":0,"cards_upgraded":["Replay:Undeath\u0027s Touch"]},{"damage_healed":0,"gold_gain":0,"player_choice":"Got Potions","damage_taken":0,"max_hp_gain":0,"max_hp_loss":0,"event_name":"Lab","floor":4,"gold_loss":0}],"is_beta":false,"boss_relics":[],"items_purged_floors":[],"is_endless":false,"potions_floor_spawned":[1,8,12],"killed_by":"Fading Forest","ascension_level":0}}