{"host":"dcj2yvrgcvh5dl2s","time":1609038642,"event":{"mods":["BaseMod","Better Note","Block Reminder","Colored Powertips","DeckTracker","Minty Spire (QoL Compilation)","Quick Restart","Rare Cards Sparkle","Relic Stats","StSLib"],"gold_per_floor":[117,136,148,167,179,179,211,211,211,211,238,253,309,309,309,309,309],"floor_reached":16,"playtime":1066,"items_purged":[],"score":202,"play_id":"9f858b43-f82f-40c5-aaee-611a113e7cab","local_time":"20201227131042","is_ascension_mode":true,"campfire_choices":[{"data":"Whirlwind","floor":6,"key":"SMITH"},{"floor":8,"key":"REST"},{"data":"Searing Blow","floor":10,"key":"SMITH"},{"floor":15,"key":"REST"}],"circlet_count":0,"master_deck":["AscendersBane","Strike_R","Strike_R","Strike_R","Strike_R","Strike_R","Defend_R","Defend_R","Defend_R","Defend_R","Bash","Searing Blow+1","Burning Pact","Pommel Strike","Whirlwind+1","Exhume","Body Slam","Shrug It Off","Shrug It Off","Flex"],"relics":["Burning Blood","NeowsBlessing","PreservedInsect","Strawberry","Red Skull","InkBottle","Dream Catcher"],"acts_visited":["Exordium"],"potions_floor_usage":[12,13,13,16],"damage_taken":[{"damage":0,"enemies":"Small Slimes","floor":1,"turns":1},{"damage":0,"enemies":"Jaw Worm","floor":2,"turns":1},{"damage":0,"enemies":"Cultist","floor":3,"turns":1},{"damage":24,"enemies":"Blue Slaver","floor":4,"turns":4},{"damage":7,"enemies":"3 Louse","floor":5,"turns":4},{"damage":32,"enemies":"Gremlin Nob","floor":7,"turns":4},{"damage":10,"enemies":"3 Sentries","floor":11,"turns":3},{"damage":29,"enemies":"Exordium Thugs","floor":12,"turns":4},{"damage":29,"enemies":"Lagavulin Event","floor":13,"turns":4},{"damage":33,"enemies":"The Guardian","floor":16,"turns":6}],"seed_played":"-3962957357591535633","potions_obtained":[{"floor":3,"key":"SneckoOil"},{"floor":4,"key":"SkillPotion"},{"floor":5,"key":"LiquidMemories"},{"floor":12,"key":"DistilledChaos"},{"floor":13,"key":"LiquidBronze"}],"is_trial":false,"path_per_floor":["M","M","M","M","M","R","E","R","T","R","E","M","?","?","R","B"],"character_chosen":"IRONCLAD","items_purchased":[],"campfire_rested":2,"item_purchase_floors":[],"current_hp_per_floor":[74,75,75,57,56,56,30,52,59,59,55,32,9,9,33,0,0],"gold":309,"neow_bonus":"THREE_ENEMY_KILL","is_daily":false,"chose_seed":false,"campfire_upgraded":2,"win_rate":0.0,"timestamp":1609038642,"path_taken":["M","M","M","M","M","R","E","R","T","R","E","M","?","?","R","BOSS"],"items_purchased_type":[],"build_version":"2020-12-22","purchased_purges":0,"victory":false,"max_hp_per_floor":[75,75,75,75,75,75,75,75,82,82,82,82,82,82,82,82,82],"relic_stats":{"Dream Catcher":1,"counters":[10,32],"PreservedInsect":61,"obtain_stats":[{"Dream Catcher":14,"NeowsBlessing":0,"Strawberry":9,"PreservedInsect":7,"Burning Blood":0,"Red Skull":11,"InkBottle":13},{"Dream Catcher":9,"NeowsBlessing":0,"Strawberry":6,"PreservedInsect":6,"Burning Blood":0,"Red Skull":7,"InkBottle":9},{"Dream Catcher":26,"NeowsBlessing":0,"Strawberry":15,"PreservedInsect":15,"Burning Blood":0,"Red Skull":18,"InkBottle":26}],"Burning Blood":43,"InkBottle":[1]},"card_choices":[{"not_picked":["Armaments","Combust"],"picked":"Searing Blow","floor":1},{"not_picked":["Iron Wave","Twin Strike"],"picked":"Burning Pact","floor":2},{"not_picked":["Burning Pact","Wild Strike"],"picked":"Pommel Strike","floor":3},{"not_picked":["Rupture","Body Slam"],"picked":"Whirlwind","floor":4},{"not_picked":["Anger","Pommel Strike","Combust"],"picked":"SKIP","floor":5},{"not_picked":["Armaments","Feel No Pain"],"picked":"Exhume","floor":7},{"not_picked":["Headbutt","Spot Weakness"],"picked":"Body Slam","floor":11},{"not_picked":["Warcry","Whirlwind"],"picked":"Shrug It Off","floor":12},{"not_picked":["Anger","Feel No Pain"],"picked":"Shrug It Off","floor":13},{"not_picked":["Cleave","Second Wind"],"picked":"Flex","floor":15}],"player_experience":2046556,"relics_obtained":[{"floor":7,"key":"PreservedInsect"},{"floor":9,"key":"Strawberry"},{"floor":11,"key":"Red Skull"},{"floor":13,"key":"InkBottle"},{"floor":14,"key":"Dream Catcher"}],"event_choices":[{"damage_healed":0,"gold_gain":0,"player_choice":"Searched \u00271\u0027 times","damage_taken":0,"max_hp_gain":0,"max_hp_loss":0,"event_name":"Dead Adventurer","floor":13,"gold_loss":0},{"damage_healed":0,"gold_gain":0,"player_choice":"Relic","damage_taken":0,"max_hp_gain":0,"max_hp_loss":0,"event_name":"Wheel of Change","floor":14,"gold_loss":0}],"is_beta":false,"boss_relics":[],"items_purged_floors":[],"is_endless":false,"potions_floor_spawned":[3,4,5,12,13],"killed_by":"The Guardian","ascension_level":16}}