{"host":"xwa8eo9nbml0h97x","time":1609050016,"event":{"mods":["Aspiration","BaseMod","Colored Map","Colored Powertips","DeckTracker","Highlight Path","Hubris","Infinite Spire","Minty Spire (QoL Compilation)","Quick Restart","Random Character Button","Relic Sorter","Replay The Spire","StSLib","SuperFastMode","Synergy Search","The Cursed","The Disciple","The Jungle","The Runesmith"],"gold_per_floor":[19,33,33,11,28,28,68,68,122,136,161,184,208,223,223,351,414,427,427,441,459,484,484,484],"floor_reached":23,"playtime":1267,"items_purged":[],"score":199,"play_id":"55f00e64-83a7-489b-8440-6235f76b9a51","local_time":"20201227032016","is_ascension_mode":false,"campfire_choices":[{"data":"TheCursedMod:CursedBlade","floor":8,"key":"SMITH"},{"data":"TheCursedMod:HellfireBreathing","floor":15,"key":"SMITH"}],"circlet_count":0,"master_deck":["TheCursedMod:Strike_TheCursed","TheCursedMod:Strike_TheCursed","TheCursedMod:Strike_TheCursed+1","TheCursedMod:Strike_TheCursed","TheCursedMod:Defend_TheCursed","TheCursedMod:Defend_TheCursed","TheCursedMod:Defend_TheCursed","TheCursedMod:Defend_TheCursed","TheCursedMod:CursedWand","TheCursedMod:CleanUpWorkshop","TheCursedMod:Dregs","TheCursedMod:CollectTribute+1","TheCursedMod:CursedBlade+1","TheCursedMod:Torture","TheCursedMod:WearCloak","TheCursedMod:BlessingInDisguise","Injury","TheCursedMod:AshesToAshes","TheCursedMod:SpitefulStrike","TheCursedMod:WearCloak","TheCursedMod:HellfireBreathing+1","TheCursedMod:WearCloak","TheCursedMod:DemonSword","TheCursedMod:CircleOfFlame","TheCursedMod:SurpriseAttack","TheCursedMod:LuckyCharm","TheCursedMod:ManaBullet"],"relics":["TheCursedMod:BlackMagic101","Golden Idol","Gambling Chip","infinitespire:Lucky Rock","Tiny House"],"acts_visited":["Exordium","TheCity"],"potions_floor_usage":[16,16,16],"damage_taken":[{"damage":1,"enemies":"Cultist","floor":1,"turns":4},{"damage":0,"enemies":"Small Slimes","floor":2,"turns":2},{"damage":6,"enemies":"Jaw Worm","floor":5,"turns":3},{"damage":6,"enemies":"Replay:BlueRogue","floor":7,"turns":6},{"damage":0,"enemies":"Red Slaver","floor":10,"turns":4},{"damage":2,"enemies":"2 Fungi Beasts","floor":11,"turns":2},{"damage":3,"enemies":"Gremlin Gang","floor":12,"turns":4},{"damage":0,"enemies":"Exordium Wildlife","floor":13,"turns":3},{"damage":7,"enemies":"3 Louse","floor":14,"turns":2},{"damage":27,"enemies":"Slime Boss","floor":16,"turns":13},{"damage":22,"enemies":"Spheric Guardian","floor":18,"turns":6},{"damage":15,"enemies":"Shell Parasite","floor":20,"turns":6},{"damage":15,"enemies":"Snecko","floor":21,"turns":5},{"damage":17,"enemies":"Centurion and Healer","floor":22,"turns":8},{"damage":12,"enemies":"Book of Stabbing","floor":23,"turns":4}],"seed_played":"4670360105025332511","potions_obtained":[{"floor":1,"key":"SpeedPotion"},{"floor":2,"key":"LifebloodPotion"},{"floor":11,"key":"Ancient Potion"},{"floor":12,"key":"Regen Potion"},{"floor":17,"key":"AntidotePotion"},{"floor":21,"key":"Strength Potion"},{"floor":22,"key":"Ancient Potion"}],"is_trial":false,"path_per_floor":["M","M","?","$","M","?","E","R","T","M","M","M","M","M","R","B",null,"M","?","M","M","M","E"],"character_chosen":"THE_CURSED","items_purchased":["TheCursedMod:WearCloak"],"campfire_rested":0,"item_purchase_floors":[4],"current_hp_per_floor":[74,74,74,74,68,68,62,62,62,62,60,57,57,50,50,38,80,58,58,43,28,11,0,0],"gold":484,"neow_bonus":"THREE_RARE_CARDS","is_daily":false,"chose_seed":false,"campfire_upgraded":2,"win_rate":0.0,"timestamp":1609050016,"path_taken":["M","M","?","?","M","?","E","R","T","M","M","M","M","M","R","BOSS","M","?","?","M","M","E"],"items_purchased_type":["Card"],"build_version":"2020-12-22","purchased_purges":0,"victory":false,"max_hp_per_floor":[75,75,75,75,75,75,75,75,75,75,75,75,75,75,75,75,80,80,80,80,80,80,80,80],"card_choices":[{"not_picked":["TheCursedMod:NeowsMight","TheCursedMod:ForbiddenAlchemy"],"picked":"TheCursedMod:CollectTribute","floor":0},{"not_picked":["TheCursedMod:SurpriseAttack","TheCursedMod:CursedAmulet"],"picked":"TheCursedMod:CursedBlade","floor":1},{"not_picked":["TheCursedMod:CursedArmor","TheCursedMod:FleshFromBone"],"picked":"TheCursedMod:Torture","floor":2},{"not_picked":["TheCursedMod:CursedShiv","TheCursedMod:Obscuration"],"picked":"TheCursedMod:BlessingInDisguise","floor":5},{"not_picked":["TheCursedMod:Stretching","TheCursedMod:CollectTribute"],"picked":"TheCursedMod:AshesToAshes","floor":7},{"not_picked":["TheCursedMod:CircleOfAmplification","TheCursedMod:CursedShiv"],"picked":"TheCursedMod:SpitefulStrike","floor":10},{"not_picked":["TheCursedMod:SurpriseAttack","TheCursedMod:CursedAmulet"],"picked":"TheCursedMod:WearCloak","floor":11},{"not_picked":["TheCursedMod:CursedShiv","TheCursedMod:Wield"],"picked":"TheCursedMod:HellfireBreathing","floor":12},{"not_picked":["TheCursedMod:RavingStaff","TheCursedMod:SmokeScreen"],"picked":"TheCursedMod:WearCloak","floor":13},{"not_picked":["TheCursedMod:FleshFromBone","TheCursedMod:Mangle","TheCursedMod:DemonicPact"],"picked":"SKIP","floor":14},{"not_picked":["TheCursedMod:NeowsMight","TheCursedMod:ManaCirculation"],"picked":"TheCursedMod:DemonSword","floor":16},{"not_picked":["TheCursedMod:FleshFromBone","TheCursedMod:Obscuration"],"picked":"TheCursedMod:CircleOfFlame","floor":17},{"not_picked":["TheCursedMod:Stigma+1","TheCursedMod:CircleOfWindfury"],"picked":"TheCursedMod:SurpriseAttack","floor":18},{"not_picked":["TheCursedMod:FuryStrike","TheCursedMod:CursedBlade+1"],"picked":"TheCursedMod:LuckyCharm","floor":20},{"not_picked":["TheCursedMod:Stretching+1","TheCursedMod:LuckyCharm"],"picked":"TheCursedMod:ManaBullet","floor":21},{"not_picked":["TheCursedMod:HellfireBreathing","TheCursedMod:Wield","TheCursedMod:CollectTribute"],"picked":"SKIP","floor":22}],"player_experience":6367,"relics_obtained":[{"floor":7,"key":"Gambling Chip"},{"floor":9,"key":"infinitespire:Lucky Rock"}],"event_choices":[{"damage_healed":0,"gold_gain":0,"player_choice":"Upgraded","damage_taken":0,"max_hp_gain":0,"max_hp_loss":0,"event_name":"Upgrade Shrine","floor":3,"gold_loss":0,"cards_upgraded":["TheCursedMod:CollectTribute"]},{"damage_healed":0,"gold_gain":0,"player_choice":"Take Wound","damage_taken":0,"relics_obtained":["Golden Idol"],"max_hp_gain":0,"max_hp_loss":0,"event_name":"Golden Idol","floor":6,"gold_loss":0,"cards_obtained":["Injury"]},{"damage_healed":0,"gold_gain":0,"player_choice":"Bought 0 Potions","damage_taken":0,"max_hp_gain":0,"max_hp_loss":0,"event_name":"The Woman in Blue","floor":19,"gold_loss":0}],"is_beta":false,"boss_relics":[{"not_picked":["aspiration:PoetsPen_weak","TheCursedMod:BlackMagicAdvanced"],"picked":"Tiny House"}],"items_purged_floors":[],"is_endless":false,"potions_floor_spawned":[1,2,11,12,21,22],"killed_by":"Book of Stabbing","ascension_level":0}}