{"host":"ydujlihd8f5px9gp","time":1609096929,"event":{"mods":["AchievementEnabler","BaseMod","Block Reminder","Colored Map","Minty Spire (QoL Compilation)"],"gold_per_floor":[109,125,143,143,160,160,173,173,173,173,191,224,26,26,26,122,122,137,137,137,137,154,154,84,84,108,128,128,155,175,190,190,190,190],"floor_reached":33,"playtime":2197,"items_purged":[],"score":317,"play_id":"9a4ed489-2a41-422e-8667-e6b9329e3229","local_time":"20201227172209","is_ascension_mode":false,"campfire_choices":[{"data":"Fasting2","floor":6,"key":"SMITH"},{"data":"BattleHymn","floor":8,"key":"SMITH"},{"data":"Eruption","floor":10,"key":"SMITH"},{"data":"FollowUp","floor":15,"key":"SMITH"},{"data":"Vigilance","floor":23,"key":"SMITH"},{"data":"Conclude","floor":25,"key":"SMITH"},{"data":"Omniscience","floor":28,"key":"SMITH"},{"data":"EmptyFist","floor":32,"key":"SMITH"}],"circlet_count":0,"master_deck":["Strike_P","Strike_P","Strike_P","Strike_P","Defend_P","Defend_P","Defend_P","Defend_P","Eruption+1","Vigilance+1","FollowUp+1","Fasting2+1","Decay","BattleHymn+1","Halt","Crescendo+1","FollowUp+1","Omniscience+1","SandsOfTime","RitualDagger+1","WindmillStrike","Conclude+1","EmptyFist","Consecrate","EmptyFist+1"],"relics":["PureWater","Ornamental Fan","Kunai","Centennial Puzzle","SlaversCollar","Bag of Marbles","Meat on the Bone"],"acts_visited":["Exordium","TheCity"],"potions_floor_usage":[22,33,33],"damage_taken":[{"damage":2,"enemies":"2 Louse","floor":1,"turns":3},{"damage":0,"enemies":"Cultist","floor":2,"turns":2},{"damage":0,"enemies":"Small Slimes","floor":3,"turns":6},{"damage":9,"enemies":"2 Fungi Beasts","floor":5,"turns":5},{"damage":10,"enemies":"Red Slaver","floor":7,"turns":3},{"damage":11,"enemies":"Exordium Thugs","floor":11,"turns":4},{"damage":0,"enemies":"Lagavulin","floor":12,"turns":4},{"damage":2,"enemies":"Slime Boss","floor":16,"turns":6},{"damage":17,"enemies":"2 Thieves","floor":18,"turns":5},{"damage":2,"enemies":"Shell Parasite","floor":22,"turns":3},{"damage":0,"enemies":"Centurion and Healer","floor":27,"turns":5},{"damage":0,"enemies":"Gremlin Leader","floor":29,"turns":3},{"damage":8,"enemies":"Snake Plant","floor":30,"turns":4},{"damage":4,"enemies":"Cultist and Chosen","floor":31,"turns":4},{"damage":75,"enemies":"Champ","floor":33,"turns":6}],"seed_played":"-9186694769643482322","potions_obtained":[{"floor":1,"key":"Strength Potion"},{"floor":2,"key":"SpeedPotion"},{"floor":12,"key":"Weak Potion"},{"floor":22,"key":"SpeedPotion"},{"floor":29,"key":"FairyPotion"}],"is_trial":false,"path_per_floor":["M","M","M","?","M","R","M","R","T","R","M","E","$","?","R","B",null,"M","?","?","?","M","R","$","R","T","M","R","E","M","M","R","B"],"character_chosen":"WATCHER","items_purchased":["FollowUp","Centennial Puzzle","Conclude"],"campfire_rested":0,"item_purchase_floors":[13,13,24],"current_hp_per_floor":[77,77,77,77,68,68,58,58,58,58,47,47,47,31,31,29,79,62,62,56,56,54,54,54,54,54,54,54,54,46,42,42,0,0],"gold":190,"neow_bonus":"TEN_PERCENT_HP_BONUS","is_daily":false,"chose_seed":false,"campfire_upgraded":8,"win_rate":0.0,"timestamp":1609096929,"path_taken":["M","M","M","?","M","R","?","R","T","R","?","E","?","?","R","BOSS","M","?","?","?","M","R","$","R","T","?","R","E","M","M","R","BOSS"],"items_purchased_type":["Card","Relic","Card"],"build_version":"2020-12-22","purchased_purges":0,"victory":false,"max_hp_per_floor":[79,79,79,79,79,79,79,79,79,79,79,79,79,79,79,79,79,79,79,79,79,79,79,79,79,79,79,79,79,79,79,79,79,79],"card_choices":[{"not_picked":["SashWhip","EmptyFist"],"picked":"FollowUp","floor":1},{"not_picked":["Halt","Evaluate"],"picked":"Fasting2","floor":2},{"not_picked":["Nirvana","SignatureMove","ClearTheMind"],"picked":"SKIP","floor":3},{"not_picked":["Nirvana","FlyingSleeves"],"picked":"BattleHymn","floor":5},{"not_picked":["ReachHeaven","ClearTheMind"],"picked":"Halt","floor":7},{"not_picked":["Protect","Nirvana"],"picked":"Crescendo","floor":11},{"not_picked":["Protect","Crescendo","Evaluate"],"picked":"SKIP","floor":12},{"not_picked":["Scrawl","ConjureBlade"],"picked":"Omniscience","floor":16},{"not_picked":["SignatureMove","PathToVictory+1"],"picked":"SandsOfTime","floor":18},{"not_picked":["BattleHymn","Wallop"],"picked":"WindmillStrike","floor":22},{"not_picked":["FlyingSleeves","Consecrate"],"picked":"EmptyFist","floor":27},{"not_picked":["SashWhip","Meditate","InnerPeace+1"],"picked":"SKIP","floor":29},{"not_picked":["EmptyFist","CrushJoints"],"picked":"Consecrate","floor":30},{"not_picked":["CrushJoints","BowlingBash+1"],"picked":"EmptyFist","floor":31}],"player_experience":46004,"relics_obtained":[{"floor":9,"key":"Ornamental Fan"},{"floor":12,"key":"Kunai"},{"floor":26,"key":"Bag of Marbles"},{"floor":29,"key":"Meat on the Bone"}],"event_choices":[{"damage_healed":0,"gold_gain":0,"player_choice":"Cursed","damage_taken":0,"max_hp_gain":0,"max_hp_loss":0,"event_name":"Wheel of Change","floor":4,"gold_loss":0,"cards_obtained":["Decay"]},{"damage_healed":0,"gold_gain":0,"player_choice":"Entered Light","damage_taken":16,"max_hp_gain":0,"max_hp_loss":0,"event_name":"Shining Light","floor":14,"gold_loss":0,"cards_upgraded":["Crescendo","FollowUp"]},{"damage_healed":0,"gold_gain":0,"player_choice":"Ignored","damage_taken":0,"max_hp_gain":0,"max_hp_loss":0,"event_name":"Vampires","floor":19,"gold_loss":0},{"damage_healed":0,"gold_gain":0,"player_choice":"Joined the Cult","damage_taken":6,"max_hp_gain":0,"max_hp_loss":0,"event_name":"Nest","floor":20,"gold_loss":0,"cards_obtained":["RitualDagger"]},{"damage_healed":0,"gold_gain":0,"player_choice":"Upgraded","damage_taken":0,"max_hp_gain":0,"max_hp_loss":0,"event_name":"Upgrade Shrine","floor":21,"gold_loss":0,"cards_upgraded":["RitualDagger"]}],"is_beta":false,"boss_relics":[{"not_picked":["Philosopher\u0027s Stone","Empty Cage"],"picked":"SlaversCollar"}],"items_purged_floors":[],"is_endless":false,"potions_floor_spawned":[1,2,12,18,22,29],"killed_by":"Champ","ascension_level":0}}