{"host":"sav7uxregyirlf69","time":1609080398,"event":{"mods":["AchievementEnabler","BaseMod","Colored Map","DeckTracker","Keyboard Shortcuts","Minty Spire (QoL Compilation)","READ ME - Guardian Mod","StSLib","SuperFastMode"],"gold_per_floor":[118,133,37,37,37,37,48,48,97,97,130,130,130,145,145,223,223,236,81,116,169,69,69,69,69],"floor_reached":24,"playtime":406,"items_purged":["Strike_G","Decay"],"score":380,"play_id":"842a4200-99e7-47b6-953a-361678ecea4b","local_time":"20201227234638","is_ascension_mode":true,"campfire_choices":[{"data":"Choke","floor":6,"key":"SMITH"},{"data":"Flash of Steel","floor":8,"key":"SMITH"},{"data":"Neutralize","floor":10,"key":"SMITH"},{"floor":12,"key":"RECALL"},{"data":"Backflip","floor":15,"key":"SMITH"},{"data":"Well Laid Plans","floor":23,"key":"SMITH"}],"circlet_count":0,"master_deck":["AscendersBane","Strike_G","Strike_G","Strike_G","Defend_G","Defend_G","Defend_G","Defend_G","Defend_G","Survivor","Neutralize+1","Choke+1","Backflip+1","Flash of Steel+1","After Image","Acrobatics","Well Laid Plans+1","PiercingWail"],"relics":["Ring of the Snake","NeowsBlessing","Potion Belt","Snake Skull","Dead Branch","Cursed Key","Red Mask","MealTicket"],"acts_visited":["Exordium","TheCity"],"potions_floor_usage":[11,20,20,20],"damage_taken":[{"damage":0,"enemies":"Cultist","floor":1,"turns":1},{"damage":0,"enemies":"Small Slimes","floor":2,"turns":1},{"damage":0,"enemies":"2 Louse","floor":7,"turns":1},{"damage":12,"enemies":"Lagavulin","floor":11,"turns":7},{"damage":6,"enemies":"Exordium Thugs","floor":14,"turns":4},{"damage":15,"enemies":"The Guardian","floor":16,"turns":13},{"damage":4,"enemies":"Shell Parasite","floor":18,"turns":7},{"damage":35,"enemies":"Masked Bandits","floor":20,"turns":5},{"damage":32,"enemies":"Book of Stabbing","floor":24,"turns":5}],"seed_played":"7748425835783876157","potions_obtained":[{"floor":1,"key":"GhostInAJar"},{"floor":2,"key":"Poison Potion"},{"floor":11,"key":"ColorlessPotion"},{"floor":18,"key":"CultistPotion"}],"is_trial":false,"path_per_floor":["M","M","$","?","?","R","M","R","T","R","E","R","?","M","R","B",null,"M","$","?","T","$","R","E"],"character_chosen":"THE_SILENT","items_purchased":["Flash of Steel","Well Laid Plans"],"campfire_rested":0,"item_purchase_floors":[3,19],"current_hp_per_floor":[59,59,59,59,59,59,59,59,59,59,47,47,42,36,36,21,55,51,51,16,16,31,31,0,0],"gold":69,"neow_bonus":"THREE_ENEMY_KILL","is_daily":false,"chose_seed":false,"campfire_upgraded":5,"win_rate":0.0,"timestamp":1609080398,"path_taken":["M","M","$","?","?","R","M","R","T","R","E","R","?","M","R","BOSS","M","$","?","?","?","R","E"],"items_purchased_type":["Card","Card"],"build_version":"2020-12-22","purchased_purges":2,"victory":false,"max_hp_per_floor":[66,66,66,66,66,66,66,66,66,66,66,66,66,66,66,66,66,66,66,66,66,66,66,66,66],"card_choices":[{"not_picked":["Prepared","Dash"],"picked":"Choke","floor":1},{"not_picked":["Deadly Poison","PiercingWail"],"picked":"Backflip","floor":2},{"not_picked":["Concentrate","Poisoned Stab","Backflip"],"picked":"SKIP","floor":7},{"not_picked":["Backflip","Predator","Acrobatics"],"picked":"SKIP","floor":11},{"not_picked":["Underhanded Strike","Backflip","Wraith Form v2"],"picked":"SKIP","floor":14},{"not_picked":["A Thousand Cuts","Storm of Steel"],"picked":"After Image","floor":16},{"not_picked":["Poisoned Stab","Setup+1"],"picked":"Acrobatics","floor":18},{"not_picked":["Poisoned Stab","Sucker Punch"],"picked":"PiercingWail","floor":20}],"player_experience":1021740,"relics_obtained":[{"floor":9,"key":"Potion Belt"},{"floor":11,"key":"Snake Skull"},{"floor":20,"key":"Red Mask"},{"floor":21,"key":"MealTicket"}],"event_choices":[{"cards_removed":["Strike_G"],"damage_healed":0,"gold_gain":0,"player_choice":"Forget","damage_taken":0,"max_hp_gain":0,"max_hp_loss":0,"event_name":"Living Wall","floor":4,"gold_loss":0},{"damage_healed":0,"gold_gain":0,"player_choice":"Leave","damage_taken":0,"max_hp_gain":0,"max_hp_loss":0,"event_name":"The Cleric","floor":5,"gold_loss":0},{"damage_healed":0,"gold_gain":0,"player_choice":"Success","damage_taken":5,"relics_obtained":["Dead Branch"],"max_hp_gain":0,"max_hp_loss":0,"event_name":"Scrap Ooze","floor":13,"gold_loss":0},{"damage_healed":0,"gold_gain":0,"player_choice":"Fought Bandits","damage_taken":0,"max_hp_gain":0,"max_hp_loss":0,"event_name":"Masked Bandits","floor":20,"gold_loss":0}],"is_beta":false,"boss_relics":[{"not_picked":["Snecko Eye","Tiny House"],"picked":"Cursed Key"}],"items_purged_floors":[19,22],"is_endless":false,"potions_floor_spawned":[1,2,11,18],"killed_by":"Book of Stabbing","ascension_level":20}}