{"host":"rolltorest","time":1609107207,"event":{"mods":["BaseMod","Minty Spire (QoL Compilation)","StSLib"],"gold_per_floor":[19,36,186,186,203,231,231,231,231],"floor_reached":8,"playtime":254,"items_purged":[],"score":112,"play_id":"e692ce10-201c-4734-8bf2-be8b47c1e6eb","local_time":"20201227141327","is_ascension_mode":true,"campfire_choices":[{"floor":7,"key":"REST"}],"circlet_count":0,"master_deck":["AscendersBane","Strike_G","Strike_G","Strike_G","Strike_G","Strike_G","Defend_G","Defend_G","Defend_G","Defend_G","Defend_G","Survivor","Neutralize","Die Die Die","Dagger Throw","Predator","Doubt","Decay"],"relics":["Ring of the Snake","Darkstone Periapt"],"acts_visited":["Exordium"],"potions_floor_usage":[6],"damage_taken":[{"damage":0,"enemies":"Small Slimes","floor":1,"turns":4},{"damage":0,"enemies":"Cultist","floor":2,"turns":3},{"damage":5,"enemies":"2 Louse","floor":5,"turns":2},{"damage":34,"enemies":"3 Sentries","floor":6,"turns":13},{"damage":30,"enemies":"Gremlin Nob","floor":8,"turns":4}],"seed_played":"-5362692738447037139","potions_obtained":[{"floor":1,"key":"Block Potion"}],"is_trial":false,"path_per_floor":["M","M","?","?","M","E","R","E"],"character_chosen":"THE_SILENT","items_purchased":[],"campfire_rested":1,"item_purchase_floors":[],"current_hp_per_floor":[59,59,59,59,54,20,39,9,9],"gold":231,"neow_bonus":"THREE_RARE_CARDS","is_daily":false,"chose_seed":false,"campfire_upgraded":0,"win_rate":0.0,"timestamp":1609107207,"path_taken":["M","M","?","?","?","E","R","E"],"items_purchased_type":[],"build_version":"2020-12-18","purchased_purges":0,"victory":false,"max_hp_per_floor":[66,66,66,66,66,66,66,66,66],"card_choices":[{"not_picked":["Grand Finale","Wraith Form v2"],"picked":"Die Die Die","floor":0},{"not_picked":["Blur","Bane"],"picked":"Dagger Throw","floor":1},{"not_picked":["Concentrate","Dagger Throw"],"picked":"Predator","floor":2},{"not_picked":["Predator","Deflect","Flying Knee"],"picked":"SKIP","floor":5},{"not_picked":["Bullet Time","Slice","Underhanded Strike"],"picked":"SKIP","floor":6}],"player_experience":1710815,"relics_obtained":[{"floor":6,"key":"Darkstone Periapt"}],"event_choices":[{"damage_healed":0,"gold_gain":150,"player_choice":"AGREE","damage_taken":0,"max_hp_gain":0,"max_hp_loss":0,"event_name":"Liars Game","floor":3,"gold_loss":0,"cards_obtained":["Doubt"]},{"damage_healed":0,"gold_gain":0,"player_choice":"Cursed","damage_taken":0,"max_hp_gain":0,"max_hp_loss":0,"event_name":"Wheel of Change","floor":4,"gold_loss":0,"cards_obtained":["Decay"]}],"is_beta":true,"boss_relics":[],"items_purged_floors":[],"is_endless":false,"potions_floor_spawned":[1],"killed_by":"Gremlin Nob","ascension_level":20}}