{"host":"1ltt377nc7aury4n","time":1609056467,"event":{"mods":["AchievementEnabler","BaseMod","Best Route Mod","Colored Powertips","Minty Spire (QoL Compilation)","StSLib"],"gold_per_floor":[109,34,34,34,45,77,77,109,132,166,166,196,215,63,63,160,160,160,160],"floor_reached":18,"playtime":5622,"items_purged":["Strike_R","Regret"],"score":243,"play_id":"3c74bf69-6c3d-42e5-a78a-3b2b263b4b0e","local_time":"20201227030747","is_ascension_mode":true,"campfire_choices":[{"data":"Armaments","floor":7.0,"key":"SMITH"},{"floor":15.0,"key":"REST"}],"circlet_count":0,"master_deck":["Strike_R+1","Strike_R","Strike_R+1","Strike_R","Defend_R","Defend_R","Defend_R","Defend_R","Bash","Armaments+1","Iron Wave","Metallicize","Seeing Red","Metallicize","Flame Barrier","Pummel","Thunderclap","Shrug It Off","Impervious"],"relics":["Burning Blood","NeowsBlessing","Red Skull","Ancient Tea Set","Torii","Vajra","Happy Flower","Lantern","Prayer Wheel","Snecko Eye"],"acts_visited":["Exordium","TheCity"],"potions_floor_usage":[18],"damage_taken":[{"damage":0.0,"enemies":"2 Louse","floor":1.0,"turns":1.0},{"damage":0.0,"enemies":"Jaw Worm","floor":5.0,"turns":1.0},{"damage":0.0,"enemies":"Gremlin Nob","floor":6.0,"turns":1.0},{"damage":27.0,"enemies":"3 Sentries","floor":8.0,"turns":9.0},{"damage":24.0,"enemies":"Gremlin Nob","floor":10.0,"turns":5.0},{"damage":4.0,"enemies":"Lagavulin","floor":12.0,"turns":5.0},{"damage":3.0,"enemies":"Cultist","floor":13.0,"turns":4.0},{"damage":47.0,"enemies":"Slime Boss","floor":16.0,"turns":16.0},{"damage":82,"enemies":"Shell Parasite","floor":18,"turns":15}],"seed_played":"5422422596072915437","potions_obtained":[{"floor":6.0,"key":"ColorlessPotion"},{"floor":8.0,"key":"Energy Potion"},{"floor":10.0,"key":"DuplicationPotion"},{"floor":16.0,"key":"SkillPotion"}],"is_trial":false,"path_per_floor":["M","$","?","?","M","E","R","E","T","E","?","E","M","$","R","B",null,"M"],"character_chosen":"IRONCLAD","items_purchased":["Shrug It Off"],"campfire_rested":1,"item_purchase_floors":[14],"current_hp_per_floor":[80,80,80,64,70,76,76,55,55,37,34,36,39,39,63,22,80,0,0],"gold":160,"neow_bonus":"THREE_ENEMY_KILL","is_daily":false,"chose_seed":false,"campfire_upgraded":1,"win_rate":0.0,"timestamp":1609056467,"path_taken":["M","$","?","?","M","E","R","E","T","E","?","E","?","?","R","BOSS","M"],"items_purchased_type":["Card"],"build_version":"2020-12-22","purchased_purges":2,"victory":false,"max_hp_per_floor":[80,80,80,80,80,80,80,80,80,80,80,80,80,80,80,80,80,80,80],"card_choices":[{"not_picked":["Flex","Feel No Pain"],"picked":"Armaments","floor":1.0},{"not_picked":["Evolve","Flex"],"picked":"Iron Wave","floor":5.0},{"not_picked":["Uppercut","Rupture"],"picked":"Metallicize","floor":6.0},{"not_picked":["Bloodletting","Hemokinesis"],"picked":"Seeing Red","floor":8.0},{"not_picked":["Perfected Strike","Feel No Pain"],"picked":"Metallicize","floor":10.0},{"not_picked":["Fire Breathing","Hemokinesis"],"picked":"Flame Barrier","floor":12.0},{"not_picked":["Blood for Blood","Spot Weakness"],"picked":"Pummel","floor":13.0},{"not_picked":["Iron Wave","Hemokinesis"],"picked":"Thunderclap","floor":13.0},{"not_picked":["Double Tap","Offering"],"picked":"Impervious","floor":16.0}],"player_experience":239367,"relics_obtained":[{"floor":6.0,"key":"Ancient Tea Set"},{"floor":8.0,"key":"Torii"},{"floor":9.0,"key":"Vajra"},{"floor":10.0,"key":"Happy Flower"},{"floor":12.0,"key":"Prayer Wheel"}],"event_choices":[{"damage_healed":0.0,"max_hp_gain":0.0,"max_hp_loss":0.0,"gold_gain":0.0,"event_name":"Big Fish","player_choice":"Box","floor":3.0,"gold_loss":0.0,"damage_taken":0.0,"relics_obtained":["Red Skull"],"cards_obtained":["Regret"]},{"damage_healed":0.0,"max_hp_gain":0.0,"max_hp_loss":0.0,"gold_gain":0.0,"event_name":"Shining Light","player_choice":"Entered Light","floor":4.0,"gold_loss":0.0,"damage_taken":16.0,"cards_upgraded":["Strike_R","Strike_R"]},{"damage_healed":0.0,"max_hp_gain":0.0,"max_hp_loss":0.0,"gold_gain":0.0,"event_name":"Scrap Ooze","player_choice":"Success","floor":11.0,"gold_loss":0.0,"damage_taken":3.0,"relics_obtained":["Lantern"]}],"is_beta":false,"boss_relics":[{"not_picked":["Mark of Pain","Astrolabe"],"picked":"Snecko Eye"}],"items_purged_floors":[2,14],"is_endless":false,"potions_floor_spawned":[6,8,10,16],"killed_by":"Shell Parasite","ascension_level":3}}