{"host":"vydapxfau6612551","time":1609065091,"event":{"mods":["AchievementEnabler","BaseMod","Minty Spire (QoL Compilation)","StSLib","SuperFastMode"],"gold_per_floor":[110,125,145,162,177,177,212,222,245,256,282,294,14,38,38,142,142,156,174,188,188,188],"floor_reached":21,"playtime":808,"items_purged":[],"score":416,"play_id":"e65c9d68-0f01-43ba-8647-75a8847b7534","local_time":"20201227193131","is_ascension_mode":true,"campfire_choices":[{"data":"Perfected Strike","floor":6.0,"key":"SMITH"},{"data":"Rupture","floor":15.0,"key":"SMITH"}],"circlet_count":0,"master_deck":["Strike_R","Strike_R","Strike_R","Strike_R","Strike_R","Defend_R+1","Defend_R+1","Defend_R","Defend_R","Bash","Perfected Strike+1","Twin Strike","Rupture+1","Clothesline","Disarm","Combust","Pommel Strike","Brutality","Pommel Strike","Mayhem","Sword Boomerang","Limit Break","Perfected Strike+1","Shrug It Off"],"relics":["Black Blood","Oddly Smooth Stone","PreservedInsect","The Courier","War Paint"],"acts_visited":["Exordium","TheCity"],"potions_floor_usage":[20,21],"damage_taken":[{"damage":0.0,"enemies":"Cultist","floor":1.0,"turns":3.0},{"damage":0.0,"enemies":"Small Slimes","floor":2.0,"turns":2.0},{"damage":2.0,"enemies":"2 Louse","floor":3.0,"turns":3.0},{"damage":0.0,"enemies":"Exordium Wildlife","floor":4.0,"turns":3.0},{"damage":16.0,"enemies":"Blue Slaver","floor":5.0,"turns":4.0},{"damage":6.0,"enemies":"Gremlin Nob","floor":7.0,"turns":3.0},{"damage":19.0,"enemies":"Large Slime","floor":8.0,"turns":6.0},{"damage":13.0,"enemies":"3 Louse","floor":10.0,"turns":4.0},{"damage":12.0,"enemies":"3 Sentries","floor":11.0,"turns":3.0},{"damage":25.0,"enemies":"Gremlin Gang","floor":12.0,"turns":5.0},{"damage":35.0,"enemies":"The Guardian","floor":16.0,"turns":7.0},{"damage":36.0,"enemies":"2 Thieves","floor":18.0,"turns":4.0},{"damage":23.0,"enemies":"Chosen","floor":19.0,"turns":5.0},{"damage":17,"enemies":"Snake Plant","floor":20,"turns":3},{"damage":1,"enemies":"Masked Bandits","floor":21,"turns":2}],"seed_played":"710039402894868512","potions_obtained":[{"floor":1.0,"key":"EntropicBrew"},{"floor":3.0,"key":"SkillPotion"},{"floor":5.0,"key":"Regen Potion"},{"floor":11.0,"key":"BloodPotion"},{"floor":16.0,"key":"SteroidPotion"},{"floor":18.0,"key":"FearPotion"}],"is_trial":false,"path_per_floor":["M","M","M","M","M","R","E","M","T","M","E","M","$","T","R","B",null,"M","M","M","?"],"character_chosen":"IRONCLAD","items_purchased":["Mayhem","Sword Boomerang","Limit Break"],"campfire_rested":0,"item_purchase_floors":[13,13,13],"current_hp_per_floor":[78,80,80,80,70,70,70,57,57,50,53,34,34,34,34,21,65,41,30,25,24,24],"gold":188,"neow_bonus":"RANDOM_COMMON_RELIC","is_daily":false,"chose_seed":false,"campfire_upgraded":2,"win_rate":0.0,"timestamp":1609065091,"path_taken":["M","M","M","M","M","R","E","?","T","M","E","M","$","?","R","BOSS","M","M","M","?"],"items_purchased_type":["Card","Card","Card"],"build_version":"2020-12-22","purchased_purges":0,"victory":false,"max_hp_per_floor":[80,80,80,80,80,80,80,80,80,80,80,80,80,80,80,80,80,80,80,80,80,80],"card_choices":[{"not_picked":["Seeing Red","Anger"],"picked":"Perfected Strike","floor":1.0},{"not_picked":["Heavy Blade","Headbutt"],"picked":"Twin Strike","floor":2.0},{"not_picked":["Iron Wave","Clash","Rampage"],"picked":"SKIP","floor":3.0},{"not_picked":["Body Slam","Fire Breathing"],"picked":"Rupture","floor":4.0},{"not_picked":["Second Wind","Flex"],"picked":"Clothesline","floor":5.0},{"not_picked":["Second Wind","Cleave"],"picked":"Disarm","floor":7.0},{"not_picked":["Cleave","Uppercut"],"picked":"Combust","floor":8.0},{"not_picked":["Flex","Fire Breathing"],"picked":"Pommel Strike","floor":10.0},{"not_picked":["Clothesline","Spot Weakness"],"picked":"Brutality","floor":11.0},{"not_picked":["Seeing Red","Havoc"],"picked":"Pommel Strike","floor":12.0},{"not_picked":["Anger","True Grit","Searing Blow"],"picked":"SKIP","floor":18.0},{"not_picked":["Bloodletting","Evolve+1"],"picked":"Perfected Strike+1","floor":19.0},{"not_picked":["Dropkick","Rampage"],"picked":"Shrug It Off","floor":20}],"player_experience":393379,"relics_obtained":[{"floor":7.0,"key":"PreservedInsect"},{"floor":11.0,"key":"The Courier"},{"floor":14.0,"key":"War Paint"}],"event_choices":[{"damage_healed":0,"gold_gain":0,"player_choice":"Fought Bandits","damage_taken":0,"max_hp_gain":0,"max_hp_loss":0,"event_name":"Masked Bandits","floor":21,"gold_loss":0}],"is_beta":false,"boss_relics":[{"not_picked":["Fusion Hammer","Runic Cube"],"picked":"Black Blood"}],"items_purged_floors":[],"is_endless":false,"potions_floor_spawned":[1,3,5,11,16,18],"killed_by":"Masked Bandits","ascension_level":8}}