{"host":"67b023zx83deun0a","time":1609035713,"event":{"mods":["BaseMod","Minty Spire (QoL Compilation)","Relic Stats","StSLib"],"gold_per_floor":[119,138,138,238,252,280,292,338,350,362,384,431,443,474,486,572,584,611,623,550,12,12,38,38,369,369,398,398,14,30,42,42,117,117,135,146,158,168,180,180,213,213,213,239,264,283,312,6,6,6,6,6,6,41,41,41],"floor_reached":55,"playtime":4856,"items_purged":["Grand Finale","Blade Dance","Writhe"],"score":1636,"play_id":"fb371131-15f1-4928-a28c-650dc8176bd2","local_time":"20201226182153","is_ascension_mode":true,"campfire_choices":[{"data":"Prepared","floor":7.0,"key":"SMITH"},{"data":"Glass Knife","floor":10.0,"key":"SMITH"},{"data":"Catalyst","floor":13.0,"key":"SMITH"},{"data":"Catalyst","floor":15.0,"key":"SMITH"},{"data":"RitualDagger","floor":28.0,"key":"SMITH"},{"data":"Well Laid Plans","floor":32.0,"key":"SMITH"},{"floor":40.0,"key":"REST"},{"floor":49.0,"key":"RECALL"},{"data":"Wraith Form v2","floor":52,"key":"SMITH"}],"circlet_count":0,"master_deck":["AscendersBane","Survivor","Neutralize+1","Glass Knife+1","Dash","Dash+1","Deadly Poison","Reflex","Dash","Catalyst+1","Prepared+1","Catalyst+1","Acrobatics","Burst+1","Prepared+1","Night Terror+1","Poisoned Stab","RitualDagger+1","Cloak And Dagger+1","Crippling Poison+1","Noxious Fumes","Well Laid Plans+1","Backflip+1","Dagger Throw+1","Secret Technique+1","Poisoned Stab","Malaise+1","Corpse Explosion+1","Acrobatics+1","Footwork","Dodge and Roll+1","Calculated Gamble+1","Normality","Wraith Form v2+1","PiercingWail+1"],"relics":["Pandora\u0027s Box","MawBank","StoneCalendar","Toxic Egg 2","Whetstone","Cursed Key","PreservedInsect","TwistedFunnel","Nunchaku","Peace Pipe","Old Coin","Smiling Mask","Du-Vu Doll","Sling","HoveringKite","Tingsha","Pen Nib","Incense Burner","Letter Opener","Pantograph","Snake Skull"],"acts_visited":["TheEnding"],"potions_floor_usage":[],"damage_taken":[{"damage":0.0,"enemies":"Small Slimes","floor":1.0,"turns":3.0},{"damage":0.0,"enemies":"Cultist","floor":2.0,"turns":3.0},{"damage":2.0,"enemies":"Jaw Worm","floor":5.0,"turns":4.0},{"damage":12.0,"enemies":"3 Sentries","floor":6.0,"turns":6.0},{"damage":10.0,"enemies":"Lagavulin","floor":8.0,"turns":3.0},{"damage":1.0,"enemies":"Looter","floor":11.0,"turns":3.0},{"damage":0.0,"enemies":"Gremlin Nob","floor":12.0,"turns":4.0},{"damage":0.0,"enemies":"3 Louse","floor":14.0,"turns":2.0},{"damage":4.0,"enemies":"Hexaghost","floor":16.0,"turns":6.0},{"damage":6.0,"enemies":"2 Thieves","floor":18.0,"turns":3.0},{"damage":7.0,"enemies":"Slavers","floor":23.0,"turns":4.0},{"damage":2.0,"enemies":"Book of Stabbing","floor":25.0,"turns":3.0},{"damage":10.0,"enemies":"Slavers","floor":27.0,"turns":3.0},{"damage":0.0,"enemies":"Spheric Guardian","floor":30.0,"turns":3.0},{"damage":0.0,"enemies":"Centurion and Healer","floor":31.0,"turns":3.0},{"damage":0.0,"enemies":"Collector","floor":33.0,"turns":2.0},{"damage":0.0,"enemies":"3 Shapes","floor":35.0,"turns":3.0},{"damage":1.0,"enemies":"3 Darklings","floor":36.0,"turns":2.0},{"damage":21.0,"enemies":"Jaw Worm Horde","floor":37.0,"turns":4.0},{"damage":16.0,"enemies":"Spire Growth","floor":38.0,"turns":4.0},{"damage":0.0,"enemies":"Sphere and 2 Shapes","floor":39.0,"turns":3.0},{"damage":5.0,"enemies":"Reptomancer","floor":41.0,"turns":4.0},{"damage":0.0,"enemies":"Giant Head","floor":44.0,"turns":3.0},{"damage":6.0,"enemies":"Mind Bloom Boss Battle","floor":45.0,"turns":5.0},{"damage":18.0,"enemies":"Transient","floor":46.0,"turns":5.0},{"damage":11.0,"enemies":"Reptomancer","floor":47.0,"turns":3.0},{"damage":19.0,"enemies":"Awakened One","floor":50.0,"turns":8.0},{"damage":0,"enemies":"Shield and Spear","floor":54,"turns":3},{"damage":75,"enemies":"The Heart","floor":55,"turns":3}],"seed_played":"-1311142175695807164","potions_obtained":[{"floor":5.0,"key":"Poison Potion"},{"floor":6.0,"key":"Swift Potion"},{"floor":14.0,"key":"DuplicationPotion"},{"floor":16.0,"key":"Strength Potion"},{"floor":23.0,"key":"Poison Potion"},{"floor":33.0,"key":"Poison Potion"},{"floor":44.0,"key":"FairyPotion"},{"floor":46.0,"key":"Explosive Potion"}],"is_trial":false,"path_per_floor":["M","M","?","?","M","E","R","E","T","R","M","E","R","M","R","B",null,"M","?","?","$","?","E","?","E","T","E","R","$","M","M","R","B",null,"M","M","M","M","M","R","E","?","T","E","?","M","E","$","R","B",null,"R","$","E","B"],"character_chosen":"THE_SILENT","items_purchased":["TwistedFunnel","Cloak And Dagger+1","Crippling Poison+1","Noxious Fumes","Nunchaku","Secret Technique+1","Sling","Pantograph"],"campfire_rested":1,"item_purchase_floors":[21,21,21,21,21,29,29,48],"current_hp_per_floor":[59,59,52,52,50,38,38,28,28,28,27,27,27,27,27,23,55,49,43,43,43,43,36,36,34,34,24,24,24,24,24,24,24,56,56,55,34,18,18,37,32,32,32,32,26,8,19,19,19,25,56,56,56,56,0,0],"gold":41,"neow_bonus":"BOSS_RELIC","is_daily":false,"chose_seed":false,"campfire_upgraded":7,"win_rate":0.0,"timestamp":1609035713,"path_taken":["M","M","?","?","M","E","R","E","T","R","?","E","R","M","R","BOSS","M","?","?","$","?","E","?","E","T","E","R","$","M","M","R","BOSS","M","M","M","M","M","R","E","?","T","E","?","M","E","$","R","BOSS","R","$","E","BOSS"],"items_purchased_type":["Relic","Card","Card","Card","Relic","Card","Relic","Relic"],"build_version":"2020-12-22","purchased_purges":3,"victory":false,"max_hp_per_floor":[66,66,66,66,66,66,66,66,66,66,66,66,66,66,66,66,66,66,66,66,66,66,66,66,66,66,66,66,66,66,66,66,66,66,66,66,66,66,66,66,66,66,66,66,66,66,66,66,66,66,66,66,66,66,66,66],"relic_stats":{"counters":[2,6],"HoveringKite":[4],"StoneCalendar":[0],"Tingsha":[30],"PreservedInsect":77,"Pen Nib":[1],"Snake Skull":[6],"Whetstone":[],"Letter Opener":[25],"MawBank":0,"Cursed Key":0,"Smiling Mask":0,"Peace Pipe":0,"Nunchaku":[1],"Pantograph":10,"Pandora\u0027s Box":[],"obtain_stats":[{"TwistedFunnel":0,"HoveringKite":0,"StoneCalendar":0,"Tingsha":0,"PreservedInsect":0,"Pen Nib":0,"Snake Skull":54,"Incense Burner":0,"Whetstone":0,"Letter Opener":0,"MawBank":0,"Cursed Key":0,"Smiling Mask":0,"Sling":0,"Old Coin":0,"Peace Pipe":0,"Du-Vu Doll":0,"Nunchaku":0,"Pantograph":0,"Pandora\u0027s Box":0,"Toxic Egg 2":0},{"TwistedFunnel":0,"HoveringKite":0,"StoneCalendar":0,"Tingsha":0,"PreservedInsect":0,"Pen Nib":0,"Snake Skull":1,"Incense Burner":0,"Whetstone":0,"Letter Opener":0,"MawBank":0,"Cursed Key":0,"Smiling Mask":0,"Sling":0,"Old Coin":0,"Peace Pipe":0,"Du-Vu Doll":0,"Nunchaku":0,"Pantograph":0,"Pandora\u0027s Box":0,"Toxic Egg 2":0},{"TwistedFunnel":0,"HoveringKite":0,"StoneCalendar":0,"Tingsha":0,"PreservedInsect":0,"Pen Nib":0,"Snake Skull":3,"Incense Burner":0,"Whetstone":0,"Letter Opener":0,"MawBank":0,"Cursed Key":0,"Smiling Mask":0,"Sling":0,"Old Coin":0,"Peace Pipe":0,"Du-Vu Doll":0,"Nunchaku":0,"Pantograph":0,"Pandora\u0027s Box":0,"Toxic Egg 2":0}]},"card_choices":[{"not_picked":["Sucker Punch","Concentrate"],"picked":"Catalyst","floor":1.0},{"not_picked":["Outmaneuver","Quick Slash"],"picked":"Prepared","floor":2.0},{"not_picked":["Prepared","Outmaneuver"],"picked":"Catalyst","floor":5.0},{"not_picked":["Riddle With Holes","Setup"],"picked":"Blade Dance","floor":6.0},{"not_picked":["Blade Dance","Cloak And Dagger"],"picked":"Acrobatics","floor":8.0},{"not_picked":["Dagger Spray","Underhanded Strike","Eviscerate"],"picked":"SKIP","floor":11.0},{"not_picked":["Underhanded Strike","Catalyst+1"],"picked":"Burst+1","floor":12.0},{"not_picked":["Dagger Throw","Acrobatics+1"],"picked":"Prepared+1","floor":14.0},{"not_picked":["Tools of the Trade","Venomology+1"],"picked":"Night Terror+1","floor":16.0},{"not_picked":["Terror+1","Quick Slash"],"picked":"Poisoned Stab","floor":18.0},{"not_picked":["Choke","Acrobatics+1"],"picked":"Well Laid Plans","floor":23.0},{"not_picked":["Terror+1","Blade Dance+1"],"picked":"Backflip+1","floor":25.0},{"not_picked":["Quick Slash","Doppelganger+1"],"picked":"Dagger Throw+1","floor":27.0},{"not_picked":["Dagger Throw","Dagger Spray"],"picked":"Poisoned Stab","floor":30.0},{"not_picked":["All Out Attack+1","Backflip+1"],"picked":"Malaise+1","floor":31.0},{"not_picked":["Unload","Glass Knife"],"picked":"Corpse Explosion+1","floor":33.0},{"not_picked":["Outmaneuver+1","Crippling Poison+1"],"picked":"Acrobatics+1","floor":35.0},{"not_picked":["Prepared+1","Outmaneuver+1"],"picked":"Footwork","floor":36.0},{"not_picked":["Riddle With Holes","Noxious Fumes"],"picked":"Dodge and Roll+1","floor":37.0},{"not_picked":["Poisoned Stab","Prepared+1","Slice+1"],"picked":"SKIP","floor":38.0},{"not_picked":["Expertise+1","Blade Dance+1","Masterful Stab+1"],"picked":"SKIP","floor":39.0},{"not_picked":["Finisher","Backstab"],"picked":"Calculated Gamble+1","floor":41.0},{"not_picked":["Sucker Punch","Crippling Poison+1","Endless Agony"],"picked":"SKIP","floor":44.0},{"not_picked":["Bouncing Flask+1","Bane","Backflip+1"],"picked":"SKIP","floor":46.0},{"not_picked":["Dodge and Roll+1","Flying Knee"],"picked":"Wraith Form v2","floor":47.0},{"not_picked":["Terror+1","Poisoned Stab"],"picked":"PiercingWail+1","floor":54}],"player_experience":327655,"relics_obtained":[{"floor":6.0,"key":"MawBank"},{"floor":8.0,"key":"StoneCalendar"},{"floor":9.0,"key":"Toxic Egg 2"},{"floor":12.0,"key":"Whetstone"},{"floor":23.0,"key":"Peace Pipe"},{"floor":25.0,"key":"Old Coin"},{"floor":26.0,"key":"Smiling Mask"},{"floor":27.0,"key":"Du-Vu Doll"},{"floor":41.0,"key":"Tingsha"},{"floor":44.0,"key":"Pen Nib"},{"floor":45.0,"key":"Incense Burner"},{"floor":47.0,"key":"Letter Opener"},{"floor":54,"key":"Snake Skull"}],"event_choices":[{"cards_removed":["Distraction"],"damage_healed":0.0,"max_hp_gain":0.0,"max_hp_loss":0.0,"gold_gain":0.0,"event_name":"Golden Wing","player_choice":"Card Removal","floor":3.0,"gold_loss":0.0,"damage_taken":7.0},{"damage_healed":0.0,"max_hp_gain":0.0,"max_hp_loss":0.0,"gold_gain":100.0,"event_name":"Golden Shrine","player_choice":"Pray","floor":4.0,"gold_loss":0.0,"damage_taken":0.0},{"damage_healed":0.0,"max_hp_gain":0.0,"max_hp_loss":0.0,"gold_gain":0.0,"event_name":"Nest","player_choice":"Joined the Cult","floor":19.0,"gold_loss":0.0,"damage_taken":6.0,"cards_obtained":["RitualDagger"]},{"damage_healed":0.0,"max_hp_gain":0.0,"max_hp_loss":0.0,"gold_gain":0.0,"event_name":"Addict","player_choice":"Obtained Relic","floor":20.0,"gold_loss":85.0,"damage_taken":0.0,"relics_obtained":["PreservedInsect"]},{"cards_removed":["Expertise"],"damage_healed":0.0,"max_hp_gain":0.0,"max_hp_loss":0.0,"gold_gain":0.0,"event_name":"Back to Basics","player_choice":"Elegance","floor":22.0,"gold_loss":0.0,"damage_taken":0.0},{"damage_healed":0.0,"max_hp_gain":0.0,"max_hp_loss":0.0,"gold_gain":0.0,"event_name":"Match and Keep!","player_choice":"0 cards matched","floor":24.0,"gold_loss":0.0,"damage_taken":0.0,"cards_obtained":[]},{"cards_removed":["Underhanded Strike"],"damage_healed":0.0,"max_hp_gain":0.0,"max_hp_loss":0.0,"gold_gain":0.0,"event_name":"Falling","player_choice":"Removed Attack","floor":42.0,"gold_loss":0.0,"damage_taken":0.0},{"damage_healed":0.0,"max_hp_gain":0.0,"max_hp_loss":0.0,"gold_gain":0.0,"event_name":"MindBloom","player_choice":"Fight","floor":45.0,"gold_loss":0.0,"damage_taken":0.0}],"is_beta":false,"boss_relics":[{"not_picked":["Empty Cage","WristBlade"],"picked":"Cursed Key"},{"not_picked":["Snecko Eye","Runic Pyramid"],"picked":"HoveringKite"}],"items_purged_floors":[21,29,48],"is_endless":false,"potions_floor_spawned":[5,6,14,16,23,25,33,36,44,45,46],"killed_by":"The Heart","ascension_level":14}}