{"host":"a464imauj9yqom7y","time":1609057982,"event":{"mods":["AchievementEnabler","BaseMod","Better Altar","Better Match","Better Note","Better Sensory Stone","Better Skull","BetterRewards","Colored Map","Colored Powertips","Hermit","Hubris","Koishi","Marisa????????","Minty Spire (QoL Compilation)","Rare Cards Sparkle","Remilia??????","Replay The Spire","Shade Mod","StSLib","The Cursed","The Hierophant","The Mystic","The Necromancer","The Runesmith","The Senshi","TheBandit","Yuyuko"],"gold_per_floor":[111,122,122,122,139,139,170,245,269,444,216,228,228,228,228,325,325,338,353,140,151,151,151,151,151,178,211,211,126,146,146,146,245,245,255,268,378,323,343,343,377,377,377,412,412,412,86,115,66,66,66,66],"floor_reached":53,"playtime":4952,"items_purged":["hermit:Covet"],"score":635,"play_id":"4ee4f4d8-db51-4793-a913-2675349e8503","local_time":"20201227023302","is_ascension_mode":true,"campfire_choices":[{"data":"hermit:Determination","floor":6.0,"key":"SMITH"},{"floor":13.0,"key":"REST"},{"floor":15.0,"key":"REST"},{"floor":23,"key":"REST"},{"data":"Crow Ritual","floor":25,"key":"SMITH"},{"floor":32,"key":"REST"},{"data":"hermit:HighNoon","floor":40,"key":"SMITH"},{"floor":46,"key":"REST"},{"data":"hermit:OverwhelmingPower","floor":51,"key":"SMITH"}],"circlet_count":0,"master_deck":["hermit:Strike_Hermit","hermit:Strike_Hermit","hermit:Strike_Hermit","hermit:Strike_Hermit","hermit:Defend_Hermit","hermit:Defend_Hermit","hermit:Defend_Hermit","hermit:Defend_Hermit","hermit:Snapshot","hermit:Determination+1","hermit:Glare","Regret","Chrysalis","hermit:Dive","hermit:ShadowCloak","Doubt","hermit:Vantage","hermit:Snipe","hermit:PistolWhip","hermit:HighNoon+1","hermit:ItchyTrigger+1","hermit:Snipe","hermit:Dive+1","Crow Ritual+1","hermit:Coalescence","Wraith Form v2+1","hermit:CalledShot","Replay:BasicMightCard+1","hermit:Combo","hermit:Shortfuse+1","hermit:Coalescence+1","hubris:DuctTapeCard","hermit:SprayPray+1","Crow Ritual","hermit:ShadowCloak","hermit:OverwhelmingPower+1"],"relics":["hermit:Momento","NeowsBlessing","Bag of Preparation","Anchor","Toy Ornithopter","Regal Pillow","Letter Opener","hubris:RunicObelisk","hubris:Icosahedron","Runesmith:AutoHammer","Thread and Needle","SlaversCollar","hubris:DuctTape","Nunchaku","Torii","hubris:CrystalStatue"],"acts_visited":["TheBeyond"],"potions_floor_usage":[33,33,41,41],"damage_taken":[{"damage":0.0,"enemies":"Small Slimes","floor":1.0,"turns":1.0},{"damage":0.0,"enemies":"2 Louse","floor":2.0,"turns":1.0},{"damage":0.0,"enemies":"Cultist","floor":5.0,"turns":2.0},{"damage":54.0,"enemies":"Lagavulin","floor":7.0,"turns":10.0},{"damage":4.0,"enemies":"2 Fungi Beasts","floor":12.0,"turns":4.0},{"damage":29.0,"enemies":"The Guardian","floor":16.0,"turns":14.0},{"damage":8.0,"enemies":"Chosen","floor":18.0,"turns":6.0},{"damage":25,"enemies":"Spheric Guardian","floor":19,"turns":7},{"damage":0,"enemies":"Snake Plant","floor":21,"turns":4},{"damage":35,"enemies":"Book of Stabbing","floor":27,"turns":6},{"damage":25,"enemies":"Cultist and Chosen","floor":30,"turns":10},{"damage":34,"enemies":"Collector","floor":33,"turns":11},{"damage":38,"enemies":"3 Darklings","floor":35,"turns":9},{"damage":2,"enemies":"Orb Walker","floor":36,"turns":5},{"damage":0,"enemies":"3 Darklings","floor":39,"turns":7},{"damage":8,"enemies":"Giant Head","floor":41,"turns":5},{"damage":21,"enemies":"Nemesis","floor":44,"turns":7},{"damage":4,"enemies":"Reptomancer","floor":48,"turns":5},{"damage":27,"enemies":"Replay:Hell Engine","floor":52,"turns":7}],"seed_played":"5755730867948065670","potions_obtained":[{"floor":1.0,"key":"hermit:Eclipse"},{"floor":2.0,"key":"ColorlessPotion"},{"floor":7.0,"key":"SteroidPotion"},{"floor":27,"key":"Energy Potion"},{"floor":33,"key":"Adrenaline Potion"},{"floor":35,"key":"SpeedPotion"},{"floor":36,"key":"Adrenaline Potion"}],"is_trial":false,"path_per_floor":["M","M","?","?","M","R","E","?","T","?","$","M","R","?","R","B",null,"M","M","$","M","?","R","?","R","T","E","?","$","M","?","R","B",null,"M","M","?","$","M","R","E","PTL","PTL","E","T","R","$","E","$","?","R","B",null],"character_chosen":"HERMIT","items_purchased":["Regal Pillow","hermit:Vantage","hermit:Snipe","hermit:Dive+1","Crow Ritual","Replay:BasicMightCard","hermit:Combo+1","Crow Ritual","hermit:ShadowCloak","SteroidPotion"],"campfire_rested":5,"item_purchase_floors":[11,11,11,20,20,29,38,47,47,49],"current_hp_per_floor":[75,75,75,75,75,75,21,10,10,10,10,6,43,43,75,51,75,67,42,42,42,42,75,75,75,75,40,65,65,40,40,75,46,75,37,73,66,66,66,66,68,68,68,47,47,75,75,71,71,71,71,44],"gold":66,"neow_bonus":"THREE_ENEMY_KILL","is_daily":false,"chose_seed":false,"campfire_upgraded":4,"win_rate":0.0,"timestamp":1609057982,"path_taken":["M","M","?","?","?","R","E","?","T","?","$","?","R","?","R","BOSS","M","M","?","M","?","R","?","R","T","E","?","$","M","?","R","BOSS","M","M","?","$","M","R","E","PTL","PTL","E","T","R","$","E","?","?","R","BOSS"],"items_purchased_type":["Relic","Card","Card","Card","Card","Card","Card","Card","Card","Potion"],"build_version":"2020-12-22","purchased_purges":1,"victory":true,"max_hp_per_floor":[75,75,75,75,75,75,75,75,75,75,75,75,75,75,75,75,75,75,75,75,75,75,75,75,75,75,75,75,75,75,75,75,75,75,75,75,75,75,75,75,75,75,75,75,75,75,75,75,75,75,75,75],"card_choices":[{"not_picked":["hermit:Headshot","hermit:Midnight"],"picked":"hermit:Determination","floor":1.0},{"not_picked":["hermit:LowProfile","hermit:Grudge"],"picked":"hermit:Glare","floor":2.0},{"not_picked":["Finesse","Panacea"],"picked":"Chrysalis","floor":4.0},{"not_picked":["hermit:LowProfile","hermit:SprayPray"],"picked":"hermit:Dive","floor":5.0},{"not_picked":["hermit:Glare","hermit:Horror"],"picked":"hermit:ShadowCloak","floor":7.0},{"not_picked":["hermit:Glare","hermit:Midnight"],"picked":"hermit:PistolWhip","floor":12.0},{"not_picked":["hermit:Reprieve","hermit:Adapt"],"picked":"hermit:HighNoon","floor":16.0},{"not_picked":["hermit:Ricochet+1","hermit:Dive"],"picked":"hermit:ItchyTrigger+1","floor":18.0},{"not_picked":["hermit:Midnight","hermit:Gambit"],"picked":"hermit:Snipe","floor":19},{"not_picked":["hermit:Feint","hermit:Quickdraw+1"],"picked":"hermit:Coalescence","floor":21},{"not_picked":["hermit:LoneWolf","hermit:BodyArmor+1"],"picked":"hermit:CalledShot","floor":27},{"not_picked":["hermit:Ricochet","hermit:TrackingShot+1"],"picked":"hermit:Combo","floor":30},{"not_picked":["hermit:SprayPray+1","hermit:NoHoldsBarred"],"picked":"hermit:Combo+1","floor":35},{"not_picked":["hermit:Virtue+1","hermit:Headshot"],"picked":"hermit:Shortfuse+1","floor":36},{"not_picked":["hermit:WideOpen","hermit:ItchyTrigger+1"],"picked":"hermit:Coalescence+1","floor":39},{"not_picked":["hermit:PistolWhip+1","hermit:ItchyTrigger","hermit:Magnum"],"picked":"SKIP","floor":41},{"not_picked":["hermit:HighCaliber","hermit:Headshot+1"],"picked":"hermit:SprayPray+1","floor":44},{"not_picked":["hermit:Combo+1","hermit:WideOpen+1"],"picked":"hermit:OverwhelmingPower","floor":48}],"player_experience":96281,"relics_obtained":[{"floor":7.0,"key":"Anchor"},{"floor":9.0,"key":"Toy Ornithopter"},{"floor":26,"key":"Runesmith:AutoHammer"},{"floor":27,"key":"Thread and Needle"},{"floor":41,"key":"hubris:DuctTape"},{"floor":44,"key":"Nunchaku"},{"floor":45,"key":"Torii"},{"floor":48,"key":"hubris:CrystalStatue"}],"event_choices":[{"damage_healed":0.0,"max_hp_gain":0.0,"max_hp_loss":0.0,"gold_gain":0.0,"event_name":"Big Fish","player_choice":"Box","floor":3.0,"gold_loss":0.0,"damage_taken":0.0,"relics_obtained":["Bag of Preparation"],"cards_obtained":["Regret"]},{"damage_healed":0.0,"max_hp_gain":0.0,"max_hp_loss":0.0,"gold_gain":1.0,"event_name":"betterStone:BetterStone","player_choice":"1","floor":4.0,"gold_loss":0.0,"damage_taken":0.0},{"damage_healed":0.0,"max_hp_gain":0.0,"max_hp_loss":0.0,"gold_gain":75.0,"event_name":"World of Goop","player_choice":"Gather Gold","floor":8.0,"gold_loss":0.0,"damage_taken":11.0},{"damage_healed":0.0,"max_hp_gain":0.0,"max_hp_loss":0.0,"gold_gain":175.0,"event_name":"Liars Game","player_choice":"AGREE","floor":10.0,"gold_loss":0.0,"damage_taken":0.0,"cards_obtained":["Doubt"]},{"damage_healed":0.0,"max_hp_gain":0.0,"max_hp_loss":0.0,"gold_gain":0.0,"event_name":"WeMeetAgain","player_choice":"Gave Potion","floor":14.0,"gold_loss":0.0,"damage_taken":0.0,"relics_obtained":["Letter Opener"]},{"damage_healed":0,"gold_gain":0,"player_choice":"Take","damage_taken":0,"max_hp_gain":0,"max_hp_loss":0,"event_name":"betterNote:BetterNote","floor":22,"gold_loss":0,"cards_obtained":["Wraith Form v2"]},{"damage_healed":25,"gold_gain":0,"player_choice":"Heal","damage_taken":0,"max_hp_gain":0,"max_hp_loss":0,"event_name":"The Library","floor":28,"gold_loss":0},{"damage_healed":0,"gold_gain":0,"player_choice":"Ignored","damage_taken":0,"max_hp_gain":0,"max_hp_loss":0,"event_name":"Ghosts","floor":31,"gold_loss":0},{"damage_healed":0,"gold_gain":110,"player_choice":"GO ","damage_taken":8,"relics_obtained":[],"max_hp_gain":0,"max_hp_loss":0,"event_name":"betterSkull:BetterSkull","floor":37,"gold_loss":0,"cards_upgraded":[]}],"is_beta":false,"boss_relics":[{"not_picked":["Empty Cage","Runic Dome"],"picked":"hubris:RunicObelisk"},{"not_picked":["hermit:ClaspedLocket","hubris:VirtuousBlindfold"],"picked":"SlaversCollar"}],"items_purged_floors":[47],"is_endless":false,"potions_floor_spawned":[1,2,7,27,33,35,36],"ascension_level":1}}