{"host":"cxvb37eaaiijvrl4","time":1609101125,"event":{"mods":["ATMod(°¢èªMod)","BaseMod","Better Third Choice","Minty Spire (QoL Compilation)","MostiFishMod","Quick Restart","Rare Cards Sparkle","Shop Mod","Spicy Shops","StSLib","TestMod","Uncapped","²ÐÁôÖ®Îï"],"gold_per_floor":[118,135,153,166,166,166,194,194,220,220,145,145,172,172,172,370,370,386,386,436,97,116,116,148,148,148,290,322,97,239,397,397,468,468,604,200,200,215,48,76,76,93,93,93,7,144,299,439,439,439,564,564,564,55,84,84],"floor_reached":57,"playtime":1932,"items_purged":["Strike_P+1","WreathOfFlame+1","Defend_P","BowlingBash+1","Defend_P","MostiFishMod:Minus"],"score":3577,"play_id":"4765c278-870b-4053-9253-6ba73a4d859c","local_time":"20201227123205","is_ascension_mode":true,"campfire_choices":[{"data":"Eruption","floor":6.0,"key":"SMITH"},{"data":"MostiFishMod:CyberBuddha","floor":8.0,"key":"SMITH"},{"data":"Adaptation","floor":10.0,"key":"SMITH"},{"data":"TalkToTheHand","floor":15.0,"key":"SMITH"},{"data":"MostiFishMod:Speedup","floor":23,"key":"SMITH"},{"data":"Scrawl","floor":25,"key":"SMITH"},{"data":"AT_MachinaRedman","floor":32,"key":"SMITH"},{"data":"Scrawl","floor":41,"key":"SMITH"},{"data":"SignatureMove","floor":44,"key":"SMITH"},{"floor":49,"key":"RECALL"},{"data":"MostiFishMod:Adaptation","floor":53,"key":"SMITH"}],"circlet_count":0,"master_deck":["AscendersBane","Eruption+1","Vigilance","DevaForm+1","Adaptation+1","TalkToTheHand+1","MostiFishMod:CyberBuddha+1","Scrawl+1","SignatureMove+1","MostiFishMod:Speedup+1","AT_MachinaRedman+1","Sanctity","Scrawl+1","MostiFishMod:Adaptation+1"],"relics":["PureWater","testmod-TestBox","DaveBox","AT_ATBox","BirthdayGift-Tetrahedron","testmod-FatalChain","NeowsBlessing","SynthV:TestCard","Anchor","MealTicket","Astrolabe","Enchiridion","AT_ForceNature","SentryEyes","ThornShield","AT_RedTearstoneRing","RhineSuit","AT_BellDemon","Gambling Chip","Membership Card","BionicSphere","Molten Egg 2","MerchantsRug","Pantograph","Pen Nib","testmod-InjuryResistance","AT_RedNoBalance","TheAbacus","Strawberry","Shuriken","testmod-Justice","Centennial Puzzle","Gremlin Horn"],"acts_visited":["Exordium","TheCity","TheBeyond","TheEnding"],"potions_floor_usage":[18,56,56],"damage_taken":[{"damage":0.0,"enemies":"Cultist","floor":1.0,"turns":1.0},{"damage":0.0,"enemies":"Jaw Worm","floor":2.0,"turns":1.0},{"damage":0.0,"enemies":"2 Louse","floor":3.0,"turns":1.0},{"damage":8.0,"enemies":"Looter","floor":4.0,"turns":3.0},{"damage":7.0,"enemies":"Lagavulin","floor":7.0,"turns":4.0},{"damage":2.0,"enemies":"3 Sentries","floor":13.0,"turns":2.0},{"damage":8,"enemies":"The Guardian","floor":16,"turns":5},{"damage":2,"enemies":"Chosen","floor":18,"turns":2},{"damage":2,"enemies":"3 Byrds","floor":22,"turns":2},{"damage":4,"enemies":"Gremlin Leader","floor":24,"turns":3},{"damage":0,"enemies":"Centurion and Healer","floor":27,"turns":2},{"damage":0,"enemies":"Slavers","floor":28,"turns":1},{"damage":2,"enemies":"Shelled Parasite and Fungi","floor":30,"turns":2},{"damage":9,"enemies":"Gremlin Leader","floor":31,"turns":3},{"damage":0,"enemies":"Automaton","floor":33,"turns":2},{"damage":0,"enemies":"3 Shapes","floor":35,"turns":1},{"damage":0,"enemies":"Orb Walker","floor":38,"turns":2},{"damage":0,"enemies":"Nemesis","floor":40,"turns":1},{"damage":0,"enemies":"3 Darklings","floor":42,"turns":1},{"damage":0,"enemies":"4 Shapes","floor":46,"turns":1},{"damage":0,"enemies":"Reptomancer","floor":47,"turns":2},{"damage":0,"enemies":"Maw","floor":48,"turns":2},{"damage":0,"enemies":"Time Eater","floor":50,"turns":3},{"damage":5,"enemies":"Donu and Deca","floor":51,"turns":2},{"damage":0,"enemies":"Shield and Spear","floor":55,"turns":1},{"damage":0,"enemies":"The Heart","floor":56,"turns":4}],"seed_played":"-1163891476537753805","potions_obtained":[{"floor":3.0,"key":"BottledMiracle"},{"floor":18,"key":"Fruit Juice"},{"floor":30,"key":"ColorlessPotion"},{"floor":33,"key":"Weak Potion"},{"floor":48,"key":"PowerPotion"}],"is_trial":false,"path_per_floor":["M","M","M","M","?","R","E","R","T","R","?","?","E","?","R","B",null,"M","?","?","$","M","R","E","R","T","M","E","$","M","E","R","B",null,"M","$","?","M","$","E","R","M","T","R","$","M","E","M","R","B","B",null,"R","$","E","B",null],"character_chosen":"WATCHER","items_purchased":["MostiFishMod:Speedup","AT_BellDemon","Membership Card","MerchantsRug","TheAbacus","Strawberry","Shuriken","testmod-Justice"],"campfire_rested":0,"item_purchase_floors":[21,36,39,45,54,54,54,54],"current_hp_per_floor":[61,61,61,53,46,46,39,39,39,39,39,19,17,22,22,14,58,61,40,40,55,53,53,49,49,49,49,49,64,66,57,57,57,73,73,78,78,78,78,78,78,78,78,78,78,78,78,78,78,64,59,73,73,85,85,85],"gold":84,"neow_bonus":"THREE_ENEMY_KILL","is_daily":false,"chose_seed":false,"campfire_upgraded":10,"win_rate":0.0,"timestamp":1609101125,"path_taken":["M","?","M","M","?","R","E","R","T","R","?","?","E","?","R","BOSS","M","?","?","$","M","R","E","R","T","M","E","$","M","E","R","BOSS","M","$","?","M","$","E","R","M","T","R","?","M","E","M","R","BOSS","BOSS","R","$","E","BOSS"],"items_purchased_type":["Card","Relic","Relic","Relic","Relic","Relic","Relic","Relic"],"build_version":"2020-12-22","purchased_purges":6,"victory":true,"max_hp_per_floor":[68,68,68,68,68,68,68,68,68,68,68,68,68,73,73,73,73,78,78,78,78,78,78,78,78,78,78,78,78,78,78,78,78,78,78,78,78,78,78,78,78,78,78,78,78,78,78,78,78,78,78,78,78,85,85,85],"card_choices":[{"not_picked":["Protect","SandsOfTime","CutThroughFate"],"picked":"SKIP","floor":1.0},{"not_picked":["Protect","PathToVictory","EmptyBody","BowlingBash"],"picked":"DevaForm","floor":2.0},{"not_picked":["CrushJoints","MostiFishMod:FlowState","CutThroughFate","Prostrate"],"picked":"Adaptation","floor":3.0},{"not_picked":["CutThroughFate","EmptyBody","Protect","ReachHeaven"],"picked":"TalkToTheHand","floor":4.0},{"not_picked":["FollowUp","EmptyBody","JustLucky","Crescendo"],"picked":"MostiFishMod:CyberBuddha","floor":7.0},{"not_picked":["BowlingBash","Consecrate","EmptyFist","SandsOfTime","Halt"],"picked":"SKIP","floor":13.0},{"not_picked":["AT_RealColorLess","MostiFishMod:StarWish","DevaForm","Alpha"],"picked":"Scrawl","floor":16},{"not_picked":["EmptyBody","PathToVictory","Crescendo","ClearTheMind"],"picked":"SignatureMove","floor":18},{"not_picked":["MostiFishMod:Clarity","Evaluate","ClearTheMind","Establishment","EmptyMind"],"picked":"SKIP","floor":22},{"not_picked":["Protect","EmptyFist","Sanctity","SandsOfTime+1"],"picked":"AT_MachinaRedman","floor":24},{"not_picked":["Vengeance","EmptyBody","Wallop","EmptyFist","CutThroughFate"],"picked":"SKIP","floor":27},{"not_picked":["EmptyFist","FlurryOfBlows","AT_RealFormLess","SashWhip","AT_ChampionKick"],"picked":"SKIP","floor":28},{"not_picked":["Halt","PathToVictory","Prostrate","ClearTheMind"],"picked":"Sanctity","floor":30},{"not_picked":["SashWhip","Halt","WreathOfFlame+1","EmptyFist+1"],"picked":"MostiFishMod:Minus","floor":31},{"not_picked":["MostiFishMod:Moonprays","MostiFishMod:DisColor","MostiFishMod:Pointsdynamics","MostiFishMod:Disappear"],"picked":"Scrawl","floor":33},{"not_picked":["TalkToTheHand","ThirdEye","Prostrate","EmptyBody","ForeignInfluence+1"],"picked":"SKIP","floor":35},{"not_picked":["ThirdEye","JustLucky","Consecrate","Weave+1","ReachHeaven"],"picked":"SKIP","floor":38},{"not_picked":["Prostrate","EmptyFist","Halt","Nirvana","CrushJoints"],"picked":"SKIP","floor":40},{"not_picked":["LikeWater","Wireheading","FlyingSleeves","AT_RealFormLess","Protect+1"],"picked":"SKIP","floor":42},{"not_picked":["Swivel","ClearTheMind+1","InnerPeace","FlurryOfBlows+1"],"picked":"MostiFishMod:Adaptation","floor":46},{"not_picked":["ClearTheMind+1","Crescendo","WaveOfTheHand","FollowUp+1","BowlingBash+1"],"picked":"SKIP","floor":47},{"not_picked":["Evaluate","BowlingBash+1","Halt","FlurryOfBlows+1","Swivel"],"picked":"SKIP","floor":48},{"not_picked":["Sanctity","Weave+1","Evaluate+1","Indignation","WheelKick+1"],"picked":"SKIP","floor":55}],"player_experience":663924,"relics_obtained":[{"floor":1.0,"key":"SynthV:TestCard"},{"floor":7.0,"key":"Anchor"},{"floor":13.0,"key":"MealTicket"},{"floor":19,"key":"Enchiridion"},{"floor":24,"key":"AT_ForceNature"},{"floor":26,"key":"SentryEyes"},{"floor":28,"key":"ThornShield"},{"floor":31,"key":"AT_RedTearstoneRing"},{"floor":38,"key":"Gambling Chip"},{"floor":42,"key":"BionicSphere"},{"floor":43,"key":"Molten Egg 2"},{"floor":46,"key":"Pantograph"},{"floor":47,"key":"Pen Nib"},{"floor":47,"key":"testmod-InjuryResistance"},{"floor":48,"key":"AT_SilverBalance"},{"floor":55,"key":"Centennial Puzzle"},{"floor":55,"key":"Gremlin Horn"}],"event_choices":[{"cards_removed":["Defend_P"],"damage_healed":0.0,"max_hp_gain":0.0,"max_hp_loss":0.0,"gold_gain":0.0,"event_name":"Golden Wing","player_choice":"Card Removal","floor":5.0,"gold_loss":0.0,"damage_taken":7.0},{"cards_removed":["Strike_P"],"damage_healed":0.0,"max_hp_gain":0.0,"max_hp_loss":0.0,"gold_gain":0.0,"event_name":"The Cleric","player_choice":"Card Removal","floor":11.0,"gold_loss":75.0,"damage_taken":0.0},{"damage_healed":39.0,"max_hp_gain":0.0,"max_hp_loss":68.0,"gold_gain":0.0,"event_name":"betterThird:BetterShining","player_choice":"Upgrade","floor":12.0,"gold_loss":0.0,"damage_taken":20.0,"cards_upgraded":["DevaForm","Strike_P"]},{"damage_healed":0.0,"max_hp_gain":5.0,"max_hp_loss":0.0,"gold_gain":0.0,"event_name":"Big Fish","player_choice":"Donut","floor":14.0,"gold_loss":0.0,"damage_taken":0.0},{"damage_healed":0,"gold_gain":0,"player_choice":"Obtained Book","damage_taken":21,"max_hp_gain":0,"max_hp_loss":0,"event_name":"Cursed Tome","floor":19,"gold_loss":0},{"damage_healed":0,"gold_gain":50,"player_choice":"Steal","damage_taken":0,"max_hp_gain":0,"max_hp_loss":0,"event_name":"betterThird:BetterNest","floor":20,"gold_loss":0},{"cards_removed":["MostiFishMod:Nomercy"],"damage_healed":0,"gold_gain":0,"player_choice":"Purged","damage_taken":0,"max_hp_gain":0,"max_hp_loss":0,"event_name":"Purifier","floor":37,"gold_loss":0}],"is_beta":false,"boss_relics":[{"not_picked":["Velvet Choker","TakeMeEscape"],"picked":"Astrolabe"},{"not_picked":["MostiFishMod:Hod","SacredBark"],"picked":"RhineSuit"}],"items_purged_floors":[21,29,29,36,36,54],"is_endless":false,"potions_floor_spawned":[3,13,18,24,30,33,42,46,48,55],"ascension_level":20}}