{"host":"52zmxm0oht7x0uft","time":1609089342,"event":{"mods":["AchievementEnabler","BaseMod","Minty Spire (QoL Compilation)","Quick Restart"],"gold_per_floor":[113,63,63,81,93,93,18,38,38,72,72,32,207,235,235,235,235],"floor_reached":16,"playtime":603,"items_purged":["Strike_B"],"score":124,"play_id":"460cd9c8-7875-4d4e-bea5-f24b65a2ee2d","local_time":"20201227181542","is_ascension_mode":true,"campfire_choices":[{"data":"Dualcast","floor":6,"key":"SMITH"},{"data":"Zap","floor":11,"key":"SMITH"},{"data":"Scrape","floor":15,"key":"SMITH"}],"circlet_count":0,"master_deck":["Strike_B","Strike_B","Defend_B","Defend_B","Defend_B","Defend_B","Zap+1","Dualcast+1","Purity","Streamline","Zap","Reinforced Body","Beam Cell","Glacier","Auto Shields","Scrape+1","Doubt"],"relics":["Cracked Core","Matryoshka","Incense Burner","Oddly Smooth Stone"],"acts_visited":["Exordium"],"potions_floor_usage":[14],"damage_taken":[{"damage":4,"enemies":"Small Slimes","floor":1,"turns":3},{"damage":2,"enemies":"Jaw Worm","floor":4,"turns":3},{"damage":0,"enemies":"Cultist","floor":5,"turns":3},{"damage":4,"enemies":"Red Slaver","floor":8,"turns":4},{"damage":13,"enemies":"Lagavulin","floor":10,"turns":7},{"damage":9,"enemies":"Gremlin Nob","floor":14,"turns":3},{"damage":38,"enemies":"Slime Boss","floor":16,"turns":11}],"seed_played":"-6678027695769673811","potions_obtained":[{"floor":4,"key":"FocusPotion"},{"floor":8,"key":"Fire Potion"},{"floor":14,"key":"Energy Potion"}],"is_trial":false,"path_per_floor":["M","?","?","M","M","R","$","M","T","E","R","$","?","E","R","B"],"character_chosen":"DEFECT","items_purchased":["Scrape"],"campfire_rested":0,"item_purchase_floors":[12],"current_hp_per_floor":[71,71,71,69,69,69,69,65,65,52,52,52,52,43,43,5,5],"gold":235,"neow_bonus":"RANDOM_COLORLESS","is_daily":false,"chose_seed":false,"campfire_upgraded":3,"win_rate":0.0,"timestamp":1609089342,"path_taken":["M","?","?","M","?","R","$","M","T","E","R","?","?","E","R","BOSS"],"items_purchased_type":["Card"],"build_version":"2020-12-22","purchased_purges":1,"victory":false,"max_hp_per_floor":[75,75,75,75,75,75,75,75,75,75,75,75,75,75,75,75,75],"card_choices":[{"not_picked":["Mind Blast","Panacea"],"picked":"Purity","floor":0},{"not_picked":["Coolheaded","Barrage"],"picked":"Streamline","floor":1},{"not_picked":["Hologram","Undo"],"picked":"Reinforced Body","floor":4},{"not_picked":["Rip and Tear","Self Repair"],"picked":"Beam Cell","floor":5},{"not_picked":["Hello World","Coolheaded"],"picked":"Glacier","floor":8},{"not_picked":["Skim","Cold Snap"],"picked":"Auto Shields","floor":10},{"not_picked":["Conserve Battery","Static Discharge","Chill"],"picked":"SKIP","floor":14}],"player_experience":318619,"relics_obtained":[{"floor":9,"key":"Matryoshka"},{"floor":10,"key":"Incense Burner"},{"floor":14,"key":"Oddly Smooth Stone"}],"event_choices":[{"cards_removed":["Strike_B"],"damage_healed":0,"gold_gain":0,"player_choice":"Card Removal","damage_taken":0,"max_hp_gain":0,"max_hp_loss":0,"event_name":"The Cleric","floor":2,"gold_loss":50},{"damage_healed":0,"gold_gain":0,"player_choice":"1 cards matched","damage_taken":0,"max_hp_gain":0,"max_hp_loss":0,"event_name":"Match and Keep!","floor":3,"gold_loss":0,"cards_obtained":["Zap"]},{"damage_healed":0,"gold_gain":175,"player_choice":"AGREE","damage_taken":0,"max_hp_gain":0,"max_hp_loss":0,"event_name":"Liars Game","floor":13,"gold_loss":0,"cards_obtained":["Doubt"]}],"is_beta":false,"boss_relics":[],"items_purged_floors":[7],"is_endless":false,"potions_floor_spawned":[4,8,14],"killed_by":"Slime Boss","ascension_level":3}}