{"host":"lmmgqfiugkm2e64w","time":1609085119,"event":{"mods":["Aspiration","BaseMod","BetterRewards","Challenge The Spire","Conspire","Downfall","Friendly Minions","Marisa（F雨　魔理沙）","Minty Spire (QoL Compilation)","MostiFishMod","Quick Restart","Remilia（蕾米莉亚）","Replay The Spire","RumiaBox-露米娅的神秘盒子","Shop Mod","StSLib","Td1madao Mod","TestMod","The Servant 0.9.4","Youmu（魂魄妖梦）","Yuyuko","[IsaacMod]以撒尖塔","vexMod","【遗物卡牌】REMEMod","篝火指南"],"gold_per_floor":[99,117,130,144,144,21,75,119,119,138,172,193,368,384,403,513,513,153,167,190,249,249,280,280,332,349,349,369,473,112,146,170,272,272,45,103,153,172,43,69,151,151,135,167,5,82,57,66,97,111,111,146,28,38,45],"floor_reached":56,"playtime":3069,"items_purged":["Doubt","Envy_TH","Lust_TH"],"score":1608,"play_id":"9b4a0de3-f4d8-4a49-84b7-0bb64101c333","local_time":"20201228000519","is_ascension_mode":true,"campfire_choices":[{"floor":1.0,"key":"RECALL"}],"circlet_count":0,"master_deck":["Guardian:Strike_Guardian+1","Guardian:Defend_Guardian","Guardian:Defend_Guardian","Guardian:Defend_Guardian","Guardian:Defend_Guardian","Guardian:CurlUp","Guardian:TwinSlam","Electrodynamics","Guardian:ShieldSpikes","Guardian:PrismaticBeam","Guardian:CrystalBeam","Guardian:Suspension","Guardian:MultiBeam","Guardian:ArmoredProtocol","Guardian:AncientConstruct","Guardian:TimeSifter","Guardian:Emergency","Quick Slash","Dash","Eviscerate+1","Guardian:GemFire","Guardian:ChargeUp","Guardian:StasisField","Guardian:Gem_Purple","Guardian:ChargeUp","Guardian:Recover+1","Guardian:DecasProtection+1","Guardian:Gem_Synthetic","Guardian:Gem_White","Guardian:RollAttack"],"relics":["Guardian:ModeShifter","DaveBox","testmod-TestBox","HushsDoor","REME_ComplimentaryCards","BelialBook","testmod-Antiphasic","ShadowXiaoBlade","SalivaCoin","downfall:HeartBlessingRed","GuppysTail","GuppysHead","GuppysPaw","downfall:HeartBlessingGreen","downfall:HeartBlessingBlue","MerchantsRug","Guardian:BottledStasis","Replay:Accelerometer","ReplayTheSpireMod:CursedCoin","testmod-InfectionSource","RhineCircuit","CombinedTypeHook","Pantograph","Ring of Misfortune","Smiling Mask","Replay:Wax Seal","Anchor","aspiration:FetidBarrel","DaveBox","White Beast Statue","PatriotShield","SynthV","Replay:Wax Seal","PreservedInsect"],"acts_visited":["Exordium","TheCity","TheBeyond","TheEnding"],"potions_floor_usage":[],"damage_taken":[{"damage":0.0,"enemies":"Jaw Worm","floor":2.0,"turns":1.0},{"damage":5.0,"enemies":"2 Louse","floor":3.0,"turns":2.0},{"damage":4.0,"enemies":"conspire:RoseBush","floor":4.0,"turns":2.0},{"damage":12.0,"enemies":"Gremlin Nob","floor":8.0,"turns":4.0},{"damage":0.0,"enemies":"2 Fungi Beasts","floor":10.0,"turns":2.0},{"damage":2.0,"enemies":"Lots of Slimes","floor":11.0,"turns":3.0},{"damage":9.0,"enemies":"Large Slime","floor":12.0,"turns":3.0},{"damage":0.0,"enemies":"Gremlin Gang","floor":14.0,"turns":4.0},{"damage":10.0,"enemies":"2 Fungi Beasts","floor":15.0,"turns":3.0},{"damage":13.0,"enemies":"downfall:Watcher","floor":16.0,"turns":5.0},{"damage":0.0,"enemies":"Chosen","floor":19.0,"turns":2.0},{"damage":3.0,"enemies":"conspire:FuzzyDice","floor":20.0,"turns":3.0},{"damage":18.0,"enemies":"conspire:HollyBat","floor":23.0,"turns":5.0},{"damage":0.0,"enemies":"downfall:FleeingMerchant","floor":25.0,"turns":4.0},{"damage":0.0,"enemies":"Snake Plant","floor":26.0,"turns":2.0},{"damage":0.0,"enemies":"Sentry and Sphere","floor":28.0,"turns":2.0},{"damage":0.0,"enemies":"Replay:Snechameleon","floor":31.0,"turns":2.0},{"damage":1.0,"enemies":"conspire:HollyBat","floor":32.0,"turns":5.0},{"damage":0.0,"enemies":"downfall:Ironclad","floor":33.0,"turns":3.0},{"damage":0.0,"enemies":"downfall:FleeingMerchant","floor":36.0,"turns":1.0},{"damage":0.0,"enemies":"Orb Walker","floor":38.0,"turns":2.0},{"damage":3.0,"enemies":"3 Darklings","floor":40.0,"turns":3.0},{"damage":0.0,"enemies":"Giant Head","floor":44.0,"turns":3.0},{"damage":5.0,"enemies":"Transient","floor":49.0,"turns":3.0},{"damage":2.0,"enemies":"downfall:Defect","floor":50.0,"turns":2.0},{"damage":0.0,"enemies":"downfall:CharBossMerchant","floor":52.0,"turns":4.0},{"damage":3,"enemies":"Delirium","floor":55,"turns":13}],"seed_played":"6565605579323480351","potions_obtained":[{"floor":4.0,"key":"Languid Potion"},{"floor":8.0,"key":"Death Potion"},{"floor":10.0,"key":"Fire Potion"},{"floor":16.0,"key":"Block Potion"},{"floor":23.0,"key":"SteroidPotion"},{"floor":28.0,"key":"conspire:TimeTravelPotion"},{"floor":31.0,"key":"BlessingOfTheForge"},{"floor":38.0,"key":"Fire Potion"},{"floor":40.0,"key":"EntropicBrew"},{"floor":49.0,"key":"Swift Potion"},{"floor":52.0,"key":"Strength Potion"}],"is_trial":false,"path_per_floor":["R","M","M","M","?","R","T","E","?","M","M","M","?","M","M","B",null,"R","M","M","?","?","M","T","$","M","R","M","?","R","E","M","B",null,"R","$","?","M","$","M","T","?","$","E","R","?","?","$","M","B",null,"E","$","R","B",null],"character_chosen":"GUARDIAN","items_purchased":["Guardian:Gem_Lightblue","GuppysHead","GuppysPaw","MerchantsRug","Guardian:BottledStasis","ReplayTheSpireMod:CursedCoin","testmod-InfectionSource","Whetstone","CombinedTypeHook","Pantograph","Anchor","Guardian:Gem_Synthetic","Lee\u0027s Waffle"],"campfire_rested":0,"item_purchase_floors":[6,17,17,18,18,25,30,30,35,36,39,45,53],"current_hp_per_floor":[88,88,83,79,79,79,79,67,67,67,65,56,56,56,46,33,68,78,78,75,60,60,42,42,42,42,42,42,27,27,27,26,26,78,78,78,78,78,78,75,75,75,75,75,75,75,75,75,70,76,78,78,85,85,82],"gold":45,"neow_bonus":"TEN_PERCENT_HP_BONUS","is_daily":false,"chose_seed":false,"campfire_upgraded":0,"win_rate":0.0,"timestamp":1609085119,"path_taken":["R","M","M","M","?","R","T","E","?","M","M","M","?","?","M","BOSS","R","M","M","?","?","M","T","$","?","R","M","?","R","E","M","BOSS","R","?","?","?","$","M","T","?","$","E","R","?","?","$","M","BOSS","E","$","R","BOSS"],"items_purchased_type":["Card","Relic","Relic","Relic","Relic","Relic","Relic","Relic","Relic","Relic","Relic","Card","Relic"],"build_version":"2020-12-22","purchased_purges":3,"victory":true,"max_hp_per_floor":[88,88,88,88,88,88,88,88,88,88,88,88,88,88,88,88,68,78,78,78,78,78,78,78,78,78,78,78,78,78,78,78,78,78,78,78,78,78,78,78,78,78,78,78,78,78,78,78,78,78,78,78,85,85,85],"card_choices":[{"not_picked":[],"picked":"Bomb","floor":0.0},{"not_picked":["Guardian:Planning","Guardian:Reroute"],"picked":"Guardian:ShieldSpikes","floor":2.0},{"not_picked":["Guardian:VentSteam","Guardian:DonusPower"],"picked":"Guardian:PrismaticBeam","floor":3.0},{"not_picked":["Guardian:Clone","Guardian:ShieldSpikes"],"picked":"Guardian:Gem_Purple","floor":4.0},{"not_picked":["Guardian:WalkerClaw","Guardian:DonusPower"],"picked":"Guardian:Gem_Lightblue","floor":8.0},{"not_picked":["Guardian:VentSteam","Bomb"],"picked":"Guardian:CrystalBeam","floor":10.0},{"not_picked":["Guardian:Reroute","Guardian:PrimingBeam"],"picked":"Guardian:Suspension","floor":11.0},{"not_picked":["Guardian:VentSteam","Guardian:Gem_Red"],"picked":"Guardian:MultiBeam","floor":12.0},{"not_picked":["Guardian:MultiBeam","Guardian:PiercingHide"],"picked":"Guardian:ArmoredProtocol","floor":14.0},{"not_picked":["Guardian:PrimingBeam","Guardian:Gem_Blue"],"picked":"Guardian:AncientConstruct","floor":15.0},{"not_picked":["Guardian:HyperBeam_Guardian","Guardian:SphericShield"],"picked":"Guardian:TimeSifter","floor":16.0},{"not_picked":["Guardian:Gem_Purple","Guardian:RollAttack"],"picked":"Guardian:Emergency","floor":19.0},{"not_picked":["Guardian:EvasiveProtocol","Guardian:MultiBeam"],"picked":"Guardian:Gem_Red","floor":20.0},{"not_picked":["Guardian:VentSteam+1","Guardian:Gem_Fragmented"],"picked":"Guardian:Gem_Green","floor":23.0},{"not_picked":["Guardian:VentSteam","Guardian:PrimingBeam"],"picked":"Guardian:Gem_Blue","floor":25.0},{"not_picked":["Guardian:Incinerate","Guardian:VentSteam"],"picked":"Guardian:Gem_Fragmented","floor":26.0},{"not_picked":["Guardian:PrimingBeam","Guardian:Incinerate"],"picked":"Guardian:GemFire","floor":28.0},{"not_picked":["Guardian:TemporalStrike","Guardian:Gem_Cyan"],"picked":"Guardian:ChargeUp","floor":31.0},{"not_picked":["Guardian:Repulse","Guardian:Incinerate"],"picked":"Guardian:Gem_Yellow","floor":32.0},{"not_picked":["Guardian:FierceBash","Guardian:GemFire"],"picked":"Guardian:StasisField","floor":33.0},{"not_picked":["Guardian:CrystalBeam+1","Guardian:GuardianWhirl"],"picked":"Guardian:Gem_Purple","floor":36.0},{"not_picked":["Guardian:ArmoredProtocol","Guardian:ChargeCore"],"picked":"Guardian:ChargeUp","floor":38.0},{"not_picked":["Guardian:Harden","Guardian:TemporalShield+1"],"picked":"Guardian:Recover+1","floor":40.0},{"not_picked":["Guardian:PiercingHide+1","Guardian:ChargeCore+1"],"picked":"Guardian:DecasProtection+1","floor":44.0},{"not_picked":["Guardian:Recover+1","Guardian:FastForward"],"picked":"Guardian:Gem_White","floor":49.0},{"not_picked":["Guardian:Gem_Red","Guardian:Suspension"],"picked":"Guardian:RollAttack","floor":52.0}],"player_experience":562009,"relics_obtained":[{"floor":8.0,"key":"GuppysTail"},{"floor":24.0,"key":"Replay:Accelerometer"},{"floor":31.0,"key":"SatanicBible"},{"floor":37.0,"key":"Ring of Greed"},{"floor":37.0,"key":"Ring of Misfortune"},{"floor":37.0,"key":"Smiling Mask"},{"floor":37.0,"key":"Replay:Wax Seal"},{"floor":41.0,"key":"aspiration:FetidBarrel"},{"floor":44.0,"key":"Diplopia"},{"floor":46.0,"key":"White Beast Statue"},{"floor":52.0,"key":"PreservedInsect"}],"event_choices":[{"damage_healed":0.0,"max_hp_gain":0.0,"max_hp_loss":0.0,"gold_gain":0.0,"event_name":"Big Fish","player_choice":"Box","floor":5.0,"gold_loss":0.0,"damage_taken":0.0,"relics_obtained":["SalivaCoin"],"cards_obtained":["Regret"]},{"cards_removed":["Regret"],"damage_healed":0.0,"max_hp_gain":0.0,"max_hp_loss":0.0,"gold_gain":0.0,"event_name":"Living Wall","player_choice":"Forget","floor":9.0,"gold_loss":0.0,"damage_taken":0.0},{"damage_healed":0.0,"max_hp_gain":0.0,"max_hp_loss":0.0,"gold_gain":0.0,"event_name":"给自己的盒子","player_choice":"Swap Relic","floor":42.0,"relics_lost":["Ring of Greed"],"gold_loss":0.0,"damage_taken":0.0,"relics_obtained":["DaveBox"]}],"is_beta":false,"boss_relics":[{"not_picked":["HaiYi:Twilight","SacredBark"],"picked":"Replay:Ancient Bell"},{"not_picked":[]},{"not_picked":["Velvet Choker","MostiFishMod:Hod"],"picked":"RhineCircuit"},{"not_picked":[]}],"items_purged_floors":[18,25,43],"is_endless":false,"potions_floor_spawned":[4,8,10,16,23,28,31,38,40,49,52],"ascension_level":1}}