{"host":"x565ttcahk6mfbvs","time":1609030510,"event":{"mods":["AchievementEnabler","BaseMod","BetterRewards","Downfall","Minty Spire (QoL Compilation)","Permanent Neow","Remove Card Discount Mod","StSLib"],"gold_per_floor":[99,99,99,99,99,114,114,130,141,66,166,182,107,208,231,344,403,403,403,420,435,2368,2393,2393,2402,19,28,48,48,74,112,129,234,234,159,169,180,180,196,196,196,196,215,89,98,98,130,145,156,156,156,183,62,62,62],"floor_reached":56,"playtime":2680,"items_purged":["Guardian:Strike_Guardian","Guardian:Strike_Guardian","Guardian:Strike_Guardian"],"score":1707,"play_id":"b36c1d36-699d-49bc-96cd-304f784245be","local_time":"20201226185510","is_ascension_mode":false,"campfire_choices":[{"floor":1.0,"key":"RECALL"},{"data":"Guardian:WalkerClaw","floor":10,"key":"SMITH"},{"data":"Guardian:PolyBeam","floor":13,"key":"SMITH"},{"data":"Guardian:WalkerClaw","floor":18,"key":"SMITH"},{"floor":29,"key":"DIG"},{"floor":35,"key":"DIG"},{"data":"Guardian:Defend_Guardian","floor":40,"key":"SMITH"},{"floor":45,"key":"REST"},{"floor":54,"key":"DIG"}],"circlet_count":12,"master_deck":["Guardian:Defend_Guardian+1","Guardian:Defend_Guardian+1","Guardian:Defend_Guardian+1","Guardian:CurlUp+1","Guardian:TwinSlam+1","Guardian:WalkerClaw+1","Guardian:PolyBeam+1","Guardian:WalkerClaw+1","Guardian:BronzeArmor+1","Guardian:WalkerClaw+1","Guardian:SpikerProtocol+1","Guardian:FloatingOrbs+1","Guardian:FloatingOrbs+1","Guardian:Gem_Green","Guardian:TimeSifter+1","Guardian:GuardianWhirl+1","Feed+1","Feed+1","Feed+1","Feed+1","Feed+1","Guardian:EvasiveProtocol+1","Guardian:DonusPower+1","Guardian:AncientConstruct+1","Guardian:RollAttack+1"],"relics":["Guardian:ModeShifter","downfall:HeartsMalice","Unceasing Top","Frozen Egg 2","Toxic Egg 2","Molten Egg 2","downfall:HeartBlessingRed","downfall:HeartBlessingBlue","Guardian:SackOfGems","Tiny Chest","The Courier","DollysMirror","Dead Branch","Vajra","Bottled Tornado","StrikeDummy","Meat on the Bone","CeramicFish","Akabeko","Toy Ornithopter","FossilizedHelix","WingedGreaves","HornCleat","Darkstone Periapt","Tiny House","Blood Vial","Oddly Smooth Stone","Mango","Omamori","Bronze Scales","Nunchaku","Boot","Eternal Feather","Lizard Tail","Anchor","MealTicket","Mercury Hourglass","InkBottle","Bottled Lightning","Matryoshka","Strawberry","Bird Faced Urn","Dream Catcher","Turnip","Lantern","Pear","Juzu Bracelet","Bag of Marbles","PreservedInsect","Du-Vu Doll","Pen Nib","Potion Belt","Regal Pillow","Orichalcum","Guardian:PickAxe","Singing Bowl","Blue Candle","Ancient Tea Set","Peace Pipe","Pantograph","Art of War","War Paint","TungstenRod","Thread and Needle","Sundial","Bottled Flame","Kunai","Prayer Wheel","Calipers","Question Card","Frozen Egg 2","White Beast Statue","Gremlin Horn","CaptainsWheel","TheAbacus","Torii","Shuriken","Ice Cream","Shovel","Incense Burner","Ornamental Fan","Ginger","StoneCalendar","Circlet","Calling Bell","downfall:HeartBlessingGreen","HandDrill","Sling"],"acts_visited":["Exordium","TheCity","TheBeyond","TheEnding"],"potions_floor_usage":[12,16,23,55,55,55,55,55,55,55],"damage_taken":[{"damage":0.0,"enemies":"Cultist","floor":2.0,"turns":1.0},{"damage":0.0,"enemies":"downfall:FleeingMerchant","floor":4.0,"turns":1.0},{"damage":0,"enemies":"Small Slimes","floor":5,"turns":1},{"damage":11,"enemies":"Jaw Worm","floor":6,"turns":3},{"damage":9,"enemies":"Exordium Wildlife","floor":8,"turns":3},{"damage":2,"enemies":"Blue Slaver","floor":9,"turns":2},{"damage":7,"enemies":"Exordium Wildlife","floor":12,"turns":3},{"damage":0,"enemies":"downfall:FleeingMerchant","floor":14,"turns":4},{"damage":0,"enemies":"Lots of Slimes","floor":15,"turns":2},{"damage":0,"enemies":"downfall:Defect","floor":16,"turns":4},{"damage":9,"enemies":"3 Byrds","floor":20,"turns":2},{"damage":0,"enemies":"Shell Parasite","floor":21,"turns":2},{"damage":0,"enemies":"downfall:FleeingMerchant","floor":22,"turns":1},{"damage":0,"enemies":"Book of Stabbing","floor":23,"turns":2},{"damage":0,"enemies":"Sentry and Sphere","floor":28,"turns":1},{"damage":0,"enemies":"Gremlin Leader","floor":31,"turns":2},{"damage":0,"enemies":"Shelled Parasite and Fungi","floor":32,"turns":1},{"damage":0,"enemies":"downfall:Ironclad","floor":33,"turns":2},{"damage":0,"enemies":"3 Darklings","floor":36,"turns":1},{"damage":0,"enemies":"Orb Walker","floor":37,"turns":1},{"damage":0,"enemies":"Spire Growth","floor":39,"turns":2},{"damage":0,"enemies":"Sphere and 2 Shapes","floor":43,"turns":1},{"damage":0,"enemies":"3 Darklings","floor":46,"turns":1},{"damage":0,"enemies":"Nemesis","floor":47,"turns":2},{"damage":0,"enemies":"Writhing Mass","floor":48,"turns":2},{"damage":0,"enemies":"Maw","floor":49,"turns":2},{"damage":0,"enemies":"downfall:Silent","floor":50,"turns":2},{"damage":0,"enemies":"downfall:CharBossMerchant","floor":52,"turns":2},{"damage":0,"enemies":"downfall:NeowBoss","floor":55,"turns":10}],"seed_played":"7888319634130004233","potions_obtained":[{"floor":9,"key":"GamblersBrew"},{"floor":15,"key":"Swift Potion"},{"floor":23,"key":"Fruit Juice"},{"floor":31,"key":"Dexterity Potion"},{"floor":32,"key":"Dexterity Potion"},{"floor":33,"key":"Guardian:BlockOnCardUsePotion"},{"floor":36,"key":"FairyPotion"},{"floor":37,"key":"EntropicBrew"}],"is_trial":false,"path_per_floor":["R","M","?","$","M","M","T","M","M","R","?","M","R","$","M","B",null,"R","?","M","M","$","E","T","?","$","?","M","R","T","E","M","B",null,"R","M","M","?","M","R","T","$","M","$","R","M","E","M","M","B",null,"E","$","R","B",null],"character_chosen":"GUARDIAN","items_purchased":["Guardian:FloatingOrbs+1","Guardian:SackOfGems","Tiny Chest","DollysMirror","Dead Branch","Vajra","Bottled Tornado","StrikeDummy","Meat on the Bone","CeramicFish","Akabeko","Toy Ornithopter","FossilizedHelix","WingedGreaves","HornCleat","Darkstone Periapt","Blood Vial","Oddly Smooth Stone","Mango","Omamori","Bronze Scales","Nunchaku","Boot","Eternal Feather","Lizard Tail","Anchor","MealTicket","Mercury Hourglass","InkBottle","Bottled Lightning","Matryoshka","Strawberry","Bird Faced Urn","Dream Catcher","Turnip","Lantern","Pear","Juzu Bracelet","Bag of Marbles","PreservedInsect","Du-Vu Doll","Pen Nib","Potion Belt","Regal Pillow","Orichalcum","Guardian:PickAxe","Singing Bowl","Blue Candle","Ancient Tea Set","Peace Pipe","Pantograph","Art of War","War Paint","TungstenRod","Thread and Needle","Sundial","Bottled Flame","Kunai","Prayer Wheel","Calipers","Gremlin Horn","CaptainsWheel","TheAbacus","Torii","Shuriken","Ice Cream","Shovel","Incense Burner","Ornamental Fan","Ginger","StoneCalendar","HandDrill","Sling"],"campfire_rested":1,"item_purchase_floors":[14,14,14,14,14,14,14,14,14,14,14,14,14,14,14,14,22,22,22,22,22,22,22,22,22,22,22,22,22,22,22,22,22,22,22,22,22,22,22,22,22,22,22,22,22,22,22,22,22,22,22,22,22,22,22,22,22,22,22,22,26,26,26,26,26,26,26,26,26,26,26,44,53],"current_hp_per_floor":[80,80,80,80,80,69,69,60,58,58,58,51,61,61,61,66,95,95,67,58,58,89,107,107,107,122,122,136,141,141,145,149,149,149,149,153,157,150,156,157,157,157,165,165,165,165,167,167,171,171,171,173,173,173,173],"gold":62,"neow_bonus":"THREE_ENEMY_KILL","is_daily":false,"chose_seed":false,"campfire_upgraded":4,"win_rate":0.0,"timestamp":1609030510,"path_taken":["R","M","?","$","M","M","T","M","M","R","?","M","R","$","M","BOSS","R","?","M","M","$","E","T","?","$","?","M","R","?","E","M","BOSS","R","M","M","?","M","R","T","$","M","$","R","M","E","M","M","BOSS","E","$","R","BOSS"],"items_purchased_type":["Card","Relic","Relic","Relic","Relic","Relic","Relic","Relic","Relic","Relic","Relic","Relic","Relic","Relic","Relic","Relic","Relic","Relic","Relic","Relic","Relic","Relic","Relic","Relic","Relic","Relic","Relic","Relic","Relic","Relic","Relic","Relic","Relic","Relic","Relic","Relic","Relic","Relic","Relic","Relic","Relic","Relic","Relic","Relic","Relic","Relic","Relic","Relic","Relic","Relic","Relic","Relic","Relic","Relic","Relic","Relic","Relic","Relic","Relic","Relic","Relic","Relic","Relic","Relic","Relic","Relic","Relic","Relic","Relic","Relic","Relic","Relic","Relic"],"build_version":"2020-12-22","purchased_purges":3,"victory":true,"max_hp_per_floor":[80,80,80,80,80,80,80,80,80,80,80,80,90,90,90,90,95,95,95,95,95,126,133,133,133,133,133,141,141,141,145,149,149,149,149,153,157,157,157,157,157,157,165,165,165,165,167,167,171,171,171,173,173,173,173],"card_choices":[{"not_picked":["Guardian:Harden","Guardian:DonusPower"],"picked":"Guardian:WalkerClaw","floor":2.0},{"not_picked":["Guardian:ChargeCore","Guardian:TemporalStrike"],"picked":"Guardian:PolyBeam","floor":4},{"not_picked":["Guardian:Reroute","Guardian:Incinerate"],"picked":"Guardian:WalkerClaw","floor":5},{"not_picked":["Guardian:Reroute+1","Guardian:ShieldSpikes+1"],"picked":"Guardian:BronzeArmor+1","floor":6},{"not_picked":["Guardian:PolyBeam+1","Guardian:TemporalStrike+1"],"picked":"Guardian:WalkerClaw+1","floor":8},{"not_picked":["Guardian:PrismaticBarrier+1","Guardian:Harden+1","Guardian:Incinerate+1"],"picked":"SKIP","floor":9},{"not_picked":["Guardian:RollAttack+1","Guardian:Incinerate+1"],"picked":"Guardian:SpikerProtocol+1","floor":12},{"not_picked":["Guardian:BronzeArmor+1","Guardian:Suspension+1"],"picked":"Guardian:Gem_White","floor":14},{"not_picked":["Guardian:Preprogram+1","Guardian:VentSteam+1"],"picked":"Guardian:Gem_Green","floor":15},{"not_picked":["Guardian:RevengeProtocol+1","Guardian:ExploitGems+1"],"picked":"Guardian:TimeSifter+1","floor":16},{"not_picked":["Guardian:ShieldCharger+1","Guardian:PrimingBeam+1"],"picked":"Guardian:Gem_Fragmented","floor":17},{"not_picked":["Guardian:TemporalShield+1","Guardian:TemporalStrike+1","Guardian:Suspension+1"],"picked":"SKIP","floor":20},{"not_picked":["Guardian:VentSteam+1","Guardian:TemporalShield+1","Guardian:Preprogram+1"],"picked":"SKIP","floor":21},{"not_picked":["Guardian:Emergency+1","Guardian:Repulse+1"],"picked":"Guardian:GuardianWhirl+1","floor":22},{"not_picked":["Guardian:TemporalShield+1","Guardian:Gem_Lightblue","Guardian:ShieldSpikes+1"],"picked":"Singing Bowl","floor":23},{"not_picked":["Guardian:CrystalBeam+1","Guardian:Gem_Lightblue","Guardian:ArmoredProtocol+1","Guardian:Gem_Blue"],"picked":"Singing Bowl","floor":28},{"not_picked":["Guardian:Planning+1","Guardian:VentSteam+1","Guardian:Gem_Green","Guardian:Gem_Cyan"],"picked":"Singing Bowl","floor":28},{"not_picked":["Guardian:Gem_Lightblue","Guardian:Gem_Blue","Guardian:Reroute+1"],"picked":"Guardian:DonusPower+1","floor":31},{"not_picked":["Guardian:PiercingHide+1","Guardian:WalkerClaw+1","Guardian:Incinerate+1","Guardian:Recover+1"],"picked":"Singing Bowl","floor":32},{"not_picked":["Guardian:PrismaticBarrier+1","Guardian:FloatingOrbs+1","Guardian:TimeCapacitor+1","Guardian:PolyBeam+1"],"picked":"Singing Bowl","floor":32},{"not_picked":["Guardian:StasisStrike+1","Guardian:ConstructionForm+1","Guardian:HyperBeam_Guardian+1"],"picked":"Guardian:AncientConstruct+1","floor":33},{"not_picked":["Guardian:Planning+1","Guardian:Reroute+1","Guardian:Repulse+1","Guardian:Gem_Red"],"picked":"Singing Bowl","floor":36},{"not_picked":["Guardian:Planning+1","Guardian:ChargeUp+1","Guardian:PrimingBeam+1","Guardian:Clone+1"],"picked":"Singing Bowl","floor":36},{"not_picked":["Guardian:ShieldSpikes+1","Guardian:DecasProtection+1","Guardian:Gem_Blue","Guardian:VentSteam+1"],"picked":"Singing Bowl","floor":37},{"not_picked":["Guardian:SentryBeam+1","Guardian:PiercingHide+1","Guardian:ConstructionForm+1","Guardian:TemporalStrike+1"],"picked":"Singing Bowl","floor":37},{"not_picked":["Guardian:Reroute+1","Guardian:Recover+1","Guardian:Repulse+1","Guardian:RefractedBeam+1"],"picked":"SKIP","floor":39},{"not_picked":["Guardian:ChargeCore+1","Guardian:SentryBeam+1","Guardian:Gem_Crimson","Guardian:CrystalBeam+1"],"picked":"SKIP","floor":39},{"not_picked":["Guardian:WalkerClaw+1","Guardian:Gem_White","Guardian:PrismaticBarrier+1","Guardian:VentSteam+1"],"picked":"Singing Bowl","floor":43},{"not_picked":["Guardian:Gem_Lightblue","Guardian:Harden+1","Guardian:Reroute+1","Guardian:Gem_Red"],"picked":"Singing Bowl","floor":43},{"not_picked":["Guardian:EvasiveProtocol+1","Guardian:Planning+1","Guardian:TemporalShield+1"],"picked":"Guardian:RollAttack+1","floor":45},{"not_picked":["Guardian:BronzeArmor+1","Guardian:Planning+1","Guardian:CrystalBeam+1","Guardian:GuardianWhirl+1"],"picked":"SKIP","floor":46},{"not_picked":["Guardian:Emergency+1","Guardian:BronzeOrb+1","Guardian:Suspension+1","Guardian:SphericShield+1"],"picked":"SKIP","floor":46},{"not_picked":["Guardian:TimeBomb+1","Guardian:CrystalBeam+1","Guardian:Repulse+1","Guardian:ArmoredProtocol+1"],"picked":"Singing Bowl","floor":47},{"not_picked":["Guardian:VentSteam+1","Guardian:PrimingBeam+1","Guardian:Recover+1","Guardian:SpikerProtocol+1"],"picked":"SKIP","floor":48},{"not_picked":["Guardian:Reroute+1","Guardian:BronzeArmor+1","Guardian:TemporalStrike+1","Guardian:MultiBeam+1"],"picked":"SKIP","floor":48},{"not_picked":["Guardian:TimeCapacitor+1","Guardian:TemporalStrike+1","Guardian:TimeBomb+1","Guardian:VentSteam+1"],"picked":"Singing Bowl","floor":49},{"not_picked":["Guardian:HyperBeam_Guardian+1","Guardian:Clone+1","Guardian:BronzeOrb+1","Guardian:PiercingHide+1"],"picked":"Singing Bowl","floor":49},{"not_picked":["Guardian:PolyBeam+1","Guardian:Gem_Cyan","Guardian:ChargeCore+1","Guardian:SentryBeam+1"],"picked":"Singing Bowl","floor":52}],"player_experience":293347,"relics_obtained":[{"floor":23,"key":"Question Card"},{"floor":24,"key":"Frozen Egg 2"},{"floor":24,"key":"White Beast Statue"},{"floor":29,"key":"Circlet"},{"floor":30,"key":"Circlet"},{"floor":30,"key":"Circlet"},{"floor":31,"key":"Circlet"},{"floor":34,"key":"Circlet"},{"floor":34,"key":"Circlet"},{"floor":34,"key":"Circlet"},{"floor":35,"key":"Circlet"},{"floor":41,"key":"Circlet"},{"floor":47,"key":"Circlet"},{"floor":52,"key":"Circlet"},{"floor":54,"key":"Circlet"}],"event_choices":[{"cards_removed":["Guardian:Strike_Guardian"],"damage_healed":0.0,"max_hp_gain":0.0,"max_hp_loss":0.0,"gold_gain":0.0,"event_name":"The Cleric","player_choice":"Card Removal","floor":3.0,"gold_loss":0.0,"damage_taken":0.0},{"damage_healed":0,"gold_gain":0,"player_choice":"Read","damage_taken":0,"max_hp_gain":0,"max_hp_loss":0,"event_name":"The Library","floor":27,"gold_loss":0,"cards_obtained":["Guardian:EvasiveProtocol"]}],"is_beta":false,"boss_relics":[{"not_picked":["downfall:Hecktoplasm","Pandora\u0027s Box"],"picked":"Tiny House"},{"not_picked":["Philosopher\u0027s Stone","Guardian:ModeShifterPlus"],"picked":"Calling Bell"}],"items_purged_floors":[22,22,22],"is_endless":false,"potions_floor_spawned":[6,9,15,21,23,28,31,32,33,36,37,39,43,46,47,48,49,52],"ascension_level":0}}