{"host":"yludllxm6rzdxpbb","time":1609103891,"event":{"mods":["BaseMod","Better Third Choice","BetterRewards","Colored Map","Colored Powertips","Hermit","Hubris","Infinite Spire","Minty Spire (QoL Compilation)","Quick Restart","Replay The Spire","StSLib","The Hierophant","The Necromancer"],"gold_per_floor":[117,8,8,8,20,51,51,61,84,0,12,70,70,70,70,166,166,184,184,184,200,216,245,245,265,265,295,295,324,340,365,365,466,466,478,489,509,520,520,520],"floor_reached":39,"playtime":1806,"items_purged":[],"score":484,"play_id":"e534e7f3-acbb-4328-98e3-e2b24e2d6f0a","local_time":"20201228001811","is_ascension_mode":true,"campfire_choices":[{"data":"Static Discharge","floor":7,"key":"SMITH"},{"floor":13,"key":"REST"},{"floor":15,"key":"RECALL"},{"floor":24,"key":"REST"},{"floor":28,"key":"REST"},{"data":"Normality","floor":32,"key":"PURGE"}],"circlet_count":0,"master_deck":["Strike_B","Strike_B","Strike_B","Strike_B","Defend_B","Defend_B","Defend_B","Defend_B","Zap","Dualcast","Static Discharge+1","Defragment+1","Ball Lightning","Hologram","Compile Driver","Streamline","Enlightenment","Self Repair","Electrodynamics","hubris:PowerSurge+1","infinitespire:Starlight","ReplaySolidLightProjector+1","BasicCrystalCard+1","Coolheaded+1","Darkness+1","Sunder","Leap","White Noise","Sweeping Beam","Fission","Blizzard+1","Go for the Eyes+1","Redo"],"relics":["Cracked Core","infinitespire:PuzzleCube","ReplayTheSpireMod:TigerMarble","Ring of Hypnosis","Fusion Hammer","hubris:ToyBattleship","Calipers","Replay:PocketPolymizer","Happy Flower","Peace Pipe","Black Star"],"acts_visited":["Exordium","TheCity","TheBeyond"],"potions_floor_usage":[31,31],"damage_taken":[{"damage":1,"enemies":"Jaw Worm","floor":1,"turns":3},{"damage":0,"enemies":"2 Louse","floor":5,"turns":2},{"damage":21,"enemies":"Lagavulin","floor":6,"turns":5},{"damage":15,"enemies":"Small Slimes","floor":8,"turns":2},{"damage":12,"enemies":"3 Louse","floor":11,"turns":3},{"damage":22,"enemies":"Slime Boss","floor":16,"turns":6},{"damage":15,"enemies":"Shell Parasite","floor":18,"turns":3},{"damage":0,"enemies":"3 Byrds","floor":21,"turns":3},{"damage":14,"enemies":"Centurion and Healer","floor":22,"turns":3},{"damage":36,"enemies":"Nightmare","floor":23,"turns":6},{"damage":2,"enemies":"Snecko","floor":25,"turns":4},{"damage":28,"enemies":"Book of Stabbing","floor":27,"turns":4},{"damage":6,"enemies":"Replay:Snechameleon","floor":29,"turns":2},{"damage":0,"enemies":"Chosen and Byrds","floor":30,"turns":3},{"damage":14,"enemies":"Slavers","floor":31,"turns":2},{"damage":57,"enemies":"Collector","floor":33,"turns":8},{"damage":20,"enemies":"3 Darklings","floor":35,"turns":2},{"damage":24,"enemies":"Orb Walker","floor":36,"turns":3},{"damage":34,"enemies":"Jaw Worm Horde","floor":37,"turns":3},{"damage":14,"enemies":"Sphere and 2 Shapes","floor":38,"turns":4},{"damage":50,"enemies":"4 Shapes","floor":39,"turns":3}],"seed_played":"3990839161201873029","potions_obtained":[{"floor":6,"key":"FearPotion"},{"floor":8,"key":"LifebloodPotion"},{"floor":11,"key":"Dexterity Potion"},{"floor":18,"key":"EssenceOfSteel"},{"floor":36,"key":"EssenceOfSteel"},{"floor":38,"key":"Milkshake"}],"is_trial":false,"path_per_floor":["M","$","?","?","M","E","R","M","T","?","M","?","R","?","R","B",null,"M","AVR","?","M","M","NM","R","M","T","E","R","E","M","E","R","B",null,"M","M","M","M","M"],"character_chosen":"DEFECT","items_purchased":["Defragment+1","Ball Lightning"],"campfire_rested":3,"item_purchase_floors":[2,2],"current_hp_per_floor":[81,81,81,74,74,53,53,38,38,44,32,32,58,58,58,40,88,80,80,80,80,66,47,73,88,88,77,88,82,88,74,74,27,88,75,51,27,30,0,0],"gold":520,"neow_bonus":"TEN_PERCENT_HP_BONUS","is_daily":false,"chose_seed":false,"campfire_upgraded":1,"win_rate":0.0,"timestamp":1609103891,"path_taken":["M","$","?","?","M","E","R","M","T","?","M","?","R","?","R","BOSS","M","AVR","?","M","M","NM","R","?","T","E","R","E","M","E","R","BOSS","M","M","?","M","M"],"items_purchased_type":["Card","Card"],"build_version":"2020-12-22","purchased_purges":0,"victory":false,"max_hp_per_floor":[82,82,82,82,82,82,82,82,82,88,88,88,88,88,88,88,88,88,88,88,88,88,88,88,88,88,88,88,88,88,88,88,88,88,88,88,88,88,88,88],"card_choices":[{"not_picked":["Steam Power","ReplaySolidLightProjector"],"picked":"Static Discharge","floor":1},{"not_picked":["Stack","Undo"],"picked":"Hologram","floor":5},{"not_picked":["Redo","Scrape"],"picked":"Compile Driver","floor":6},{"not_picked":["Turbo","Hologram"],"picked":"Streamline","floor":8},{"not_picked":["hubris:Ukulele","Compile Driver"],"picked":"Self Repair","floor":11},{"not_picked":["Seek","hubris:SpecializedCircuitry"],"picked":"Electrodynamics","floor":16},{"not_picked":["Cold Snap+1","Doom and Gloom+1"],"picked":"hubris:PowerSurge","floor":18},{"not_picked":["Hologram+1","ReplayTheSpireMod:System Scan"],"picked":"ReplaySolidLightProjector+1","floor":21},{"not_picked":["Go for the Eyes+1","Stack+1"],"picked":"BasicCrystalCard+1","floor":22},{"not_picked":["ReplayTheSpireMod:Reroute Power","ReplayTheSpireMod:Calculation Training"],"picked":"Coolheaded+1","floor":23},{"not_picked":["Conserve Battery","BasicCrystalCard"],"picked":"Darkness+1","floor":25},{"not_picked":["ReplaySort","ReplayTheSpireMod:Reroute Power"],"picked":"Sunder","floor":27},{"not_picked":["Stack+1","Aggregate"],"picked":"Leap","floor":29},{"not_picked":["Streamline","Rebound"],"picked":"White Noise","floor":30},{"not_picked":["Hologram+1","Reinforced Body+1"],"picked":"Sweeping Beam","floor":31},{"not_picked":["ReplayTheSpireMod:Fabricate Wheel","Seek"],"picked":"Fission","floor":33},{"not_picked":["Aggregate+1","Sweeping Beam+1"],"picked":"Blizzard+1","floor":35},{"not_picked":["Compile Driver","Gash+1"],"picked":"Go for the Eyes+1","floor":36},{"not_picked":["Turbo+1","Blizzard+1","ReplayTheSpireMod:System Scan+1"],"picked":"SKIP","floor":37},{"not_picked":["Capacitor","hubris:PowerSurge"],"picked":"Redo","floor":38}],"player_experience":294027,"relics_obtained":[{"floor":6,"key":"ReplayTheSpireMod:TigerMarble"},{"floor":14,"key":"Ring of Hypnosis"},{"floor":23,"key":"hubris:ToyBattleship"},{"floor":26,"key":"Calipers"},{"floor":27,"key":"Replay:PocketPolymizer"},{"floor":29,"key":"Happy Flower"},{"floor":31,"key":"Peace Pipe"}],"event_choices":[{"damage_healed":0,"gold_gain":0,"player_choice":"Relic ","damage_taken":7,"max_hp_gain":0,"max_hp_loss":0,"event_name":"betterThird:BetterScrap","floor":4,"gold_loss":0,"cards_obtained":["Massacre"]},{"damage_healed":0,"gold_gain":0,"player_choice":"RENOUNCE","damage_taken":84,"max_hp_gain":0,"max_hp_loss":0,"event_name":"betterThird:BetterSerpent","floor":10,"gold_loss":84,"cards_obtained":["Enlightenment"]},{"damage_healed":0,"gold_gain":58,"player_choice":"Gained Gold","damage_taken":0,"max_hp_gain":0,"max_hp_loss":0,"event_name":"Golden Wing","floor":12,"gold_loss":0},{"damage_healed":0,"gold_gain":0,"player_choice":"Forge","damage_taken":0,"max_hp_gain":0,"max_hp_loss":0,"event_name":"Accursed Blacksmith","floor":20,"gold_loss":0,"cards_upgraded":["hubris:PowerSurge"]}],"is_beta":false,"boss_relics":[{"not_picked":["hubris:TerracottaHorce","Empty Cage"],"picked":"Fusion Hammer"},{"not_picked":["hubris:BlackHole","ChewingGum"],"picked":"Black Star"}],"items_purged_floors":[],"is_endless":true,"potions_floor_spawned":[6,8,11,18,22,23,27,29,36,38],"killed_by":"4 Shapes","ascension_level":1}}