{"host":"w0w6jcqjdtkzk2bw","time":1609039752,"event":{"mods":["2.2 Compatiblity","AchievementEnabler","BaseMod","BetterRewards","Colored Map","Colored Powertips","DeckTracker","Downfall","Energized Spire","Friendly Minions","Highlight Path","Hubris","Infinite Spire","Marisa????????","Minty Spire (QoL Compilation)","Permanent Neow","Quick Restart","Shade Mod","StSLib","Synergy Search","Td1madao Mod","The Administrix","The Gatherer","The Runesmith","The Spell Scribe","TheFirefly"],"gold_per_floor":[115,127,137,312,312,347,428,446,446,461,486,166,166,179,179,281,281,296,308,158,169,182,196,220,238,251,265,3,3,3,35,35,138,138,156,176,196,135,135,161,184,184,184,184,184,201,201,215,215,215],"floor_reached":51,"playtime":4010,"items_purged":[],"score":793,"play_id":"30f79b30-3a8f-41d5-9be6-5557835b914b","local_time":"20201226222912","is_ascension_mode":false,"campfire_choices":[{"floor":9,"key":"REST"},{"floor":13,"key":"REST"},{"data":"Guardian:DecasProtection","floor":15,"key":"SMITH"},{"floor":30,"key":"RECALL"},{"data":"Guardian:StasisStrike","floor":32,"key":"SMITH"},{"floor":42,"key":"REST"},{"floor":49,"key":"REST"}],"circlet_count":0,"master_deck":["Guardian:Strike_Guardian","Guardian:Strike_Guardian","Guardian:Strike_Guardian","Guardian:Strike_Guardian","Guardian:Defend_Guardian","Guardian:Defend_Guardian","Guardian:Defend_Guardian","Guardian:Defend_Guardian","Guardian:CurlUp","Guardian:TwinSlam","expansioncontent:Flail","Guardian:FloatingOrbs","Guardian:VentSteam","Guardian:ChargeUp","Doubt","Guardian:Preprogram","Guardian:DecasProtection+1","Guardian:Harden","Guardian:EvasiveProtocol","Guardian:EvasiveProtocol","Guardian:BronzeArmor","Guardian:StasisStrike+1","Guardian:FastForward","Guardian:StasisStrike","Guardian:ArmoredProtocol","Guardian:CrystalBeam+1","Guardian:PrimingBeam","Guardian:FloatingOrbs+1","Guardian:Incinerate","Guardian:SpikerProtocol+1","Guardian:CrystalBeam","Guardian:DonusPower","Guardian:AncientConstruct","Guardian:ChargeUp+1","Guardian:TemporalShield","Guardian:FloatingOrbs+1","Guardian:Harden+1","Guardian:StasisField","Guardian:FloatingOrbs","Guardian:PolyBeam+1","Guardian:Aged","Guardian:VentSteam+1","Guardian:DonusPower","Guardian:BronzeArmor"],"relics":["Guardian:ModeShifter","Runesmith:AutoHammer","hubris:SphereOfDissonance","infinitespire:Joker Card","hubris:BlackHole","Bronze Scales","Boot","Red Mask","Blood Vial","infinitespire:ShieldingShard","Guardian:StasisEgg","Dead Branch","hubris:Towel"],"acts_visited":["Exordium","TheCity","TheBeyond"],"potions_floor_usage":[6,10,11,12,25,27],"damage_taken":[{"damage":0,"enemies":"Jaw Worm","floor":1,"turns":4},{"damage":0,"enemies":"Small Slimes","floor":2,"turns":2},{"damage":6,"enemies":"Cultist","floor":3,"turns":3},{"damage":19,"enemies":"3 Sentries","floor":6,"turns":6},{"damage":12,"enemies":"3 Louse","floor":8,"turns":2},{"damage":8,"enemies":"Exordium Thugs","floor":10,"turns":3},{"damage":12,"enemies":"Gremlin Nob","floor":11,"turns":4},{"damage":10,"enemies":"downfall:FleeingMerchant","floor":12,"turns":4},{"damage":14,"enemies":"Large Slime","floor":14,"turns":7},{"damage":19,"enemies":"downfall:Watcher","floor":16,"turns":9},{"damage":0,"enemies":"Shell Parasite","floor":18,"turns":3},{"damage":35,"enemies":"Spheric Guardian","floor":19,"turns":6},{"damage":0,"enemies":"Centurion and Healer","floor":21,"turns":5},{"damage":5,"enemies":"Snake Plant","floor":22,"turns":3},{"damage":6,"enemies":"Shelled Parasite and Fungi","floor":23,"turns":5},{"damage":0,"enemies":"Snecko","floor":25,"turns":3},{"damage":15,"enemies":"Snake Plant","floor":26,"turns":2},{"damage":12,"enemies":"3 Cultists","floor":27,"turns":4},{"damage":0,"enemies":"downfall:FleeingMerchant","floor":28,"turns":4},{"damage":0,"enemies":"Masked Bandits","floor":31,"turns":3},{"damage":12,"enemies":"downfall:Silent","floor":33,"turns":4},{"damage":11,"enemies":"3 Shapes","floor":35,"turns":3},{"damage":0,"enemies":"Orb Walker","floor":36,"turns":1},{"damage":10,"enemies":"Sphere and 2 Shapes","floor":37,"turns":4},{"damage":2,"enemies":"downfall:FleeingMerchant","floor":38,"turns":4},{"damage":43,"enemies":"Reptomancer","floor":40,"turns":6},{"damage":0,"enemies":"3 Darklings","floor":46,"turns":2},{"damage":0,"enemies":"Maw","floor":48,"turns":3},{"damage":0,"enemies":"downfall:Defect","floor":50,"turns":4}],"seed_played":"-5143788663405369416","potions_obtained":[{"floor":1,"key":"CultistPotion"},{"floor":2,"key":"Explosive Potion"},{"floor":5,"key":"downfall:CursedFountainPotion"},{"floor":6,"key":"DistilledChaos"},{"floor":14,"key":"Guardian:StasisDiscoveryPotion"},{"floor":18,"key":"FearPotion"},{"floor":19,"key":"Explosive Potion"},{"floor":23,"key":"AttackPotion"},{"floor":27,"key":"Dexterity Potion"},{"floor":29,"key":"CultistPotion"},{"floor":35,"key":"Strength Potion"},{"floor":46,"key":"Explosive Potion"}],"is_trial":false,"path_per_floor":["M","M","M","?","?","E","T","M","R","M","E","$","R","M","R","B",null,"M","M","?","M","M","M","T","M","M","M","$","?","R","?","R","B",null,"M","M","M","$","?","E","T","R","?","T","?","M","?","M","R","B",null],"character_chosen":"GUARDIAN","items_purchased":["Guardian:EvasiveProtocol","Guardian:BronzeArmor","Guardian:StasisStrike","Boot","Guardian:CrystalBeam","Guardian:Gem_Crimson","Blood Vial","Guardian:StasisField","Guardian:FloatingOrbs"],"campfire_rested":4,"item_purchase_floors":[12,12,12,28,28,28,38,38,38],"current_hp_per_floor":[80,80,74,74,74,55,55,43,67,59,47,37,61,47,47,28,80,80,45,90,90,85,79,79,79,64,52,52,52,52,52,52,40,90,79,79,69,67,67,26,26,53,53,53,53,55,55,57,84,86],"gold":215,"neow_bonus":"RANDOM_COLORLESS","is_daily":false,"chose_seed":false,"campfire_upgraded":2,"win_rate":0.0,"timestamp":1609039752,"path_taken":["M","M","M","?","?","E","T","M","R","M","E","$","R","?","R","BOSS","M","M","?","M","M","M","T","M","M","M","?","?","R","?","R","BOSS","M","M","M","$","?","E","T","R","?","?","?","?","?","M","R","BOSS"],"items_purchased_type":["Card","Card","Card","Relic","Card","Card","Relic","Card","Card"],"build_version":"2020-12-22","purchased_purges":0,"victory":true,"max_hp_per_floor":[80,80,80,80,80,80,80,80,80,80,80,80,80,80,80,80,80,80,80,90,90,90,90,90,90,90,90,90,90,90,90,90,90,90,90,90,90,90,90,90,90,90,90,90,90,90,90,90,90,90],"card_choices":[{"not_picked":["expansioncontent:GoopSpray","expansioncontent:BronzeBeam"],"picked":"expansioncontent:Flail","floor":0},{"not_picked":["Guardian:EvasiveProtocol","Guardian:PiercingHide"],"picked":"Guardian:FloatingOrbs","floor":1},{"not_picked":["Guardian:TimeBomb","Guardian:CrystalBeam"],"picked":"Guardian:VentSteam","floor":2},{"not_picked":["Guardian:Recover","Guardian:RollAttack"],"picked":"Guardian:ChargeUp","floor":3},{"not_picked":["Guardian:ShieldSpikes","Guardian:FastForward"],"picked":"Guardian:Gem_White","floor":6},{"not_picked":["Guardian:BronzeArmor","Guardian:WalkerClaw"],"picked":"Guardian:Preprogram","floor":8},{"not_picked":["Guardian:Recover","Guardian:Planning"],"picked":"Guardian:DecasProtection","floor":10},{"not_picked":["Guardian:Gem_Fragmented","Guardian:ArmoredProtocol"],"picked":"Guardian:Harden","floor":11},{"not_picked":["Guardian:Recover","Guardian:Planning"],"picked":"Guardian:EvasiveProtocol","floor":12},{"not_picked":["Guardian:RollAttack","Guardian:PiercingHide"],"picked":"Guardian:FastForward","floor":14},{"not_picked":["Guardian:BaubleBeam","Guardian:ConstructionForm"],"picked":"Guardian:StasisStrike","floor":16},{"not_picked":["Guardian:Gem_Cyan","Guardian:Incinerate"],"picked":"Guardian:ArmoredProtocol","floor":18},{"not_picked":["Guardian:Gem_Cyan","Guardian:Gem_Purple"],"picked":"Guardian:Gem_Red","floor":19},{"not_picked":["Guardian:Gem_Lightblue","Guardian:ChargeCore"],"picked":"Guardian:CrystalBeam+1","floor":21},{"not_picked":["Guardian:Gem_Cyan","Guardian:Gem_Lightblue"],"picked":"Guardian:Gem_Synthetic","floor":22},{"not_picked":["Guardian:Gem_Purple","Guardian:Gem_Lightblue"],"picked":"Guardian:PrimingBeam","floor":23},{"not_picked":["Guardian:BaubleBeam","Guardian:Gem_Fragmented"],"picked":"Guardian:FloatingOrbs+1","floor":25},{"not_picked":["Guardian:WalkerClaw","Guardian:Planning"],"picked":"Guardian:Incinerate","floor":26},{"not_picked":["Guardian:Gem_Lightblue","Guardian:PrimingBeam"],"picked":"Guardian:SpikerProtocol+1","floor":27},{"not_picked":["Guardian:ShieldCharger","Guardian:Gem_Fragmented"],"picked":"Guardian:Gem_White","floor":28},{"not_picked":["Guardian:Gem_Red","Guardian:ArmoredProtocol"],"picked":"Guardian:DonusPower","floor":31},{"not_picked":["Guardian:Gem_Orange","Guardian:FastForward"],"picked":"Guardian:AncientConstruct","floor":33},{"not_picked":["Guardian:MultiBeam+1","Guardian:Incinerate+1"],"picked":"Guardian:ChargeUp+1","floor":35},{"not_picked":["Guardian:TemporalStrike","Guardian:Reroute"],"picked":"Guardian:TemporalShield","floor":36},{"not_picked":["Guardian:TemporalStrike","Guardian:Emergency+1"],"picked":"Guardian:FloatingOrbs+1","floor":37},{"not_picked":["Guardian:PrimingBeam+1","Guardian:ChargeCore"],"picked":"Guardian:Harden+1","floor":38},{"not_picked":["Guardian:ShieldCharger","Guardian:HyperBeam_Guardian"],"picked":"Guardian:PolyBeam+1","floor":40},{"not_picked":["Guardian:ShieldCharger","Guardian:Gem_Lightblue"],"picked":"Guardian:VentSteam+1","floor":46},{"not_picked":["Guardian:PiercingHide+1","Guardian:Gem_Orange"],"picked":"Guardian:BronzeArmor","floor":48}],"player_experience":412373,"relics_obtained":[{"floor":6,"key":"Runesmith:AutoHammer"},{"floor":7,"key":"hubris:SphereOfDissonance"},{"floor":11,"key":"infinitespire:Joker Card"},{"floor":24,"key":"Bronze Scales"},{"floor":31,"key":"Red Mask"},{"floor":40,"key":"infinitespire:ShieldingShard"},{"floor":44,"key":"Dead Branch"}],"event_choices":[{"damage_healed":0,"gold_gain":0,"player_choice":"Fought Bandits","damage_taken":0,"max_hp_gain":0,"max_hp_loss":0,"event_name":"Masked Bandits","floor":31,"gold_loss":0}],"is_beta":false,"boss_relics":[{"not_picked":["energizedSpire:OgreHead","Runic Pyramid"],"picked":"hubris:BlackHole"},{"not_picked":["hubris:RunicObelisk","Velvet Choker","Cursed Key"]}],"items_purged_floors":[],"is_endless":false,"potions_floor_spawned":[1,2,6,8,14,18,19,23,27,35,46,48],"ascension_level":0}}