{"host":"u3zhfyeznnb1kiy1","time":1609087817,"event":{"mods":["BaseMod","Colored Map","Colored Powertips","Downfall","GifTheSpireLib","Highlight Path","Minty Spire (QoL Compilation)","StSLib"],"gold_per_floor":[99,111,128,146,146,157,157,32,32,32,60,10,10,0,16,119,119,69,87,87,99,109,144,168,188,29,56,74,274,74,91,109,213,213,163,181,196,196,118,118,118,136,163,163,88,38,38,38,57,57,57,82,44,44,44],"floor_reached":56,"playtime":6103,"items_purged":["Pain"],"score":1242,"play_id":"28242f1d-25ab-48ea-b5a2-8871fe551ca5","local_time":"20201227115017","is_ascension_mode":false,"campfire_choices":[{"floor":1.0,"key":"RECALL"},{"data":"Slimebound:CorrosiveSpit","floor":8.0,"key":"SMITH"},{"data":"Slimebound:MegaLick","floor":12.0,"key":"SMITH"},{"data":"Slimebound:RallyTheTroops","floor":18.0,"key":"SMITH"},{"data":"Slimebound:SlimeBrawl","floor":30.0,"key":"SMITH"},{"data":"Slimebound:MinionMaster","floor":35,"key":"SMITH"},{"data":"Slimebound:SplitLeeching","floor":46,"key":"SMITH"},{"data":"Slimebound:Darklings","floor":54,"key":"SMITH"}],"circlet_count":0,"master_deck":["Slimebound:Strike_Slimebound","Slimebound:Strike_Slimebound+1","Slimebound:Defend_Slimebound","Slimebound:Defend_Slimebound","Slimebound:Defend_Slimebound","Slimebound:Defend_Slimebound","Slimebound:Split","Slimebound:CorrosiveSpit+1","Slimebound:RejuvenatingLick","Slimebound:SplitBruiser","Slimebound:LeechEnergy+1","Slimebound:SplitAcid","Slimebound:LevelUp","Slimebound:MegaLick+1","Slimebound:RallyTheTroops+1","Slimebound:SplitMire","Slimebound:RallyTheTroops","Slimebound:SlimeBarrage+1","Slimebound:Repurpose+1","Slimebound:SlimeTap","Slimebound:SlimeBrawl+1","Slimebound:MegaLick+1","Slimebound:LeadByExample+1","hexamod:Haunted","Slimebound:LevelUp+1","Slimebound:MinionMaster+1","Slimebound:TagTeam","Slimebound:SplitBruiser","Slimebound:Gluttony","Flash of Steel","Slimebound:CorrosiveSpit+1","Violence","Slimebound:SplitLeeching+1","Slimebound:PressTheAttack+1","Slimebound:Darklings+1","expansioncontent:Flail","expansioncontent:DecasProtection","expansioncontent:DefensiveStance","Slimebound:LeechingTouch+1","Slimebound:Replication"],"relics":["Slimebound:AbsorbEndCombat","Slimebound:GreedOozeRelic","Incense Burner","downfall:HeartBlessingRed","Gambling Chip","Bag of Marbles","Coffee Dripper","TungstenRod","Whetstone","Shuriken","downfall:HeartBlessingGreen","downfall:HeartBlessingBlue","Busted Crown","Darkstone Periapt","DollysMirror","WarpedTongs","Question Card","Pear","Mango"],"acts_visited":["Exordium","TheCity","TheBeyond","TheEnding"],"potions_floor_usage":[52,55],"damage_taken":[{"damage":12.0,"enemies":"Jaw Worm","floor":2.0,"turns":4.0},{"damage":7.0,"enemies":"2 Louse","floor":3.0,"turns":2.0},{"damage":18.0,"enemies":"Small Slimes","floor":4.0,"turns":2.0},{"damage":8.0,"enemies":"3 Louse","floor":6.0,"turns":2.0},{"damage":36.0,"enemies":"Gremlin Nob","floor":11.0,"turns":3.0},{"damage":17.0,"enemies":"downfall:FleeingMerchant","floor":14.0,"turns":4.0},{"damage":10.0,"enemies":"Gremlin Gang","floor":15.0,"turns":2.0},{"damage":30.0,"enemies":"downfall:Ironclad","floor":16.0,"turns":4.0},{"damage":8.0,"enemies":"3 Byrds","floor":19.0,"turns":2.0},{"damage":12.0,"enemies":"Spheric Guardian","floor":21.0,"turns":2.0},{"damage":6.0,"enemies":"Centurion and Healer","floor":22.0,"turns":2.0},{"damage":18.0,"enemies":"Book of Stabbing","floor":23.0,"turns":2.0},{"damage":12.0,"enemies":"Sentry and Sphere","floor":25.0,"turns":2.0},{"damage":3.0,"enemies":"downfall:FleeingMerchant","floor":26.0,"turns":4.0},{"damage":27.0,"enemies":"Slavers","floor":27.0,"turns":2.0},{"damage":10.0,"enemies":"Shelled Parasite and Fungi","floor":28.0,"turns":3.0},{"damage":14.0,"enemies":"Cultist and Chosen","floor":31.0,"turns":2.0},{"damage":0.0,"enemies":"Snecko","floor":32.0,"turns":2.0},{"damage":31.0,"enemies":"downfall:Defect","floor":33.0,"turns":5.0},{"damage":8,"enemies":"3 Darklings","floor":36,"turns":3},{"damage":17,"enemies":"3 Shapes","floor":37,"turns":2},{"damage":6,"enemies":"downfall:FleeingMerchant","floor":39,"turns":2},{"damage":29,"enemies":"Maw","floor":42,"turns":5},{"damage":32,"enemies":"Nemesis","floor":43,"turns":3},{"damage":19,"enemies":"4 Shapes","floor":49,"turns":4},{"damage":104,"enemies":"downfall:Silent","floor":50,"turns":5},{"damage":62,"enemies":"downfall:CharBossMerchant","floor":52,"turns":6},{"damage":66,"enemies":"downfall:NeowBoss","floor":55,"turns":16}],"seed_played":"2286749023437126095","potions_obtained":[{"floor":3.0,"key":"BlessingOfTheForge"},{"floor":6.0,"key":"CultistPotion"},{"floor":11.0,"key":"AttackPotion"},{"floor":16.0,"key":"AttackPotion"},{"floor":21.0,"key":"Regen Potion"},{"floor":25.0,"key":"Weak Potion"},{"floor":31.0,"key":"Ancient Potion"},{"floor":42,"key":"SpeedPotion"}],"is_trial":false,"path_per_floor":["R","M","M","M","?","M","T","R","?","?","E","R","?","$","M","B",null,"R","M","?","M","M","E","T","M","$","E","M","?","R","M","M","B",null,"R","M","M","?","$","?","T","M","E","?","$","R","?","?","M","B",null,"E","$","R","B",null],"character_chosen":"SLIMEBOUND","items_purchased":["Whetstone","Flash of Steel","DollysMirror","Violence","Slimebound:Replication"],"campfire_rested":0,"item_purchase_floors":[26,39,39,39,53],"current_hp_per_floor":[60,56,59,54,54,52,52,52,57,54,36,36,36,39,41,43,65,65,65,65,65,65,65,65,65,65,60,65,65,75,69,75,59,75,75,75,63,63,75,81,81,74,74,74,74,74,65,65,76,18,91,83,83,83,81],"gold":44,"neow_bonus":"THREE_CARDS","is_daily":false,"chose_seed":false,"campfire_upgraded":7,"win_rate":0.0,"timestamp":1609087817,"path_taken":["R","M","M","M","?","M","T","R","?","?","E","R","?","$","M","BOSS","R","M","?","?","M","E","T","M","$","E","M","?","R","M","M","BOSS","R","M","M","?","$","?","T","?","E","?","$","R","?","?","M","BOSS","E","$","R","BOSS"],"items_purchased_type":["Relic","Card","Relic","Card","Card"],"build_version":"2020-12-22","purchased_purges":1,"victory":true,"max_hp_per_floor":[60,60,60,60,60,60,60,60,65,65,65,65,65,65,65,65,65,65,65,65,65,65,65,65,65,65,65,65,65,75,75,75,75,75,75,75,75,75,75,81,81,81,91,91,91,91,91,91,91,91,91,105,105,105,105],"card_choices":[{"not_picked":["Slimebound:SplitMire","Slimebound:Dissolve"],"picked":"Slimebound:RejuvenatingLick","floor":0.0},{"not_picked":["Slimebound:ViciousTackle","Slimebound:Schlurp"],"picked":"Slimebound:SplitBruiser","floor":2.0},{"not_picked":["Slimebound:Equalize","Slimebound:Replication"],"picked":"Slimebound:LeechEnergy","floor":3.0},{"not_picked":["Slimebound:Nibble","Slimebound:GrowthPunch"],"picked":"Slimebound:SplitAcid","floor":4.0},{"not_picked":["Slimebound:ViciousTackle","Slimebound:GoopTackle"],"picked":"Slimebound:LevelUp","floor":6.0},{"not_picked":["Slimebound:Chomp","Slimebound:Gluttony"],"picked":"Slimebound:MegaLick","floor":11.0},{"not_picked":["Slimebound:GoopSpray","Slimebound:Schlurp"],"picked":"Slimebound:RallyTheTroops","floor":14.0},{"not_picked":["Slimebound:Replication","Slimebound:ComboTackle"],"picked":"Slimebound:SplitMire","floor":15.0},{"not_picked":["Slimebound:OozeBath","Slimebound:Overexert"],"picked":"Slimebound:RallyTheTroops","floor":16.0},{"not_picked":["Slimebound:ItLooksTasty+1","Slimebound:FinishingTackle","Slimebound:PressTheAttack+1"],"picked":"SKIP","floor":19.0},{"not_picked":["Slimebound:Dissolve","Slimebound:RejuvenatingLick"],"picked":"Slimebound:SlimeBarrage+1","floor":21.0},{"not_picked":["Slimebound:RollThrough","Slimebound:LivingWall+1"],"picked":"Slimebound:Repurpose+1","floor":22.0},{"not_picked":["Slimebound:LeechingTouch","Slimebound:SplitAcid+1"],"picked":"Slimebound:SlimeTap","floor":23.0},{"not_picked":["Slimebound:GrowthPunch","Slimebound:Schlurp"],"picked":"Slimebound:SlimeBrawl","floor":25.0},{"not_picked":["Slimebound:LeechingTouch","Slimebound:BestDefense+1","Slimebound:FormOfPuddle"],"picked":"SKIP","floor":26.0},{"not_picked":["Slimebound:ViciousTackle+1","Slimebound:LeechingTouch+1"],"picked":"Slimebound:MegaLick+1","floor":27.0},{"not_picked":["Slimebound:GoopSpray","Slimebound:FlameTackle+1"],"picked":"Slimebound:LeadByExample+1","floor":28.0},{"not_picked":["Slimebound:GrowthPunch+1","Slimebound:SplitAcid+1"],"picked":"Slimebound:LevelUp+1","floor":31.0},{"not_picked":["Slimebound:GrowthPunch","Slimebound:RejuvenatingLick"],"picked":"Slimebound:MinionMaster","floor":32.0},{"not_picked":["Slimebound:MassRepurpose","Slimebound:LeechLife"],"picked":"Slimebound:TagTeam","floor":33.0},{"not_picked":[],"picked":"Slimebound:SplitBruiser","floor":36},{"not_picked":[],"picked":"Slimebound:Gluttony","floor":37},{"not_picked":["Slimebound:ViciousTackle+1"],"picked":"SKIP","floor":39},{"not_picked":["Slimebound:SlimeSpikes+1"],"picked":"Slimebound:SplitLeeching","floor":42},{"not_picked":["Slimebound:RollThrough+1"],"picked":"Slimebound:PressTheAttack+1","floor":43},{"not_picked":["expansioncontent:LastStand"],"picked":"expansioncontent:Flail","floor":47},{"not_picked":["expansioncontent:HyperBeam"],"picked":"expansioncontent:DecasProtection","floor":47},{"not_picked":["expansioncontent:ChargeUp"],"picked":"expansioncontent:DefensiveStance","floor":47},{"not_picked":["Slimebound:Gluttony"],"picked":"Slimebound:LeechingTouch+1","floor":49},{"not_picked":["Slimebound:PressTheAttack","Slimebound:Equalize+1"],"picked":"SKIP","floor":52}],"player_experience":1135002,"relics_obtained":[{"floor":7.0,"key":"Incense Burner"},{"floor":11.0,"key":"Bag of Marbles"},{"floor":23.0,"key":"TungstenRod"},{"floor":27.0,"key":"Shuriken"},{"floor":38,"key":"Darkstone Periapt"},{"floor":41,"key":"Question Card"},{"floor":43,"key":"Pear"},{"floor":52,"key":"Mango"}],"event_choices":[{"damage_healed":0.0,"max_hp_gain":5.0,"max_hp_loss":0.0,"gold_gain":0.0,"event_name":"Big Fish","player_choice":"Donut","floor":9.0,"gold_loss":0.0,"damage_taken":0.0},{"damage_healed":0.0,"max_hp_gain":0.0,"max_hp_loss":0.0,"gold_gain":0.0,"event_name":"Scrap Ooze","player_choice":"Success","floor":10.0,"gold_loss":0.0,"damage_taken":3.0,"relics_obtained":["Gambling Chip"]},{"cards_removed":["Slimebound:Tackle"],"damage_healed":0.0,"max_hp_gain":0.0,"max_hp_loss":0.0,"gold_gain":0.0,"event_name":"Purifier","player_choice":"Purged","floor":20.0,"gold_loss":0.0,"damage_taken":0.0},{"damage_healed":0,"gold_gain":0,"player_choice":"Rummage","damage_taken":0,"relics_obtained":["WarpedTongs"],"max_hp_gain":0,"max_hp_loss":0,"event_name":"Accursed Blacksmith","floor":40,"gold_loss":0,"cards_obtained":["Pain"]}],"is_beta":false,"boss_relics":[{"not_picked":["Runic Pyramid","Cursed Key"],"picked":"Coffee Dripper"},{"not_picked":["Black Star","Tiny House"],"picked":"Busted Crown"}],"items_purged_floors":[45],"is_endless":false,"potions_floor_spawned":[3,6,11,16,21,22,25,31,42],"ascension_level":0}}