{"host":"6kpik4p6m02tzjjt","time":1609036924,"event":{"mods":["BaseMod","Colored Map","Downfall","Minty Spire (QoL Compilation)","Quick Restart","Relic Stats","Replay The Spire","StSLib"],"gold_per_floor":[99,112,212,222,222,222,222,159,159,170,186,198,217,3,21,123,123,123,136,136,189,239,38,38,38,78,78,78],"floor_reached":26,"playtime":1756,"items_purged":[],"score":200,"play_id":"bd88be26-58f1-4960-bb6b-1571e859fa59","local_time":"20201226214204","is_ascension_mode":false,"campfire_choices":[{"data":"Slimebound:Split","floor":1,"key":"SMITH"},{"floor":18,"key":"DIG"},{"data":"Slimebound:PrepareCrush","floor":25,"key":"SMITH"}],"circlet_count":0,"master_deck":["Slimebound:Strike_Slimebound","Slimebound:Strike_Slimebound","Slimebound:Strike_Slimebound","Slimebound:Tackle","Slimebound:Defend_Slimebound+1","Slimebound:Defend_Slimebound","Slimebound:Defend_Slimebound","Slimebound:Defend_Slimebound","Slimebound:Split+1","Slimebound:CorrosiveSpit","Slimebound:SlimeTap+1","Slimebound:DivideAndConquer+1","Slimebound:SplitMire","Slimebound:DivideAndConquer","Slimebound:Schlurp","Slimebound:LeadByExample","Slimebound:SamplingLick","Slimebound:LeechLife","Slimebound:RallyTheTroops","Slimebound:LevelUp","Slimebound:Nibble","Slimebound:Prepare","Slimebound:SlimeBrawl","Slimebound:PrepareCrush+1","CurseOfTheBell","Slimebound:PressTheAttack","Slimebound:DivideAndConquer+1","Slimebound:ServeAndProtect+1","Slimebound:LevelUp","ReplayTheSpireMod:Necrogeddon"],"relics":["Slimebound:AbsorbEndCombat","Replay:Towering Pillar of Hats","Replay:Bottled Eggs","MealTicket","Calling Bell","Replay:Rubber Ducky","Mummified Hand","WingedGreaves","ReplayTheSpireMod:Lightbulb","downfall:KnowingSkull","ReplayTheSpireMod:TigerMarble"],"acts_visited":["Exordium","TheCity"],"potions_floor_usage":[13,13,23,23],"damage_taken":[{"damage":8,"enemies":"2 Louse","floor":2,"turns":3},{"damage":8,"enemies":"Cultist","floor":4,"turns":4},{"damage":16,"enemies":"downfall:FleeingMerchant","floor":8,"turns":4},{"damage":19,"enemies":"Jaw Worm","floor":10,"turns":2},{"damage":8,"enemies":"2 Fungi Beasts","floor":11,"turns":2},{"damage":12,"enemies":"Exordium Wildlife","floor":12,"turns":2},{"damage":25,"enemies":"Lots of Slimes","floor":13,"turns":4},{"damage":22,"enemies":"downfall:FleeingMerchant","floor":14,"turns":4},{"damage":30,"enemies":"Exordium Thugs","floor":15,"turns":4},{"damage":49,"enemies":"downfall:Defect","floor":16,"turns":5},{"damage":12,"enemies":"Chosen","floor":19,"turns":3},{"damage":19,"enemies":"Shell Parasite","floor":21,"turns":2},{"damage":36,"enemies":"Snake Plant","floor":22,"turns":4},{"damage":39,"enemies":"downfall:FleeingMerchant","floor":23,"turns":4},{"damage":56,"enemies":"3 Cultists","floor":26,"turns":4}],"seed_played":"7669945749692899707","potions_obtained":[{"floor":2,"key":"SkillPotion"},{"floor":10,"key":"Reflective Coating"},{"floor":12,"key":"Doom Potion"},{"floor":16,"key":"SkillPotion"},{"floor":21,"key":"PowerPotion"}],"is_trial":false,"path_per_floor":["R","M","?","M","?","?","T","$","?","M","M","M","M","$","M","B",null,"R_BF","M","?","M","M","$","T","R","M"],"character_chosen":"SLIMEBOUND","items_purchased":["Slimebound:DivideAndConquer","Slimebound:LevelUp","Slimebound:Nibble","Slimebound:Prepare","Slimebound:LevelUp","ReplayTheSpireMod:Necrogeddon"],"campfire_rested":0,"item_purchase_floors":[8,14,14,14,23,23],"current_hp_per_floor":[54,54,54,54,54,54,54,50,47,40,44,48,43,54,48,25,54,54,54,48,49,33,41,41,41,0,0,0],"gold":78,"neow_bonus":"ONE_RARE_RELIC","is_daily":false,"chose_seed":false,"campfire_upgraded":2,"win_rate":0.0,"timestamp":1609036924,"path_taken":["R","M","?","?","?","?","T","?","?","?","M","M","M","?","M","BOSS","R_BF","M","?","M","?","$","T","R","M"],"items_purchased_type":["Card","Card","Card","Card","Card","Card"],"build_version":"2020-12-22","purchased_purges":0,"victory":false,"max_hp_per_floor":[54,54,54,54,54,54,54,54,54,54,54,54,54,54,54,54,54,54,54,54,54,54,54,54,54,54,54,54],"relic_stats":{"counters":[15,50],"Mummified Hand":[10],"MealTicket":26,"obtain_stats":[{"Calling Bell":17,"Replay:Towering Pillar of Hats":0,"Mummified Hand":17,"MealTicket":9,"downfall:KnowingSkull":20,"WingedGreaves":17,"Slimebound:AbsorbEndCombat":0,"ReplayTheSpireMod:TigerMarble":24,"Replay:Bottled Eggs":7,"ReplayTheSpireMod:Lightbulb":18,"Replay:Rubber Ducky":17},{"Calling Bell":10,"Replay:Towering Pillar of Hats":0,"Mummified Hand":10,"MealTicket":3,"downfall:KnowingSkull":11,"WingedGreaves":10,"Slimebound:AbsorbEndCombat":0,"ReplayTheSpireMod:TigerMarble":14,"Replay:Bottled Eggs":2,"ReplayTheSpireMod:Lightbulb":10,"Replay:Rubber Ducky":10},{"Calling Bell":33,"Replay:Towering Pillar of Hats":0,"Mummified Hand":33,"MealTicket":11,"downfall:KnowingSkull":36,"WingedGreaves":33,"Slimebound:AbsorbEndCombat":0,"ReplayTheSpireMod:TigerMarble":46,"Replay:Bottled Eggs":7,"ReplayTheSpireMod:Lightbulb":33,"Replay:Rubber Ducky":33}]},"card_choices":[{"not_picked":["Slimebound:RollThrough","Slimebound:Schlurp"],"picked":"Slimebound:SlimeTap","floor":2},{"not_picked":["Slimebound:SlimeTap","Slimebound:Chomp"],"picked":"Slimebound:DivideAndConquer","floor":4},{"not_picked":["Slimebound:RejuvenatingLick","Slimebound:Grow"],"picked":"Slimebound:SplitMire","floor":8},{"not_picked":["Slimebound:GoopSpray","Slimebound:LeechingTouch"],"picked":"Slimebound:Schlurp","floor":10},{"not_picked":["Slimebound:AcidTongue","Slimebound:LevelUp"],"picked":"Slimebound:LeadByExample","floor":11},{"not_picked":["Slimebound:RollThrough","Slimebound:AcidTongue"],"picked":"Slimebound:SamplingLick","floor":12},{"not_picked":["Slimebound:LeechingTouch","Slimebound:RainOfGoop"],"picked":"Slimebound:LeechLife","floor":13},{"not_picked":["Slimebound:Overexert","Slimebound:SamplingLick"],"picked":"Slimebound:RallyTheTroops","floor":14},{"not_picked":["Slimebound:RollThrough","Slimebound:AcidTongue"],"picked":"Slimebound:SlimeBrawl","floor":15},{"not_picked":["Slimebound:WasteNot","Slimebound:SelfFormingGoo"],"picked":"Slimebound:PrepareCrush","floor":16},{"not_picked":["Slimebound:FormOfPuddle","Slimebound:SplitMire"],"picked":"Slimebound:PressTheAttack","floor":19},{"not_picked":["Slimebound:ViciousTackle","Slimebound:GoopSpray"],"picked":"Slimebound:DivideAndConquer+1","floor":21},{"not_picked":["Slimebound:ViciousTackle","Slimebound:HauntingLick","Slimebound:DivideAndConquer"],"picked":"SKIP","floor":22},{"not_picked":["Slimebound:GrowthPunch","Slimebound:RollThrough+1"],"picked":"Slimebound:ServeAndProtect+1","floor":23}],"player_experience":38670,"relics_obtained":[{"floor":7,"key":"Replay:Bottled Eggs"},{"floor":17,"key":"Replay:Rubber Ducky"},{"floor":17,"key":"Mummified Hand"},{"floor":17,"key":"WingedGreaves"},{"floor":18,"key":"ReplayTheSpireMod:Lightbulb"},{"floor":24,"key":"ReplayTheSpireMod:TigerMarble"}],"event_choices":[{"damage_healed":0,"gold_gain":0,"player_choice":"Grow","damage_taken":0,"max_hp_gain":0,"max_hp_loss":0,"event_name":"Living Wall","floor":5,"gold_loss":0,"cards_upgraded":["Slimebound:DivideAndConquer"]},{"damage_healed":0,"gold_gain":0,"player_choice":"Success","damage_taken":3,"relics_obtained":["MealTicket"],"max_hp_gain":0,"max_hp_loss":0,"event_name":"Scrap Ooze","floor":9,"gold_loss":0}],"is_beta":false,"boss_relics":[{"not_picked":["Replay:Drink Me","Fusion Hammer"],"picked":"Calling Bell"}],"items_purged_floors":[],"is_endless":false,"potions_floor_spawned":[2,10,12,16,21],"killed_by":"3 Cultists","ascension_level":0}}