{"host":"k5dhp0bkccqfauyu","time":1609042376,"event":{"mods":["BaseMod","Better Note","Better Skull","Better Vampires","Colored Map","Colored Powertips","DeckTracker","Minty Spire (QoL Compilation)","Permanent Neow","StSLib","SuperFastMode"],"gold_per_floor":[118,130,130,144,36,36,51,77,77,77,107,121,135,8,8,103,103,121,21,37,149,149,149,176,176,203,219,252,265,17,17,17,117,117,133,152,1151,540,540,565,565,591,591,604,604,604,604,71,71,71,71,71,4,32,32],"floor_reached":56,"playtime":2209,"items_purged":["Strike_B","Hello World","Normality"],"score":1505,"play_id":"bdc4b37b-f085-4e9d-b41a-9dbcef9be865","local_time":"20201227151256","is_ascension_mode":true,"campfire_choices":[{"data":"Zap","floor":6,"key":"SMITH"},{"floor":10,"key":"REST"},{"data":"Biased Cognition","floor":15,"key":"SMITH"},{"data":"Turbo","floor":23,"key":"SMITH"},{"data":"Fission","floor":32,"key":"SMITH"},{"floor":41,"key":"DIG"},{"floor":45,"key":"DIG"},{"floor":49,"key":"RECALL"},{"floor":52,"key":"DIG"}],"circlet_count":0,"master_deck":["Zap+1","Echo Form","Turbo+1","Scrape","FTL","White Noise","White Noise","Biased Cognition+1","Beam Cell","Go for the Eyes","Skim","Coolheaded","All For One","Stack","Hologram","White Noise","Beam Cell","Heatsinks","Fusion","Hologram+1","Conserve Battery+1","Fission+1","Tempest","Coolheaded","Undo","Seek+1","Capacitor+1","Reinforced Body+1","Turbo+1","Apotheosis+1","Reboot+1","Glacier+1","Transmutation+1","Dark Shackles+1","Master of Strategy+1","Conserve Battery+1","Storm","Hologram+1"],"relics":["Cracked Core","Prayer Wheel","Shovel","Pear","Pandora\u0027s Box","Ancient Tea Set","Bag of Marbles","DataDisk","Molten Egg 2","Toxic Egg 2","Coffee Dripper","Ornamental Fan","Anchor","Strawberry","Centennial Puzzle","Bag of Preparation","Cables","HornCleat","Toy Ornithopter"],"acts_visited":["Exordium","TheCity","TheBeyond","TheEnding"],"potions_floor_usage":[11,11,16,24,28,33,33,50,55],"damage_taken":[{"damage":0,"enemies":"Cultist","floor":1,"turns":4},{"damage":1,"enemies":"Jaw Worm","floor":2,"turns":3},{"damage":2,"enemies":"2 Louse","floor":4,"turns":2},{"damage":11,"enemies":"Exordium Wildlife","floor":7,"turns":2},{"damage":30,"enemies":"3 Sentries","floor":8,"turns":5},{"damage":16,"enemies":"Gremlin Nob","floor":11,"turns":3},{"damage":10,"enemies":"Looter","floor":12,"turns":3},{"damage":2,"enemies":"Blue Slaver","floor":13,"turns":3},{"damage":0,"enemies":"Slime Boss","floor":16,"turns":6},{"damage":17,"enemies":"Shell Parasite","floor":18,"turns":5},{"damage":5,"enemies":"Chosen","floor":20,"turns":4},{"damage":14,"enemies":"Slavers","floor":24,"turns":4},{"damage":19,"enemies":"Shelled Parasite and Fungi","floor":27,"turns":7},{"damage":10,"enemies":"Book of Stabbing","floor":28,"turns":3},{"damage":6,"enemies":"Snecko","floor":29,"turns":5},{"damage":2,"enemies":"Automaton","floor":33,"turns":7},{"damage":0,"enemies":"3 Darklings","floor":35,"turns":3},{"damage":0,"enemies":"3 Shapes","floor":36,"turns":3},{"damage":5,"enemies":"Nemesis","floor":40,"turns":5},{"damage":31,"enemies":"Reptomancer","floor":42,"turns":3},{"damage":0,"enemies":"Maw","floor":44,"turns":2},{"damage":0,"enemies":"Awakened One","floor":50,"turns":10},{"damage":0,"enemies":"Shield and Spear","floor":54,"turns":5},{"damage":21,"enemies":"The Heart","floor":55,"turns":7}],"seed_played":"-7119589559896705493","potions_obtained":[{"floor":2,"key":"PotionOfCapacity"},{"floor":7,"key":"FearPotion"},{"floor":8,"key":"DistilledChaos"},{"floor":12,"key":"Explosive Potion"},{"floor":18,"key":"GamblersBrew"},{"floor":22,"key":"FairyPotion"},{"floor":22,"key":"FairyPotion"},{"floor":27,"key":"Strength Potion"},{"floor":28,"key":"PotionOfCapacity"},{"floor":29,"key":"Strength Potion"},{"floor":36,"key":"Block Potion"},{"floor":44,"key":"Regen Potion"}],"is_trial":false,"path_per_floor":["M","M","?","M","$","R","M","E","T","R","E","M","M","$","R","B",null,"M","$","M","?","?","R","E","?","T","M","E","M","$","$","R","B",null,"M","M","?","$","?","E","R","E","T","M","R","?","?","$","R","B",null,"R","$","E","B",null],"character_chosen":"DEFECT","items_purchased":["FTL","White Noise","Coolheaded","Toxic Egg 2","Apotheosis+1","Ornamental Fan","FocusPotion","Dark Shackles+1","Master of Strategy+1","Cables","Conserve Battery+1","Storm"],"campfire_rested":1,"item_purchase_floors":[5,5,14,30,38,38,38,48,48,48,48,53],"current_hp_per_floor":[54,53,58,56,56,56,45,15,15,39,33,23,21,21,21,21,90,73,73,68,38,38,38,24,24,24,5,27,21,21,21,21,19,90,90,90,90,90,90,85,92,61,61,61,61,51,51,51,51,66,97,97,97,97,76],"gold":32,"neow_bonus":"THREE_RARE_CARDS","is_daily":false,"chose_seed":false,"campfire_upgraded":4,"win_rate":0.0,"timestamp":1609042376,"path_taken":["M","M","?","M","$","R","M","E","T","R","E","M","M","$","R","BOSS","M","$","M","?","?","R","E","?","T","M","E","M","?","$","R","BOSS","M","M","?","$","?","E","R","E","T","?","R","?","?","$","R","BOSS","R","$","E","BOSS"],"items_purchased_type":["Card","Card","Card","Relic","Card","Relic","Potion","Card","Card","Relic","Card","Card"],"build_version":"2020-12-22","purchased_purges":3,"victory":true,"max_hp_per_floor":[75,75,80,80,80,80,80,80,80,80,90,90,90,90,90,90,90,90,90,90,90,90,90,90,90,90,90,90,90,90,90,90,90,90,90,90,90,90,90,90,97,97,97,97,97,97,97,97,97,97,97,97,97,97,97],"card_choices":[{"not_picked":["Thunder Strike","Buffer"],"picked":"Echo Form","floor":0},{"not_picked":["Gash","White Noise"],"picked":"Turbo","floor":1},{"not_picked":["Rebound","Scrape","Steam Power"],"picked":"SKIP","floor":2},{"not_picked":["Rebound","Steam Power"],"picked":"Scrape","floor":2},{"not_picked":["Tempest","Darkness","Hello World"],"picked":"SKIP","floor":4},{"not_picked":["FTL","Stack"],"picked":"White Noise","floor":7},{"not_picked":["Stack","Sunder"],"picked":"Biased Cognition","floor":8},{"not_picked":["Sweeping Beam","Blizzard"],"picked":"Beam Cell","floor":11},{"not_picked":["Streamline","Beam Cell"],"picked":"Go for the Eyes","floor":12},{"not_picked":["Lockon","Leap","Rebound"],"picked":"SKIP","floor":12},{"not_picked":["Steam","Rebound"],"picked":"Skim","floor":13},{"not_picked":["Aggregate","FTL","Chaos"],"picked":"SKIP","floor":13},{"not_picked":["Rainbow","Creative AI"],"picked":"All For One","floor":16},{"not_picked":["Streamline","Leap+1"],"picked":"Hologram+1","floor":18},{"not_picked":["Hologram","Steam"],"picked":"Conserve Battery+1","floor":18},{"not_picked":["Blizzard","Streamline","Sweeping Beam"],"picked":"SKIP","floor":20},{"not_picked":["Conserve Battery","Storm","Streamline"],"picked":"SKIP","floor":20},{"not_picked":["Ball Lightning","Chaos"],"picked":"Fission","floor":24},{"not_picked":["Leap+1","Beam Cell"],"picked":"Coolheaded","floor":27},{"not_picked":["Lockon+1","Barrage","Force Field+1"],"picked":"SKIP","floor":27},{"not_picked":["Cold Snap+1","Auto Shields","Darkness"],"picked":"SKIP","floor":28},{"not_picked":["Conserve Battery","Stack"],"picked":"Undo","floor":29},{"not_picked":["Tempest","Ball Lightning+1","Go for the Eyes+1"],"picked":"SKIP","floor":29},{"not_picked":["Machine Learning","Echo Form"],"picked":"Seek+1","floor":33},{"not_picked":["Scrape+1","Leap+1"],"picked":"Capacitor+1","floor":35},{"not_picked":["Leap+1","Chill+1"],"picked":"Reinforced Body+1","floor":35},{"not_picked":["Genetic Algorithm+1","Redo+1"],"picked":"Turbo+1","floor":36},{"not_picked":["Beam Cell+1","Compile Driver+1","Streamline+1"],"picked":"SKIP","floor":36},{"not_picked":["Compile Driver+1","Heatsinks","Leap+1"],"picked":"SKIP","floor":40},{"not_picked":["Compile Driver+1","Heatsinks","Leap+1"],"picked":"SKIP","floor":40},{"not_picked":["Rebound+1","Genetic Algorithm+1"],"picked":"Reboot+1","floor":42},{"not_picked":["Beam Cell+1","Compile Driver+1"],"picked":"Glacier+1","floor":44},{"not_picked":["Rebound+1","Rip and Tear+1","Gash+1"],"picked":"SKIP","floor":44},{"not_picked":["Bandage Up+1","Jack Of All Trades+1"],"picked":"Transmutation+1","floor":46},{"not_picked":["Sweeping Beam+1","Streamline+1"],"picked":"Hologram+1","floor":54}],"player_experience":1835749,"relics_obtained":[{"floor":8,"key":"Prayer Wheel"},{"floor":9,"key":"Shovel"},{"floor":11,"key":"Pear"},{"floor":24,"key":"Bag of Marbles"},{"floor":26,"key":"DataDisk"},{"floor":28,"key":"Molten Egg 2"},{"floor":40,"key":"Anchor"},{"floor":41,"key":"Strawberry"},{"floor":42,"key":"Centennial Puzzle"},{"floor":45,"key":"Bag of Preparation"},{"floor":52,"key":"HornCleat"},{"floor":54,"key":"Toy Ornithopter"}],"event_choices":[{"damage_healed":0,"gold_gain":0,"player_choice":"Donut","damage_taken":0,"max_hp_gain":5,"max_hp_loss":0,"event_name":"Big Fish","floor":3,"gold_loss":0},{"damage_healed":0,"gold_gain":112,"player_choice":"GO RE ","damage_taken":33,"relics_obtained":["Ancient Tea Set"],"max_hp_gain":0,"max_hp_loss":0,"event_name":"betterSkull:BetterSkull","floor":21,"gold_loss":0,"cards_upgraded":[]},{"damage_healed":0,"gold_gain":0,"player_choice":"Got Potions","damage_taken":0,"max_hp_gain":0,"max_hp_loss":0,"event_name":"Lab","floor":22,"gold_loss":0},{"damage_healed":0,"gold_gain":0,"cards_transformed":["Dualcast"],"player_choice":"Transformed","damage_taken":0,"max_hp_gain":0,"max_hp_loss":0,"event_name":"Transmorgrifier","floor":25,"gold_loss":0,"cards_obtained":["Tempest"]},{"damage_healed":0,"gold_gain":999,"player_choice":"Gold","damage_taken":0,"max_hp_gain":0,"max_hp_loss":0,"event_name":"MindBloom","floor":37,"gold_loss":0,"cards_obtained":["Normality","Normality"]},{"cards_removed":["Normality"],"damage_healed":0,"gold_gain":0,"player_choice":"Removed Curses","damage_taken":0,"max_hp_gain":0,"max_hp_loss":0,"event_name":"Fountain of Cleansing","floor":39,"gold_loss":0},{"damage_healed":0,"gold_gain":0,"player_choice":"Memory 3","damage_taken":10,"max_hp_gain":0,"max_hp_loss":0,"event_name":"SensoryStone","floor":46,"gold_loss":0},{"damage_healed":0,"gold_gain":0,"player_choice":"Ignored","damage_taken":0,"max_hp_gain":0,"max_hp_loss":0,"event_name":"Tomb of Lord Red Mask","floor":47,"gold_loss":0}],"is_beta":false,"boss_relics":[{"not_picked":["Black Star","Velvet Choker"],"picked":"Pandora\u0027s Box"},{"not_picked":["Fusion Hammer","Astrolabe"],"picked":"Coffee Dripper"}],"items_purged_floors":[14,19,38],"is_endless":false,"potions_floor_spawned":[2,7,8,12,18,27,28,29,36,40,44],"ascension_level":1}}