{"host":"kejlps3p6gwyjljy","time":1609090754,"event":{"mods":["Act Like it!","BaseMod","Colored Map","Colored Powertips","Gensokyo","Highlight Path","Minty Spire (QoL Compilation)","Permanent Neow","Quick Restart","Relic Sorter","Relic Stats","Spicy Shops","StSLib","【人物mod】游戏王New YuGiOh mod","【功能Mod】精心准备","没有小屋子和绿帽子啦"],"gold_per_floor":[110,135,162,162,85,85,127,127,127,127,57,57,83,129,129,240,-260,-231,19,19,0,25,75,102,102,102,130,158,473,515,527,539,669,681,718,730,742,787,826,879,891,933,945,985,997,1034,1444,1485,1497,1524,1536,1548,474,514,529],"floor_reached":56,"playtime":5120,"items_purged":[],"score":1634,"play_id":"ebe4c362-2854-41be-a888-c2179a704a74","local_time":"20201228013914","is_ascension_mode":false,"campfire_choices":[{"data":"GroundShake","floor":6.0,"key":"PURGE"},{"floor":15.0,"key":"RECALL"},{"data":"WhiteGuide+1","floor":49,"key":"PURGE"}],"circlet_count":0,"master_deck":["SuddenShock","DragonMage","DemoBook","DragonReflection","DemoMaster","DragonValley","PetDragon","WhiteDragon+1","BookScan","LoliMage","GodWarning+1","DragonAnger","DemoBook","WhiteDragon+1","BookScan","DestroyDragon","DemoExchange+1","CardExchange+1","WhiteDragon+1","Gensokyo:ShootingStar","Forest","DragonTear","IceDragon+1","DragonReflection","DoubleDragon+1"],"relics":["Thousand","SlaversCollar","Pantograph","Gensokyo:OccultBall","Boot","Gensokyo:CelestialsFlawlessClothing","Potion Belt","Tiny House","Gensokyo:RedStar","StrikeDummy","Bottled Tornado","MawBank","Runic Dome","Gambling Chip","Bag of Preparation","Thread and Needle","White Beast Statue","Gremlin Horn","HornCleat","Ginger","Bronze Scales","TheAbacus","InkBottle"],"acts_visited":["Gensokyo:Gensokyo","Gensokyo:Gensokyoer","Gensokyo:Gensokyoest","TheEnding"],"potions_floor_usage":[],"damage_taken":[{"damage":6.0,"enemies":"Gensokyo:2_Kodama","floor":1.0,"turns":3.0},{"damage":0.0,"enemies":"Gensokyo:Python","floor":2.0,"turns":2.0},{"damage":0.0,"enemies":"Gensokyo:Gryphon","floor":3.0,"turns":3.0},{"damage":0.0,"enemies":"Gensokyo:Cirno","floor":7.0,"turns":6.0},{"damage":0.0,"enemies":"Gensokyo:Kitsune","floor":13.0,"turns":2.0},{"damage":0.0,"enemies":"Gensokyo:Aya","floor":14.0,"turns":1.0},{"damage":0.0,"enemies":"Gensokyo:Yukari","floor":16.0,"turns":4.0},{"damage":0.0,"enemies":"Gensokyo:CosmicMonolith","floor":18.0,"turns":2.0},{"damage":0.0,"enemies":"Gensokyo:3_Dogs","floor":22.0,"turns":3.0},{"damage":11.0,"enemies":"Gensokyo:Tenshi","floor":23.0,"turns":3.0},{"damage":3.0,"enemies":"Gensokyo:3_Gloops","floor":24.0,"turns":3.0},{"damage":2.0,"enemies":"Gensokyo:Wraith","floor":27.0,"turns":3.0},{"damage":0.0,"enemies":"Gensokyo:Chomper_and_Gloop","floor":28.0,"turns":3.0},{"damage":28.0,"enemies":"Gensokyo:3_Gloops","floor":29.0,"turns":3.0},{"damage":0.0,"enemies":"Gensokyo:Koishi","floor":30.0,"turns":3.0},{"damage":0.0,"enemies":"Gensokyo:Eternal_Rivals","floor":33.0,"turns":4.0},{"damage":0.0,"enemies":"Gensokyo:AncientGuardian","floor":35.0,"turns":1.0},{"damage":0.0,"enemies":"Gensokyo:3_Boulders","floor":38.0,"turns":2.0},{"damage":0.0,"enemies":"Gensokyo:SeedOfUnknown","floor":39.0,"turns":2.0},{"damage":0.0,"enemies":"Gensokyo:Kasen","floor":40.0,"turns":3.0},{"damage":0.0,"enemies":"Gensokyo:Dusk_and_Dawn","floor":42.0,"turns":1.0},{"damage":0.0,"enemies":"Gensokyo:Rafflesia","floor":44.0,"turns":2.0},{"damage":0.0,"enemies":"Gensokyo:3_Boulders","floor":46.0,"turns":2.0},{"damage":27.0,"enemies":"Gensokyo:Doremy","floor":47.0,"turns":2.0},{"damage":0.0,"enemies":"Gensokyo:Dusk_and_Dawn","floor":48.0,"turns":2.0},{"damage":0,"enemies":"Gensokyo:Yuyuko","floor":50,"turns":3},{"damage":0,"enemies":"Shield and Spear","floor":54,"turns":3},{"damage":11,"enemies":"The Heart","floor":55,"turns":5}],"seed_played":"-5324032517499095851","potions_obtained":[{"floor":1.0,"key":"Weak Potion"},{"floor":7.0,"key":"FearPotion"},{"floor":13.0,"key":"DistilledChaos"},{"floor":18.0,"key":"LiquidBronze"},{"floor":23.0,"key":"GamblersBrew"},{"floor":30.0,"key":"FairyPotion"},{"floor":38.0,"key":"PowerPotion"}],"is_trial":false,"path_per_floor":["M","M","M","?","$","R","E","?","T","R","?","?","M","E","R","B",null,"M","?","?","?","M","E","M","R","T","M","M","M","E","?","R","B",null,"M","?","?","M","M","E","?","M","T","M","R","M","E","M","R","B",null,"R","$","E","B",null],"character_chosen":"DragonServant","items_purchased":["DragonValley","Gremlin Horn","HornCleat","Ginger","Bronze Scales","TheAbacus"],"campfire_rested":0,"item_purchase_floors":[5,53,53,53,53,53],"current_hp_per_floor":[54,58,60,36,36,36,40,40,40,40,40,25,29,33,33,60,60,60,57,57,57,57,46,47,47,47,49,53,29,33,33,33,57,57,57,57,35,39,43,47,39,43,43,47,47,51,28,32,32,32,57,57,57,57,46],"gold":529,"neow_bonus":"BOSS_RELIC","is_daily":false,"chose_seed":false,"campfire_upgraded":0,"win_rate":0.0,"timestamp":1609090754,"path_taken":["M","M","M","?","$","R","E","?","T","R","?","?","M","E","R","BOSS","M","?","?","?","M","E","?","R","T","M","M","M","E","?","R","BOSS","M","?","?","M","M","E","?","M","T","M","R","M","E","M","R","BOSS","R","$","E","BOSS"],"items_purchased_type":["Card","Relic","Relic","Relic","Relic","Relic"],"build_version":"2020-12-22","purchased_purges":0,"victory":true,"max_hp_per_floor":[60,60,60,60,60,60,60,60,60,60,60,60,60,60,60,60,60,60,57,57,57,57,57,57,57,57,57,57,57,57,57,57,57,57,57,57,57,57,57,57,57,57,57,57,57,57,57,57,57,57,57,57,57,57,57],"relic_stats":{"TheAbacus":[30],"Gremlin Horn":[1,1],"counters":[28,76],"Pantograph":25,"Gambling Chip":[26],"Bronze Scales":[42],"Bag of Preparation":[16],"Ginger":[0],"Boot":[0],"MawBank":276,"obtain_stats":[{"Tiny House":17,"Gremlin Horn":53,"Thousand":0,"Bag of Preparation":40,"Ginger":53,"Bottled Tornado":26,"Boot":11,"Frozen Eye":30,"HornCleat":53,"TheAbacus":53,"Pantograph":7,"Gambling Chip":37,"Gensokyo:OccultBall":8,"InkBottle":54,"Potion Belt":14,"Thread and Needle":43,"Gensokyo:CelestialsFlawlessClothing":12,"Question Card":0,"Gensokyo:RedStar":20,"MawBank":30,"White Beast Statue":47,"SlaversCollar":0,"Runic Dome":34,"Bronze Scales":53,"StrikeDummy":23},{"Tiny House":7,"Gremlin Horn":26,"Thousand":0,"Bag of Preparation":20,"Ginger":26,"Bottled Tornado":11,"Boot":4,"Frozen Eye":14,"HornCleat":26,"TheAbacus":26,"Pantograph":4,"Gambling Chip":17,"Gensokyo:OccultBall":4,"InkBottle":27,"Potion Belt":6,"Thread and Needle":21,"Gensokyo:CelestialsFlawlessClothing":4,"Question Card":0,"Gensokyo:RedStar":8,"MawBank":15,"White Beast Statue":24,"SlaversCollar":0,"Runic Dome":16,"Bronze Scales":26,"StrikeDummy":10},{"Tiny House":21,"Gremlin Horn":68,"Thousand":0,"Bag of Preparation":56,"Ginger":68,"Bottled Tornado":32,"Boot":14,"Frozen Eye":41,"HornCleat":68,"TheAbacus":68,"Pantograph":14,"Gambling Chip":49,"Gensokyo:OccultBall":14,"InkBottle":71,"Potion Belt":17,"Thread and Needle":57,"Gensokyo:CelestialsFlawlessClothing":14,"Question Card":0,"Gensokyo:RedStar":23,"MawBank":44,"White Beast Statue":63,"SlaversCollar":0,"Runic Dome":48,"Bronze Scales":68,"StrikeDummy":29}],"InkBottle":[5]},"card_choices":[{"not_picked":["SoundFromHell","Friendship"],"picked":"DemoMaster","floor":1.0},{"not_picked":["TrapMaster","DemoTeacher","MoonlightDragon"],"picked":"SKIP","floor":2.0},{"not_picked":["ChainBoob","WhiteMage","MoonlightDragon"],"picked":"SKIP","floor":3.0},{"not_picked":["DoubleDragon","SideChaos"],"picked":"PetDragon","floor":7.0},{"not_picked":["DragonOrigin+1","RedEyeDragon+1"],"picked":"WhiteDragon+1","floor":10.0},{"not_picked":["MagicAmplify","Friendship"],"picked":"BookScan","floor":13.0},{"not_picked":["PetDragon","DragonMage"],"picked":"LoliMage","floor":14.0},{"not_picked":["SideSpell","DoubleDragon"],"picked":"GodWarning","floor":16.0},{"not_picked":["DownHell+1","CardExchange"],"picked":"SideExchange","floor":18.0},{"not_picked":["CooperationSpell","EndlessPalace","DemoMage"],"picked":"SKIP","floor":22.0},{"not_picked":["DemoMaster+1","TrapMaster"],"picked":"DragonAnger","floor":23.0},{"not_picked":["Friendship","LoliMage"],"picked":"DemoBook","floor":24.0},{"not_picked":["WhiteStone+1","DragonTear+1"],"picked":"WhiteDragon+1","floor":25.0},{"not_picked":["PetDragon","CardExchange+1"],"picked":"BookScan","floor":27.0},{"not_picked":["DemoHunter","DemoTeacher+1"],"picked":"DestroyDragon","floor":28.0},{"not_picked":["DragonMage","DragonOrigin"],"picked":"DemoExchange+1","floor":29.0},{"not_picked":["RedEyeDragon","ExpansiveShield"],"picked":"CardExchange+1","floor":30.0},{"not_picked":["WhiteStone+1","DragonOrigin+1"],"picked":"WhiteDragon+1","floor":32.0},{"not_picked":[],"picked":"Gensokyo:ShootingStar","floor":33.0},{"not_picked":["CardExchange+1","DragonValley","Student+1"],"picked":"SKIP","floor":35.0},{"not_picked":["MagicAmplify","DemoExchange"],"picked":"DragonTear","floor":38.0},{"not_picked":["DownHell","DragonValley+1"],"picked":"IceDragon+1","floor":39.0},{"not_picked":["EndlessPalace","MagicAmplify","StoneGiant+1"],"picked":"SKIP","floor":40.0},{"not_picked":["LoliMage","ExpansiveShield","Student+1"],"picked":"SKIP","floor":42.0},{"not_picked":["DemoExchange+1","StoneGiant+1","ManaRailgun+1"],"picked":"SKIP","floor":44.0},{"not_picked":["DragonMage+1","DragonTear+1"],"picked":"WhiteGuide+1","floor":45.0},{"not_picked":["GatherUp","Forest","AntiMana+1"],"picked":"SKIP","floor":46.0},{"not_picked":["CooperationSpell+1","DragonOrigin+1"],"picked":"DragonReflection","floor":47.0},{"not_picked":["CardExchange+1","IceDragon","SideExchange"],"picked":"SKIP","floor":48.0},{"not_picked":["DragonOrigin+1","DragonMage+1"],"picked":"DoubleDragon+1","floor":52},{"not_picked":["AccelerateMagic","SoundFromHell","DemoBook+1"],"picked":"SKIP","floor":54}],"player_experience":425219,"relics_obtained":[{"floor":7.0,"key":"Pantograph"},{"floor":14.0,"key":"Potion Belt"},{"floor":16.0,"key":"Gensokyo:OccultBall"},{"floor":23.0,"key":"StrikeDummy"},{"floor":26.0,"key":"Bottled Tornado"},{"floor":30.0,"key":"MawBank"},{"floor":33.0,"key":"Gensokyo:OccultBall"},{"floor":38.0,"key":"Gensokyo:OccultBall"},{"floor":40.0,"key":"Bag of Preparation"},{"floor":43.0,"key":"Thread and Needle"},{"floor":47.0,"key":"White Beast Statue"},{"floor":54,"key":"InkBottle"}],"event_choices":[],"is_beta":false,"boss_relics":[{"not_picked":["Sozu","Astrolabe"],"picked":"Tiny House"},{"not_picked":["Coffee Dripper","Velvet Choker"],"picked":"Runic Dome"}],"items_purged_floors":[],"is_endless":false,"potions_floor_spawned":[1,7,13,18,23,29,30,33,35,38,44,47,48,54],"ascension_level":0}}