{"host":"s0rqbuvjzggdtc2s","time":1609043984,"event":{"mods":["ATMod(°¢èªMod)","BaseMod","Minty Spire (QoL Compilation)","StSLib","The Bug Knight","¡¾ÒÅÎï¿¨ÅÆ¡¿REMEMod"],"gold_per_floor":[110,110,126,141,65,65,96,96,96,96,125,144,144,161,161,262,262,272,4,19,19,63,63,63,83,161,175,185,105,154,154,154,255,255,267,277,72,86,136,136,136,136,136,136,136,153,153,172,172,172],"floor_reached":51,"playtime":2187,"items_purged":["HollowMod:NailStrikeStart","Writhe"],"score":734,"play_id":"5458d0f9-8a23-482e-905a-c24112dffa01","local_time":"20201227123944","is_ascension_mode":false,"campfire_choices":[{"data":"HollowMod:DesolateDive","floor":6.0,"key":"SMITH"},{"data":"HollowMod:DesolateDive","floor":8.0,"key":"SMITH"},{"data":"HollowMod:FocusHealStart","floor":10.0,"key":"SMITH"},{"floor":15.0,"key":"REST"},{"data":"HollowMod:SoulEater","floor":23.0,"key":"SMITH"},{"floor":32,"key":"REST"},{"floor":40,"key":"REST"},{"data":"HollowMod:LifebloodCocoon","floor":42,"key":"SMITH"},{"data":"HollowMod:Weaversong","floor":45,"key":"SMITH"},{"data":"REME_HeartOfCthun","floor":47,"key":"SMITH"},{"data":"HollowMod:CornifersMapStart","floor":49,"key":"SMITH"}],"circlet_count":0,"master_deck":["HollowMod:QuickDashStart","HollowMod:QuickDashStart","HollowMod:QuickDashStart","HollowMod:FocusHealStart+1","HollowMod:PogoStrike","AT_ShadowStep","REME_HeartOfCthun+1","HollowMod:DesolateDive+1","HollowMod:FallenFury","HollowMod:ChannelNail","HollowMod:BaldurShell","HollowMod:DesolateDive+1","HollowMod:SoulSplash","HollowMod:RecoilStrike","HollowMod:Weaversong+1","HollowMod:CornifersMapStart+1","HollowMod:HowlingWraiths","HollowMod:SoulSplash","HollowMod:SoulStrike","HollowMod:SoulEater+1","HollowMod:PerfectDash+1","HollowMod:LifebloodCocoon","HollowMod:FallenFury+1","HollowMod:FastStrike+1","HollowMod:ChannelNail","HollowMod:PerfectDash+1","Bite","Bite","Bite","Bite","Bite","HollowMod:DashSlash+1","HollowMod:DoubleDash","HollowMod:LifebloodCocoon+1","HollowMod:SoulStrike+1","Pain","HollowMod:HuntersJournal+1"],"relics":["HollowMod:VesselMask","AT_ATBox","REME_ComplimentaryCards","NeowsBlessing","Kunai","Bag of Marbles","AT_TimeSand","REME_IWantAll","Lee\u0027s Waffle","Unceasing Top","The Courier","Cursed Key","Pantograph","AT_Manta","Question Card"],"acts_visited":["Exordium","TheCity","TheBeyond"],"potions_floor_usage":[30,30,30,30,50],"damage_taken":[{"damage":0.0,"enemies":"Cultist","floor":1.0,"turns":1.0},{"damage":0.0,"enemies":"2 Louse","floor":3.0,"turns":1.0},{"damage":0.0,"enemies":"Jaw Worm","floor":4.0,"turns":1.0},{"damage":21.0,"enemies":"Lagavulin","floor":7.0,"turns":5.0},{"damage":16.0,"enemies":"Gremlin Nob","floor":11.0,"turns":4.0},{"damage":10.0,"enemies":"Looter","floor":12.0,"turns":2.0},{"damage":0.0,"enemies":"Exordium Wildlife","floor":14.0,"turns":1.0},{"damage":25.0,"enemies":"HollowMod:FalseKnight","floor":16.0,"turns":8.0},{"damage":23.0,"enemies":"3 Byrds","floor":18.0,"turns":3.0},{"damage":10.0,"enemies":"Chosen","floor":20.0,"turns":3.0},{"damage":32.0,"enemies":"Centurion and Healer","floor":22.0,"turns":4.0},{"damage":11.0,"enemies":"Chosen and Byrds","floor":25.0,"turns":6.0},{"damage":26.0,"enemies":"Sentry and Sphere","floor":27.0,"turns":5.0},{"damage":19.0,"enemies":"Centurion and Healer","floor":28.0,"turns":4.0},{"damage":4,"enemies":"Chosen and Byrds","floor":30,"turns":3},{"damage":18,"enemies":"HollowMod:NKGrimm","floor":33,"turns":9},{"damage":12,"enemies":"Orb Walker","floor":35,"turns":4},{"damage":45,"enemies":"3 Shapes","floor":36,"turns":6},{"damage":0,"enemies":"Jaw Worm Horde","floor":38,"turns":4},{"damage":32,"enemies":"Mind Bloom Boss Battle","floor":39,"turns":8},{"damage":3,"enemies":"Maw","floor":46,"turns":7},{"damage":0,"enemies":"3 Darklings","floor":48,"turns":1},{"damage":36,"enemies":"Time Eater","floor":50,"turns":9}],"seed_played":"-1597560675881760875","potions_obtained":[{"floor":3.0,"key":"LiquidBronze"},{"floor":16.0,"key":"LiquidBronze"},{"floor":20.0,"key":"REME_GoldPotion"},{"floor":22.0,"key":"EntropicBrew"},{"floor":27.0,"key":"Dexterity Potion"},{"floor":30,"key":"SpeedPotion"},{"floor":35,"key":"Dexterity Potion"},{"floor":38,"key":"SteroidPotion"},{"floor":39,"key":"PowerPotion"}],"is_trial":false,"path_per_floor":["M","?","M","M","$","R","E","R","T","R","E","M","?","M","R","B",null,"M","$","M","?","M","R","?","M","T","M","M","$","M","?","R","B",null,"M","M","$","M","?","R","?","R","T","T","R","M","R","M","R","B",null],"character_chosen":"THE_BUGKNIGHT","items_purchased":["HollowMod:BaldurShell","HollowMod:SoulStrike","Lee\u0027s Waffle","Pantograph"],"campfire_rested":3,"item_purchase_floors":[5,19,19,37],"current_hp_per_floor":[75,75,75,75,75,75,54,54,54,54,44,40,33,33,55,40,75,55,85,81,81,49,49,49,48,48,31,12,12,14,14,32,54,61,53,22,22,38,49,61,61,61,61,61,61,61,61,61,61,44],"gold":172,"neow_bonus":"THREE_ENEMY_KILL","is_daily":false,"chose_seed":false,"campfire_upgraded":8,"win_rate":0.0,"timestamp":1609043984,"path_taken":["M","?","M","M","$","R","E","R","T","R","E","?","?","M","R","BOSS","M","$","M","?","M","R","?","M","T","M","M","?","?","?","R","BOSS","M","M","$","M","?","R","?","R","T","?","R","M","R","M","R","BOSS"],"items_purchased_type":["Card","Card","Relic","Relic"],"build_version":"2020-12-22","purchased_purges":2,"victory":true,"max_hp_per_floor":[75,75,75,75,75,75,75,75,75,75,75,75,75,75,75,75,75,78,85,85,85,85,85,85,85,85,88,88,88,88,61,61,61,61,61,61,61,61,61,61,61,61,61,61,61,61,61,61,61,61],"card_choices":[{"not_picked":["HollowMod:ShadowDash","HollowMod:InfectedAttack"],"picked":"HollowMod:DesolateDive","floor":1.0},{"not_picked":["HollowMod:TaintedHusks","HollowMod:MonarchWings"],"picked":"HollowMod:ChannelNail","floor":3.0},{"not_picked":["HollowMod:MothsMistake","HollowMod:HeavyBlow","HollowMod:TaintedHusks"],"picked":"SKIP","floor":4.0},{"not_picked":["HollowMod:MothsMistake","HollowMod:HuntersJournal"],"picked":"HollowMod:DesolateDive","floor":7.0},{"not_picked":["HollowMod:FallenFury","HollowMod:LifebloodCore","HollowMod:SharpenedNail"],"picked":"SKIP","floor":11.0},{"not_picked":["HollowMod:FallenFury","HollowMod:VengefulVoid"],"picked":"HollowMod:SoulSplash","floor":12.0},{"not_picked":["HollowMod:DescendingDark","HollowMod:ChannelNail"],"picked":"HollowMod:RecoilStrike","floor":14.0},{"not_picked":["HollowMod:LordofShades","HollowMod:NewInfectedGuardian"],"picked":"HollowMod:Weaversong","floor":16.0},{"not_picked":["HollowMod:CornifersMapStart","HollowMod:HowlingWraiths","HollowMod:SoulSplash"],"picked":"Singing Bowl","floor":18.0},{"not_picked":["HollowMod:LuriensSpire","HollowMod:SoulVessel"],"picked":"HollowMod:SoulEater","floor":20.0},{"not_picked":["HollowMod:DoubleDash","HollowMod:AbyssShriek"],"picked":"HollowMod:PerfectDash+1","floor":22.0},{"not_picked":["HollowMod:MonomonsArchive+1","HollowMod:CrystalDash"],"picked":"HollowMod:LifebloodCocoon","floor":25.0},{"not_picked":["HollowMod:FallenFury+1","HollowMod:FastStrike+1","HollowMod:ChannelNail"],"picked":"Singing Bowl","floor":27.0},{"not_picked":["HollowMod:SiblingsSouls","HollowMod:LuriensSpire","HollowMod:ChannelNail"],"picked":"SKIP","floor":28.0},{"not_picked":["HollowMod:InfectedCysts","HollowMod:SoulEater"],"picked":"HollowMod:PerfectDash+1","floor":30},{"not_picked":["HollowMod:HeavyBlow","HollowMod:DreamGate"],"picked":"HollowMod:DashSlash+1","floor":35},{"not_picked":["HollowMod:SiblingsSouls","HollowMod:AbyssShriek"],"picked":"HollowMod:DoubleDash","floor":36},{"not_picked":["HollowMod:CornifersMapStart","HollowMod:InfectedCysts"],"picked":"HollowMod:LifebloodCocoon","floor":38},{"not_picked":["HollowMod:SoulSplash","HollowMod:InfectionAssault"],"picked":"HollowMod:SoulStrike+1","floor":39},{"not_picked":["HollowMod:CycloneSlash+1","HollowMod:DashSlash+1","HollowMod:NewGlowingWomb+1"],"picked":"HollowMod:HuntersJournal+1","floor":46},{"not_picked":["HollowMod:GrimmsGift","HollowMod:TaintedHusks+1","HollowMod:RecoilStrike","HollowMod:DoubleDash+1"],"picked":"SKIP","floor":48}],"player_experience":191688,"relics_obtained":[{"floor":7.0,"key":"Kunai"},{"floor":9.0,"key":"Bag of Marbles"},{"floor":11.0,"key":"AT_TimeSand"},{"floor":26.0,"key":"The Courier"},{"floor":39,"key":"AT_Manta"},{"floor":43,"key":"Question Card"}],"event_choices":[{"damage_healed":0.0,"max_hp_gain":0.0,"max_hp_loss":0.0,"gold_gain":0.0,"cards_transformed":["HollowMod:QuickDashStart"],"event_name":"Transmorgrifier","player_choice":"Transformed","floor":2.0,"gold_loss":0.0,"damage_taken":0.0,"cards_obtained":["HollowMod:FallenFury"]},{"damage_healed":0.0,"max_hp_gain":0.0,"max_hp_loss":0.0,"gold_gain":0.0,"event_name":"Scrap Ooze","player_choice":"Success","floor":13.0,"gold_loss":0.0,"damage_taken":7.0,"relics_obtained":["REME_IWantAll"]},{"damage_healed":0.0,"max_hp_gain":0.0,"max_hp_loss":0.0,"gold_gain":0.0,"event_name":"The Mausoleum","player_choice":"Opened","floor":24.0,"gold_loss":0.0,"damage_taken":0.0,"relics_obtained":["Unceasing Top"],"cards_obtained":["Writhe"]},{"damage_healed":0,"gold_gain":0,"player_choice":"Became a vampire","damage_taken":0,"max_hp_gain":0,"max_hp_loss":27,"event_name":"Vampires","floor":31,"gold_loss":0,"cards_obtained":["Bite","Bite","Bite","Bite","Bite"]},{"damage_healed":0,"gold_gain":0,"player_choice":"Fight","damage_taken":0,"max_hp_gain":0,"max_hp_loss":0,"event_name":"MindBloom","floor":39,"gold_loss":0}],"is_beta":false,"boss_relics":[{"not_picked":["Snecko Eye","HollowMod:VoidIdolRelic","Empty Cage"]},{"not_picked":["REME_DemonsWealth","Astrolabe"],"picked":"Cursed Key"}],"items_purged_floors":[19,29],"is_endless":false,"potions_floor_spawned":[3,16,20,22,27,30,35,38,39],"ascension_level":0}}