{"host":"mfnyjbfkyfsz33u9","time":1609069674,"event":{"mods":["2.2 Compatiblity","BaseMod","Colored Powertips","Downfall","Marisa£¨Ùöéë¡¡Øª×âÞÞ£©","Minty Spire (QoL Compilation)","Rare Cards Sparkle","Replay The Spire","StSLib","SuperFastMode","The Marked"],"gold_per_floor":[99,109,109,164,164,193,193,97,123,123,196,196,260,322,338,482,482,482,497,516,530,109,121,121,221,221,221,146,154,215,244,264,410,410,335,355,369,425,489,562,585,585,510,575,575,653,716,322,385,430,430,493,5,5,5],"floor_reached":56,"playtime":2772,"items_purged":[],"score":1441,"play_id":"0bb3c0ab-97ef-4161-b9d8-73d92cdef9b8","local_time":"20201227204754","is_ascension_mode":false,"campfire_choices":[{"data":"Slimebound:Split","floor":1.0,"key":"SMITH"},{"data":"Slimebound:LeechEnergy","floor":10.0,"key":"SMITH"},{"data":"Slimebound:WasteNot","floor":12.0,"key":"SMITH"},{"data":"Slimebound:FirmFortitude","floor":18.0,"key":"SMITH"},{"floor":28.0,"key":"RECALL"},{"data":"Slimebound:Overexert","floor":35,"key":"SMITH"},{"data":"Slimebound:Teamwork","floor":43,"key":"SMITH"},{"data":"Slimebound:SplitLeeching","floor":45,"key":"SMITH"},{"floor":54,"key":"REST"}],"circlet_count":0,"master_deck":["Slimebound:Defend_Slimebound","Slimebound:Defend_Slimebound","Slimebound:Defend_Slimebound","Slimebound:Split+1","Slimebound:CorrosiveSpit+1","Slimebound:LeechEnergy+1","Slimebound:WasteNot+1","Slimebound:SplitBruiser","Slimebound:SplitMire","Slimebound:FirmFortitude+1","Slimebound:SplitLeeching+1","Slimebound:Overexert+1","Slimebound:PressTheAttack+1","Slimebound:OneTwoCombo+1","Slimebound:RallyTheTroops+1","Slimebound:LeadByExample+1","Slimebound:MegaLick+1","Slimebound:Grow+1","Slimebound:Schlurp+1","Slimebound:GoopTackle+1","Slimebound:Teamwork+1","Slimebound:MassFeed+1","Slimebound:SplitAcid","J.A.X.","Slimebound:SlimeTap","Slimebound:SamplingLick+1","Slimebound:MinionMaster+1","Slimebound:Gluttony+1","Slimebound:ComboTackle+1","Slimebound:GrowthPunch+1","Slimebound:Replication+1","expansioncontent:DashGenerateEvil+1","Slimebound:Prepare+1","Slimebound:SlimeBrawl+1","Slimebound:SlimeSlap+1","Chrysalis+1","Slimebound:Nibble+1"],"relics":["Slimebound:AbsorbEndCombat","Ring of Peace","ReplayTheSpireMod:Ring of Challenge","PreservedInsect","Counterbalance","MealTicket","Odd Mushroom","Molten Egg 2","Astrolabe","Slimebound:MaxSlimesRelic","MutagenicStrength","downfall:HeartBlessingBlue","Toy Ornithopter","Vajra","Golden Egg","ReplayTheSpireMod:Lightbulb","Ring of Chaos","downfall:HeartBlessingRed","Oddly Smooth Stone","Replay:Accelerometer","Lantern","downfall:HeartBlessingGreen","Dream Catcher","Bottled Tornado","ClockworkSouvenir","Bird Faced Urn","Whetstone","Centennial Puzzle"],"acts_visited":["Exordium","TheCity","TheBeyond","TheEnding"],"potions_floor_usage":[30,39,46,46,47,49,50,55,55],"damage_taken":[{"damage":9.0,"enemies":"Cultist","floor":2.0,"turns":4.0},{"damage":6.0,"enemies":"Small Slimes","floor":4.0,"turns":5.0},{"damage":39.0,"enemies":"Lagavulin","floor":6.0,"turns":6.0},{"damage":17.0,"enemies":"downfall:FleeingMerchant","floor":8.0,"turns":4.0},{"damage":35.0,"enemies":"3 Sentries","floor":9.0,"turns":6.0},{"damage":29.0,"enemies":"The Mushroom Lair","floor":11.0,"turns":4.0},{"damage":18.0,"enemies":"2 Louse","floor":13.0,"turns":3.0},{"damage":27.0,"enemies":"Large Slime","floor":14.0,"turns":3.0},{"damage":10.0,"enemies":"3 Louse","floor":15.0,"turns":2.0},{"damage":37.0,"enemies":"downfall:Watcher","floor":16.0,"turns":9.0},{"damage":9.0,"enemies":"Spheric Guardian","floor":19.0,"turns":3.0},{"damage":29.0,"enemies":"3 Byrds","floor":20.0,"turns":3.0},{"damage":12.0,"enemies":"Cultist and Chosen","floor":21.0,"turns":4.0},{"damage":12.0,"enemies":"downfall:FleeingMerchant","floor":22.0,"turns":4.0},{"damage":16.0,"enemies":"Chosen and Byrds","floor":23.0,"turns":3.0},{"damage":21.0,"enemies":"downfall:Augmenter","floor":25.0,"turns":3.0},{"damage":9.0,"enemies":"downfall:FleeingMerchant","floor":29.0,"turns":4.0},{"damage":38,"enemies":"Centurion and Healer","floor":30,"turns":4},{"damage":25,"enemies":"Book of Stabbing","floor":31,"turns":3},{"damage":8,"enemies":"Cultist and Chosen","floor":32,"turns":4},{"damage":45,"enemies":"downfall:Ironclad","floor":33,"turns":5},{"damage":42,"enemies":"3 Darklings","floor":36,"turns":3},{"damage":17,"enemies":"3 Shapes","floor":37,"turns":3},{"damage":35,"enemies":"Spire Growth","floor":38,"turns":4},{"damage":50,"enemies":"4 Shapes","floor":39,"turns":4},{"damage":25,"enemies":"R_Hoarder","floor":40,"turns":5},{"damage":44,"enemies":"Transient","floor":44,"turns":5},{"damage":91,"enemies":"Reptomancer","floor":46,"turns":4},{"damage":53,"enemies":"Writhing Mass","floor":47,"turns":4},{"damage":55,"enemies":"4 Shapes","floor":49,"turns":6},{"damage":63,"enemies":"downfall:Defect","floor":50,"turns":4},{"damage":88,"enemies":"downfall:CharBossMerchant","floor":52,"turns":4},{"damage":61,"enemies":"downfall:NeowBoss","floor":55,"turns":14}],"seed_played":"2255252341525931192","potions_obtained":[{"floor":11.0,"key":"Regen Potion"},{"floor":14.0,"key":"Elixir"},{"floor":15.0,"key":"SmokeBomb"},{"floor":16.0,"key":"SpeedPotion"},{"floor":19.0,"key":"Adrenaline Potion"},{"floor":20.0,"key":"AttackPotion"},{"floor":21.0,"key":"Milkshake"},{"floor":23.0,"key":"DuplicationPotion"},{"floor":32,"key":"Regen Potion"},{"floor":44,"key":"Weak Potion"},{"floor":46,"key":"Fruit Juice"},{"floor":47,"key":"Adrenaline Potion"},{"floor":52,"key":"Reflective Coating"}],"is_trial":false,"path_per_floor":["R","M","?","M","?","E","T","$","E","R","?","R","M","M","M","B",null,"R","M","M","M","$","M","T","?","?","?","R","$","M","E","M","B",null,"R","M","M","M","M","E","T","?","R","M","R","E","M","$","M","B",null,"E","$","R","B",null],"character_chosen":"SLIMEBOUND","items_purchased":["Slimebound:FirmFortitude","Slimebound:MaxSlimesRelic","Slimebound:Teamwork","Toy Ornithopter","Vajra","Slimebound:SlimeTap","expansioncontent:DashGenerateEvil+1","ClockworkSouvenir","Slimebound:Prepare+1","Chrysalis","Centennial Puzzle","PowerPotion","Energy Potion","Slimebound:Nibble+1"],"campfire_rested":1,"item_purchase_floors":[8,22,22,29,29,29,48,48,48,53,53,53,53,53],"current_hp_per_floor":[60,60,60,60,60,44,44,60,53,53,56,56,54,50,52,51,60,60,60,51,60,60,60,60,55,55,55,65,66,70,63,70,70,70,70,58,65,70,49,68,68,68,68,67,67,34,43,58,44,38,75,39,54,75,75],"gold":5,"neow_bonus":"UPGRADE_CARD","is_daily":false,"chose_seed":false,"campfire_upgraded":7,"win_rate":0.0,"timestamp":1609069674,"path_taken":["R","M","?","M","?","E","T","$","E","R","?","R","M","M","M","BOSS","R","M","M","M","$","M","T","?","?","?","R","$","?","E","M","BOSS","R","M","M","M","M","E","T","?","R","M","R","E","M","$","M","BOSS","E","$","R","BOSS"],"items_purchased_type":["Card","Relic","Card","Relic","Relic","Card","Card","Relic","Card","Card","Relic","Potion","Potion","Card"],"build_version":"2020-12-22","purchased_purges":0,"victory":true,"max_hp_per_floor":[60,60,60,60,60,60,60,60,60,60,60,60,60,60,60,60,60,60,60,60,60,60,60,60,60,60,60,70,70,70,70,70,70,70,70,70,70,70,70,70,70,70,70,70,70,75,75,75,75,75,75,75,75,75,75],"card_choices":[{"not_picked":["Slimebound:GrowthPunch","Slimebound:FinishingTackle"],"picked":"Slimebound:LeechEnergy","floor":2.0},{"not_picked":["Slimebound:ComboTackle","Slimebound:SlimeSpikes"],"picked":"Slimebound:WasteNot","floor":4.0},{"not_picked":["Slimebound:SamplingLick","Slimebound:LeechingTouch"],"picked":"Slimebound:SplitBruiser","floor":6.0},{"not_picked":["Slimebound:SplitBruiser","Slimebound:Overexert"],"picked":"Slimebound:SplitMire","floor":8.0},{"not_picked":["Slimebound:ComboTackle","Slimebound:SamplingLick"],"picked":"Slimebound:SplitLeeching","floor":9.0},{"not_picked":["Slimebound:Schlurp","Slimebound:GoopSpray"],"picked":"Slimebound:Overexert","floor":11.0},{"not_picked":["Slimebound:SplitMire","Slimebound:SplitBruiser"],"picked":"Slimebound:PressTheAttack","floor":13.0},{"not_picked":["Slimebound:RollThrough+1","Slimebound:SplitLeeching","Slimebound:PressTheAttack+1"],"picked":"SKIP","floor":14.0},{"not_picked":["Slimebound:SplitLeeching","Slimebound:Schlurp","Slimebound:BestDefense"],"picked":"SKIP","floor":15.0},{"not_picked":["Slimebound:MassFeed+1","Slimebound:LeechLife+1"],"picked":"Slimebound:OneTwoCombo+1","floor":16.0},{"not_picked":["Slimebound:RollThrough+1","Slimebound:GrowthPunch+1"],"picked":"Slimebound:Grow+1","floor":19.0},{"not_picked":["Slimebound:PressTheAttack+1","Slimebound:Chomp+1"],"picked":"Slimebound:Schlurp+1","floor":20.0},{"not_picked":["Slimebound:Schlurp","Slimebound:Dissolve"],"picked":"Slimebound:GoopTackle+1","floor":21.0},{"not_picked":["Slimebound:GoopSpray","Slimebound:SplitBruiser+1","Slimebound:PressTheAttack+1"],"picked":"SKIP","floor":22.0},{"not_picked":["Slimebound:ForwardTackle+1","Slimebound:HauntingLick","Slimebound:SplitBruiser"],"picked":"SKIP","floor":23.0},{"not_picked":["Slimebound:ViciousTackle+1","Slimebound:LeechEnergy+1"],"picked":"Slimebound:SplitAcid","floor":25.0},{"not_picked":[],"picked":"J.A.X.","floor":25.0},{"not_picked":["Slimebound:Dissolve","Slimebound:AcidTongue+1","Slimebound:SlimeSpikes"],"picked":"SKIP","floor":30},{"not_picked":["Slimebound:SplitBruiser+1","Slimebound:LeechingTouch+1","Slimebound:SlimeSpikes+1"],"picked":"SKIP","floor":31},{"not_picked":["Slimebound:GoopTackle+1","Slimebound:SamplingLick+1","Slimebound:SplitLeeching"],"picked":"SKIP","floor":32},{"not_picked":["Slimebound:GoopTackle+1","Slimebound:SplitLeeching"],"picked":"Slimebound:SamplingLick+1","floor":32},{"not_picked":["Slimebound:WasteNot","Slimebound:OneTwoCombo+1"],"picked":"Slimebound:MinionMaster","floor":33},{"not_picked":["Slimebound:TongueLash+1","Slimebound:GrowthPunch+1"],"picked":"Slimebound:Gluttony+1","floor":36},{"not_picked":["Slimebound:SplitAcid","Slimebound:SplitBruiser"],"picked":"Slimebound:ComboTackle+1","floor":37},{"not_picked":["Slimebound:ViciousTackle+1","Slimebound:GoopTackle+1","Slimebound:SplitLeeching"],"picked":"SKIP","floor":38},{"not_picked":["Slimebound:SplitBruiser","Slimebound:RainOfGoop+1"],"picked":"Slimebound:GrowthPunch+1","floor":39},{"not_picked":["Slimebound:Gluttony","Slimebound:SamplingLick","Slimebound:Dissolve+1"],"picked":"SKIP","floor":40},{"not_picked":["Slimebound:SplitBruiser","Slimebound:Dissolve+1"],"picked":"Slimebound:Replication+1","floor":44},{"not_picked":["Slimebound:SplitMire","Slimebound:SlimeSpikes","Slimebound:DisruptingSlam+1"],"picked":"SKIP","floor":46},{"not_picked":["Slimebound:SplitLeeching+1","Slimebound:SlimeSpikes+1","Slimebound:OneTwoCombo+1"],"picked":"SKIP","floor":47},{"not_picked":["Slimebound:DisruptingSlam+1","Slimebound:Grow"],"picked":"Slimebound:SlimeBrawl+1","floor":49},{"not_picked":["Slimebound:Chomp+1","Slimebound:SplitMire+1"],"picked":"Slimebound:SlimeSlap+1","floor":52}],"player_experience":1031,"relics_obtained":[{"floor":3.0,"key":"Ring of Peace"},{"floor":3.0,"key":"ReplayTheSpireMod:Ring of Challenge"},{"floor":6.0,"key":"PreservedInsect"},{"floor":7.0,"key":"Counterbalance"},{"floor":9.0,"key":"MealTicket"},{"floor":11.0,"key":"Odd Mushroom"},{"floor":14.0,"key":"Molten Egg 2"},{"floor":25.0,"key":"MutagenicStrength"},{"floor":30,"key":"Golden Egg"},{"floor":31,"key":"ReplayTheSpireMod:Lightbulb"},{"floor":39,"key":"Oddly Smooth Stone"},{"floor":40,"key":"Replay:Accelerometer"},{"floor":41,"key":"Lantern"},{"floor":46,"key":"Dream Catcher"},{"floor":47,"key":"Bottled Tornado"},{"floor":52,"key":"Bird Faced Urn"},{"floor":52,"key":"Whetstone"}],"event_choices":[{"cards_removed":["Normality"],"damage_healed":0.0,"max_hp_gain":0.0,"max_hp_loss":0.0,"gold_gain":0.0,"event_name":"The Cleric","player_choice":"Card Removal","floor":5.0,"gold_loss":0.0,"damage_taken":0.0},{"damage_healed":0.0,"max_hp_gain":0.0,"max_hp_loss":0.0,"gold_gain":0.0,"event_name":"Mushrooms","player_choice":"Fought Mushrooms","floor":11.0,"gold_loss":0.0,"damage_taken":0.0},{"damage_healed":0.0,"max_hp_gain":0.0,"max_hp_loss":0.0,"gold_gain":0.0,"event_name":"Vampires","player_choice":"Ignored","floor":26.0,"gold_loss":0.0,"damage_taken":0.0},{"cards_removed":["Slimebound:SamplingLick"],"damage_healed":0.0,"max_hp_gain":0.0,"max_hp_loss":0.0,"gold_gain":0.0,"event_name":"Back to Basics","player_choice":"Elegance","floor":27.0,"gold_loss":0.0,"damage_taken":0.0}],"is_beta":false,"boss_relics":[{"not_picked":["ChewingGum","Fusion Hammer"],"picked":"Astrolabe"},{"not_picked":["Coffee Dripper","Honey Jar"],"picked":"Ring of Chaos"}],"items_purged_floors":[],"is_endless":false,"potions_floor_spawned":[11,14,15,16,19,20,21,23,32,37,44,46,47,52],"ascension_level":0}}