{"host":"newqdrzxfhh2im9e","time":1609053095,"event":{"mods":["AchievementEnabler","BaseMod","BetterRewards","Block Reminder","Colored Map","Jorbs\u0027s Wanderer Trilogy","Minty Spire (QoL Compilation)","Rare Cards Sparkle","Shop Mod","StSLib"],"gold_per_floor":[119,138,138,138,148,175,175,200,253,253,270,324,324,335,335,435,435,445,465,25,25,38,38,52,52,78,78,97,128,128,128,128,226,226,243,257,14,14,32,32,32,32,78,90,90,90],"floor_reached":45,"playtime":1557,"items_purged":[],"score":509,"play_id":"611e14e7-bc4e-45f1-9a5e-71b52ad55dbd","local_time":"20201226231135","is_ascension_mode":true,"campfire_choices":[{"floor":7,"key":"REST"},{"floor":10,"key":"REST"},{"data":"Electrodynamics","floor":13,"key":"SMITH"},{"data":"Recycle","floor":15,"key":"SMITH"},{"floor":23,"key":"REST"},{"floor":25,"key":"REST"},{"floor":30,"key":"REST"},{"floor":32,"key":"REST"},{"floor":40,"key":"REST"},{"floor":42,"key":"REST"}],"circlet_count":0,"master_deck":["Strike_B","Strike_B","Defend_B","Defend_B","Defend_B","Zap","Dualcast+1","Hello World","Hello World","Glacier","Electrodynamics+1","Rip and Tear","Cold Snap","Recycle+1","Fission","Scrape+1","Chaos","Bandage Up","Electrodynamics+1","Tempest+1","Seek","Rainbow","Melter+1","Stack+1","Conserve Battery+1"],"relics":["Cracked Core","Bag of Marbles","Ice Cream","Boot","Bronze Scales","Oddly Smooth Stone","Empty Cage","Bag of Preparation","DollysMirror","Nilry\u0027s Codex","Potion Belt","Calipers","Shuriken","Nuclear Battery","Symbiotic Virus","Juzu Bracelet"],"acts_visited":["Exordium","TheCity","TheBeyond"],"potions_floor_usage":[8,8,19,22,24,24,29,39,45],"damage_taken":[{"damage":13,"enemies":"2 Louse","floor":1,"turns":2},{"damage":4,"enemies":"Jaw Worm","floor":2,"turns":3},{"damage":0,"enemies":"Cultist","floor":5,"turns":3},{"damage":48,"enemies":"Gremlin Nob","floor":6,"turns":5},{"damage":6,"enemies":"3 Sentries","floor":8,"turns":3},{"damage":0,"enemies":"2 Fungi Beasts","floor":11,"turns":1},{"damage":0,"enemies":"3 Louse","floor":14,"turns":1},{"damage":30,"enemies":"The Guardian","floor":16,"turns":9},{"damage":6,"enemies":"Spheric Guardian","floor":18,"turns":3},{"damage":11,"enemies":"2 Thieves","floor":19,"turns":3},{"damage":12,"enemies":"Snake Plant","floor":22,"turns":3},{"damage":34,"enemies":"Shelled Parasite and Fungi","floor":24,"turns":3},{"damage":0,"enemies":"Snecko","floor":28,"turns":2},{"damage":34,"enemies":"Slavers","floor":29,"turns":2},{"damage":20,"enemies":"Champ","floor":33,"turns":13},{"damage":8,"enemies":"3 Shapes","floor":35,"turns":1},{"damage":0,"enemies":"3 Darklings","floor":36,"turns":1},{"damage":53,"enemies":"Maw","floor":39,"turns":7},{"damage":4,"enemies":"Sphere and 2 Shapes","floor":44,"turns":1},{"damage":81,"enemies":"Giant Head","floor":45,"turns":6}],"seed_played":"1644157947698241172","potions_obtained":[{"floor":5,"key":"DuplicationPotion"},{"floor":6,"key":"Swift Potion"},{"floor":16,"key":"AttackPotion"},{"floor":18,"key":"ColorlessPotion"},{"floor":19,"key":"Explosive Potion"},{"floor":22,"key":"PotionOfCapacity"},{"floor":35,"key":"AttackPotion"},{"floor":39,"key":"PotionOfCapacity"}],"is_trial":false,"path_per_floor":["M","M","?","T","M","E","R","E","T","R","M","T","R","M","R","B",null,"M","M","$","?","M","R","M","R","T","T","M","E","R","?","R","B",null,"M","M","$","?","M","R","$","R","T","M","E"],"character_chosen":"DEFECT","items_purchased":["Bandage Up","Bag of Preparation","DollysMirror","Block Potion","Symbiotic Virus"],"campfire_rested":8,"item_purchase_floors":[20,20,20,20,37],"current_hp_per_floor":[62,58,58,58,58,10,32,26,26,48,48,48,48,48,48,18,75,69,58,58,42,34,56,26,48,48,48,52,22,44,44,66,50,75,67,67,67,67,18,40,40,62,62,62,0,0],"gold":90,"neow_bonus":"UPGRADE_CARD","is_daily":false,"chose_seed":false,"campfire_upgraded":2,"win_rate":0.0,"timestamp":1609053095,"path_taken":["M","M","?","?","M","E","R","E","T","R","M","?","R","M","R","BOSS","M","M","$","?","M","R","M","R","T","?","?","E","R","?","R","BOSS","M","M","$","?","M","R","$","R","T","M","E"],"items_purchased_type":["Card","Relic","Relic","Potion","Relic"],"build_version":"2020-12-22","purchased_purges":0,"victory":false,"max_hp_per_floor":[75,75,75,75,75,75,75,75,75,75,75,75,75,75,75,75,75,75,75,75,75,75,75,75,75,75,75,75,75,75,75,75,75,75,75,75,75,75,75,75,75,75,75,75,75,75],"card_choices":[{"not_picked":["Conserve Battery","BootSequence"],"picked":"Hello World","floor":1},{"not_picked":["Rebound","Leap"],"picked":"Hello World","floor":2},{"not_picked":["Leap","Turbo"],"picked":"Glacier","floor":5},{"not_picked":["Turbo","Hologram"],"picked":"Electrodynamics","floor":6},{"not_picked":["Barrage","Sweeping Beam"],"picked":"Rip and Tear","floor":8},{"not_picked":["Hologram","Beam Cell"],"picked":"Cold Snap","floor":11},{"not_picked":["Gash","Leap"],"picked":"Recycle","floor":14},{"not_picked":["Thunder Strike","Machine Learning"],"picked":"Fission","floor":16},{"not_picked":["Compile Driver","BootSequence+1"],"picked":"Scrape+1","floor":18},{"not_picked":["Chill","Beam Cell"],"picked":"Chaos","floor":19},{"not_picked":["Chaos","Sweeping Beam","Stack+1"],"picked":"SKIP","floor":22},{"not_picked":["Steam","Stack"],"picked":"Tempest+1","floor":24},{"not_picked":["Turbo","Gash+1","Hologram"],"picked":"SKIP","floor":28},{"not_picked":["Leap+1","FTL"],"picked":"Seek","floor":29},{"not_picked":["Creative AI","All For One"],"picked":"Rainbow","floor":33},{"not_picked":["White Noise+1","Hello World"],"picked":"Melter+1","floor":35},{"not_picked":["Auto Shields","Fusion+1"],"picked":"Stack+1","floor":36},{"not_picked":["Gash+1","Beam Cell+1","Turbo+1"],"picked":"SKIP","floor":39},{"not_picked":["Cold Snap","Leap+1"],"picked":"Conserve Battery+1","floor":44}],"player_experience":647504,"relics_obtained":[{"floor":4,"key":"Bag of Marbles"},{"floor":6,"key":"Ice Cream"},{"floor":8,"key":"Boot"},{"floor":9,"key":"Bronze Scales"},{"floor":12,"key":"Oddly Smooth Stone"},{"floor":21,"key":"Nilry\u0027s Codex"},{"floor":26,"key":"Potion Belt"},{"floor":27,"key":"Calipers"},{"floor":29,"key":"Shuriken"},{"floor":43,"key":"Juzu Bracelet"}],"event_choices":[{"damage_healed":0,"gold_gain":0,"player_choice":"Ignored","damage_taken":0,"max_hp_gain":0,"max_hp_loss":0,"event_name":"Golden Wing","floor":3,"gold_loss":0},{"damage_healed":0,"gold_gain":0,"player_choice":"Obtained Book","damage_taken":16,"max_hp_gain":0,"max_hp_loss":0,"event_name":"Cursed Tome","floor":21,"gold_loss":0},{"damage_healed":0,"gold_gain":0,"player_choice":"Ignored","damage_taken":0,"max_hp_gain":0,"max_hp_loss":0,"event_name":"Ghosts","floor":31,"gold_loss":0},{"cards_removed":["Strike_B"],"damage_healed":0,"gold_gain":0,"player_choice":"Removed Attack","damage_taken":0,"max_hp_gain":0,"max_hp_loss":0,"event_name":"Falling","floor":38,"gold_loss":0}],"is_beta":false,"boss_relics":[{"not_picked":["Sozu","Busted Crown"],"picked":"Empty Cage"},{"not_picked":["Pandora\u0027s Box","Tiny House"],"picked":"Nuclear Battery"}],"items_purged_floors":[],"is_endless":false,"potions_floor_spawned":[5,6,16,18,19,22,35,39],"killed_by":"Giant Head","ascension_level":3}}