{"host":"j1eo1fqrqta44853","time":1609106344,"event":{"mods":["Act Like it!","BaseMod","CatGirl Mod","Custom Start","Downfall","Elementarium","Gensokyo","GungeonMod","HololiveMod","Hubris","Infinite Spire","Lobotomy","LobotomyExtend","Marisa????????","Minty Spire (QoL Compilation)","Pale of the Ancients","Rare Cards Sparkle","Replay The Spire","SIMod","Shedinja","StSLib","The Jungle","The Marked","The Mystic","The Runesmith","The Vixen","TheBandit","Waifu the Spire"],"gold_per_floor":[99,117,134,21,35,67,67,67,229,229,229,255,180,180,195,195,195],"floor_reached":16,"playtime":1891,"items_purged":[],"score":110,"play_id":"5968d765-e7c3-42e8-aa59-70667efef7ce","local_time":"20201227155904","is_ascension_mode":false,"campfire_choices":[{"data":"sneckomod:Unknown","floor":1,"key":"SMITH"},{"data":"sneckomod:UnknownBlock","floor":8,"key":"SMITH"},{"floor":13,"key":"RECALL"}],"circlet_count":0,"master_deck":["sneckomod:Strike","sneckomod:Strike","sneckomod:Strike","sneckomod:Defend","sneckomod:Defend","sneckomod:Defend","sneckomod:TailWhip","sneckomod:SnekBite","sneckomod:Unknown+1","sneckomod:Unknown+1","sneckomod:UnknownBlock+1","sneckomod:SoulDraw","sneckomod:SlitherStrike","sneckomod:UnknownCommonSkill","sneckomod:UnknownClassUrban Legend","sneckomod:UnknownUncommonPower"],"relics":["sneckomod:SneckoSoul","LetterFromLob","infinitespire:Joker Card","Darkstone Periapt","hubris:Towel","Gensokyo:Justice","TungstenRod","hubris:TenFootPole","downfall:HeartBlessingGreen"],"acts_visited":["Gensokyo:Gensokyo"],"potions_floor_usage":[5,6,16,16],"damage_taken":[{"damage":7,"enemies":"Gensokyo:Gryphon","floor":2,"turns":4},{"damage":0,"enemies":"Gensokyo:Python","floor":3,"turns":4},{"damage":2,"enemies":"Gensokyo:2_Kodama","floor":5,"turns":4},{"damage":48,"enemies":"Gensokyo:Aya","floor":6,"turns":10},{"damage":1,"enemies":"Gensokyo:CorruptedTreant","floor":9,"turns":4},{"damage":20,"enemies":"Gensokyo:Mamizou","floor":12,"turns":8},{"damage":0,"enemies":"Gensokyo:Kitsune","floor":15,"turns":2},{"damage":36,"enemies":"downfall:Watcher","floor":16,"turns":8}],"seed_played":"-7435053103527117816","potions_obtained":[{"floor":2,"key":"Swift Potion"},{"floor":5,"key":"Regen Potion"},{"floor":6,"key":"BlessingOfTheForge"},{"floor":15,"key":"GamblersBrew"}],"is_trial":false,"path_per_floor":["R","M","M","COS","M","E","T","R","M","?","?","E","R","?","M","B"],"character_chosen":"THE_SNECKO","items_purchased":[],"campfire_rested":0,"item_purchase_floors":[],"current_hp_per_floor":[90,84,84,84,82,49,49,49,49,49,49,30,30,30,31,0,0],"gold":195,"neow_bonus":"UPGRADE_CARD","is_daily":false,"chose_seed":false,"campfire_upgraded":2,"win_rate":0.0,"timestamp":1609106344,"path_taken":["R","M","M","COS","M","E","T","R","M","?","?","E","R","?","M","BOSS"],"items_purchased_type":[],"build_version":"2020-12-22","purchased_purges":0,"victory":false,"max_hp_per_floor":[90,91,91,91,91,91,91,91,92,92,92,93,93,93,94,94,94],"card_choices":[{"not_picked":["sneckomod:QuickMove","sneckomod:Nope"],"picked":"sneckomod:UnknownBlock","floor":2},{"not_picked":["sneckomod:SlitherStrike","sneckomod:RainOfDice"],"picked":"sneckomod:SoulDraw","floor":3},{"not_picked":["sneckomod:QuickMove","sneckomod:UnknownVulnerable"],"picked":"sneckomod:DiceBlock","floor":5},{"not_picked":["sneckomod:UnknownVulnerable","sneckomod:SoulRoll"],"picked":"sneckomod:SlitherStrike","floor":6},{"not_picked":["sneckomod:Nope","sneckomod:SnekBeam"],"picked":"sneckomod:UnknownCommonSkill","floor":9},{"not_picked":["sneckomod:QuickMove","sneckomod:Nope"],"picked":"sneckomod:UnknownClassUrban Legend","floor":12},{"not_picked":["sneckomod:QuickBite","sneckomod:UnknownClassHololive_BLUE"],"picked":"sneckomod:UnknownUncommonPower","floor":15}],"player_experience":973058,"relics_obtained":[{"floor":2,"key":"LetterFromLob"},{"floor":6,"key":"infinitespire:Joker Card"},{"floor":7,"key":"Darkstone Periapt"},{"floor":12,"key":"hubris:TenFootPole"}],"event_choices":[],"is_beta":false,"boss_relics":[],"items_purged_floors":[],"is_endless":false,"potions_floor_spawned":[2,5,6,15],"killed_by":"downfall:Watcher","ascension_level":0}}