{"host":"6y6142f02nm1bb3n","time":1609044923,"event":{"mods":["BaseMod","Googly Eyes","Minty Spire (QoL Compilation)","StSLib","The Cursed","The Hierophant"],"gold_per_floor":[118,135,152,165,181,181,192,192,218,218,218,249,65,84,84,214,214,227,241,264,5,19,54,70,70,70,70,90,5,5,5,5,135,135,155,168,168,168],"floor_reached":37,"playtime":2771,"items_purged":[],"score":395,"play_id":"c40b592e-8dcf-4cfa-a692-749431554747","local_time":"20201226235523","is_ascension_mode":false,"campfire_choices":[{"data":"Eruption","floor":6.0,"key":"SMITH"},{"data":"Worship","floor":8.0,"key":"SMITH"},{"data":"Brilliance","floor":10.0,"key":"SMITH"},{"floor":15.0,"key":"REST"},{"floor":25,"key":"REST"},{"data":"1","floor":27,"key":"LIFT"},{"floor":32,"key":"REST"}],"circlet_count":0,"master_deck":["Strike_P","Strike_P","Defend_P","Defend_P","Defend_P","Eruption+1","Vigilance","DeceiveReality","PathToVictory","Brilliance+1","Halt","Sanctity","Worship+1","Vengeance+1","Pray","WreathOfFlame","SandsOfTime","Ragnarok","Tantrum+1","DeusExMachina+1","FollowUp+1","PathToVictory+1","DevaForm","Metamorphosis+1","Bandage Up","ReachHeaven+1","EmptyFist+1","Brilliance","PathToVictory","LessonLearned","CurseOfTheBell","SignatureMove+1"],"relics":["PureWater","Pen Nib","Golden Idol","Dream Catcher","Orichalcum","Astrolabe","Toy Ornithopter","Girya","War Paint","Strawberry","Calling Bell","Blood Vial","Eternal Feather","Ginger"],"acts_visited":["TheCity","TheBeyond"],"potions_floor_usage":[16,16,22,22,23,28,33],"damage_taken":[{"damage":2.0,"enemies":"Cultist","floor":1.0,"turns":3.0},{"damage":2.0,"enemies":"2 Louse","floor":2.0,"turns":3.0},{"damage":0.0,"enemies":"Jaw Worm","floor":3.0,"turns":3.0},{"damage":8.0,"enemies":"Large Slime","floor":4.0,"turns":3.0},{"damage":11.0,"enemies":"2 Fungi Beasts","floor":5.0,"turns":4.0},{"damage":0.0,"enemies":"Lots of Slimes","floor":7.0,"turns":4.0},{"damage":30.0,"enemies":"3 Sentries","floor":12.0,"turns":6.0},{"damage":0.0,"enemies":"Exordium Thugs","floor":14.0,"turns":4.0},{"damage":18,"enemies":"Slime Boss","floor":16,"turns":6},{"damage":0,"enemies":"Chosen","floor":18,"turns":3},{"damage":0,"enemies":"Spheric Guardian","floor":19,"turns":2},{"damage":23,"enemies":"Snake Plant","floor":20,"turns":4},{"damage":14,"enemies":"Sentry and Sphere","floor":22,"turns":4},{"damage":25,"enemies":"Gremlin Leader","floor":23,"turns":5},{"damage":2,"enemies":"Centurion and Healer","floor":24,"turns":3},{"damage":6,"enemies":"3 Cultists","floor":28,"turns":3},{"damage":66,"enemies":"Collector","floor":33,"turns":7},{"damage":28,"enemies":"Orb Walker","floor":35,"turns":4},{"damage":51,"enemies":"3 Darklings","floor":36,"turns":7},{"damage":20,"enemies":"Spire Growth","floor":37,"turns":2}],"seed_played":"6219380525228222668","potions_obtained":[{"floor":1.0,"key":"Fire Potion"},{"floor":2.0,"key":"StancePotion"},{"floor":4.0,"key":"FearPotion"},{"floor":5.0,"key":"CultistPotion"},{"floor":7.0,"key":"FearPotion"},{"floor":18,"key":"ColorlessPotion"},{"floor":20,"key":"Block Potion"},{"floor":22,"key":"PowerPotion"},{"floor":23,"key":"BottledMiracle"}],"is_trial":false,"path_per_floor":["M","M","M","M","M","R","M","R","T","R","?","E","$","M","R","B",null,"M","M","M","$","M","E","M","R","T","R","M","?","?","?","R","B",null,"M","M","M"],"character_chosen":"WATCHER","items_purchased":["Pray","Orichalcum","Metamorphosis","Bandage Up"],"campfire_rested":3,"item_purchase_floors":[13,13,21,21],"current_hp_per_floor":[77,75,75,67,56,56,56,56,56,56,56,26,26,26,47,29,73,73,73,50,50,40,19,21,42,42,42,41,41,48,48,72,15,80,52,7,0,0],"gold":168,"neow_bonus":"TEN_PERCENT_HP_BONUS","is_daily":false,"chose_seed":false,"campfire_upgraded":3,"win_rate":0.0,"timestamp":1609044923,"path_taken":["M","M","M","M","?","R","M","R","T","R","?","E","?","M","R","BOSS","M","M","M","$","M","E","M","R","T","R","M","?","?","?","R","BOSS","M","?","M"],"items_purchased_type":["Card","Relic","Card","Card"],"build_version":"2020-12-22","purchased_purges":0,"victory":false,"max_hp_per_floor":[79,79,79,79,79,79,79,79,79,79,73,73,73,73,73,73,73,73,73,73,73,73,73,73,73,73,73,73,73,80,80,80,80,80,80,80,80,80],"card_choices":[{"not_picked":["Indignation","BowlingBash"],"picked":"DeceiveReality","floor":1.0},{"not_picked":["Consecrate","BowlingBash"],"picked":"PathToVictory","floor":2.0},{"not_picked":["Halt","Weave"],"picked":"Brilliance","floor":3.0},{"not_picked":["CutThroughFate","SashWhip"],"picked":"Halt","floor":4.0},{"not_picked":["Swivel","EmptyBody"],"picked":"Sanctity","floor":5.0},{"not_picked":["Consecrate","WreathOfFlame"],"picked":"Worship","floor":7.0},{"not_picked":["Weave","WreathOfFlame"],"picked":"Vengeance","floor":12.0},{"not_picked":["CutThroughFate","ThirdEye"],"picked":"WreathOfFlame","floor":14.0},{"not_picked":["EmptyFist","WindmillStrike"],"picked":"SandsOfTime","floor":15.0},{"not_picked":["MasterReality","Scrawl"],"picked":"Ragnarok","floor":16},{"not_picked":["CrushJoints","CutThroughFate","Conclude"],"picked":"SKIP","floor":18},{"not_picked":["BattleHymn","WheelKick"],"picked":"PathToVictory+1","floor":19},{"not_picked":["Protect","PathToVictory"],"picked":"DevaForm","floor":20},{"not_picked":["CutThroughFate","SashWhip"],"picked":"ReachHeaven+1","floor":22},{"not_picked":["CrushJoints+1","Protect"],"picked":"EmptyFist+1","floor":23},{"not_picked":["EmptyBody","Halt","Vengeance"],"picked":"SKIP","floor":24},{"not_picked":["FlurryOfBlows","Conclude"],"picked":"Brilliance","floor":25},{"not_picked":["CutThroughFate","Study","EmptyFist"],"picked":"SKIP","floor":28},{"not_picked":["EmptyFist","LikeWater"],"picked":"PathToVictory","floor":32},{"not_picked":["Judgement","MasterReality"],"picked":"LessonLearned","floor":33},{"not_picked":["ClearTheMind+1","FollowUp"],"picked":"SignatureMove+1","floor":35},{"not_picked":["Consecrate+1","BattleHymn","InnerPeace"],"picked":"SKIP","floor":36}],"player_experience":13733,"relics_obtained":[{"floor":9.0,"key":"Pen Nib"},{"floor":12.0,"key":"Dream Catcher"},{"floor":23,"key":"Toy Ornithopter"},{"floor":26,"key":"Girya"},{"floor":34,"key":"Blood Vial"},{"floor":34,"key":"Eternal Feather"},{"floor":34,"key":"Ginger"}],"event_choices":[{"damage_healed":0.0,"max_hp_gain":0.0,"max_hp_loss":6.0,"gold_gain":0.0,"event_name":"Golden Idol","player_choice":"Lose Max HP","floor":11.0,"gold_loss":0.0,"damage_taken":0.0,"relics_obtained":["Golden Idol"]},{"damage_healed":0,"gold_gain":0,"player_choice":"Obtained Relic","damage_taken":0,"relics_obtained":["War Paint"],"max_hp_gain":0,"max_hp_loss":0,"event_name":"Addict","floor":29,"gold_loss":85},{"damage_healed":0,"gold_gain":0,"player_choice":"Opened","damage_taken":0,"relics_obtained":["Strawberry"],"max_hp_gain":0,"max_hp_loss":0,"event_name":"The Mausoleum","floor":30,"gold_loss":0,"cards_obtained":["Writhe"]},{"cards_removed":["Writhe"],"damage_healed":0,"gold_gain":0,"player_choice":"Removed Curses","damage_taken":0,"max_hp_gain":0,"max_hp_loss":0,"event_name":"Fountain of Cleansing","floor":31,"gold_loss":0}],"is_beta":false,"boss_relics":[{"not_picked":["Ectoplasm","Fusion Hammer"],"picked":"Astrolabe"},{"not_picked":["Runic Pyramid","Black Star"],"picked":"Calling Bell"}],"items_purged_floors":[],"is_endless":false,"potions_floor_spawned":[1,2,4,5,7,18,20,22,23],"killed_by":"Spire Growth","ascension_level":0}}