{"host":"BK","time":1609037916,"event":{"mods":["BaseMod","Highlight Path","Minty Spire (QoL Compilation)","StSLib"],"gold_per_floor":[11,11,25,35,52,85,33,33,56,87,98,98,112,129,129,205,205,220,232,147,327,15,15,15],"floor_reached":23,"playtime":1223,"items_purged":[],"score":406,"play_id":"d9455fa5-f45e-4c4f-9138-6a807a94e215","local_time":"20201226195836","is_ascension_mode":true,"campfire_choices":[{"floor":8.0,"key":"REST"},{"floor":15.0,"key":"REST"}],"circlet_count":0,"master_deck":["AscendersBane","Strike_P","Strike_P","Strike_P","Strike_P","Defend_P","Defend_P","Defend_P","Defend_P","Eruption","Vigilance","Vault","Parasite","Protect","Wallop","BowlingBash","FlurryOfBlows","WaveOfTheHand","Parasite","Perseverance","FlyingSleeves","SpiritShield","InnerPeace","CutThroughFate","Dark Shackles","WheelKick","LikeWater"],"relics":["PureWater","Akabeko","Happy Flower","Centennial Puzzle","Velvet Choker","Meat on the Bone"],"acts_visited":["Exordium","TheCity"],"potions_floor_usage":[18,19,23],"damage_taken":[{"damage":2.0,"enemies":"Jaw Worm","floor":1.0,"turns":4.0},{"damage":13.0,"enemies":"Cultist","floor":3.0,"turns":6.0},{"damage":1.0,"enemies":"2 Louse","floor":4.0,"turns":2.0},{"damage":0.0,"enemies":"2 Fungi Beasts","floor":5.0,"turns":2.0},{"damage":46.0,"enemies":"Lagavulin","floor":6.0,"turns":9.0},{"damage":24.0,"enemies":"Gremlin Nob","floor":10.0,"turns":4.0},{"damage":2.0,"enemies":"Gremlin Gang","floor":11.0,"turns":4.0},{"damage":11.0,"enemies":"Exordium Thugs","floor":13.0,"turns":6.0},{"damage":6.0,"enemies":"Lots of Slimes","floor":14.0,"turns":7.0},{"damage":13.0,"enemies":"Hexaghost","floor":16.0,"turns":11.0},{"damage":7,"enemies":"Spheric Guardian","floor":18,"turns":5},{"damage":1,"enemies":"Shell Parasite","floor":19,"turns":2},{"damage":28,"enemies":"Book of Stabbing","floor":23,"turns":7}],"seed_played":"-923269756198049029","potions_obtained":[{"floor":3.0,"key":"Regen Potion"},{"floor":4.0,"key":"Explosive Potion"},{"floor":6.0,"key":"Ambrosia"},{"floor":11.0,"key":"CultistPotion"},{"floor":14.0,"key":"Block Potion"},{"floor":16.0,"key":"BlessingOfTheForge"},{"floor":18,"key":"LiquidMemories"}],"is_trial":false,"path_per_floor":["M","?","M","M","M","E","$","R","T","E","M","?","M","M","R","B",null,"M","M","?","?","$","E"],"character_chosen":"WATCHER","items_purchased":["BowlingBash","Dark Shackles","WheelKick","LikeWater","Block Potion"],"campfire_rested":2,"item_purchase_floors":[7,22,22,22,22],"current_hp_per_floor":[59,59,46,45,45,14,14,34,34,10,8,25,14,8,28,15,55,48,47,47,28,28,0,0],"gold":15,"neow_bonus":"THREE_RARE_CARDS","is_daily":false,"chose_seed":false,"campfire_upgraded":0,"win_rate":0.0,"timestamp":1609037916,"path_taken":["M","?","M","M","M","E","?","R","T","E","M","?","?","?","R","BOSS","M","M","?","?","$","E"],"items_purchased_type":["Card","Card","Card","Card","Potion"],"build_version":"2020-12-18","purchased_purges":0,"victory":false,"max_hp_per_floor":[68,68,68,68,68,68,68,68,68,68,68,68,68,68,68,68,68,68,68,68,68,68,68,68],"card_choices":[{"not_picked":["Alpha","Establishment"],"picked":"Vault","floor":0.0},{"not_picked":["Evaluate","EmptyBody","Crescendo"],"picked":"SKIP","floor":1.0},{"not_picked":["Vengeance","Crescendo"],"picked":"Protect","floor":3.0},{"not_picked":["Omniscience","Prostrate","Indignation"],"picked":"SKIP","floor":4.0},{"not_picked":["JustLucky","EmptyBody"],"picked":"Wallop","floor":5.0},{"not_picked":["MasterReality","PathToVictory","WreathOfFlame"],"picked":"SKIP","floor":6.0},{"not_picked":["SashWhip","ThirdEye"],"picked":"FlurryOfBlows","floor":10.0},{"not_picked":["Consecrate","CutThroughFate"],"picked":"WaveOfTheHand","floor":11.0},{"not_picked":["ReachHeaven","PathToVictory"],"picked":"Perseverance","floor":13.0},{"not_picked":["Evaluate","Halt"],"picked":"FlyingSleeves","floor":14.0},{"not_picked":["Devotion","MasterReality"],"picked":"SpiritShield","floor":16.0},{"not_picked":["Consecrate","Adaptation"],"picked":"InnerPeace","floor":18},{"not_picked":["ForeignInfluence","WreathOfFlame"],"picked":"CutThroughFate","floor":19}],"player_experience":2445661,"relics_obtained":[{"floor":6.0,"key":"Akabeko"},{"floor":9.0,"key":"Happy Flower"},{"floor":10.0,"key":"Centennial Puzzle"}],"event_choices":[{"damage_healed":0.0,"max_hp_gain":0.0,"max_hp_loss":0.0,"gold_gain":0.0,"event_name":"Match and Keep!","player_choice":"1 cards matched","floor":2.0,"gold_loss":0.0,"damage_taken":0.0,"cards_obtained":["Parasite"]},{"damage_healed":17.0,"max_hp_gain":0.0,"max_hp_loss":0.0,"gold_gain":0.0,"event_name":"Mushrooms","player_choice":"Healed and dodged fight","floor":12.0,"gold_loss":0.0,"damage_taken":0.0,"cards_obtained":["Parasite"]},{"damage_healed":0,"gold_gain":0,"player_choice":"Obtained Relic","damage_taken":0,"relics_obtained":["Meat on the Bone"],"max_hp_gain":0,"max_hp_loss":0,"event_name":"Addict","floor":20,"gold_loss":85},{"damage_healed":0,"gold_gain":180,"player_choice":"GOLD GOLD ","damage_taken":19,"max_hp_gain":0,"max_hp_loss":0,"event_name":"Knowing Skull","floor":21,"potions_obtained":[],"gold_loss":0,"cards_obtained":[]}],"is_beta":true,"boss_relics":[{"not_picked":["Black Star","Fusion Hammer"],"picked":"Velvet Choker"}],"items_purged_floors":[],"is_endless":false,"potions_floor_spawned":[3,4,6,11,14,16,18],"killed_by":"Book of Stabbing","ascension_level":20}}