{"host":"y7sd46uq4xlni546","time":1609089329,"event":{"mods":["AchievementEnabler","BaseMod","Colored Map","Colored Powertips","Curses Come First","Filter the Spire","Minty Spire (QoL Compilation)","Quick Restart","Random Character Button","Rare Cards Sparkle","StSLib"],"gold_per_floor":[118,118,193,208,383,408,424,453,453,453,453,533,533,566,566,668,668,678,678,186,203,203,203,51,150,150,150,168,199,199,234,234,329,329,346,346,103,103,118,150,150,150,150,181,181,198,53,53,53,53,53,53,53,79,79],"floor_reached":56,"playtime":4265,"items_purged":[],"score":1478,"play_id":"bf6e252d-e1eb-4bab-a507-9fc95ffd0164","local_time":"20201227181529","daily_mods":["SealedDeck","Shiny","Heirloom","Time Dilation","Flight"],"is_ascension_mode":false,"campfire_choices":[{"data":"Doubt","floor":10.0,"key":"PURGE"},{"data":"Wraith Form v2","floor":15.0,"key":"SMITH"},{"data":"Fission","floor":23.0,"key":"PURGE"},{"floor":32.0,"key":"RECALL"},{"data":"Meteor Strike","floor":41.0,"key":"SMITH"},{"data":"Amplify","floor":42.0,"key":"SMITH"},{"data":"Buffer","floor":49.0,"key":"SMITH"},{"floor":52.0,"key":"REST"}],"circlet_count":0,"master_deck":["Demon Form","Wraith Form v2+1","Echo Form","DevaForm+1","Multi-Cast","Hyperbeam","Thunder Strike","Biased Cognition","Electrodynamics","Buffer+1","Rainbow+1","Seek","Meteor Strike+1","Echo Form","All For One","Reboot","Amplify+1","Creative AI","Core Surge","Scrape","Streamline","Hologram","Consume","Capacitor","Fusion","Glacier","Doom and Gloom","Streamline","Meteor Strike","Apotheosis","Capacitor+1"],"relics":["Snecko Eye","Unceasing Top","Peace Pipe","Bag of Marbles","Bottled Tornado","Singing Bowl","Pear","Art of War","SlaversCollar","MealTicket","Pen Nib","DataDisk","StoneCalendar","PreservedInsect","Nuclear Battery","Symbiotic Virus","InkBottle","Centennial Puzzle","Juzu Bracelet","Lantern","Turnip"],"acts_visited":["Exordium","TheCity","TheBeyond","TheEnding"],"potions_floor_usage":[],"damage_taken":[{"damage":0.0,"enemies":"Small Slimes","floor":1.0,"turns":1.0},{"damage":0.0,"enemies":"2 Louse","floor":4.0,"turns":1.0},{"damage":0.0,"enemies":"3 Sentries","floor":6.0,"turns":1.0},{"damage":0.0,"enemies":"Jaw Worm","floor":7.0,"turns":2.0},{"damage":0.0,"enemies":"Gremlin Nob","floor":8.0,"turns":3.0},{"damage":0.0,"enemies":"Lagavulin","floor":14.0,"turns":4.0},{"damage":0.0,"enemies":"The Guardian","floor":16.0,"turns":4.0},{"damage":0.0,"enemies":"Shell Parasite","floor":18.0,"turns":1.0},{"damage":10.0,"enemies":"Chosen","floor":21.0,"turns":3.0},{"damage":3.0,"enemies":"Sentry and Sphere","floor":28.0,"turns":4.0},{"damage":28.0,"enemies":"Gremlin Leader","floor":29.0,"turns":3.0},{"damage":12.0,"enemies":"Book of Stabbing","floor":31.0,"turns":2.0},{"damage":0.0,"enemies":"Champ","floor":33.0,"turns":4.0},{"damage":1.0,"enemies":"Orb Walker","floor":35.0,"turns":2.0},{"damage":0.0,"enemies":"3 Shapes","floor":39.0,"turns":3.0},{"damage":0.0,"enemies":"Giant Head","floor":40.0,"turns":3.0},{"damage":9.0,"enemies":"Reptomancer","floor":44.0,"turns":2.0},{"damage":1.0,"enemies":"Transient","floor":46.0,"turns":5.0},{"damage":1.0,"enemies":"Awakened One","floor":50.0,"turns":4.0},{"damage":6.0,"enemies":"Shield and Spear","floor":54.0,"turns":4.0},{"damage":79,"enemies":"The Heart","floor":55,"turns":5}],"seed_played":"-3042273601214123777","potions_obtained":[{"floor":4.0,"key":"Explosive Potion"},{"floor":7.0,"key":"GamblersBrew"},{"floor":14.0,"key":"LiquidBronze"},{"floor":18.0,"key":"Energy Potion"},{"floor":28.0,"key":"ColorlessPotion"},{"floor":33.0,"key":"EssenceOfDarkness"},{"floor":35.0,"key":"FearPotion"}],"is_trial":true,"path_per_floor":["M","?","?","M","?","E","M","E","T","R","?","?","?","E","R","B",null,"M","?","$","M","?","R","$","?","T","?","M","E","?","E","R","B",null,"M","?","$","$","M","E","R","R","T","E","?","M","$","?","R","B",null,"R","$","E","B",null],"character_chosen":"DEFECT","items_purchased":["Apotheosis","MealTicket","Pen Nib","DataDisk","Symbiotic Virus","Lantern"],"campfire_rested":1,"item_purchase_floors":[20,20,20,24,37,47],"current_hp_per_floor":[75,80,69,69,69,69,69,69,69,69,69,69,76,78,78,78,92,94,94,94,86,86,86,96,96,96,96,95,69,69,59,59,61,104,105,105,106,106,108,110,110,110,110,103,103,104,108,108,108,107,108,108,108,102,23],"gold":79,"neow_bonus":"","is_daily":false,"chose_seed":false,"campfire_upgraded":4,"win_rate":0.0,"timestamp":1609089329,"path_taken":["M","?","?","M","?","E","?","E","T","R","?","?","?","E","R","BOSS","M","?","$","?","?","R","$","?","T","?","?","E","?","E","R","BOSS","M","?","?","$","?","E","R","R","T","E","?","M","?","?","R","BOSS","R","$","E","BOSS"],"items_purchased_type":["Card","Relic","Relic","Relic","Relic","Relic"],"build_version":"2020-12-22","purchased_purges":0,"victory":true,"max_hp_per_floor":[75,80,80,80,80,80,80,80,80,80,80,80,90,92,92,92,92,94,94,94,96,96,96,96,96,96,96,98,100,100,102,102,104,104,106,106,106,106,108,110,110,110,110,112,106,108,108,108,108,108,108,108,108,108,108],"card_choices":[{"not_picked":["Beam Cell","Auto Shields","Cold Snap"],"picked":"SKIP","floor":1.0},{"not_picked":["Go for the Eyes","Recycle","Beam Cell"],"picked":"SKIP","floor":4.0},{"not_picked":["Genetic Algorithm","Tempest","Barrage"],"picked":"SKIP","floor":6.0},{"not_picked":["Conserve Battery","Turbo","Steam"],"picked":"SKIP","floor":7.0},{"not_picked":["BootSequence","Steam","Core Surge"],"picked":"SKIP","floor":8.0},{"not_picked":["Redo","Rebound","Barrage"],"picked":"Singing Bowl","floor":14.0},{"not_picked":["Core Surge","Multi-Cast"],"picked":"Meteor Strike","floor":16.0},{"not_picked":["Rebound+1","Ball Lightning","Rip and Tear+1"],"picked":"Singing Bowl","floor":18.0},{"not_picked":["Ball Lightning","Compile Driver","Beam Cell"],"picked":"Singing Bowl","floor":21.0},{"not_picked":["Loop","Leap","Hologram"],"picked":"Singing Bowl","floor":28.0},{"not_picked":["Go for the Eyes+1","Turbo","Recycle"],"picked":"Singing Bowl","floor":29.0},{"not_picked":["Biased Cognition","Multi-Cast","Conserve Battery"],"picked":"Singing Bowl","floor":31.0},{"not_picked":["Hyperbeam","Buffer","Machine Learning"],"picked":"Singing Bowl","floor":33.0},{"not_picked":["Go for the Eyes+1","Glacier","Ball Lightning"],"picked":"Singing Bowl","floor":35.0},{"not_picked":["Ball Lightning+1","Coolheaded","Reinforced Body"],"picked":"Singing Bowl","floor":39.0},{"not_picked":["Reinforced Body+1","Coolheaded+1","Fusion"],"picked":"Singing Bowl","floor":40.0},{"not_picked":["Turbo+1","Ball Lightning","Compile Driver"],"picked":"Singing Bowl","floor":44.0},{"not_picked":["Go for the Eyes","Static Discharge+1","Sweeping Beam+1"],"picked":"Singing Bowl","floor":46.0},{"not_picked":["Streamline","Aggregate+1"],"picked":"Capacitor+1","floor":54.0}],"player_experience":513010,"relics_obtained":[{"floor":6.0,"key":"Bag of Marbles"},{"floor":8.0,"key":"Bottled Tornado"},{"floor":9.0,"key":"Singing Bowl"},{"floor":14.0,"key":"Art of War"},{"floor":29.0,"key":"StoneCalendar"},{"floor":31.0,"key":"PreservedInsect"},{"floor":40.0,"key":"InkBottle"},{"floor":43.0,"key":"Centennial Puzzle"},{"floor":44.0,"key":"Juzu Bracelet"},{"floor":54.0,"key":"Turnip"}],"event_choices":[{"damage_healed":0.0,"max_hp_gain":5.0,"max_hp_loss":0.0,"gold_gain":0.0,"event_name":"Big Fish","player_choice":"Donut","floor":2.0,"gold_loss":0.0,"damage_taken":0.0},{"damage_healed":0.0,"max_hp_gain":0.0,"max_hp_loss":0.0,"gold_gain":75.0,"event_name":"World of Goop","player_choice":"Gather Gold","floor":3.0,"gold_loss":0.0,"damage_taken":11.0},{"damage_healed":0.0,"max_hp_gain":0.0,"max_hp_loss":0.0,"gold_gain":175.0,"event_name":"Liars Game","player_choice":"AGREE","floor":5.0,"gold_loss":0.0,"damage_taken":0.0,"cards_obtained":["Doubt"]},{"damage_healed":0.0,"max_hp_gain":0.0,"max_hp_loss":0.0,"gold_gain":0.0,"event_name":"Living Wall","player_choice":"Grow","floor":11.0,"gold_loss":0.0,"damage_taken":0.0,"cards_upgraded":["DevaForm"]},{"damage_healed":0.0,"max_hp_gain":0.0,"max_hp_loss":0.0,"gold_gain":80.0,"event_name":"Golden Wing","player_choice":"Gained Gold","floor":12.0,"gold_loss":0.0,"damage_taken":0.0},{"damage_healed":0.0,"max_hp_gain":0.0,"max_hp_loss":0.0,"gold_gain":0.0,"event_name":"Scrap Ooze","player_choice":"Success","floor":13.0,"gold_loss":0.0,"damage_taken":3.0,"relics_obtained":["Pear"]},{"cards_removed":["Cold Snap"],"damage_healed":5.0,"max_hp_gain":0.0,"max_hp_loss":0.0,"gold_gain":0.0,"event_name":"Bonfire Elementals","player_choice":"Offered Common","floor":19.0,"gold_loss":0.0,"damage_taken":0.0},{"cards_removed":["Cold Snap"],"damage_healed":5.0,"max_hp_gain":0.0,"max_hp_loss":0.0,"gold_gain":0.0,"event_name":"Bonfire Elementals","player_choice":"Offered Special","floor":19.0,"gold_loss":0.0,"damage_taken":0.0},{"damage_healed":0.0,"max_hp_gain":0.0,"max_hp_loss":0.0,"gold_gain":0.0,"event_name":"Vampires","player_choice":"Ignored","floor":22.0,"gold_loss":0.0,"damage_taken":0.0},{"damage_healed":0.0,"max_hp_gain":0.0,"max_hp_loss":0.0,"gold_gain":99.0,"event_name":"Nest","player_choice":"Stole From Cult","floor":25.0,"gold_loss":0.0,"damage_taken":0.0},{"damage_healed":0.0,"max_hp_gain":0.0,"max_hp_loss":0.0,"gold_gain":0.0,"event_name":"NoteForYourself","player_choice":"Ignored","floor":27.0,"gold_loss":0.0,"damage_taken":0.0},{"damage_healed":0.0,"max_hp_gain":0.0,"max_hp_loss":0.0,"gold_gain":0.0,"event_name":"Ghosts","player_choice":"Ignored","floor":30.0,"gold_loss":0.0,"damage_taken":0.0},{"damage_healed":0.0,"max_hp_gain":0.0,"max_hp_loss":0.0,"gold_gain":0.0,"event_name":"Upgrade Shrine","player_choice":"Upgraded","floor":36.0,"gold_loss":0.0,"damage_taken":0.0,"cards_upgraded":["Rainbow"]},{"damage_healed":0.0,"max_hp_gain":0.0,"max_hp_loss":6.0,"gold_gain":0.0,"event_name":"Winding Halls","player_choice":"Max HP","floor":45.0,"gold_loss":0.0,"damage_taken":0.0},{"cards_removed":["Machine Learning"],"damage_healed":0.0,"max_hp_gain":0.0,"max_hp_loss":0.0,"gold_gain":0.0,"event_name":"Falling","player_choice":"Removed Power","floor":48.0,"gold_loss":0.0,"damage_taken":0.0}],"is_beta":false,"boss_relics":[{"not_picked":["Velvet Choker","Runic Pyramid"],"picked":"SlaversCollar"},{"not_picked":["Tiny House","Coffee Dripper"],"picked":"Nuclear Battery"}],"items_purged_floors":[],"is_endless":false,"potions_floor_spawned":[4,7,14,18,28,33,35,40],"ascension_level":0}}