{"host":"wwo1kwxjf4eyz37q","time":1609059859,"event":{"mods":["AchievementEnabler","BaseMod","Colored Map","Minty Spire (QoL Compilation)","Quick Restart","SuperFastMode"],"gold_per_floor":[117,137,137,155,155,180,180,280,327,327,361,378,378,391,391,491,491,416,416,416,113,113,113,113,113,113,13,13,13,13,13,13,13,13,13,13,13,13,13,13,13,13,13,13,13,13,13,13,13,13,13,13,13,13,13],"floor_reached":56,"playtime":3766,"items_purged":["Strike_P","Strike_P"],"score":1315,"play_id":"7d04df9d-8182-4957-af0a-2e9c22ba4164","local_time":"20201227180419","is_ascension_mode":true,"campfire_choices":[{"data":"Eruption","floor":7.0,"key":"SMITH"},{"data":"Crescendo","floor":10.0,"key":"SMITH"},{"floor":13.0,"key":"REST"},{"floor":15.0,"key":"REST"},{"data":"Vault","floor":23.0,"key":"SMITH"},{"floor":28.0,"key":"REST"},{"floor":32.0,"key":"REST"},{"data":"Adaptation","floor":40.0,"key":"SMITH"},{"floor":44.0,"key":"RECALL"},{"data":"Pray","floor":49.0,"key":"SMITH"},{"data":"DeusExMachina","floor":52,"key":"SMITH"}],"circlet_count":0,"master_deck":["Defend_P+1","Defend_P+1","Eruption+1","Vigilance","EmptyMind+1","Prostrate+1","Crescendo+1","Pray+1","Vault+1","Prostrate+1","Fasting2+1","Vengeance","FlyingSleeves+1","Brilliance","FollowUp+1","Adaptation+1","DeusExMachina+1","Prostrate+1","Adaptation+1","Halt+1","Wallop+1"],"relics":["HolyWater","Bronze Scales","Pen Nib","Damaru","Ectoplasm","Vajra","War Paint","Art of War","Omamori","Orichalcum","Oddly Smooth Stone","Ornamental Fan","Anchor","Blood Vial"],"acts_visited":["Exordium","TheCity","TheBeyond","TheEnding"],"potions_floor_usage":[54,55],"damage_taken":[{"damage":0.0,"enemies":"Jaw Worm","floor":1.0,"turns":4.0},{"damage":0.0,"enemies":"2 Louse","floor":2.0,"turns":2.0},{"damage":3.0,"enemies":"Cultist","floor":4.0,"turns":5.0},{"damage":33.0,"enemies":"Gremlin Nob","floor":6.0,"turns":5.0},{"damage":6.0,"enemies":"Lagavulin","floor":11.0,"turns":7.0},{"damage":0.0,"enemies":"2 Fungi Beasts","floor":12.0,"turns":2.0},{"damage":6.0,"enemies":"3 Louse","floor":14.0,"turns":3.0},{"damage":5.0,"enemies":"Slime Boss","floor":16.0,"turns":12.0},{"damage":13.0,"enemies":"2 Thieves","floor":18.0,"turns":5.0},{"damage":0.0,"enemies":"Chosen","floor":19.0,"turns":4.0},{"damage":6.0,"enemies":"Centurion and Healer","floor":20.0,"turns":5.0},{"damage":9.0,"enemies":"Snake Plant","floor":22.0,"turns":3.0},{"damage":26.0,"enemies":"Book of Stabbing","floor":24.0,"turns":7.0},{"damage":0.0,"enemies":"Snecko","floor":25.0,"turns":2.0},{"damage":14.0,"enemies":"Slavers","floor":29.0,"turns":3.0},{"damage":3.0,"enemies":"Automaton","floor":33.0,"turns":6.0},{"damage":0.0,"enemies":"3 Darklings","floor":35.0,"turns":5.0},{"damage":0.0,"enemies":"Orb Walker","floor":36.0,"turns":3.0},{"damage":5.0,"enemies":"3 Darklings","floor":37.0,"turns":3.0},{"damage":0.0,"enemies":"Maw","floor":39.0,"turns":5.0},{"damage":8.0,"enemies":"Writhing Mass","floor":41.0,"turns":3.0},{"damage":1.0,"enemies":"Giant Head","floor":42.0,"turns":4.0},{"damage":4.0,"enemies":"Reptomancer","floor":45.0,"turns":4.0},{"damage":0.0,"enemies":"Sphere and 2 Shapes","floor":46.0,"turns":2.0},{"damage":13.0,"enemies":"Nemesis","floor":47.0,"turns":3.0},{"damage":0.0,"enemies":"Maw","floor":48.0,"turns":6.0},{"damage":12.0,"enemies":"Donu and Deca","floor":50.0,"turns":5.0},{"damage":0,"enemies":"Shield and Spear","floor":54,"turns":5},{"damage":57,"enemies":"The Heart","floor":55,"turns":7}],"seed_played":"6446465680389774555","potions_obtained":[{"floor":4.0,"key":"Dexterity Potion"},{"floor":6.0,"key":"Fire Potion"},{"floor":12.0,"key":"Block Potion"},{"floor":18.0,"key":"FearPotion"},{"floor":19.0,"key":"DistilledChaos"},{"floor":22.0,"key":"Explosive Potion"},{"floor":33.0,"key":"DistilledChaos"},{"floor":46.0,"key":"BottledMiracle"}],"is_trial":false,"path_per_floor":["M","M","?","M","?","E","R","?","T","R","E","M","R","M","R","B",null,"M","M","M","$","M","R","E","M","T","$","R","E","?","?","R","B",null,"M","M","M","?","M","R","M","E","T","R","E","M","E","M","R","B",null,"R","$","E","B",null],"character_chosen":"WATCHER","items_purchased":["Vengeance","Vajra"],"campfire_rested":4,"item_purchase_floors":[21,21],"current_hp_per_floor":[65,65,52,49,49,16,16,16,16,16,10,10,29,23,42,37,65,52,52,46,46,37,37,11,11,11,11,30,16,16,16,35,32,65,65,65,60,60,60,60,52,51,51,51,47,47,34,34,34,22,65,65,65,65,8],"gold":13,"neow_bonus":"TRANSFORM_TWO_CARDS","is_daily":false,"chose_seed":false,"campfire_upgraded":6,"win_rate":0.0,"timestamp":1609059859,"path_taken":["M","M","?","M","?","E","R","?","T","R","E","M","R","M","R","BOSS","M","M","M","$","M","R","E","?","T","$","R","E","?","?","R","BOSS","M","M","M","?","?","R","M","E","T","R","E","M","E","M","R","BOSS","R","$","E","BOSS"],"items_purchased_type":["Card","Relic"],"build_version":"2020-12-22","purchased_purges":2,"victory":true,"max_hp_per_floor":[65,65,65,65,65,65,65,65,65,65,65,65,65,65,65,65,65,65,65,65,65,65,65,65,65,65,65,65,65,65,65,65,65,65,65,65,65,65,65,65,65,65,65,65,65,65,65,65,65,65,65,65,65,65,65],"card_choices":[{"not_picked":["BowlingBash","InnerPeace"],"picked":"Crescendo","floor":1.0},{"not_picked":["WindmillStrike","Halt","CutThroughFate"],"picked":"SKIP","floor":2.0},{"not_picked":["SashWhip","EmptyBody","Collect"],"picked":"SKIP","floor":4.0},{"not_picked":["EmptyBody","InnerPeace","Swivel"],"picked":"SKIP","floor":6.0},{"not_picked":["Prostrate","LikeWater"],"picked":"Pray","floor":11.0},{"not_picked":["CutThroughFate","CarveReality","Pray"],"picked":"SKIP","floor":12.0},{"not_picked":["ThirdEye","CrushJoints","EmptyBody"],"picked":"SKIP","floor":14.0},{"not_picked":["MasterReality","LessonLearned"],"picked":"Vault","floor":16.0},{"not_picked":["SandsOfTime","FearNoEvil"],"picked":"Prostrate+1","floor":18.0},{"not_picked":["EmptyBody","SashWhip+1"],"picked":"Fasting2+1","floor":19.0},{"not_picked":["CutThroughFate","Halt","Evaluate+1"],"picked":"SKIP","floor":20.0},{"not_picked":["LikeWater","Prostrate","WaveOfTheHand"],"picked":"SKIP","floor":22.0},{"not_picked":["Prostrate+1","Evaluate+1"],"picked":"FlyingSleeves+1","floor":24.0},{"not_picked":["ReachHeaven","Wallop","DeceiveReality"],"picked":"SKIP","floor":25.0},{"not_picked":["SashWhip","Nirvana","Establishment"],"picked":"SKIP","floor":29.0},{"not_picked":["ConjureBlade","Devotion"],"picked":"Brilliance","floor":33.0},{"not_picked":["CarveReality+1","SandsOfTime"],"picked":"FollowUp+1","floor":35.0},{"not_picked":["PathToVictory+1","FearNoEvil","Halt"],"picked":"SKIP","floor":36.0},{"not_picked":["Evaluate+1","WaveOfTheHand+1"],"picked":"Adaptation","floor":37.0},{"not_picked":["Indignation+1","WreathOfFlame","ThirdEye"],"picked":"SKIP","floor":39.0},{"not_picked":["CrushJoints","FollowUp"],"picked":"DeusExMachina","floor":41.0},{"not_picked":["TalkToTheHand","Crescendo"],"picked":"Prostrate+1","floor":42.0},{"not_picked":["Worship","SashWhip+1","Prostrate"],"picked":"SKIP","floor":45.0},{"not_picked":["Prostrate","CarveReality"],"picked":"Adaptation+1","floor":46.0},{"not_picked":["SignatureMove","Tantrum"],"picked":"Halt+1","floor":47.0},{"not_picked":["Adaptation+1","CrushJoints+1","Conclude+1"],"picked":"SKIP","floor":48.0},{"not_picked":["Vengeance","Protect+1"],"picked":"Wallop+1","floor":54}],"player_experience":149745,"relics_obtained":[{"floor":6.0,"key":"Bronze Scales"},{"floor":9.0,"key":"Pen Nib"},{"floor":11.0,"key":"Damaru"},{"floor":24.0,"key":"War Paint"},{"floor":26.0,"key":"Art of War"},{"floor":29.0,"key":"Omamori"},{"floor":42.0,"key":"Oddly Smooth Stone"},{"floor":45.0,"key":"Ornamental Fan"},{"floor":47.0,"key":"Anchor"},{"floor":54,"key":"Blood Vial"}],"event_choices":[{"damage_healed":0.0,"max_hp_gain":0.0,"max_hp_loss":0.0,"gold_gain":0.0,"event_name":"Shining Light","player_choice":"Entered Light","floor":3.0,"gold_loss":0.0,"damage_taken":13.0,"cards_upgraded":["EmptyMind","Prostrate"]},{"damage_healed":0.0,"max_hp_gain":0.0,"max_hp_loss":0.0,"gold_gain":0.0,"event_name":"Liars Game","player_choice":"Ignored","floor":5.0,"gold_loss":0.0,"damage_taken":0.0},{"damage_healed":0.0,"max_hp_gain":0.0,"max_hp_loss":0.0,"gold_gain":100.0,"event_name":"Golden Shrine","player_choice":"Pray","floor":8.0,"gold_loss":0.0,"damage_taken":0.0},{"cards_removed":["Strike_P"],"damage_healed":0.0,"max_hp_gain":0.0,"max_hp_loss":0.0,"gold_gain":0.0,"event_name":"Back to Basics","player_choice":"Elegance","floor":30.0,"gold_loss":0.0,"damage_taken":0.0},{"damage_healed":0.0,"max_hp_gain":0.0,"max_hp_loss":0.0,"gold_gain":0.0,"event_name":"WeMeetAgain","player_choice":"Gave Potion","floor":31.0,"gold_loss":0.0,"damage_taken":0.0,"relics_obtained":["Orichalcum"]},{"cards_removed":["Defend_P"],"damage_healed":0.0,"max_hp_gain":0.0,"max_hp_loss":0.0,"gold_gain":0.0,"event_name":"Bonfire Elementals","player_choice":"Offered Basic","floor":38.0,"gold_loss":0.0,"damage_taken":0.0}],"is_beta":false,"boss_relics":[{"not_picked":["Runic Dome","SlaversCollar"],"picked":"Ectoplasm"},{"not_picked":["Runic Pyramid","Empty Cage"],"picked":"HolyWater"}],"items_purged_floors":[21,27],"is_endless":false,"potions_floor_spawned":[4,6,12,18,19,22,33,37,39,41,46],"ascension_level":1}}