{"host":"csap8gk29nkluet0","time":1609079155,"event":{"mods":["BaseMod","Downfall","Minty Spire (QoL Compilation)","StSLib"],"gold_per_floor":[99,113,131,41,55,90,90,119,269,280,299,330,343,368,380,483,483,333,344,344,362,362,375,426,438,450,462,499,511,511,511],"floor_reached":29,"playtime":2246,"items_purged":["hexamod:Sear"],"score":325,"play_id":"0a59cd14-51db-4298-9bce-916f3a3475a5","local_time":"20201227222555","is_ascension_mode":false,"campfire_choices":[{"data":"hexamod:Float","floor":1.0,"key":"SMITH"},{"data":"hexamod:GhostflameInferno","floor":18.0,"key":"SMITH"},{"data":"hexamod:SpectralAdrenaline","floor":25.0,"key":"SMITH"}],"circlet_count":0,"master_deck":["hexamod:Strike","hexamod:Strike","hexamod:Strike","hexamod:Strike","hexamod:Defend","hexamod:Defend","hexamod:Defend","hexamod:Defend","hexamod:Float+1","hexamod:ChargedBarrage","hexamod:HauntingEcho+1","hexamod:HeatMetal","hexamod:SoulSteal","hexamod:RadiantFlame","Slimebound:Icky","hexamod:RainOfEmbers+1","hexamod:WildfireWeapon","hexamod:GhostflameInferno+1","hexamod:SpectralAdrenaline+1","hexamod:AdvancingGuard+1","hexamod:FirstSeal"],"relics":["hexamod:SpiritBrand","TungstenRod","Unceasing Top","Whetstone","hexamod:IceCube","downfall:HeartBlessingGreen","downfall:HeartBlessingBlue","downfall:RedIOU","MawBank","Anchor"],"acts_visited":["Exordium","TheCity"],"potions_floor_usage":[],"damage_taken":[{"damage":0.0,"enemies":"Cultist","floor":2.0,"turns":3.0},{"damage":0.0,"enemies":"Small Slimes","floor":3.0,"turns":3.0},{"damage":0.0,"enemies":"downfall:FleeingMerchant","floor":4.0,"turns":4.0},{"damage":0.0,"enemies":"2 Louse","floor":5.0,"turns":2.0},{"damage":7.0,"enemies":"Gremlin Nob","floor":6.0,"turns":3.0},{"damage":13.0,"enemies":"Lagavulin","floor":8.0,"turns":7.0},{"damage":1.0,"enemies":"Gremlin Gang","floor":10.0,"turns":3.0},{"damage":11.0,"enemies":"Exordium Thugs","floor":11.0,"turns":5.0},{"damage":0.0,"enemies":"Gremlin Nob","floor":12.0,"turns":3.0},{"damage":4.0,"enemies":"3 Louse","floor":13.0,"turns":3.0},{"damage":21.0,"enemies":"3 Sentries","floor":14.0,"turns":9.0},{"damage":0.0,"enemies":"Large Slime","floor":15.0,"turns":3.0},{"damage":23.0,"enemies":"downfall:Ironclad","floor":16.0,"turns":7.0},{"damage":14.0,"enemies":"Shell Parasite","floor":19.0,"turns":5.0},{"damage":3.0,"enemies":"Snecko","floor":21.0,"turns":5.0},{"damage":19.0,"enemies":"Centurion and Healer","floor":23.0,"turns":5.0},{"damage":38,"enemies":"Book of Stabbing","floor":28,"turns":6},{"damage":25,"enemies":"Cultist and Chosen","floor":29,"turns":4}],"seed_played":"-6307987478946175496","potions_obtained":[{"floor":2.0,"key":"BlessingOfTheForge"},{"floor":6.0,"key":"SkillPotion"},{"floor":8.0,"key":"Fruit Juice"},{"floor":10.0,"key":"Fruit Juice"},{"floor":12.0,"key":"Regen Potion"},{"floor":23.0,"key":"ColorlessPotion"},{"floor":28,"key":"FearPotion"}],"is_trial":false,"path_per_floor":["R","M","M","$","M","E","T","E","?","M","M","E","M","E","M","B",null,"R","M","?","M","?","M","T","R","?","?","E","M"],"character_chosen":"THE_SPIRIT","items_purchased":[],"campfire_rested":0,"item_purchase_floors":[],"current_hp_per_floor":[70,70,70,70,70,63,63,50,50,54,43,48,44,23,23,14,80,90,76,76,73,73,54,54,54,48,48,17,0,0,0],"gold":511,"neow_bonus":"THREE_CARDS","is_daily":false,"chose_seed":false,"campfire_upgraded":3,"win_rate":0.0,"timestamp":1609079155,"path_taken":["R","M","M","?","M","E","T","E","?","M","M","E","M","E","M","BOSS","R","M","?","M","?","M","T","R","?","?","E","M"],"items_purchased_type":[],"build_version":"2020-12-22","purchased_purges":1,"victory":false,"max_hp_per_floor":[70,70,70,70,70,70,70,70,70,75,75,80,80,80,80,80,80,90,90,90,90,90,90,90,90,90,90,90,90,90,90],"card_choices":[{"not_picked":["hexamod:Hexaguard","hexamod:EtherealExpedition"],"picked":"hexamod:ChargedBarrage","floor":0.0},{"not_picked":["hexamod:EmpoweredFlame","hexamod:GhostShield"],"picked":"hexamod:HauntingEcho","floor":2.0},{"not_picked":["hexamod:EtherealExpedition","hexamod:BacktrackSmack","hexamod:GhostLash"],"picked":"SKIP","floor":3.0},{"not_picked":["hexamod:HeatCrush","hexamod:ChargedBarrage"],"picked":"hexamod:HeatMetal","floor":4.0},{"not_picked":["hexamod:Hexaguard","hexamod:HeatShield"],"picked":"hexamod:SoulSteal","floor":5.0},{"not_picked":["hexamod:FastForward","hexamod:RainOfEmbers"],"picked":"hexamod:RadiantFlame","floor":6.0},{"not_picked":["hexamod:GhostOfSpireFuture","hexamod:SwordOfDarkness","hexamod:PhantomFireball"],"picked":"SKIP","floor":8.0},{"not_picked":["hexamod:PhantomFireball","hexamod:Firestarter"],"picked":"hexamod:RainOfEmbers","floor":10.0},{"not_picked":["hexamod:AdvancingGuard","hexamod:HauntingEcho","hexamod:UnleashSpirits"],"picked":"SKIP","floor":11.0},{"not_picked":["hexamod:ShieldOfDarkness","hexamod:PhantomCloak","hexamod:GhostShield"],"picked":"SKIP","floor":12.0},{"not_picked":["hexamod:ShieldOfDarkness","hexamod:SwordOfDarkness","hexamod:RainOfEmbers"],"picked":"SKIP","floor":13.0},{"not_picked":["hexamod:NightmareGuise","hexamod:Hexaguard","hexamod:Incineration"],"picked":"SKIP","floor":14.0},{"not_picked":["hexamod:Firestarter","hexamod:SpectersWail"],"picked":"hexamod:WildfireWeapon","floor":15.0},{"not_picked":["hexamod:SearingWound","hexamod:FifthSeal"],"picked":"hexamod:GhostflameInferno","floor":16.0},{"not_picked":["hexamod:NecessarySacrifice","hexamod:HauntingEcho","hexamod:Firestarter"],"picked":"SKIP","floor":19.0},{"not_picked":["hexamod:GhostShield+1","hexamod:NightmareStrike"],"picked":"hexamod:SpectralAdrenaline","floor":21.0},{"not_picked":["hexamod:Incineration","hexamod:CatchUp"],"picked":"hexamod:AdvancingGuard+1","floor":23.0},{"not_picked":["hexamod:HeatMetal+1","hexamod:RainOfEmbers","hexamod:FourthSeal"],"picked":"SKIP","floor":28}],"player_experience":125403,"relics_obtained":[{"floor":6.0,"key":"TungstenRod"},{"floor":8.0,"key":"Unceasing Top"},{"floor":12.0,"key":"Whetstone"},{"floor":14.0,"key":"Juzu Bracelet"},{"floor":24.0,"key":"MawBank"},{"floor":28,"key":"Anchor"}],"event_choices":[{"damage_healed":0.0,"max_hp_gain":0.0,"max_hp_loss":0.0,"gold_gain":0.0,"event_name":"Vampires","player_choice":"Ignored","floor":22.0,"gold_loss":0.0,"damage_taken":0.0}],"is_beta":false,"boss_relics":[{"not_picked":["Snecko Eye","Runic Dome"],"picked":"hexamod:IceCube"}],"items_purged_floors":[4],"is_endless":false,"potions_floor_spawned":[2,6,8,10,12,14,23,28],"killed_by":"Cultist and Chosen","ascension_level":0}}