{"host":"cjhtzh7tp54jdfyv","time":1609112113,"event":{"mods":["AchievementEnabler","BaseMod","Colored Map","Colored Powertips","Curses Come First","DeckTracker","Filter the Spire","Minty Spire (QoL Compilation)","RNG Fix","Relic Sorter","Relic Stats","StSLib","The Cursed","The Disciple","The Marked","UnlockEverythingMod","Waifu the Spire","ojb\u0027s Better Paths Mod","ojb\u0027s Info Mod"],"gold_per_floor":[111,127,0,12,24,24,24],"floor_reached":6,"playtime":376,"items_purged":[],"score":76,"play_id":"51fbd94f-0f5d-43e6-932a-7587b6abf0bc","local_time":"20201227183513","is_ascension_mode":true,"campfire_choices":[],"circlet_count":0,"master_deck":["AscendersBane","TheCursedMod:Strike_TheCursed","TheCursedMod:Strike_TheCursed","TheCursedMod:Strike_TheCursed","TheCursedMod:Strike_TheCursed","TheCursedMod:Defend_TheCursed","TheCursedMod:Defend_TheCursed","TheCursedMod:Defend_TheCursed","TheCursedMod:Defend_TheCursed","TheCursedMod:CursedWand","TheCursedMod:CleanUpWorkshop","TheCursedMod:Dregs","Regret","TheCursedMod:NeowsMight","TheCursedMod:Stigma","TheCursedMod:CursedBlade","TheCursedMod:SpitefulPlan","TheCursedMod:Stigma","TheCursedMod:VitalStrike","TheCursedMod:SoulCrush"],"relics":["TheCursedMod:BlackMagic101"],"acts_visited":["Exordium"],"potions_floor_usage":[4,6,6],"damage_taken":[{"damage":3,"enemies":"2 Louse","floor":1,"turns":3},{"damage":8,"enemies":"Small Slimes","floor":2,"turns":4},{"damage":2,"enemies":"Jaw Worm","floor":4,"turns":2},{"damage":23,"enemies":"Gremlin Gang","floor":5,"turns":3},{"damage":30,"enemies":"Lagavulin","floor":6,"turns":3}],"seed_played":"1007855017585574159","potions_obtained":[{"floor":1,"key":"DistilledChaos"},{"floor":4,"key":"Dexterity Potion"},{"floor":5,"key":"Swift Potion"}],"is_trial":false,"path_per_floor":["M","M","$","M","M","E"],"character_chosen":"THE_CURSED","items_purchased":["TheCursedMod:SpitefulPlan","TheCursedMod:Stigma"],"campfire_rested":0,"item_purchase_floors":[3,3],"current_hp_per_floor":[61,53,53,51,28,0,0],"gold":24,"neow_bonus":"THREE_RARE_CARDS","is_daily":false,"chose_seed":false,"campfire_upgraded":0,"win_rate":0.0,"timestamp":1609112113,"path_taken":["M","M","$","?","M","E"],"items_purchased_type":["Card","Card"],"build_version":"2020-12-22","purchased_purges":0,"victory":false,"max_hp_per_floor":[71,71,71,71,71,71,71],"relic_stats":{"counters":[5,15],"obtain_stats":[{"TheCursedMod:BlackMagic101":0},{"TheCursedMod:BlackMagic101":0},{"TheCursedMod:BlackMagic101":0}]},"card_choices":[{"not_picked":["TheCursedMod:OutForBlood","TheCursedMod:CursedRelics"],"picked":"TheCursedMod:NeowsMight","floor":0},{"not_picked":["TheCursedMod:SpreadPlague","TheCursedMod:CircleOfFlame"],"picked":"TheCursedMod:Stigma","floor":1},{"not_picked":["TheCursedMod:Evocation","TheCursedMod:ReleasedStrength"],"picked":"TheCursedMod:CursedBlade","floor":2},{"not_picked":["TheCursedMod:Stretching","TheCursedMod:FuryStrike"],"picked":"TheCursedMod:VitalStrike","floor":4},{"not_picked":["TheCursedMod:SpitefulPray","TheCursedMod:ParallelWorld"],"picked":"TheCursedMod:SoulCrush","floor":5}],"player_experience":4458917,"relics_obtained":[],"event_choices":[],"is_beta":false,"boss_relics":[],"items_purged_floors":[],"is_endless":false,"potions_floor_spawned":[1,4,5],"killed_by":"Lagavulin","ascension_level":20}}