{"host":"ku7h2vk4czvj6teb","time":1609110566,"event":{"mods":["2.2 Compatiblity","AchievementEnabler","BaseMod","Better Altar","Better Match","Better Note","Better Sensory Stone","Better Skull","Better Third Choice","Better Vampires","BetterRewards","Block Reminder","Colored Map","Colored Powertips","Curses Come First","Filter the Spire","Friendly Minions","Highlight Path","Ironclad Rager","Minty Spire (QoL Compilation)","Permanent Neow","Quick Restart","Rare Cards Sparkle","Relic Stats","Replay The Spire","Say the Spire","Shop Mod","Spicy Shops","StSLib","SuperFastMode","Swap Starting Deck Mod","Thieving Mod","Transform Curses","UnlockEverythingMod"],"gold_per_floor":[117,127,127,144,144,144,94,164,164,181,201,201,4,18,18,123,123,141,141,141,153,171,171,171,190,190,190,207,207,217,217,217,217,217],"floor_reached":33,"playtime":1552,"items_purged":[],"score":239,"play_id":"a44f7436-e0be-425d-b699-49ac2d19da83","local_time":"20201227230926","is_ascension_mode":false,"campfire_choices":[{"floor":6.0,"key":"DIG"},{"floor":12.0,"key":"DIG"},{"floor":15.0,"key":"RECALL"},{"floor":23.0,"key":"REST"},{"floor":29,"key":"REST"},{"data":"Pain","floor":32,"key":"PURGE"}],"circlet_count":0,"master_deck":["Strike_R","Strike_R","Strike_R+1","Strike_R","Defend_R","Defend_R","Defend_R+1","Defend_R","Bash","Cleave","Armaments","A Thousand Cuts+1","Body Slam","Iron Wave","Clothesline","Carnage","Carnage","Uppercut","Double Tap","Clothesline","Bludgeon","Dual Wield","Run Through","Clothesline","Thunderclap+1","Life Link"],"relics":["Burning Blood","PreservedInsect","Replay:Multitool","HandDrill","ReplayTheSpireMod:Ring of Collecting","Ring of Fury","Turnip","Ring of Peace","ReplayTheSpireMod:Ring of Exchange","Blue Doll","Bag of Marbles","Simple Rune","Black Star","WarpedTongs","Ring of Searing","Gremlin Horn"],"acts_visited":["Exordium","TheCity"],"potions_floor_usage":[],"damage_taken":[{"damage":3.0,"enemies":"Small Slimes","floor":1.0,"turns":5.0},{"damage":6.0,"enemies":"Jaw Worm","floor":2.0,"turns":4.0},{"damage":0.0,"enemies":"2 Louse","floor":4.0,"turns":1.0},{"damage":9.0,"enemies":"Blue Slaver","floor":10.0,"turns":5.0},{"damage":9.0,"enemies":"Looter","floor":11.0,"turns":4.0},{"damage":4.0,"enemies":"Exordium Thugs","floor":14.0,"turns":4.0},{"damage":21.0,"enemies":"Slime Boss","floor":16.0,"turns":9.0},{"damage":10.0,"enemies":"Spheric Guardian","floor":18.0,"turns":4.0},{"damage":8.0,"enemies":"Chosen","floor":21.0,"turns":6.0},{"damage":29.0,"enemies":"Snake Plant","floor":22.0,"turns":5.0},{"damage":30.0,"enemies":"Centurion and Healer","floor":25.0,"turns":5.0},{"damage":16,"enemies":"3 Cultists","floor":28,"turns":5},{"damage":31,"enemies":"Chosen and Byrds","floor":30,"turns":6},{"damage":89,"enemies":"Pondfish","floor":33,"turns":10}],"seed_played":"757355204783642760","potions_obtained":[{"floor":1.0,"key":"Strength Potion"},{"floor":2.0,"key":"Strength Potion"},{"floor":10.0,"key":"ColorlessPotion"},{"floor":18.0,"key":"Toxic Potion"},{"floor":21.0,"key":"Swift Potion"}],"is_trial":false,"path_per_floor":["M","M","?","M","?","R","?","T","T","M","M","R","$","M","R","B",null,"M","?","$","M","M","R","?","M","T","$","M","R","M","?","R","B"],"character_chosen":"IRONCLAD","items_purchased":["PreservedInsect","Replay:Multitool","HandDrill","Simple Rune","Carnage"],"campfire_rested":2,"item_purchase_floors":[0,0,0,13,13],"current_hp_per_floor":[75,75,75,80,80,80,80,80,80,77,74,74,74,76,76,61,80,76,76,76,74,51,75,75,51,51,51,41,65,40,80,80,0,0],"gold":217,"neow_bonus":"","is_daily":false,"chose_seed":false,"campfire_upgraded":0,"win_rate":0.0,"timestamp":1609110566,"path_taken":["M","M","?","M","?","R","?","?","T","?","M","R","$","M","R","BOSS","M","?","?","M","M","R","?","M","T","$","M","R","M","?","R","BOSS"],"items_purchased_type":["Relic","Relic","Relic","Relic","Card"],"build_version":"2020-12-22","purchased_purges":0,"victory":false,"max_hp_per_floor":[80,80,80,80,80,80,80,80,80,80,80,80,80,80,80,80,80,80,80,80,80,80,80,80,80,80,80,80,80,80,80,80,80,80],"relic_stats":{"Gremlin Horn":[5,5],"counters":[100,532],"PreservedInsect":0,"Turnip":[15],"HandDrill":[16],"Black Star":0,"obtain_stats":[{"Ice Cream":30,"Golden Egg":8,"Replay:Accelerometer":13,"Divine Protection":24,"Gremlin Horn":26,"Vajra":20,"Whetstone":56,"Sling":0,"Boot":50,"Ring of Searing":26,"Blood Vial":0,"Sozu":17,"Replay:Ringing Soul":0,"Lizard Tail":0,"Strawberry":0,"Fusion Hammer":17,"HandDrill":15,"Pear":43,"Happy Flower":22,"Ring of Hypnosis":45,"ReplayTheSpireMod:CursedCoin":55,"Replay:Grab Bag":34,"Astrolabe":34,"Counterbalance":49,"Velvet Choker":18,"Eternal Feather":31,"Pen Nib":50,"Akabeko":26,"WarpedTongs":24,"SlaversCollar":17,"ReplayTheSpireMod:Spearhead":2,"ReplayTheSpireMod:Ring of Collecting":5,"Simple Rune":48,"Mark of Pain":34,"ReplayTheSpireMod:TigerMarble":0,"Black Star":17,"Meat on the Bone":0,"ReplayTheSpireMod:Ring of Exchange":9,"Regal Pillow":9,"Lantern":26,"Blue Doll":9,"King of Hearts":0,"Juzu Bracelet":28,"Replay:Multitool":0,"Replay:Mystery Machine":8,"PrismaticShard":0,"Cursed Key":34,"Burning Blood":0,"Replay:Rubber Ducky":24,"Frozen Eye":0,"Nunchaku":9,"Matryoshka":19,"Pantograph":0,"Ring of Peace":8,"Toolbox":0,"Tiny Chest":8,"Red Mask":36,"Red Skull":7,"Runic Pyramid":34,"Paper Frog":12,"Potion Belt":28,"Gremlin Food":6,"Lee\u0027s Waffle":0,"Golden Idol":5,"Quantum Egg":26,"Replay:WaspNest":29,"The Courier":47,"PreservedInsect":0,"Medical Kit":0,"CaptainsWheel":9,"Busted Crown":34,"Ring of Fury":5,"Turnip":6,"Bag of Marbles":12,"Membership Card":19,"Champion Belt":0,"ReplayTheSpireMod:Ring of Challenge":45,"ReplayTheSpireMod:Lightbulb":7,"FossilizedHelix":50,"ReplayTheSpireMod:ShopPack":31},{"Ice Cream":47,"Golden Egg":28,"Replay:Accelerometer":41,"Divine Protection":46,"Gremlin Horn":97,"Vajra":45,"Whetstone":56,"Sling":15,"Boot":54,"Ring of Searing":97,"Blood Vial":0,"Sozu":72,"Replay:Ringing Soul":57,"Lizard Tail":24,"Strawberry":63,"Fusion Hammer":8,"HandDrill":22,"Pear":84,"Happy Flower":74,"Ring of Hypnosis":84,"ReplayTheSpireMod:CursedCoin":55,"Replay:Grab Bag":48,"Astrolabe":48,"Counterbalance":85,"Velvet Choker":31,"Eternal Feather":13,"Pen Nib":54,"Akabeko":11,"WarpedTongs":96,"SlaversCollar":43,"ReplayTheSpireMod:Spearhead":58,"ReplayTheSpireMod:Ring of Collecting":89,"Simple Rune":85,"Mark of Pain":48,"ReplayTheSpireMod:TigerMarble":35,"Black Star":93,"Meat on the Bone":63,"ReplayTheSpireMod:Ring of Exchange":89,"Regal Pillow":4,"Lantern":46,"Blue Doll":89,"King of Hearts":35,"Juzu Bracelet":12,"Replay:Multitool":86,"Replay:Mystery Machine":19,"PrismaticShard":24,"Cursed Key":48,"Burning Blood":0,"Replay:Rubber Ducky":75,"Frozen Eye":15,"Nunchaku":68,"Matryoshka":9,"Pantograph":57,"Ring of Peace":89,"Toolbox":35,"Tiny Chest":68,"Red Mask":49,"Red Skull":37,"Runic Pyramid":48,"Paper Frog":69,"Potion Belt":12,"Gremlin Food":68,"Lee\u0027s Waffle":63,"Golden Idol":17,"Quantum Egg":76,"Replay:WaspNest":47,"The Courier":85,"PreservedInsect":86,"Medical Kit":57,"CaptainsWheel":38,"Busted Crown":79,"Ring of Fury":89,"Turnip":89,"Bag of Marbles":91,"Membership Card":9,"Champion Belt":24,"ReplayTheSpireMod:Ring of Challenge":84,"ReplayTheSpireMod:Lightbulb":61,"FossilizedHelix":54,"ReplayTheSpireMod:ShopPack":13},{"Ice Cream":231,"Golden Egg":126,"Replay:Accelerometer":191,"Divine Protection":225,"Gremlin Horn":511,"Vajra":219,"Whetstone":288,"Sling":78,"Boot":273,"Ring of Searing":511,"Blood Vial":0,"Sozu":384,"Replay:Ringing Soul":296,"Lizard Tail":110,"Strawberry":346,"Fusion Hammer":39,"HandDrill":99,"Pear":445,"Happy Flower":392,"Ring of Hypnosis":445,"ReplayTheSpireMod:CursedCoin":283,"Replay:Grab Bag":243,"Astrolabe":243,"Counterbalance":448,"Velvet Choker":142,"Eternal Feather":67,"Pen Nib":273,"Akabeko":54,"WarpedTongs":506,"SlaversCollar":207,"ReplayTheSpireMod:Spearhead":300,"ReplayTheSpireMod:Ring of Collecting":469,"Simple Rune":448,"Mark of Pain":243,"ReplayTheSpireMod:TigerMarble":165,"Black Star":491,"Meat on the Bone":346,"ReplayTheSpireMod:Ring of Exchange":469,"Regal Pillow":17,"Lantern":225,"Blue Doll":469,"King of Hearts":165,"Juzu Bracelet":61,"Replay:Multitool":459,"Replay:Mystery Machine":88,"PrismaticShard":110,"Cursed Key":243,"Burning Blood":0,"Replay:Rubber Ducky":398,"Frozen Eye":78,"Nunchaku":364,"Matryoshka":44,"Pantograph":296,"Ring of Peace":469,"Toolbox":165,"Tiny Chest":364,"Red Mask":246,"Red Skull":170,"Runic Pyramid":243,"Paper Frog":368,"Potion Belt":61,"Gremlin Food":364,"Lee\u0027s Waffle":346,"Golden Idol":81,"Quantum Egg":402,"Replay:WaspNest":231,"The Courier":448,"PreservedInsect":459,"Medical Kit":296,"CaptainsWheel":175,"Busted Crown":426,"Ring of Fury":469,"Turnip":469,"Bag of Marbles":478,"Membership Card":44,"Champion Belt":110,"ReplayTheSpireMod:Ring of Challenge":445,"ReplayTheSpireMod:Lightbulb":326,"FossilizedHelix":273,"ReplayTheSpireMod:ShopPack":67}],"Burning Blood":529,"WarpedTongs":[26]},"card_choices":[{"not_picked":["Clash","ReplayTheSpireMod:Strike From Hell"],"picked":"Cleave","floor":1.0},{"not_picked":["Defy Death","Combust"],"picked":"Armaments","floor":2.0},{"not_picked":["ReplayTheSpireMod:Strike From Hell","Replay:Undeath\u0027s Touch"],"picked":"Body Slam","floor":4.0},{"not_picked":["Feel No Pain","Massacre"],"picked":"Iron Wave","floor":10.0},{"not_picked":["Sever Soul","Rampage"],"picked":"Clothesline","floor":11.0},{"not_picked":["Run Through","Twin Strike"],"picked":"Uppercut","floor":14.0},{"not_picked":["Fiend Fire","Juggernaut"],"picked":"Double Tap","floor":16.0},{"not_picked":["Intimidate","ReplayTheSpireMod:Corrosion Curse"],"picked":"Clothesline","floor":18.0},{"not_picked":["Anger","Wild Strike"],"picked":"Dual Wield","floor":21.0},{"not_picked":["Dark Embrace","Warcry"],"picked":"Run Through","floor":22.0},{"not_picked":["Second Wind","Abandon"],"picked":"Clothesline","floor":25.0},{"not_picked":["Run Through+1","Dropkick"],"picked":"Thunderclap+1","floor":28},{"not_picked":["Perfected Strike","Run Through"],"picked":"Life Link","floor":30}],"player_experience":260906,"relics_obtained":[{"floor":5.0,"key":"ReplayTheSpireMod:Ring of Collecting"},{"floor":5.0,"key":"Ring of Fury"},{"floor":6.0,"key":"Turnip"},{"floor":8.0,"key":"Ring of Peace"},{"floor":9.0,"key":"ReplayTheSpireMod:Ring of Exchange"},{"floor":9.0,"key":"Blue Doll"},{"floor":12.0,"key":"Bag of Marbles"},{"floor":26.0,"key":"Ring of Searing"},{"floor":26.0,"key":"Gremlin Horn"}],"event_choices":[{"damage_healed":0.0,"max_hp_gain":0.0,"max_hp_loss":0.0,"gold_gain":1.0,"event_name":"betterStone:BetterStone","player_choice":"4","floor":3.0,"gold_loss":0.0,"damage_taken":0.0,"cards_obtained":["A Thousand Cuts"]},{"cards_removed":["Languid"],"damage_healed":0.0,"max_hp_gain":0.0,"max_hp_loss":0.0,"gold_gain":0.0,"event_name":"The Cleric","player_choice":"Card Removal","floor":7.0,"gold_loss":50.0,"damage_taken":0.0},{"damage_healed":0.0,"max_hp_gain":0.0,"max_hp_loss":0.0,"gold_gain":0.0,"cards_transformed":["Strike_R"],"event_name":"Transmorgrifier","player_choice":"Transformed","floor":19.0,"gold_loss":0.0,"damage_taken":0.0,"cards_obtained":["Bludgeon"]},{"damage_healed":0.0,"max_hp_gain":0.0,"max_hp_loss":0.0,"gold_gain":0.0,"event_name":"Accursed Blacksmith","player_choice":"Rummage","floor":24.0,"gold_loss":0.0,"damage_taken":0.0,"relics_obtained":["WarpedTongs"],"cards_obtained":["Pain"]},{"damage_healed":40,"gold_gain":0,"player_choice":"Full Heal","damage_taken":0,"max_hp_gain":0,"max_hp_loss":0,"event_name":"Wheel of Change","floor":31,"gold_loss":0}],"is_beta":false,"boss_relics":[{"not_picked":["Strange Spoon","ClockworkSouvenir"],"picked":"Black Star"}],"items_purged_floors":[],"is_endless":false,"potions_floor_spawned":[1,2,10,18,21,22],"killed_by":"Pondfish","ascension_level":0}}