{"host":"wha9hktbkslqvblg","time":1609032550,"event":{"mods":["BaseMod","Colored Map","Minty Spire (QoL Compilation)","Relic Stats","SuperFastMode","everything is the same but u backflip on backflip"],"gold_per_floor":[109,184,184,197,197,232,232,232,232,252,252,273,273,292,292,292,292],"floor_reached":16,"playtime":214,"items_purged":[],"score":250,"play_id":"ec2ec0b7-2567-482f-a903-ad52a8dd05d7","local_time":"20201227102910","is_ascension_mode":true,"campfire_choices":[{"data":"Body Slam","floor":8,"key":"SMITH"},{"data":"Entrench","floor":11,"key":"SMITH"},{"data":"Bash","floor":15,"key":"SMITH"}],"circlet_count":0,"master_deck":["AscendersBane","Strike_R","Strike_R","Strike_R","Strike_R+1","Strike_R","Defend_R","Defend_R","Defend_R+1","Defend_R","Bash+1","Body Slam+1","Entrench+1","Pommel Strike+1"],"relics":["Burning Blood","NeowsBlessing","Golden Idol","Turnip"],"acts_visited":["Exordium"],"potions_floor_usage":[16,16],"damage_taken":[{"damage":0.0,"enemies":"Jaw Worm","floor":1.0,"turns":1.0},{"damage":0.0,"enemies":"Small Slimes","floor":4.0,"turns":1.0},{"damage":0.0,"enemies":"Gremlin Nob","floor":6.0,"turns":1.0},{"damage":3,"enemies":"2 Louse","floor":10,"turns":2},{"damage":8,"enemies":"2 Fungi Beasts","floor":12,"turns":5},{"damage":9,"enemies":"Looter","floor":14,"turns":3},{"damage":38,"enemies":"The Guardian","floor":16,"turns":9}],"seed_played":"1061479232354655033","potions_obtained":[{"floor":4.0,"key":"SpeedPotion"},{"floor":12,"key":"ColorlessPotion"}],"is_trial":false,"path_per_floor":["M","?","?","M","?","E","?","R","T","M","R","M","?","M","R","B"],"character_chosen":"IRONCLAD","items_purchased":[],"campfire_rested":0,"item_purchase_floors":[],"current_hp_per_floor":[74,63,40,46,46,52,52,52,52,55,55,53,53,50,50,12,12],"gold":292,"neow_bonus":"THREE_ENEMY_KILL","is_daily":false,"chose_seed":false,"campfire_upgraded":3,"win_rate":0.0,"timestamp":1609032550,"path_taken":["M","?","?","?","?","E","?","R","T","M","R","M","?","?","R","BOSS"],"items_purchased_type":[],"build_version":"2020-12-22","purchased_purges":0,"victory":false,"max_hp_per_floor":[75,75,75,75,75,75,68,68,68,68,68,68,68,68,68,68,68],"relic_stats":{"counters":[7,22],"Golden Idol":12,"Turnip":[0],"obtain_stats":[{"NeowsBlessing":0,"Golden Idol":7,"Turnip":9,"Burning Blood":0},{"NeowsBlessing":0,"Golden Idol":3,"Turnip":3,"Burning Blood":0},{"NeowsBlessing":0,"Golden Idol":3,"Turnip":3,"Burning Blood":0}],"Burning Blood":36},"card_choices":[{"not_picked":["Seeing Red","Shrug It Off"],"picked":"Body Slam","floor":1.0},{"not_picked":["Havoc","Disarm","Whirlwind"],"picked":"SKIP","floor":4.0},{"not_picked":["Pommel Strike","Impervious"],"picked":"Entrench","floor":6},{"not_picked":["Thunderclap","Perfected Strike","Cleave"],"picked":"SKIP","floor":10},{"not_picked":["Pummel","Intimidate"],"picked":"Pommel Strike","floor":12},{"not_picked":["Iron Wave","Cleave","Clash"],"picked":"SKIP","floor":14}],"player_experience":897509,"relics_obtained":[{"floor":9,"key":"Turnip"}],"event_choices":[{"damage_healed":0.0,"max_hp_gain":0.0,"max_hp_loss":0.0,"gold_gain":75.0,"event_name":"World of Goop","player_choice":"Gather Gold","floor":2.0,"gold_loss":0.0,"damage_taken":11.0},{"damage_healed":0.0,"max_hp_gain":0.0,"max_hp_loss":0.0,"gold_gain":0.0,"event_name":"Shining Light","player_choice":"Entered Light","floor":3.0,"gold_loss":0.0,"damage_taken":23.0,"cards_upgraded":["Strike_R","Defend_R"]},{"damage_healed":0.0,"max_hp_gain":0.0,"max_hp_loss":0.0,"gold_gain":0.0,"event_name":"Liars Game","player_choice":"Ignored","floor":5.0,"gold_loss":0.0,"damage_taken":0.0},{"damage_healed":0,"gold_gain":0,"player_choice":"Lose Max HP","damage_taken":0,"relics_obtained":["Golden Idol"],"max_hp_gain":0,"max_hp_loss":7,"event_name":"Golden Idol","floor":7,"gold_loss":0},{"damage_healed":0,"gold_gain":0,"player_choice":"Forge","damage_taken":0,"max_hp_gain":0,"max_hp_loss":0,"event_name":"Accursed Blacksmith","floor":13,"gold_loss":0,"cards_upgraded":["Pommel Strike"]}],"is_beta":false,"boss_relics":[],"items_purged_floors":[],"is_endless":false,"potions_floor_spawned":[4,12,14],"killed_by":"The Guardian","ascension_level":20}}