{"host":"255xqkfg0td1a6s7","time":1609113126,"event":{"mods":["BaseMod","Better Third Choice","Colored Map","Colored Powertips","DeckTracker","Googly Eyes","Highlight Path","Minty Spire (QoL Compilation)","StSLib"],"gold_per_floor":[110,120,0,0,0,0,13,13,37,72,72],"floor_reached":10,"playtime":152,"items_purged":[],"score":69,"play_id":"41ddbe93-46cb-4278-8354-56b7b67b2802","local_time":"20201228005206","is_ascension_mode":true,"campfire_choices":[{"floor":6,"key":"REST"},{"data":"Blizzard","floor":8,"key":"SMITH"}],"circlet_count":0,"master_deck":["Strike_B","Strike_B","Strike_B","Strike_B","Defend_B+1","Defend_B","Defend_B","Defend_B+1","Zap","Dualcast","Rebound","Chaos","Enlightenment","Burn","Blizzard+1"],"relics":["Cracked Core","NeowsBlessing","Golden Idol","War Paint","Gambling Chip"],"acts_visited":["Exordium"],"potions_floor_usage":[10],"damage_taken":[{"damage":0,"enemies":"Jaw Worm","floor":1,"turns":1},{"damage":0,"enemies":"2 Louse","floor":2,"turns":1},{"damage":0,"enemies":"Small Slimes","floor":7,"turns":1},{"damage":41,"enemies":"Lagavulin","floor":10,"turns":7}],"seed_played":"940787854434326411","potions_obtained":[{"floor":1,"key":"FearPotion"},{"floor":7,"key":"PotionOfCapacity"}],"is_trial":false,"path_per_floor":["M","M","?","?","?","R","M","R","T","E"],"character_chosen":"DEFECT","items_purchased":[],"campfire_rested":1,"item_purchase_floors":[],"current_hp_per_floor":[75,75,81,81,61,81,81,81,81,40,40],"gold":72,"neow_bonus":"THREE_ENEMY_KILL","is_daily":false,"chose_seed":false,"campfire_upgraded":1,"win_rate":0.0,"timestamp":1609113126,"path_taken":["M","M","?","?","?","R","M","R","T","E"],"items_purchased_type":[],"build_version":"2020-12-22","purchased_purges":0,"victory":false,"max_hp_per_floor":[75,75,81,81,81,81,81,81,81,81,81],"card_choices":[{"not_picked":["Double Energy","Leap"],"picked":"Rebound","floor":1},{"not_picked":["Conserve Battery","Steam"],"picked":"Chaos","floor":2},{"not_picked":["Melter","Beam Cell"],"picked":"Blizzard","floor":7}],"player_experience":38897,"relics_obtained":[{"floor":9,"key":"War Paint"},{"floor":10,"key":"Gambling Chip"}],"event_choices":[{"damage_healed":0,"gold_gain":0,"player_choice":"RENOUNCE","damage_taken":120,"max_hp_gain":0,"max_hp_loss":0,"event_name":"betterThird:BetterSerpent","floor":3,"gold_loss":120,"cards_obtained":["Enlightenment"]},{"damage_healed":81,"gold_gain":0,"player_choice":"Embrace Burn","damage_taken":0,"max_hp_gain":0,"max_hp_loss":81,"event_name":"betterThird:BetterShining","floor":4,"gold_loss":0},{"damage_healed":0,"gold_gain":0,"player_choice":"Take Damage","damage_taken":20,"relics_obtained":["Golden Idol"],"max_hp_gain":0,"max_hp_loss":0,"event_name":"Golden Idol","floor":5,"gold_loss":0}],"is_beta":false,"boss_relics":[],"items_purged_floors":[],"is_endless":false,"potions_floor_spawned":[1,7],"killed_by":"Lagavulin","ascension_level":1}}