{"host":"kev6uqotw4tlyx8l","time":1609058035,"event":{"mods":["Act Like it!","Aspiration","BaseMod","Colored Powertips","Dota2Spire","Downfall","Hallownest","Infinite Spire","Marisa????????","Minty Spire (QoL Compilation)","Quick Restart","Remilia??????","Replay The Spire","StSLib","The Cursed","The Jungle","The Marked","The Mystic","The Servant 0.9.4"],"gold_per_floor":[118,193,193,99,99,99,114,114,114,3,20,20,20,53,53,154,154,168,182,142,142,158,186,186,186,212,212,223,258,276,292,292,387,387,398,414,414,432,432,432,445,45,45,45,56,32,95,113,113,211,211,207,207],"floor_reached":52,"playtime":2912,"items_purged":[],"score":715,"play_id":"dfea3e72-063f-4b27-9710-b461d8cd9dea","local_time":"20201227153355","is_ascension_mode":false,"campfire_choices":[{"data":"Zap","floor":6,"key":"SMITH"},{"data":"Dualcast","floor":8,"key":"SMITH"},{"data":"ReplayGash","floor":12,"key":"SMITH"},{"data":"Machine Learning","floor":15,"key":"SMITH"},{"floor":24,"key":"REST"},{"floor":27,"key":"REST"},{"data":"Pot Of Greed","floor":32,"key":"SMITH"},{"data":"Pot Of Greed","floor":32,"key":"SMITH"},{"data":"Pot Of Greed","floor":40,"key":"SMITH"},{"data":"Consume","floor":40,"key":"SMITH"},{"floor":49,"key":"REST"}],"circlet_count":0,"master_deck":["Defend_B","Defend_B","Defend_B","Defend_B","Zap+1","Dualcast+1","FTL+1","Rip and Tear","Beam Cell+1","Panic Button","ReplayGash+1","Melter","Ball Lightning","Machine Learning+1","Thunder Strike+1","Compile Driver+1","Loop","Bite+1","Bite+1","Bite+1","Bite+1","Bite+1","Skim","Leap","Pot Of Greed+1","Pot Of Greed+1","Pot Of Greed+1","Beam Cell+1","Seek","Defragment","Consume+1","ReplayTheSpireMod:Omega Cannon+1","CurseOfTheBell","Capacitor+1","Gash+1","FIFO Queue+1","Beam Cell+1","Go for the Eyes+1","Conserve Battery","Pot Of Greed","All For One+1","Skim+1","Sweeping Beam+1","Leap+1","White Noise+1","Seek"],"relics":["Cracked Core","NeowsBlessing","infinitespire:Lucky Rock","Dota2Spire:DrumOfEndurance","Pear","Molten Egg 2","Anchor","Dota2Spire:RefresherOrb","aspiration:ChemicalBlood","Grinning Jar","Replay:Arrowhead","Calling Bell","Dota2Spire:UrnOfShadows","Frozen Egg 2","Torii","Hallownest:KingsIdolRelic","Whetstone","Dota2Spire:MagicBottle","Dota2Spire:ArcaneBoots","aspiration:FutureDiary"],"acts_visited":["Exordium","TheCity","Hallownest:KingdomsEdge","Hallownest:Greenpath"],"potions_floor_usage":[14,16,18,29,29,30,31,33,33,33,33,33,35,36,36,38,38,38,41,41,41,41,41,41,48,50,50,50,50,50,50,50],"damage_taken":[{"damage":0,"enemies":"Cultist","floor":1,"turns":1},{"damage":0,"enemies":"2 Louse","floor":7,"turns":1},{"damage":0,"enemies":"Small Slimes","floor":11,"turns":1},{"damage":22,"enemies":"3 Sentries","floor":14,"turns":5},{"damage":12,"enemies":"Fading Forest","floor":16,"turns":11},{"damage":0,"enemies":"Shell Parasite","floor":18,"turns":2},{"damage":0,"enemies":"Chosen","floor":19,"turns":3},{"damage":10,"enemies":"Snecko","floor":22,"turns":3},{"damage":54,"enemies":"Nightmare","floor":23,"turns":5},{"damage":1,"enemies":"Snake Plant","floor":28,"turns":3},{"damage":19,"enemies":"Replay:Snechameleon","floor":29,"turns":6},{"damage":20,"enemies":"3 Cultists","floor":30,"turns":4},{"damage":0,"enemies":"Centurion and Healer","floor":31,"turns":4},{"damage":42,"enemies":"Collector","floor":33,"turns":9},{"damage":29,"enemies":"Hallownest:Shield_Heavy","floor":35,"turns":3},{"damage":18,"enemies":"Hallownest:2_Littles","floor":36,"turns":3},{"damage":23,"enemies":"Hallownest:Shield_Sturdy","floor":38,"turns":5},{"damage":34,"enemies":"Hallownest:monsterPrimalAspid","floor":41,"turns":4},{"damage":1,"enemies":"Hallownest:2_Soldiers_and_1_Guardian","floor":45,"turns":4},{"damage":6,"enemies":"Hallownest:2_Wandering_and_1_Horned","floor":48,"turns":4},{"damage":70,"enemies":"Hallownest:BossGreyPrinceZote","floor":50,"turns":9},{"damage":0,"enemies":"Hallownest:2_Baldur","floor":52,"turns":1}],"seed_played":"8609655365154947544","potions_obtained":[{"floor":11,"key":"Elixir"},{"floor":14,"key":"Ancient Potion"},{"floor":16,"key":"ColorlessPotion"},{"floor":28,"key":"BlessingOfTheForge"},{"floor":29,"key":"Adrenaline Potion"},{"floor":30,"key":"Dexterity Potion"},{"floor":31,"key":"Weak Potion"},{"floor":36,"key":"SkillPotion"},{"floor":38,"key":"SkillPotion"},{"floor":41,"key":"Guardian:BlockOnCardUsePotion"},{"floor":47,"key":"sneckomod:MuddlingPotion"},{"floor":47,"key":"Dexterity Potion"}],"is_trial":false,"path_per_floor":["M","?","?","$","?","R","M","R","T","$","M","R","?","E","R","B",null,"M","M","$","?","M","NM","R","?","T","R","M","E","M","M","R","B",null,"M","M","?","M","?","R","M","$","T","?","M","$","?","M","R","B",null,"M"],"character_chosen":"DEFECT","items_purchased":["Rip and Tear","Beam Cell","ReplayGash","Melter","Loop","Whetstone","Go for the Eyes+1","Conserve Battery","All For One+1","Sweeping Beam+1"],"campfire_rested":3,"item_purchase_floors":[4,4,10,10,20,42,42,42,42,46],"current_hp_per_floor":[75,64,61,61,61,61,61,61,71,71,71,71,71,49,49,45,85,85,85,85,59,52,10,27,27,27,44,49,45,37,46,46,23,59,33,30,45,40,40,40,18,18,18,18,41,41,41,44,59,13,59,59,59],"gold":207,"neow_bonus":"THREE_ENEMY_KILL","is_daily":false,"chose_seed":false,"campfire_upgraded":8,"win_rate":0.0,"timestamp":1609058035,"path_taken":["M","?","?","$","?","R","M","R","T","$","M","R","?","E","R","BOSS","M","M","$","?","M","NM","R","?","T","R","?","E","M","M","R","BOSS","M","M","?","M","?","R","M","?","T","?","M","$","?","M","R","BOSS","M"],"items_purchased_type":["Card","Card","Card","Card","Card","Relic","Card","Card","Card","Card"],"build_version":"2020-12-22","purchased_purges":0,"victory":false,"max_hp_per_floor":[75,75,75,75,75,75,75,75,85,85,85,85,85,85,85,85,85,85,85,85,59,59,59,59,59,59,59,59,59,59,59,59,59,59,59,59,59,59,59,59,59,59,59,59,59,59,59,59,59,59,59,59,59],"card_choices":[{"not_picked":["Beam Cell","Stack"],"picked":"FTL","floor":1},{"not_picked":["BasicCrystalCard","ReplayTheSpireMod:GoodbyeWorld"],"picked":"Panic Button","floor":7},{"not_picked":["Barrage","Stack"],"picked":"Ball Lightning","floor":11},{"not_picked":["Conserve Battery","Redo"],"picked":"Machine Learning","floor":14},{"not_picked":["Fission","Mirror Shield"],"picked":"Thunder Strike+1","floor":16},{"not_picked":["Coolheaded","Panic Button","Blizzard+1"],"picked":"SKIP","floor":18},{"not_picked":["Redo","Sweeping Beam+1"],"picked":"Compile Driver+1","floor":19},{"not_picked":["Reprogram","BasicCrystalCard"],"picked":"Skim","floor":22},{"not_picked":["ReplayRNGCard","Steam Power"],"picked":"Leap","floor":23},{"not_picked":["Cold Snap+1","Panic Button"],"picked":"Beam Cell+1","floor":28},{"not_picked":["White Noise+1","Storm"],"picked":"Seek","floor":29},{"not_picked":["Crystallizer","BasicCrystalCard"],"picked":"Defragment","floor":30},{"not_picked":["Storm","BasicCrystalCard"],"picked":"Consume","floor":31},{"not_picked":["Creative AI","Mirror Shield"],"picked":"ReplayTheSpireMod:Omega Cannon+1","floor":33},{"not_picked":["Loop+1","Darkness+1"],"picked":"Capacitor+1","floor":35},{"not_picked":["BasicCrystalCard+1","Capacitor+1"],"picked":"Gash+1","floor":36},{"not_picked":["Stack","ReplayTheSpireMod:Reroute Power+1"],"picked":"FIFO Queue+1","floor":38},{"not_picked":["Coolheaded+1","Cold Snap+1"],"picked":"Beam Cell+1","floor":41},{"not_picked":["ReplayTheSpireMod:Repulse+1","Tempest"],"picked":"Skim+1","floor":45},{"not_picked":["ReplaySort","Conserve Battery+1"],"picked":"Leap+1","floor":47},{"not_picked":["Hologram+1","Cold Snap+1"],"picked":"White Noise+1","floor":48},{"not_picked":["Creative AI+1","ReplayRNGCard"],"picked":"Seek","floor":50}],"player_experience":17060,"relics_obtained":[{"floor":5,"key":"Dota2Spire:DrumOfEndurance"},{"floor":9,"key":"Pear"},{"floor":14,"key":"Anchor"},{"floor":23,"key":"aspiration:ChemicalBlood"},{"floor":26,"key":"Grinning Jar"},{"floor":29,"key":"Replay:Arrowhead"},{"floor":34,"key":"Dota2Spire:UrnOfShadows"},{"floor":34,"key":"Frozen Egg 2"},{"floor":34,"key":"Torii"},{"floor":43,"key":"Dota2Spire:MagicBottle"},{"floor":47,"key":"Dota2Spire:ArcaneBoots"}],"event_choices":[{"damage_healed":0,"gold_gain":75,"player_choice":"Gather Gold","damage_taken":11,"max_hp_gain":0,"max_hp_loss":0,"event_name":"World of Goop","floor":2,"gold_loss":0},{"damage_healed":0,"gold_gain":0,"player_choice":"Success","damage_taken":3,"relics_obtained":["infinitespire:Lucky Rock"],"max_hp_gain":0,"max_hp_loss":0,"event_name":"Scrap Ooze","floor":3,"gold_loss":0},{"damage_healed":0,"gold_gain":0,"player_choice":"Became a vampire","damage_taken":0,"max_hp_gain":0,"max_hp_loss":26,"event_name":"Vampires","floor":21,"gold_loss":0,"cards_obtained":["Bite","Bite","Bite","Bite","Bite"]},{"cards_removed":["Injury"],"damage_healed":0,"gold_gain":0,"player_choice":"Card Removal","damage_taken":0,"max_hp_gain":0,"max_hp_loss":0,"event_name":"Wheel of Change","floor":25,"gold_loss":0}],"is_beta":false,"boss_relics":[{"not_picked":["Busted Crown","Runic Pyramid"],"picked":"Dota2Spire:RefresherOrb"},{"not_picked":["Snecko Eye","aspiration:RunicSpoon"],"picked":"Calling Bell"},{"not_picked":["aspiration:WatcherSkillbook","Fusion Hammer"],"picked":"aspiration:FutureDiary"}],"items_purged_floors":[],"is_endless":true,"potions_floor_spawned":[11,14,16,28,29,30,31,36,38,41],"killed_by":"Hallownest:2_Baldur","ascension_level":0}}