{"host":"dbo0lztt1pyfwysk","time":1609056943,"event":{"mods":["Act Like it!","BaseMod","Conspire","Downfall","Gensokyo","GifTheSpireLib","Hubris","Infinite Spire","KinomotoSakuraMod(????)","Koishi","Luminous","Marisa????????","Minty Spire (QoL Compilation)","Prisma Mod","Remilia??????","Replay The Spire","Shade Mod","Shop Mod","StSLib","The Gatherer"],"gold_per_floor":[112,112,37,212,223,223,223,34,87,102,102,432,85,119,119,216,216,236,246,264,276,276,276,126,161,213,228,228,265,265,297,297,400,400,413,468,293,293,308,308,308,319,392,427,427,427,444,474,474,474],"floor_reached":51,"playtime":1669,"items_purged":["Strike_B","Doubt","Strike_B","Strike_B","Strike_B+1"],"score":871,"play_id":"6bf55aff-1472-45c5-822e-db7d101e70c7","local_time":"20201227091543","is_ascension_mode":true,"campfire_choices":[{"data":"Loop","floor":6,"key":"SMITH"},{"data":"Capacitor","floor":11,"key":"SMITH"},{"data":"Reinforced Body","floor":15,"key":"SMITH"},{"data":"Capacitor","floor":23,"key":"SMITH"},{"data":"Tempest","floor":28,"key":"SMITH"},{"data":"Self Repair","floor":32,"key":"SMITH"},{"data":"Seek","floor":40,"key":"SMITH"},{"data":"Ball Lightning","floor":41,"key":"SMITH"},{"data":"Ball Lightning","floor":46,"key":"SMITH"},{"data":"Defend_B+1","floor":49,"key":"SMITH"}],"circlet_count":0,"master_deck":["Defend_B+2","Defend_B+1","Defend_B+2","Defend_B+2","Zap+1","Ball Lightning+1","Loop+1","Capacitor+1","Ball Lightning+1","Reinforced Body+1","Capacitor+1","Seek+1","Conserve Battery+1","Zap+1","Leap+1","Tempest+1","Tempest+1","Loop+1"],"relics":["Cracked Core","hubris:64BitClover","hubris:BallOfYels","Nunchaku","Old Coin","Vajra","hubris:Reverence","conspire:SpecialSausage","Pondfish Scales","Mummified Hand","ReplayTheSpireMod:Lightbulb","Boot","hubris:SlimyHat","Black Star","WingedGreaves","hubris:BundleOfHerbs","Simple Rune","Replay:Rubber Ducky","Blue Candle","Molten Egg 2"],"acts_visited":["Exordium","TheCity","TheBeyond"],"potions_floor_usage":[19,21,25,33,36,48,50],"damage_taken":[{"damage":0,"enemies":"Small Slimes","floor":1,"turns":3},{"damage":0,"enemies":"Cultist","floor":5,"turns":3},{"damage":0,"enemies":"2 Louse","floor":10,"turns":1},{"damage":21,"enemies":"Lagavulin","floor":12,"turns":4},{"damage":12,"enemies":"3 Sentries","floor":14,"turns":5},{"damage":1,"enemies":"The Guardian","floor":16,"turns":9},{"damage":0,"enemies":"Spheric Guardian","floor":18,"turns":3},{"damage":5,"enemies":"2 Thieves","floor":19,"turns":3},{"damage":5,"enemies":"Snake Plant","floor":20,"turns":3},{"damage":0,"enemies":"Cultist and Chosen","floor":21,"turns":5},{"damage":19,"enemies":"Slavers","floor":25,"turns":3},{"damage":5,"enemies":"Centurion and Healer","floor":27,"turns":6},{"damage":16,"enemies":"conspire:MimicChest","floor":29,"turns":5},{"damage":1,"enemies":"Book of Stabbing","floor":31,"turns":5},{"damage":6,"enemies":"Champ","floor":33,"turns":7},{"damage":12,"enemies":"3 Darklings","floor":35,"turns":5},{"damage":33,"enemies":"2 Orb Walkers","floor":36,"turns":4},{"damage":0,"enemies":"3 Shapes","floor":39,"turns":3},{"damage":13,"enemies":"Maw","floor":42,"turns":5},{"damage":10,"enemies":"Nemesis","floor":44,"turns":5},{"damage":4,"enemies":"4 Shapes","floor":47,"turns":5},{"damage":0,"enemies":"Nightmare","floor":48,"turns":6},{"damage":79,"enemies":"Awakened One","floor":50,"turns":10}],"seed_played":"5130832117366312271","potions_obtained":[{"floor":1,"key":"DistilledChaos"},{"floor":14,"key":"Weak Potion"},{"floor":16,"key":"Ancient Potion"},{"floor":18,"key":"SteroidPotion"},{"floor":20,"key":"Explosive Potion"},{"floor":29,"key":"Swift Potion"},{"floor":31,"key":"Block Potion"},{"floor":39,"key":"PotionOfCapacity"},{"floor":44,"key":"Adrenaline Potion"}],"is_trial":false,"path_per_floor":["M","?","$","?","M","R","?","$","T","M","R","E","$","E","R","B",null,"M","M","M","M","?","R","$","E","T","M","R","?","?","E","R","B",null,"M","?","$","?","M","R","R","M","T","E","?","R","M","NM","R","B",null],"character_chosen":"DEFECT","items_purchased":["Capacitor","Ball Lightning","Capacitor","Vajra"],"campfire_rested":0,"item_purchase_floors":[8,8,13,13],"current_hp_per_floor":[68,68,68,68,68,68,68,68,68,68,68,47,47,35,35,41,68,68,68,68,68,68,68,68,56,56,58,58,49,49,55,55,59,68,66,43,43,68,68,68,68,55,55,45,45,45,41,41,41,34],"gold":474,"neow_bonus":"ONE_RARE_RELIC","is_daily":false,"chose_seed":false,"campfire_upgraded":10,"win_rate":0.0,"timestamp":1609056943,"path_taken":["M","?","?","?","M","R","?","$","T","M","R","E","$","E","R","BOSS","M","M","M","M","?","R","$","E","T","?","R","?","?","E","R","BOSS","M","?","$","?","M","R","R","?","T","E","?","R","?","NM","R","BOSS"],"items_purchased_type":["Card","Card","Card","Relic"],"build_version":"2020-12-22","purchased_purges":5,"victory":true,"max_hp_per_floor":[68,68,68,68,68,68,68,68,68,68,68,68,68,68,68,68,68,68,68,68,68,68,68,68,68,68,68,68,68,68,68,68,68,68,68,68,68,68,68,68,68,68,68,68,68,68,68,68,68,68],"card_choices":[{"not_picked":["Consume","Sweeping Beam"],"picked":"Ball Lightning","floor":1},{"not_picked":["Streamline","Ball Lightning"],"picked":"Loop","floor":5},{"not_picked":["Turbo","Stack","Barrage"],"picked":"SKIP","floor":10},{"not_picked":["Beam Cell","Streamline"],"picked":"Reinforced Body","floor":12},{"not_picked":["Doom and Gloom","Cold Snap"],"picked":"Self Repair","floor":14},{"not_picked":["Buffer","Multi-Cast"],"picked":"Seek","floor":16},{"not_picked":["ReplayTheSpireMod:GoodbyeWorld+1","Steam"],"picked":"Conserve Battery+1","floor":18},{"not_picked":["Cold Snap","FIFO Queue","Ball Lightning"],"picked":"SKIP","floor":19},{"not_picked":["Leap","Chaos","Rebound+1"],"picked":"SKIP","floor":20},{"not_picked":["Redo","Gash","White Noise"],"picked":"SKIP","floor":21},{"not_picked":["Cold Snap","ReplayTheSpireMod:Repulse"],"picked":"Leap+1","floor":25},{"not_picked":["conspire:Rain","Cold Snap"],"picked":"Tempest","floor":27},{"not_picked":["conspire:SharedLibrary+1","Auto Shields"],"picked":"Tempest+1","floor":31},{"not_picked":["Turbo","ReplayTheSpireMod:Dual Polarity","Sweeping Beam+1"],"picked":"SKIP","floor":35},{"not_picked":["Coolheaded+1","Self Repair"],"picked":"Loop+1","floor":36},{"not_picked":["Skim","Barrage","Cold Snap+1"],"picked":"SKIP","floor":39},{"not_picked":["Turbo+1","Rainbow","Panic Button"],"picked":"SKIP","floor":42},{"not_picked":["Skim+1","Core Surge","BasicCrystalCard+1"],"picked":"SKIP","floor":44},{"not_picked":["Gash","BasicCrystalCard","Streamline+1"],"picked":"SKIP","floor":47},{"not_picked":["Barrage+1","Conserve Battery","BasicCrystalCard"],"picked":"SKIP","floor":48}],"player_experience":617025,"relics_obtained":[{"floor":9,"key":"Nunchaku"},{"floor":12,"key":"Old Coin"},{"floor":14,"key":"hubris:Reverence"},{"floor":20,"key":"Pondfish Scales"},{"floor":25,"key":"Mummified Hand"},{"floor":26,"key":"ReplayTheSpireMod:Lightbulb"},{"floor":29,"key":"Boot"},{"floor":31,"key":"hubris:SlimyHat"},{"floor":36,"key":"WingedGreaves"},{"floor":44,"key":"hubris:BundleOfHerbs"},{"floor":44,"key":"Simple Rune"},{"floor":47,"key":"Replay:Rubber Ducky"},{"floor":48,"key":"Blue Candle"},{"floor":48,"key":"Molten Egg 2"}],"event_choices":[{"damage_healed":0,"gold_gain":0,"player_choice":"Gave Potion","damage_taken":0,"relics_obtained":["hubris:BallOfYels"],"max_hp_gain":0,"max_hp_loss":0,"event_name":"WeMeetAgain","floor":2,"gold_loss":0},{"damage_healed":0,"gold_gain":175,"player_choice":"AGREE","damage_taken":0,"max_hp_gain":0,"max_hp_loss":0,"event_name":"Liars Game","floor":4,"gold_loss":0,"cards_obtained":["Doubt"]},{"damage_healed":0,"gold_gain":0,"player_choice":"Upgraded","damage_taken":0,"max_hp_gain":0,"max_hp_loss":0,"event_name":"Upgrade Shrine","floor":7,"gold_loss":0,"cards_upgraded":["Zap"]},{"damage_healed":0,"gold_gain":0,"player_choice":"Copied","damage_taken":0,"max_hp_gain":0,"max_hp_loss":0,"event_name":"Duplicator","floor":22,"gold_loss":0,"cards_obtained":["Zap"]},{"damage_healed":0,"gold_gain":0,"player_choice":"Simplicity","damage_taken":0,"max_hp_gain":0,"max_hp_loss":0,"event_name":"Back to Basics","floor":30,"gold_loss":0,"cards_upgraded":["Strike_B","Defend_B","Defend_B","Defend_B","Defend_B"]},{"damage_healed":0,"gold_gain":0,"player_choice":"Fight","damage_taken":0,"max_hp_gain":0,"max_hp_loss":0,"event_name":"Mysterious Sphere","floor":36,"gold_loss":0},{"cards_removed":["Self Repair"],"damage_healed":25,"gold_gain":0,"player_choice":"Offered Uncommon","damage_taken":0,"max_hp_gain":0,"max_hp_loss":0,"event_name":"Bonfire Elementals","floor":38,"gold_loss":0},{"cards_removed":["Dualcast"],"damage_healed":0,"gold_gain":0,"player_choice":"Purged","damage_taken":0,"max_hp_gain":0,"max_hp_loss":0,"event_name":"Purifier","floor":45,"gold_loss":0}],"is_beta":false,"boss_relics":[{"not_picked":["SacredBark","Sozu"],"picked":"conspire:SpecialSausage"},{"not_picked":["hubris:Stopwatch","Coffee Dripper"],"picked":"Black Star"}],"items_purged_floors":[3,8,13,24,37],"is_endless":false,"potions_floor_spawned":[1,14,16,18,20,29,31,39,44],"ascension_level":2}}