{"host":"qj91dvco5uhu9oti","time":1609103962,"event":{"mods":["BaseMod","Colored Map","Keyboard Shortcuts","Minty Spire (QoL Compilation)","Permanent Neow","Relic Stats","StSLib","SuperFastMode","everything is the same but u backflip on backflip"],"gold_per_floor":[116,35,35,53,23,54,54,87,166,183,183,41,56,72,72,173,173,192,92,109,119,138,138,163,182,182,182,182,192,205,205,205],"floor_reached":31,"playtime":941,"items_purged":["Strike_B","Strike_B"],"score":390,"play_id":"01c71d9a-64e7-41c9-99e1-be2f1ddda152","local_time":"20201228061922","is_ascension_mode":true,"campfire_choices":[{"data":"Zap","floor":7.0,"key":"SMITH"},{"data":"Dualcast","floor":11.0,"key":"SMITH"},{"data":"Beam Cell","floor":15.0,"key":"SMITH"},{"data":"Fusion","floor":23,"key":"SMITH"},{"data":"Chill","floor":28,"key":"SMITH"}],"circlet_count":0,"master_deck":["Strike_B","Strike_B","Defend_B","Defend_B","Defend_B","Defend_B","Zap+1","Dualcast+1","Coolheaded","All For One","Chill+1","Undo","Coolheaded","Seek","Beam Cell+1","Go for the Eyes","All For One","Skim","Fusion+1","Streamline+1","Hologram","Gash"],"relics":["Cracked Core","Strawberry","Centennial Puzzle","FossilizedHelix","Eternal Feather","Sozu","Torii","The Courier"],"acts_visited":["Exordium","TheCity"],"potions_floor_usage":[16,30],"damage_taken":[{"damage":2.0,"enemies":"2 Louse","floor":1.0,"turns":2.0},{"damage":7.0,"enemies":"Small Slimes","floor":4.0,"turns":4.0},{"damage":20.0,"enemies":"3 Sentries","floor":6.0,"turns":8.0},{"damage":38.0,"enemies":"Lagavulin","floor":8.0,"turns":7.0},{"damage":0.0,"enemies":"Cultist","floor":10.0,"turns":3.0},{"damage":0.0,"enemies":"Gremlin Gang","floor":13.0,"turns":6.0},{"damage":0.0,"enemies":"3 Louse","floor":14.0,"turns":3.0},{"damage":16,"enemies":"Slime Boss","floor":16,"turns":13},{"damage":0,"enemies":"2 Thieves","floor":18,"turns":4},{"damage":0,"enemies":"Chosen","floor":20,"turns":5},{"damage":12,"enemies":"Snake Plant","floor":21,"turns":2},{"damage":4,"enemies":"3 Cultists","floor":22,"turns":6},{"damage":33,"enemies":"Slavers","floor":24,"turns":9},{"damage":1,"enemies":"Snecko","floor":25,"turns":6},{"damage":12,"enemies":"Sentry and Sphere","floor":29,"turns":4},{"damage":9,"enemies":"Chosen and Byrds","floor":30,"turns":6},{"damage":15,"enemies":"Snake Plant","floor":31,"turns":2}],"seed_played":"1901569937528189273","potions_obtained":[{"floor":1.0,"key":"Strength Potion"},{"floor":5.0,"key":"PowerPotion"},{"floor":5.0,"key":"SneckoOil"},{"floor":13.0,"key":"DistilledChaos"},{"floor":14.0,"key":"PowerPotion"}],"is_trial":false,"path_per_floor":["M","$","?","M","?","E","R","E","T","M","R","$","M","M","R","B",null,"M","$","M","M","M","R","E","M","T","?","R","M","M","M"],"character_chosen":"DEFECT","items_purchased":["All For One","Seek"],"campfire_rested":0,"item_purchase_floors":[2,12],"current_hp_per_floor":[73,73,73,66,66,46,46,8,8,8,17,17,17,17,26,10,64,64,64,64,52,48,57,24,23,23,23,35,23,14,0,0],"gold":205,"neow_bonus":"RANDOM_COMMON_RELIC","is_daily":false,"chose_seed":false,"campfire_upgraded":5,"win_rate":0.0,"timestamp":1609103962,"path_taken":["M","$","?","M","?","E","R","E","T","M","R","$","?","M","R","BOSS","M","$","M","M","?","R","E","M","T","?","R","M","M","M"],"items_purchased_type":["Card","Card"],"build_version":"2020-12-22","purchased_purges":2,"victory":false,"max_hp_per_floor":[82,82,82,82,82,82,82,82,82,82,82,82,82,82,82,82,82,82,82,82,82,82,82,82,82,82,82,82,82,82,82,82],"relic_stats":{"Sozu":4,"Centennial Puzzle":[27],"Torii":5,"counters":[17,90],"Eternal Feather":39,"obtain_stats":[{"Sozu":17,"Centennial Puzzle":6,"Torii":24,"Strawberry":0,"Eternal Feather":9,"The Courier":26,"Cracked Core":0,"FossilizedHelix":8},{"Sozu":8,"Centennial Puzzle":3,"Torii":13,"Strawberry":0,"Eternal Feather":4,"The Courier":14,"Cracked Core":0,"FossilizedHelix":4},{"Sozu":46,"Centennial Puzzle":14,"Torii":72,"Strawberry":0,"Eternal Feather":21,"The Courier":78,"Cracked Core":0,"FossilizedHelix":21}]},"card_choices":[{"not_picked":["Melter","Redo"],"picked":"Coolheaded","floor":1.0},{"not_picked":["Turbo","Leap"],"picked":"Chill","floor":4.0},{"not_picked":["Consume","Streamline","Blizzard"],"picked":"SKIP","floor":6.0},{"not_picked":["Coolheaded","Leap"],"picked":"Undo","floor":8.0},{"not_picked":["Melter","Redo"],"picked":"Coolheaded","floor":10.0},{"not_picked":["Chill","Blizzard"],"picked":"Beam Cell","floor":13.0},{"not_picked":["Stack","Redo"],"picked":"Go for the Eyes","floor":14.0},{"not_picked":["Machine Learning","Fission"],"picked":"All For One","floor":16},{"not_picked":["Coolheaded","Sweeping Beam","Defragment"],"picked":"SKIP","floor":18},{"not_picked":["Leap","Redo"],"picked":"Skim","floor":20},{"not_picked":["Darkness","Fusion","Heatsinks"],"picked":"SKIP","floor":21},{"not_picked":["Darkness","Heatsinks"],"picked":"Fusion","floor":21},{"not_picked":["Leap+1","Skim","Cold Snap"],"picked":"SKIP","floor":22},{"not_picked":["Leap","Machine Learning"],"picked":"Streamline+1","floor":24},{"not_picked":["Leap","Tempest"],"picked":"Hologram","floor":25},{"not_picked":["Compile Driver","Rebound+1"],"picked":"Gash","floor":29},{"not_picked":["Force Field+1","Stack","Steam Power"],"picked":"SKIP","floor":30}],"player_experience":313595,"relics_obtained":[{"floor":6.0,"key":"Centennial Puzzle"},{"floor":8.0,"key":"FossilizedHelix"},{"floor":9.0,"key":"Eternal Feather"},{"floor":24,"key":"Torii"},{"floor":26,"key":"The Courier"}],"event_choices":[{"damage_healed":0.0,"max_hp_gain":0.0,"max_hp_loss":0.0,"gold_gain":0.0,"event_name":"The Cleric","player_choice":"Leave","floor":3.0,"gold_loss":0.0,"damage_taken":0.0},{"damage_healed":0.0,"max_hp_gain":0.0,"max_hp_loss":0.0,"gold_gain":0.0,"event_name":"The Woman in Blue","player_choice":"Bought 2 Potions","floor":5.0,"gold_loss":0.0,"damage_taken":0.0},{"damage_healed":0,"gold_gain":0,"player_choice":"0 cards matched","damage_taken":0,"max_hp_gain":0,"max_hp_loss":0,"event_name":"Match and Keep!","floor":27,"gold_loss":0,"cards_obtained":[]}],"is_beta":false,"boss_relics":[{"not_picked":["Velvet Choker","Ectoplasm"],"picked":"Sozu"}],"items_purged_floors":[12,19],"is_endless":false,"potions_floor_spawned":[1,13,14,18,21,22,30],"killed_by":"Snake Plant","ascension_level":9}}