{"host":"9op7xyky91xc1g6p","time":1609067896,"event":{"mods":["Act Like it!","Aspiration","Astrologer","Bartender","BaseMod","Beaked The Cultist","Better Altar","Better Note","Better Sensory Stone","Better Skull","Better Third Choice","Better Vampires","BshForSts","CapriCore","Energized Spire","Gensokyo","Hallownest","Hermit","Infinite Spire","Koishi","Magitek Elite","Marisa????????","Minty Spire (QoL Compilation)","Railgun Mod","Random Character Button","Remilia??????","Retaliation","Robot Space Explorer","Shade Mod","Shedinja","SpireExporter+","StSLib","The Animator","The Construct","The Disciple","The Elementalist","The Hierophant","The Immortal","The Marked","The Mystic","The Poker Player","The Runesmith","The Spell Scribe","TheArtist","TheBandit","Trackpad","Yuyuko","??????REMEMod"],"gold_per_floor":[119,119,194,268,288,288,300,313,313,313,313,313,325,36,36,135,135,155,155,155,155,170,170,170],"floor_reached":23,"playtime":2251,"items_purged":[],"score":179,"play_id":"a954f9ba-0e72-46c2-806e-9842fb2e3391","local_time":"20201227031816","is_ascension_mode":false,"campfire_choices":[{"data":"Dreamy Sakura","floor":6,"key":"SMITH"},{"floor":15,"key":"REST"}],"circlet_count":0,"master_deck":["Fantasy Butterflies","Fantasy Butterflies","Fantasy Butterflies","Fantasy Butterflies","Fantasy Butterflies","Dreamy Sakura","Dreamy Sakura","Dreamy Sakura+1","Dreamy Sakura","Dreamy Sakura","Deathly Ground","Faramita\u0027s Temptation","Dying Dream","Gauzy Sakura","REME_Flogging+1","Burn","Dark Wind","Linger over Flower","Gone","Nihility","Redemption of Death","Full Inky Sakura","City of Death","Death Dancing","Ultima","Bloom+1","Sakura Ward"],"relics":["Coronal","Yuyuko\u0027s fan","REME_ComplimentaryCards","trackpad:BottledShadow","Prayer Wheel","aspiration:AnachronicSnailShell","aspiration:PoetsPen_weak","betterThird:NestCultRelic","Nloth\u0027s Gift"],"acts_visited":["Exordium","TheCity"],"potions_floor_usage":[],"damage_taken":[{"damage":21,"enemies":"2 Louse","floor":1,"turns":3},{"damage":20,"enemies":"Small Slimes","floor":5,"turns":4},{"damage":18,"enemies":"Jaw Worm","floor":7,"turns":3},{"damage":41,"enemies":"Red Slaver","floor":8,"turns":6},{"damage":22,"enemies":"Looter","floor":13,"turns":4},{"damage":33,"enemies":"Slime Boss","floor":16,"turns":5},{"damage":10,"enemies":"Spheric Guardian","floor":18,"turns":3},{"damage":8,"enemies":"3 Byrds","floor":22,"turns":3},{"damage":29,"enemies":"Gremlin Leader","floor":23,"turns":2}],"seed_played":"3512434369748869710","potions_obtained":[{"floor":1,"key":"SmokeBomb"},{"floor":8,"key":"Explosive Potion"},{"floor":16,"key":"Energy Potion"},{"floor":22,"key":"EntropicBrew"}],"is_trial":false,"path_per_floor":["M","?","?","T","M","R","M","M","T","?","?","?","M","$","R","B",null,"M","?","?","?","M","E"],"character_chosen":"YUYOKO","items_purchased":["aspiration:AnachronicSnailShell"],"campfire_rested":1,"item_purchase_floors":[14],"current_hp_per_floor":[34,34,34,34,30,30,20,17,17,17,17,17,18,18,30,32,40,33,33,33,33,26,0,0],"gold":170,"neow_bonus":"ONE_RANDOM_RARE_CARD","is_daily":false,"chose_seed":false,"campfire_upgraded":1,"win_rate":0.0,"timestamp":1609067896,"path_taken":["M","?","?","?","?","R","M","M","T","?","?","?","M","$","R","BOSS","M","?","?","?","?","E"],"items_purchased_type":["Relic"],"build_version":"2020-12-22","purchased_purges":0,"victory":false,"max_hp_per_floor":[40,40,40,40,40,40,40,40,40,40,40,40,40,40,40,40,40,40,40,40,40,40,40,40],"card_choices":[{"not_picked":["Ghostdom Sakura","Reverse The Screen"],"picked":"Gauzy Sakura","floor":1},{"not_picked":["REME_TheoryOfElimination","Blind"],"picked":"REME_Flogging","floor":2},{"not_picked":["Butterflies in Dream","Butterflies Rainbow"],"picked":"Dark Wind","floor":5},{"not_picked":["Childlike","All Wander"],"picked":"Linger over Flower","floor":7},{"not_picked":["Open The Fan","Linger over Flower"],"picked":"Gone","floor":8},{"not_picked":["Final of Final","Song of Papilio"],"picked":"Nihility","floor":13},{"not_picked":["Monster Cherry Tree","Gather the Spring"],"picked":"Redemption of Death","floor":13},{"not_picked":["Ticket to Heaven","Bury in The Template"],"picked":"Full Inky Sakura","floor":16},{"not_picked":["Unpaved Way+1","Childlike"],"picked":"City of Death","floor":18},{"not_picked":["Unstable Ward+1","Dark Wind"],"picked":"Death Dancing","floor":18},{"not_picked":["End of Faramita","Dying Butterflies+1"],"picked":"Bloom+1","floor":22},{"not_picked":["Gather the Spring","Chase The Sukhavati+1"],"picked":"Sakura Ward","floor":22}],"player_experience":348664,"relics_obtained":[{"floor":4,"key":"Sundial"},{"floor":9,"key":"trackpad:BottledShadow"}],"event_choices":[{"damage_healed":0,"gold_gain":1,"player_choice":"1","damage_taken":0,"max_hp_gain":0,"max_hp_loss":0,"event_name":"betterStone:BetterStone","floor":2,"gold_loss":0},{"damage_healed":0,"gold_gain":0,"player_choice":"Grow","damage_taken":0,"max_hp_gain":0,"max_hp_loss":0,"event_name":"Living Wall","floor":12,"gold_loss":0,"cards_upgraded":["REME_Flogging"]},{"cards_removed":["REME_Flogging"],"damage_healed":0,"gold_gain":0,"player_choice":"Take \u0026 Give","damage_taken":0,"max_hp_gain":0,"max_hp_loss":0,"event_name":"betterNote:BetterNote","floor":19,"gold_loss":0,"cards_obtained":["Ultima"]},{"damage_healed":0,"gold_gain":0,"player_choice":"Madness","damage_taken":0,"relics_obtained":["betterThird:NestCultRelic"],"max_hp_gain":0,"max_hp_loss":0,"event_name":"betterThird:BetterNest","floor":20,"gold_loss":0},{"damage_healed":0,"gold_gain":0,"player_choice":"Traded Relic","damage_taken":0,"relics_obtained":["Nloth\u0027s Gift"],"max_hp_gain":0,"max_hp_loss":0,"event_name":"N\u0027loth","floor":21,"relics_lost":["Sundial"],"gold_loss":0}],"is_beta":false,"boss_relics":[{"not_picked":["trackpad:Coffee","Sozu"],"picked":"aspiration:PoetsPen_weak"}],"items_purged_floors":[],"is_endless":false,"potions_floor_spawned":[1,8,16,22],"killed_by":"Gremlin Leader","ascension_level":0}}