{"host":"c9wjytal7yz6nwo6","time":1609029277,"event":{"mods":["AchievementEnabler","BaseMod","Bestiary","Colored Map","Curses Come First","Downfall","Highlight Path","Minty Spire (QoL Compilation)","Quick Restart","StSLib","SuperFastMode","The Dragon Tamer"],"gold_per_floor":[109,128,128,128,139,139,45,45,72,72,105,105,105,121,121,221,221,239,338,351,363,363,363,363,363],"floor_reached":24,"playtime":1354,"items_purged":[],"score":219,"play_id":"d6500f8d-c9bb-442b-a7ac-a963129123af","local_time":"20201226183437","is_ascension_mode":false,"campfire_choices":[{"data":"Metallicize","floor":6,"key":"SMITH"},{"data":"expansioncontent:Collect","floor":8,"key":"SMITH"},{"data":"Iron Wave","floor":10,"key":"SMITH"},{"floor":15,"key":"REST"},{"data":"Berserk","floor":23,"key":"SMITH"}],"circlet_count":0,"master_deck":["Strike_R","Strike_R","Strike_R","Strike_R","Strike_R","Defend_R","Defend_R","Defend_R","Defend_R","Bash","Iron Wave+1","Cleave","Metallicize+1","expansioncontent:Collect+1","Cleave","Anger","Berserk+1","Twin Strike+1","Infernal Blade+1"],"relics":["Burning Blood","WarpedTongs","Oddly Smooth Stone","Toy Ornithopter","Red Skull","Black Star"],"acts_visited":["Exordium","TheCity"],"potions_floor_usage":[16,21],"damage_taken":[{"damage":0,"enemies":"Small Slimes","floor":1,"turns":3},{"damage":1,"enemies":"Cultist","floor":2,"turns":4},{"damage":5,"enemies":"Jaw Worm","floor":5,"turns":3},{"damage":7,"enemies":"3 Sentries","floor":11,"turns":8},{"damage":5,"enemies":"Lots of Slimes","floor":14,"turns":5},{"damage":63,"enemies":"Hexaghost","floor":16,"turns":10},{"damage":32,"enemies":"Spheric Guardian","floor":18,"turns":6},{"damage":9,"enemies":"Shell Parasite","floor":20,"turns":5},{"damage":23,"enemies":"Shelled Parasite and Fungi","floor":21,"turns":6},{"damage":92,"enemies":"Gremlin Leader","floor":24,"turns":4}],"seed_played":"281117666907703536","potions_obtained":[{"floor":1,"key":"DistilledChaos"},{"floor":16,"key":"BlessingOfTheForge"},{"floor":20,"key":"Weak Potion"}],"is_trial":false,"path_per_floor":["M","M","$","?","M","R","$","R","T","R","E","?","T","M","R","B",null,"M","?","M","M","?","R","E"],"character_chosen":"IRONCLAD","items_purchased":["expansioncontent:Collect"],"campfire_rested":1,"item_purchase_floors":[7],"current_hp_per_floor":[78,83,83,83,84,84,84,84,84,84,83,76,76,77,96,39,96,70,70,67,55,87,87,0,0],"gold":363,"neow_bonus":"TWENTY_PERCENT_HP_BONUS","is_daily":false,"chose_seed":false,"campfire_upgraded":4,"win_rate":0.0,"timestamp":1609029277,"path_taken":["M","M","$","?","M","R","?","R","T","R","E","?","?","?","R","BOSS","M","?","M","M","?","R","E"],"items_purchased_type":["Card"],"build_version":"2020-12-22","purchased_purges":0,"victory":false,"max_hp_per_floor":[96,96,96,96,96,96,96,96,96,96,96,96,96,96,96,96,96,96,96,96,96,96,96,96,96],"card_choices":[{"not_picked":["True Grit","Perfected Strike"],"picked":"Iron Wave","floor":1},{"not_picked":["Whirlwind","Twin Strike"],"picked":"Cleave","floor":2},{"not_picked":["Ghostly Armor","Perfected Strike"],"picked":"Metallicize","floor":5},{"not_picked":["Combust","Second Wind"],"picked":"Cleave","floor":11},{"not_picked":["Sever Soul","Pummel"],"picked":"Anger","floor":14},{"not_picked":["Impervious","Demon Form"],"picked":"Berserk","floor":16},{"not_picked":["Pommel Strike","Fire Breathing+1"],"picked":"Twin Strike+1","floor":18},{"not_picked":["True Grit","Pummel"],"picked":"Infernal Blade+1","floor":20},{"not_picked":["Feel No Pain","True Grit","Dark Embrace+1"],"picked":"SKIP","floor":21}],"player_experience":10371,"relics_obtained":[{"floor":9,"key":"Oddly Smooth Stone"},{"floor":11,"key":"Toy Ornithopter"},{"floor":13,"key":"Red Skull"}],"event_choices":[{"damage_healed":0,"gold_gain":0,"player_choice":"Rummage","damage_taken":0,"relics_obtained":["WarpedTongs"],"max_hp_gain":0,"max_hp_loss":0,"event_name":"Accursed Blacksmith","floor":4,"gold_loss":0,"cards_obtained":["Pain"]},{"cards_removed":["Pain"],"damage_healed":0,"gold_gain":0,"player_choice":"Card Removal","damage_taken":7,"max_hp_gain":0,"max_hp_loss":0,"event_name":"Golden Wing","floor":12,"gold_loss":0},{"damage_healed":0,"gold_gain":99,"player_choice":"Stole From Cult","damage_taken":0,"max_hp_gain":0,"max_hp_loss":0,"event_name":"Nest","floor":19,"gold_loss":0},{"damage_healed":32,"gold_gain":0,"player_choice":"Heal","damage_taken":0,"max_hp_gain":0,"max_hp_loss":0,"event_name":"The Library","floor":22,"gold_loss":0}],"is_beta":false,"boss_relics":[{"not_picked":["Snecko Eye","SacredBark"],"picked":"Black Star"}],"items_purged_floors":[],"is_endless":false,"potions_floor_spawned":[1,16,20],"killed_by":"Gremlin Leader","ascension_level":0}}