{"host":"yvb207ks1sg3cxef","time":1609067164,"event":{"mods":["2.2 Compatiblity","BaseMod","Bestiary","Colored Powertips","Minty Spire (QoL Compilation)","Permanent Neow","Quick Restart","Relic Stats","StSLib"],"gold_per_floor":[19,19,19,34,50,50,50],"floor_reached":6,"playtime":303,"items_purged":[],"score":68,"play_id":"ff5c1942-87c3-474d-b30e-be24e992ddd1","local_time":"20201227163604","is_ascension_mode":true,"campfire_choices":[],"circlet_count":0,"master_deck":["AscendersBane","Strike_G","Strike_G","Strike_G","Strike_G","Defend_G","Defend_G","Defend_G","Defend_G","Defend_G","Survivor","Neutralize","Burst","Bouncing Flask","Infinite Blades","Reflex","Quick Slash"],"relics":["Ring of the Snake","Golden Idol"],"acts_visited":["Exordium"],"potions_floor_usage":[6],"damage_taken":[{"damage":2,"enemies":"Jaw Worm","floor":1,"turns":5},{"damage":7,"enemies":"Small Slimes","floor":4,"turns":6},{"damage":1,"enemies":"Cultist","floor":5,"turns":5},{"damage":64,"enemies":"Gremlin Nob","floor":6,"turns":4}],"seed_played":"222269059492468668","potions_obtained":[{"floor":5,"key":"ColorlessPotion"}],"is_trial":false,"path_per_floor":["M","?","?","M","M","E"],"character_chosen":"THE_SILENT","items_purchased":[],"campfire_rested":0,"item_purchase_floors":[],"current_hp_per_floor":[57,57,57,50,49,0,0],"gold":50,"neow_bonus":"THREE_RARE_CARDS","is_daily":false,"chose_seed":false,"campfire_upgraded":0,"win_rate":0.0,"timestamp":1609067164,"path_taken":["M","?","?","?","M","E"],"items_purchased_type":[],"build_version":"2020-12-22","purchased_purges":0,"victory":false,"max_hp_per_floor":[66,60,60,60,60,60,60],"relic_stats":{"counters":[4,20],"Golden Idol":6,"obtain_stats":[{"Golden Idol":2,"Ring of the Snake":0},{"Golden Idol":1,"Ring of the Snake":0},{"Golden Idol":5,"Ring of the Snake":0}],"Ring of the Snake":[8]},"card_choices":[{"not_picked":["Phantasmal Killer","Wraith Form v2"],"picked":"Burst","floor":0},{"not_picked":["Dodge and Roll","Bane"],"picked":"Bouncing Flask","floor":1},{"not_picked":["Expertise","Heel Hook"],"picked":"Reflex","floor":4},{"not_picked":["Slice","Dodge and Roll"],"picked":"Quick Slash","floor":5}],"player_experience":234019,"relics_obtained":[],"event_choices":[{"damage_healed":0,"gold_gain":0,"player_choice":"Lose Max HP","damage_taken":0,"relics_obtained":["Golden Idol"],"max_hp_gain":0,"max_hp_loss":6,"event_name":"Golden Idol","floor":2,"gold_loss":0},{"damage_healed":0,"gold_gain":0,"cards_transformed":["Strike_G"],"player_choice":"Transformed","damage_taken":0,"max_hp_gain":0,"max_hp_loss":0,"event_name":"Transmorgrifier","floor":3,"gold_loss":0,"cards_obtained":["Infinite Blades"]}],"is_beta":false,"boss_relics":[],"items_purged_floors":[],"is_endless":false,"potions_floor_spawned":[5],"killed_by":"Gremlin Nob","ascension_level":18}}