{"host":"p6s16n2sj7zvsuor","time":1609084975,"event":{"mods":["BaseMod","Minty Spire (QoL Compilation)"],"gold_per_floor":[112,112,127,202,49,82,82,96,96,96,57,57,75,94,94,193,193,209,209,209,15,26,26,26],"floor_reached":23,"playtime":1087,"items_purged":["Strike_G","Strike_G"],"score":236,"play_id":"1a3dbf8c-1352-44c2-8ce4-0476b185805b","local_time":"20201227180255","is_ascension_mode":true,"campfire_choices":[{"data":"Blur","floor":7,"key":"SMITH"},{"floor":10,"key":"REST"},{"data":"Footwork","floor":15,"key":"SMITH"}],"circlet_count":0,"master_deck":["Strike_G","Strike_G","Strike_G","Defend_G","Defend_G","Defend_G","Defend_G","Defend_G","Survivor","Neutralize","Backflip","Blur+1","Deadly Poison","Catalyst","Footwork+1","Caltrops","Setup","Night Terror","Sucker Punch","RitualDagger","Well Laid Plans","Deadly Poison","Deflect"],"relics":["Ring of the Serpent","StoneCalendar","Sundial","White Beast Statue","Gremlin Horn","PreservedInsect"],"acts_visited":["Exordium","TheCity"],"potions_floor_usage":[13,16,22,23,23,23],"damage_taken":[{"damage":15,"enemies":"Jaw Worm","floor":1,"turns":7},{"damage":0,"enemies":"Cultist","floor":3,"turns":5},{"damage":19,"enemies":"Lagavulin","floor":6,"turns":10},{"damage":0,"enemies":"2 Louse","floor":8,"turns":3},{"damage":0,"enemies":"Looter","floor":13,"turns":5},{"damage":0,"enemies":"Exordium Thugs","floor":14,"turns":7},{"damage":6,"enemies":"The Guardian","floor":16,"turns":11},{"damage":13,"enemies":"Spheric Guardian","floor":18,"turns":8},{"damage":17,"enemies":"2 Thieves","floor":22,"turns":4},{"damage":20,"enemies":"Slavers","floor":23,"turns":1}],"seed_played":"-7654072418762067861","potions_obtained":[{"floor":1,"key":"Dexterity Potion"},{"floor":6,"key":"SteroidPotion"},{"floor":8,"key":"Fire Potion"},{"floor":13,"key":"LiquidMemories"},{"floor":14,"key":"SkillPotion"},{"floor":16,"key":"SkillPotion"},{"floor":22,"key":"LiquidBronze"}],"is_trial":false,"path_per_floor":["M","?","M","?","$","E","R","M","T","R","$","?","M","M","R","B",null,"M","?","?","$","M","E"],"character_chosen":"THE_SILENT","items_purchased":["Blur","Footwork","Well Laid Plans","Deadly Poison"],"campfire_rested":1,"item_purchase_floors":[5,11,21,21],"current_hp_per_floor":[55,55,55,44,44,25,25,25,25,45,45,27,27,27,27,21,56,43,37,37,37,20,0,0],"gold":26,"neow_bonus":"ONE_RARE_RELIC","is_daily":false,"chose_seed":false,"campfire_upgraded":2,"win_rate":0.0,"timestamp":1609084975,"path_taken":["M","?","?","?","$","E","R","M","T","R","$","?","M","M","R","BOSS","M","?","?","$","M","E"],"items_purchased_type":["Card","Card","Card","Card"],"build_version":"2020-12-22","purchased_purges":2,"victory":false,"max_hp_per_floor":[70,67,67,67,67,67,67,67,67,67,67,67,67,67,67,67,67,67,67,67,67,67,67,67],"card_choices":[{"not_picked":["Bane","Infinite Blades","Acrobatics"],"picked":"SKIP","floor":1},{"not_picked":["Slice","Prepared"],"picked":"Backflip","floor":3},{"not_picked":["Poisoned Stab","Tools of the Trade"],"picked":"Deadly Poison","floor":6},{"not_picked":["Flying Knee","Cloak And Dagger"],"picked":"Catalyst","floor":8},{"not_picked":["Backflip","Reflex"],"picked":"Caltrops","floor":13},{"not_picked":["Calculated Gamble","PiercingWail"],"picked":"Setup","floor":14},{"not_picked":["Malaise","Adrenaline"],"picked":"Night Terror","floor":16},{"not_picked":["Slice","Underhanded Strike"],"picked":"Sucker Punch","floor":18},{"not_picked":["Reflex","Tactician"],"picked":"Deflect","floor":22}],"player_experience":770164,"relics_obtained":[{"floor":6,"key":"Sundial"},{"floor":9,"key":"White Beast Statue"}],"event_choices":[{"cards_removed":["Parasite"],"damage_healed":0,"gold_gain":0,"player_choice":"Purged","damage_taken":0,"max_hp_gain":0,"max_hp_loss":0,"event_name":"Purifier","floor":2,"gold_loss":0},{"damage_healed":0,"gold_gain":75,"player_choice":"Gather Gold","damage_taken":11,"max_hp_gain":0,"max_hp_loss":0,"event_name":"World of Goop","floor":4,"gold_loss":0},{"damage_healed":0,"gold_gain":0,"player_choice":"Success","damage_taken":18,"relics_obtained":["Gremlin Horn"],"max_hp_gain":0,"max_hp_loss":0,"event_name":"Scrap Ooze","floor":12,"gold_loss":0},{"damage_healed":0,"gold_gain":0,"player_choice":"Joined the Cult","damage_taken":6,"max_hp_gain":0,"max_hp_loss":0,"event_name":"Nest","floor":19,"gold_loss":0,"cards_obtained":["RitualDagger"]},{"damage_healed":0,"gold_gain":0,"player_choice":"Opened","damage_taken":0,"relics_obtained":["PreservedInsect"],"max_hp_gain":0,"max_hp_loss":0,"event_name":"The Mausoleum","floor":20,"gold_loss":0}],"is_beta":false,"boss_relics":[{"not_picked":["Cursed Key","Snecko Eye"],"picked":"Ring of the Serpent"}],"items_purged_floors":[5,21],"is_endless":false,"potions_floor_spawned":[1,6,8,13,14,16,18,22],"killed_by":"Slavers","ascension_level":5}}