{"host":"a5lz0e76zb3fcwkm","time":1609081346,"event":{"mods":["AchievementEnabler","BaseMod","Colored Map","Colored Powertips","Minty Spire (QoL Compilation)","StSLib","SuperFastMode"],"gold_per_floor":[110,110,185,197,197,197,226,226,251,268,193,193,220,239,239,316,316,332,15,27,77,92,92,119,134,161,36,46,61,61,61,61,61,61],"floor_reached":33,"playtime":638,"items_purged":["Pain","Strike_R","Strike_R"],"score":600,"play_id":"5099c461-d80a-45fb-9db1-515bd9079309","local_time":"20201228000226","is_ascension_mode":true,"campfire_choices":[{"data":"Carnage","floor":6.0,"key":"SMITH"},{"data":"Wild Strike","floor":12,"key":"SMITH"},{"floor":15,"key":"RECALL"},{"data":"Apotheosis","floor":23,"key":"SMITH"},{"floor":30,"key":"REST"},{"floor":32,"key":"REST"}],"circlet_count":0,"master_deck":["AscendersBane","Strike_R","Strike_R","Strike_R","Defend_R","Defend_R","Defend_R","Defend_R","Bash","Wild Strike+1","Carnage+1","Power Through","Double Tap","Apotheosis+1","Warcry+1"],"relics":["Burning Blood","NeowsBlessing","Strawberry","WarpedTongs","MealTicket","HornCleat","Mark of Pain","CaptainsWheel","Centennial Puzzle"],"acts_visited":["Exordium","TheCity"],"potions_floor_usage":[16,18,24,25,29,33],"damage_taken":[{"damage":0.0,"enemies":"Cultist","floor":1.0,"turns":1.0},{"damage":0.0,"enemies":"2 Louse","floor":4.0,"turns":1.0},{"damage":0.0,"enemies":"Lagavulin","floor":7.0,"turns":1.0},{"damage":7.0,"enemies":"Small Slimes","floor":10.0,"turns":3.0},{"damage":34,"enemies":"3 Sentries","floor":13,"turns":9},{"damage":3,"enemies":"Looter","floor":14,"turns":3},{"damage":60,"enemies":"Slime Boss","floor":16,"turns":11},{"damage":0,"enemies":"2 Thieves","floor":18,"turns":2},{"damage":2,"enemies":"Chosen","floor":20,"turns":5},{"damage":18,"enemies":"Snecko","floor":22,"turns":4},{"damage":65,"enemies":"Slavers","floor":24,"turns":7},{"damage":15,"enemies":"Sentry and Sphere","floor":25,"turns":7},{"damage":0,"enemies":"Snake Plant","floor":28,"turns":4},{"damage":12,"enemies":"3 Cultists","floor":29,"turns":5},{"damage":92,"enemies":"Automaton","floor":33,"turns":8}],"seed_played":"2159344706181266973","potions_obtained":[{"floor":7.0,"key":"BlessingOfTheForge"},{"floor":13,"key":"SteroidPotion"},{"floor":16,"key":"BlessingOfTheForge"},{"floor":22,"key":"BlessingOfTheForge"},{"floor":24,"key":"Explosive Potion"},{"floor":25,"key":"Swift Potion"},{"floor":28,"key":"CultistPotion"}],"is_trial":false,"path_per_floor":["M","?","?","M","?","R","E","?","T","M","$","R","E","M","R","B",null,"M","$","M","?","M","R","E","M","T","$","M","M","R","?","R","B"],"character_chosen":"IRONCLAD","items_purchased":["Apotheosis"],"campfire_rested":2,"item_purchase_floors":[19],"current_hp_per_floor":[74,79,68,74,74,74,87,87,87,86,87,87,59,62,62,8,67,73,87,87,87,75,75,16,7,7,22,28,22,48,48,74,0,0],"gold":61,"neow_bonus":"THREE_ENEMY_KILL","is_daily":false,"chose_seed":false,"campfire_upgraded":3,"win_rate":0.0,"timestamp":1609081346,"path_taken":["M","?","?","M","?","R","E","?","T","M","$","R","E","M","R","BOSS","M","$","?","?","M","R","E","M","T","?","M","?","R","?","R","BOSS"],"items_purchased_type":["Card"],"build_version":"2020-12-22","purchased_purges":3,"victory":false,"max_hp_per_floor":[75,80,80,80,80,80,87,87,87,87,87,87,87,87,87,87,87,87,87,87,87,87,87,87,87,87,87,87,87,87,87,87,87,87],"card_choices":[{"not_picked":["Burning Pact","Perfected Strike"],"picked":"Wild Strike","floor":1.0},{"not_picked":["Heavy Blade","True Grit"],"picked":"Carnage","floor":4.0},{"not_picked":["Dual Wield","Sentinel","Blood for Blood"],"picked":"SKIP","floor":7.0},{"not_picked":["Second Wind","Twin Strike"],"picked":"Power Through","floor":10.0},{"not_picked":["Flex","Perfected Strike","Dark Embrace"],"picked":"SKIP","floor":13},{"not_picked":["Blood for Blood","True Grit","Iron Wave"],"picked":"SKIP","floor":14},{"not_picked":["Feed","Impervious"],"picked":"Double Tap","floor":16},{"not_picked":["Rage","Warcry","Heavy Blade"],"picked":"SKIP","floor":18},{"not_picked":["True Grit","Iron Wave","Clash"],"picked":"SKIP","floor":20},{"not_picked":["Carnage","Headbutt"],"picked":"Warcry+1","floor":22},{"not_picked":["Warcry","Iron Wave","Uppercut"],"picked":"SKIP","floor":24},{"not_picked":["Clothesline","Headbutt","Heavy Blade"],"picked":"SKIP","floor":25},{"not_picked":["Sentinel","Ghostly Armor","Thunderclap"],"picked":"SKIP","floor":28},{"not_picked":["Feed","Flex","Clothesline"],"picked":"SKIP","floor":29}],"player_experience":1653418,"relics_obtained":[{"floor":7.0,"key":"Strawberry"},{"floor":9.0,"key":"MealTicket"},{"floor":13,"key":"HornCleat"},{"floor":24,"key":"CaptainsWheel"},{"floor":26,"key":"Centennial Puzzle"}],"event_choices":[{"damage_healed":0.0,"max_hp_gain":5.0,"max_hp_loss":0.0,"gold_gain":0.0,"event_name":"Big Fish","player_choice":"Donut","floor":2.0,"gold_loss":0.0,"damage_taken":0.0},{"damage_healed":0.0,"max_hp_gain":0.0,"max_hp_loss":0.0,"gold_gain":75.0,"event_name":"World of Goop","player_choice":"Gather Gold","floor":3.0,"gold_loss":0.0,"damage_taken":11.0},{"damage_healed":0.0,"max_hp_gain":0.0,"max_hp_loss":0.0,"gold_gain":0.0,"event_name":"Liars Game","player_choice":"Ignored","floor":5.0,"gold_loss":0.0,"damage_taken":0.0},{"damage_healed":0.0,"max_hp_gain":0.0,"max_hp_loss":0.0,"gold_gain":0.0,"event_name":"Accursed Blacksmith","player_choice":"Rummage","floor":8.0,"gold_loss":0.0,"damage_taken":0.0,"relics_obtained":["WarpedTongs"],"cards_obtained":["Pain"]},{"damage_healed":0,"gold_gain":50,"player_choice":"Pray","damage_taken":0,"max_hp_gain":0,"max_hp_loss":0,"event_name":"Golden Shrine","floor":21,"gold_loss":0},{"damage_healed":0,"gold_gain":0,"player_choice":"Ignored","damage_taken":0,"max_hp_gain":0,"max_hp_loss":0,"event_name":"Ghosts","floor":31,"gold_loss":0}],"is_beta":false,"boss_relics":[{"not_picked":["Runic Cube","Empty Cage"],"picked":"Mark of Pain"}],"items_purged_floors":[11,19,27],"is_endless":false,"potions_floor_spawned":[7,13,16,22,24,25,28],"killed_by":"Automaton","ascension_level":20}}