{"host":"a4s27ghlnr83kbqz","time":1609074730,"event":{"mods":["AchievementEnabler","BaseMod","Colored Map","Minty Spire (QoL Compilation)","Permanent Neow","SuperFastMode"],"gold_per_floor":[117,133,151,151,177,189,228,260,272,300,312,338,350,381,393,484,496,523,552,564,281,300,300,312,312,312,17,17,17],"floor_reached":28,"playtime":591,"items_purged":["Strike_B"],"score":392,"play_id":"424eb1c0-72b7-41d1-aec7-6eaefc28d354","local_time":"20201227211210","is_ascension_mode":true,"campfire_choices":[{"data":"Beam Cell","floor":6.0,"key":"SMITH"},{"floor":11.0,"key":"REST"},{"data":"Static Discharge","floor":13.0,"key":"SMITH"},{"data":"Streamline","floor":15.0,"key":"SMITH"},{"floor":23.0,"key":"REST"},{"data":"Chaos","floor":25.0,"key":"SMITH"}],"circlet_count":0,"master_deck":["AscendersBane","Strike_B","Strike_B","Defend_B","Defend_B","Defend_B","Defend_B","Zap","Dualcast","Static Discharge+1","Compile Driver","Conserve Battery","Beam Cell+1","Streamline+1","Sunder","Melter","Doom and Gloom","Coolheaded","Seek","Cold Snap","Necronomicurse","Loop","Chaos+1","Clumsy","Coolheaded"],"relics":["Cracked Core","MawBank","Ornamental Fan","Cursed Key","Necronomicon","Runic Capacitor","Toy Ornithopter","Mummified Hand"],"acts_visited":["Exordium","TheCity"],"potions_floor_usage":[],"damage_taken":[{"damage":14.0,"enemies":"Small Slimes","floor":1.0,"turns":3.0},{"damage":2.0,"enemies":"Jaw Worm","floor":2.0,"turns":4.0},{"damage":1.0,"enemies":"Cultist","floor":3.0,"turns":4.0},{"damage":7.0,"enemies":"Large Slime","floor":5.0,"turns":5.0},{"damage":18.0,"enemies":"Lagavulin","floor":7.0,"turns":4.0},{"damage":7.0,"enemies":"Exordium Wildlife","floor":8.0,"turns":2.0},{"damage":2.0,"enemies":"Lots of Slimes","floor":10.0,"turns":3.0},{"damage":0.0,"enemies":"2 Fungi Beasts","floor":12.0,"turns":1.0},{"damage":11.0,"enemies":"Blue Slaver","floor":14.0,"turns":3.0},{"damage":10.0,"enemies":"Hexaghost","floor":16.0,"turns":6.0},{"damage":13.0,"enemies":"2 Thieves","floor":18.0,"turns":3.0},{"damage":7.0,"enemies":"3 Byrds","floor":19.0,"turns":4.0},{"damage":11.0,"enemies":"Snecko","floor":22.0,"turns":3.0},{"damage":14.0,"enemies":"Cultist and Chosen","floor":24.0,"turns":5.0},{"damage":14,"enemies":"Snake Plant","floor":28,"turns":1}],"seed_played":"-7609942547671859940","potions_obtained":[{"floor":2.0,"key":"ColorlessPotion"},{"floor":5.0,"key":"DuplicationPotion"},{"floor":7.0,"key":"BlessingOfTheForge"},{"floor":10.0,"key":"Energy Potion"},{"floor":14.0,"key":"PowerPotion"},{"floor":16.0,"key":"DuplicationPotion"},{"floor":18.0,"key":"PotionOfCapacity"}],"is_trial":false,"path_per_floor":["M","M","M","?","M","R","E","M","T","M","R","M","R","M","R","B",null,"M","M","?","$","M","R","M","R","T","$","M"],"character_chosen":"DEFECT","items_purchased":["Runic Capacitor","Loop","Mummified Hand","Coolheaded"],"campfire_rested":2,"item_purchase_floors":[21,21,27,27],"current_hp_per_floor":[50,48,47,42,35,35,17,10,10,8,29,29,29,18,18,8,55,42,35,14,14,3,24,10,10,10,10,0,0],"gold":17,"neow_bonus":"TRANSFORM_CARD","is_daily":false,"chose_seed":false,"campfire_upgraded":4,"win_rate":0.0,"timestamp":1609074730,"path_taken":["M","M","M","?","M","R","E","M","T","M","R","M","R","M","R","BOSS","M","M","?","$","M","R","M","R","T","$","M"],"items_purchased_type":["Relic","Card","Relic","Card"],"build_version":"2020-12-22","purchased_purges":1,"victory":false,"max_hp_per_floor":[71,71,71,71,71,71,71,71,71,71,71,71,71,71,71,71,71,71,71,71,71,71,71,71,71,71,71,71,71],"card_choices":[{"not_picked":["Leap","Beam Cell"],"picked":"Compile Driver","floor":1.0},{"not_picked":["Hologram","Redo"],"picked":"Conserve Battery","floor":2.0},{"not_picked":["Go for the Eyes","Multi-Cast"],"picked":"Beam Cell","floor":3.0},{"not_picked":["Hello World","Redo"],"picked":"Streamline","floor":5.0},{"not_picked":["Hologram","Streamline"],"picked":"Sunder","floor":7.0},{"not_picked":["Skim","Barrage"],"picked":"Melter","floor":8.0},{"not_picked":["Cold Snap","Gash"],"picked":"Doom and Gloom","floor":10.0},{"not_picked":["FTL","Melter"],"picked":"Coolheaded","floor":12.0},{"not_picked":["Streamline","Gash","Compile Driver"],"picked":"SKIP","floor":14.0},{"not_picked":["Buffer","Reboot"],"picked":"Seek","floor":16.0},{"not_picked":["Beam Cell","Barrage"],"picked":"Cold Snap","floor":18.0},{"not_picked":["Turbo","Redo","Leap"],"picked":"SKIP","floor":19.0},{"not_picked":["Cold Snap","Ball Lightning+1","Rebound"],"picked":"SKIP","floor":22.0},{"not_picked":["Hologram","Multi-Cast"],"picked":"Chaos","floor":24.0}],"player_experience":1052199,"relics_obtained":[{"floor":7.0,"key":"Ornamental Fan"},{"floor":20.0,"key":"Necronomicon"},{"floor":26.0,"key":"Toy Ornithopter"}],"event_choices":[{"damage_healed":0.0,"max_hp_gain":0.0,"max_hp_loss":0.0,"gold_gain":0.0,"event_name":"Scrap Ooze","player_choice":"Success","floor":4.0,"gold_loss":0.0,"damage_taken":5.0,"relics_obtained":["MawBank"]},{"damage_healed":0.0,"max_hp_gain":0.0,"max_hp_loss":0.0,"gold_gain":0.0,"event_name":"Cursed Tome","player_choice":"Obtained Book","floor":20.0,"gold_loss":0.0,"damage_taken":21.0}],"is_beta":false,"boss_relics":[{"not_picked":["Runic Pyramid","Fusion Hammer"],"picked":"Cursed Key"}],"items_purged_floors":[21],"is_endless":false,"potions_floor_spawned":[2,5,7,10,14,16,18,22],"killed_by":"Snake Plant","ascension_level":15}}