{"host":"dhyczjm99amxd3qx","time":1609043896,"event":{"mods":["BaseMod","Colored Map","Googly Eyes","Highlight Path","Minty Spire (QoL Compilation)","Quick Restart","StSLib"],"gold_per_floor":[12,287,298,315,325,325,325,357,357,357,376,394,73,73,73],"floor_reached":14,"playtime":625,"items_purged":["Regret"],"score":92,"play_id":"0560e88f-c178-4a65-9f63-bfdb2abc7d28","local_time":"20201226233816","is_ascension_mode":false,"campfire_choices":[{"data":"Creative AI","floor":6,"key":"SMITH"},{"floor":10,"key":"REST"}],"circlet_count":0,"master_deck":["Strike_B","Strike_B","Strike_B","Strike_B","Defend_B","Defend_B","Defend_B","Zap","Dualcast","Creative AI+1","Turbo","Reboot","FTL","Fusion"],"relics":["Cracked Core","Singing Bowl","Cables","Sundial"],"acts_visited":["Exordium"],"potions_floor_usage":[12],"damage_taken":[{"damage":10,"enemies":"Small Slimes","floor":1,"turns":4},{"damage":18,"enemies":"Cultist","floor":3,"turns":5},{"damage":6,"enemies":"2 Louse","floor":4,"turns":4},{"damage":13,"enemies":"Exordium Wildlife","floor":5,"turns":5},{"damage":24,"enemies":"Lagavulin","floor":8,"turns":7},{"damage":15,"enemies":"2 Fungi Beasts","floor":11,"turns":3},{"damage":0,"enemies":"Looter","floor":12,"turns":2},{"damage":16,"enemies":"Gremlin Nob","floor":14,"turns":2}],"seed_played":"5176696268736559743","potions_obtained":[{"floor":1,"key":"Fire Potion"},{"floor":8,"key":"ColorlessPotion"},{"floor":11,"key":"AttackPotion"},{"floor":12,"key":"PowerPotion"}],"is_trial":false,"path_per_floor":["M","?","M","M","M","R","?","E","T","R","M","M","$","E"],"character_chosen":"DEFECT","items_purchased":["Sundial"],"campfire_rested":1,"item_purchase_floors":[13],"current_hp_per_floor":[65,65,47,41,28,28,28,6,6,29,14,16,16,0,0],"gold":73,"neow_bonus":"THREE_RARE_CARDS","is_daily":false,"chose_seed":false,"campfire_upgraded":1,"win_rate":0.0,"timestamp":1609043896,"path_taken":["M","?","?","M","M","R","?","E","T","R","M","?","?","E"],"items_purchased_type":["Relic"],"build_version":"2020-12-22","purchased_purges":1,"victory":false,"max_hp_per_floor":[75,75,75,75,75,75,75,77,77,77,77,79,79,79,79],"card_choices":[{"not_picked":["Thunder Strike","Amplify"],"picked":"Creative AI","floor":0},{"not_picked":["Scrape","Leap","Sweeping Beam"],"picked":"SKIP","floor":1},{"not_picked":["Rip and Tear","Redo"],"picked":"Turbo","floor":3},{"not_picked":["Streamline","Stack"],"picked":"Reboot","floor":4},{"not_picked":["Go for the Eyes","Undo","Leap"],"picked":"SKIP","floor":5},{"not_picked":["Heatsinks","Reinforced Body","Conserve Battery"],"picked":"Singing Bowl","floor":8},{"not_picked":["Genetic Algorithm","Storm"],"picked":"Fusion","floor":11},{"not_picked":["Streamline","Cold Snap","Barrage"],"picked":"Singing Bowl","floor":12}],"player_experience":86396,"relics_obtained":[{"floor":8,"key":"Singing Bowl"},{"floor":9,"key":"Cables"}],"event_choices":[{"damage_healed":0,"gold_gain":275,"player_choice":"Desecrate","damage_taken":0,"max_hp_gain":0,"max_hp_loss":0,"event_name":"Golden Shrine","floor":2,"gold_loss":0,"cards_obtained":["Regret"]},{"damage_healed":0,"gold_gain":0,"cards_transformed":["Defend_B"],"player_choice":"Transformed","damage_taken":0,"max_hp_gain":0,"max_hp_loss":0,"event_name":"Transmorgrifier","floor":7,"gold_loss":0,"cards_obtained":["FTL"]}],"is_beta":false,"boss_relics":[],"items_purged_floors":[13],"is_endless":false,"potions_floor_spawned":[1,8,11,12],"killed_by":"Gremlin Nob","ascension_level":0}}