{"host":"zhec3g4cvsmevugl","time":1609078485,"event":{"mods":["BaseMod","BetterRewards","Curses Come First","Minty Spire (QoL Compilation)","Relic Stats","Slay-I","StSLib"],"gold_per_floor":[118,190,190,35,46,77,152,183,183,215,390,404,422,437,437,538,538,557,482,581,28,28,28,28,28,55,73,73,99,118,133,133,237,237,252,44,44,44],"floor_reached":37,"playtime":1520,"items_purged":[],"score":501,"play_id":"a91bc017-2738-4dc1-a6d4-0a2e12c4e7aa","local_time":"20201227221445","is_ascension_mode":true,"campfire_choices":[{"floor":15.0,"key":"REST"},{"floor":23.0,"key":"REST"},{"data":"Double Tap","floor":32.0,"key":"SMITH"}],"circlet_count":0,"master_deck":["Strike_R","Strike_R","Strike_R","Strike_R","Strike_R","Defend_R","Defend_R","Defend_R","Defend_R","Bash","Carnage","Perfected Strike","Perfected Strike","True Grit","Thunderclap","Feel No Pain","Dropkick","Inflame","Double Tap+1","Uppercut+1","Shame","Power Through","Impervious","Pommel Strike+1","Burning Pact+1","Reaper","Limit Break"],"relics":["Burning Blood","Mark of Pain","Ancient Tea Set","Pen Nib","The Courier","Bag of Preparation","InkBottle","Turnip","SlaversCollar","Mango","Mummified Hand","PreservedInsect","Matryoshka","Happy Flower","Dream Catcher","Nloth\u0027s Gift","Lantern","Black Star","Mercury Hourglass"],"acts_visited":["Exordium","TheCity","TheBeyond"],"potions_floor_usage":[],"damage_taken":[{"damage":9.0,"enemies":"2 Louse","floor":1.0,"turns":3.0},{"damage":7.0,"enemies":"Jaw Worm","floor":5.0,"turns":2.0},{"damage":11.0,"enemies":"Gremlin Nob","floor":6.0,"turns":3.0},{"damage":31.0,"enemies":"Lagavulin","floor":8.0,"turns":4.0},{"damage":11.0,"enemies":"Gremlin Nob","floor":10.0,"turns":3.0},{"damage":2.0,"enemies":"Small Slimes","floor":12.0,"turns":2.0},{"damage":13.0,"enemies":"Blue Slaver","floor":13.0,"turns":2.0},{"damage":0.0,"enemies":"Large Slime","floor":14.0,"turns":3.0},{"damage":0.0,"enemies":"Slime Boss","floor":16.0,"turns":7.0},{"damage":41.0,"enemies":"2 Thieves","floor":18.0,"turns":4.0},{"damage":0.0,"enemies":"Chosen","floor":27.0,"turns":3.0},{"damage":13.0,"enemies":"Gremlin Leader","floor":29.0,"turns":3.0},{"damage":17.0,"enemies":"3 Cultists","floor":30.0,"turns":4.0},{"damage":24.0,"enemies":"Snake Plant","floor":31.0,"turns":3.0},{"damage":59.0,"enemies":"Collector","floor":33.0,"turns":7.0},{"damage":113.0,"enemies":"3 Darklings","floor":35.0,"turns":8.0},{"damage":12,"enemies":"3 Shapes","floor":37,"turns":3}],"seed_played":"-7873034023725184930","potions_obtained":[{"floor":5.0,"key":"Explosive Potion"},{"floor":6.0,"key":"LiquidBronze"},{"floor":8.0,"key":"GamblersBrew"},{"floor":12.0,"key":"Ancient Potion"},{"floor":27.0,"key":"Energy Potion"},{"floor":31.0,"key":"FairyPotion"},{"floor":33.0,"key":"BlessingOfTheForge"}],"is_trial":false,"path_per_floor":["M","?","T","$","M","E","?","E","T","E","?","M","M","M","R","B",null,"M","?","?","$","?","R","$","?","T","M","?","E","M","M","R","B",null,"M","$","M"],"character_chosen":"IRONCLAD","items_purchased":["Pen Nib","Mango","Mummified Hand","Art of War","Mercury Hourglass"],"campfire_rested":2,"item_purchase_floors":[4,21,21,21,36],"current_hp_per_floor":[77,77,77,77,76,71,60,35,35,30,30,34,27,33,57,63,80,45,45,45,59,59,87,87,87,87,93,93,86,75,57,57,34,94,10,10,0,0],"gold":44,"neow_bonus":"","is_daily":false,"chose_seed":false,"campfire_upgraded":1,"win_rate":0.0,"timestamp":1609078485,"path_taken":["M","?","?","$","M","E","?","E","T","E","?","?","M","M","R","BOSS","M","?","?","$","?","R","?","?","T","?","?","E","M","M","R","BOSS","M","?","?"],"items_purchased_type":["Relic","Relic","Relic","Relic","Relic"],"build_version":"2020-12-22","purchased_purges":0,"victory":false,"max_hp_per_floor":[80,80,80,80,80,80,80,80,80,80,80,80,80,80,80,80,80,80,80,80,94,94,94,94,94,94,94,94,94,94,94,94,94,94,94,94,94,94],"relic_stats":{"Happy Flower":[10],"counters":[36,153],"Pen Nib":[14],"PreservedInsect":44,"Bag of Preparation":[26],"Burning Blood":200,"Mercury Hourglass":[18],"Dream Catcher":0,"Mummified Hand":[12],"Turnip":[18],"Nloth\u0027s Gift":4,"Black Star":0,"obtain_stats":[{"Lantern":29,"CeramicFish":26,"Vajra":6,"Magic Flower":24,"Mango":21,"Bag of Preparation":8,"Ancient Tea Set":3,"Burning Blood":0,"Centennial Puzzle":13,"Dream Catcher":0,"HornCleat":24,"Matryoshka":25,"Mummified Hand":21,"Kunai":12,"InkBottle":10,"Red Skull":12,"Potion Belt":8,"Pear":9,"Happy Flower":26,"Golden Idol":5,"Blue Candle":27,"Eternal Feather":9,"Pen Nib":4,"The Courier":6,"PreservedInsect":22,"Odd Mushroom":10,"Mercury Hourglass":36,"Peace Pipe":0,"SlaversCollar":17,"CaptainsWheel":27,"Mark of Pain":0,"Turnip":10,"Black Star":17,"Art of War":21,"Nloth\u0027s Gift":28,"Champion Belt":22,"Toy Ornithopter":28},{"Lantern":31,"CeramicFish":11,"Vajra":4,"Magic Flower":11,"Mango":29,"Bag of Preparation":23,"Ancient Tea Set":20,"Burning Blood":0,"Centennial Puzzle":8,"Dream Catcher":14,"HornCleat":11,"Matryoshka":29,"Mummified Hand":29,"Kunai":18,"InkBottle":7,"Red Skull":8,"Potion Belt":6,"Pear":6,"Happy Flower":29,"Golden Idol":16,"Blue Candle":12,"Eternal Feather":17,"Pen Nib":20,"The Courier":22,"PreservedInsect":29,"Odd Mushroom":18,"Mercury Hourglass":35,"Peace Pipe":14,"SlaversCollar":28,"CaptainsWheel":12,"Mark of Pain":19,"Turnip":24,"Black Star":9,"Art of War":29,"Nloth\u0027s Gift":30,"Champion Belt":10,"Toy Ornithopter":12},{"Lantern":128,"CeramicFish":51,"Vajra":13,"Magic Flower":51,"Mango":122,"Bag of Preparation":101,"Ancient Tea Set":92,"Burning Blood":0,"Centennial Puzzle":33,"Dream Catcher":65,"HornCleat":51,"Matryoshka":122,"Mummified Hand":122,"Kunai":88,"InkBottle":30,"Red Skull":33,"Potion Belt":25,"Pear":25,"Happy Flower":122,"Golden Idol":76,"Blue Candle":59,"Eternal Feather":83,"Pen Nib":92,"The Courier":97,"PreservedInsect":122,"Odd Mushroom":88,"Mercury Hourglass":150,"Peace Pipe":65,"SlaversCollar":118,"CaptainsWheel":59,"Mark of Pain":89,"Turnip":104,"Black Star":40,"Art of War":122,"Nloth\u0027s Gift":125,"Champion Belt":45,"Toy Ornithopter":59}],"InkBottle":[17]},"card_choices":[{"not_picked":["Feel No Pain","Clothesline"],"picked":"Carnage","floor":1.0},{"not_picked":["Body Slam","Warcry"],"picked":"Perfected Strike","floor":5.0},{"not_picked":["Thunderclap","Havoc"],"picked":"Perfected Strike","floor":6.0},{"not_picked":["Fire Breathing","Body Slam"],"picked":"True Grit","floor":8.0},{"not_picked":["Hemokinesis","Entrench"],"picked":"Thunderclap","floor":10.0},{"not_picked":["Headbutt","Pommel Strike"],"picked":"Feel No Pain","floor":12.0},{"not_picked":["Cleave","True Grit"],"picked":"Dropkick","floor":13.0},{"not_picked":["Twin Strike","True Grit"],"picked":"Inflame","floor":14.0},{"not_picked":["Offering","Fiend Fire"],"picked":"Double Tap","floor":16.0},{"not_picked":["Second Wind","Sword Boomerang+1"],"picked":"Uppercut+1","floor":18.0},{"not_picked":["Rupture","Thunderclap"],"picked":"Power Through","floor":27.0},{"not_picked":["Uppercut","Limit Break"],"picked":"Impervious","floor":29.0},{"not_picked":["Bloodletting+1","Cleave"],"picked":"Pommel Strike+1","floor":30.0},{"not_picked":["Perfected Strike","Warcry"],"picked":"Burning Pact+1","floor":31.0},{"not_picked":["Double Tap","Offering"],"picked":"Reaper","floor":33.0},{"not_picked":["Rampage+1","Seeing Red+1"],"picked":"Limit Break","floor":35.0}],"player_experience":179736,"relics_obtained":[{"floor":3.0,"key":"Ancient Tea Set"},{"floor":6.0,"key":"The Courier"},{"floor":8.0,"key":"Bag of Preparation"},{"floor":9.0,"key":"InkBottle"},{"floor":10.0,"key":"Turnip"},{"floor":26.0,"key":"Happy Flower"},{"floor":26.0,"key":"Dream Catcher"},{"floor":29.0,"key":"Lantern"}],"event_choices":[{"damage_healed":0.0,"max_hp_gain":0.0,"max_hp_loss":0.0,"gold_gain":72.0,"event_name":"Golden Wing","player_choice":"Gained Gold","floor":2.0,"gold_loss":0.0,"damage_taken":0.0},{"damage_healed":0.0,"max_hp_gain":0.0,"max_hp_loss":0.0,"gold_gain":75.0,"event_name":"World of Goop","player_choice":"Gather Gold","floor":7.0,"gold_loss":0.0,"damage_taken":11.0},{"damage_healed":0.0,"max_hp_gain":0.0,"max_hp_loss":0.0,"gold_gain":175.0,"event_name":"Liars Game","player_choice":"AGREE","floor":11.0,"gold_loss":0.0,"damage_taken":0.0,"cards_obtained":["Doubt"]},{"cards_removed":["Doubt"],"damage_healed":0.0,"max_hp_gain":0.0,"max_hp_loss":0.0,"gold_gain":0.0,"event_name":"Beggar","player_choice":"Gave Gold","floor":19.0,"gold_loss":75.0,"damage_taken":0.0},{"damage_healed":0.0,"max_hp_gain":0.0,"max_hp_loss":0.0,"gold_gain":99.0,"event_name":"Nest","player_choice":"Stole From Cult","floor":20.0,"gold_loss":0.0,"damage_taken":0.0},{"damage_healed":0.0,"max_hp_gain":0.0,"max_hp_loss":0.0,"gold_gain":0.0,"event_name":"Addict","player_choice":"Stole Relic","floor":22.0,"gold_loss":0.0,"damage_taken":0.0,"relics_obtained":["PreservedInsect"],"cards_obtained":["Shame"]},{"damage_healed":0.0,"max_hp_gain":0.0,"max_hp_loss":0.0,"gold_gain":0.0,"event_name":"WeMeetAgain","player_choice":"Gave Potion","floor":25.0,"gold_loss":0.0,"damage_taken":0.0,"relics_obtained":["Matryoshka"]},{"damage_healed":0.0,"max_hp_gain":0.0,"max_hp_loss":0.0,"gold_gain":0.0,"event_name":"N\u0027loth","player_choice":"Traded Relic","floor":28.0,"relics_lost":["Art of War"],"gold_loss":0.0,"damage_taken":0.0,"relics_obtained":["Nloth\u0027s Gift"]}],"is_beta":false,"boss_relics":[{"not_picked":["Tiny House","Sozu"],"picked":"SlaversCollar"},{"not_picked":["Astrolabe","Snecko Eye"],"picked":"Black Star"}],"items_purged_floors":[],"is_endless":false,"potions_floor_spawned":[5,6,8,12,27,31,33],"killed_by":"3 Shapes","ascension_level":2}}