{"host":"k9laiz0l4dd0ezpa","time":1609054599,"event":{"mods":["BaseMod","Colored Powertips","Koishi","Marisa£®ÏF”Í°°ƒß¿Ì…≥£©","Minty Spire (QoL Compilation)","Quick Restart","Relic Stats","Remilia£®¿Ÿ√◊¿Ú—«£©","Replay The Spire","StSLib","Td1madao Mod","The Cursed"],"gold_per_floor":[113,113,132,82,82,114,114,41,41,69,46,64,84,96,96,194,194,208,220,220,230,230,230,54,54,54,68,68,78,28,56,56,157,157,169,188,202,23,0,0,16,16,16,32,32,42,58,58,58,71,71,71,71,71,19,19,19],"floor_reached":58,"playtime":3117,"items_purged":["Strike_RM","Defend_RM"],"score":1216,"play_id":"8d979044-2c4e-4e5a-a133-d727e2c502e4","local_time":"20201227153639","is_ascension_mode":false,"campfire_choices":[{"data":"ScarletShoot","floor":7,"key":"SMITH"},{"floor":15,"key":"RECALL"},{"data":"MastersStateliness","floor":23,"key":"SMITH"},{"data":"HunterOfTheNight","floor":25,"key":"SMITH"},{"data":"EquivalentExchange","floor":32,"key":"SMITH"},{"data":"KillingBlow","floor":40,"key":"SMITH"},{"data":"ScarletImprint","floor":42,"key":"SMITH"},{"floor":51,"key":"REST"},{"data":"StarOfDavid","floor":54,"key":"SMITH"}],"circlet_count":0,"master_deck":["Strike_RM","Strike_RM","Defend_RM","Defend_RM","Defend_RM","ScarletShoot+1","VampireKiss","ScarletDevil","UnstableMagic","HunterOfTheNight+1","DiffusionOfMisfortune","Stigmanizer","EmergencyRegeneration","MastersStateliness+1","KillingBlow+1","ScarletImprint+1","FitfulNightmare","StarOfDavid+1","EquivalentExchange+1","SuperhumanBloodyKnife+1","RedRainbow","MastersStateliness+1","MillenniumVampire","Parasite","Septette+1","DiffusionOfMisfortune+1","VampireKiss+1","BlasphemousPunishment"],"relics":["ScarletHat","NeowsBlessing","WarpedTongs","Replay:Rubber Ducky","RedBat","Toy Ornithopter","APieceOfRedMist","Pantograph","Replay:Wax Seal","ScarletEmblem","Red Mask","Molten Egg 2"],"acts_visited":["Exordium","TheCity","TheBeyond","TheEnding"],"potions_floor_usage":[56,57],"damage_taken":[{"damage":0,"enemies":"Cultist","floor":1,"turns":1},{"damage":0,"enemies":"Jaw Worm","floor":3,"turns":1},{"damage":1,"enemies":"Gremlin Nob","floor":6,"turns":1},{"damage":17,"enemies":"3 Sentries","floor":10,"turns":9},{"damage":0,"enemies":"Small Slimes","floor":12,"turns":2},{"damage":6,"enemies":"Red Slaver","floor":13,"turns":4},{"damage":3,"enemies":"Exordium Wildlife","floor":14,"turns":2},{"damage":12,"enemies":"Slime Boss","floor":16,"turns":8},{"damage":18,"enemies":"3 Byrds","floor":18,"turns":6},{"damage":11,"enemies":"Shell Parasite","floor":19,"turns":7},{"damage":6,"enemies":"Snake Plant","floor":21,"turns":3},{"damage":0,"enemies":"Centurion and Healer","floor":27,"turns":8},{"damage":23,"enemies":"Snecko","floor":29,"turns":5},{"damage":17,"enemies":"Book of Stabbing","floor":31,"turns":7},{"damage":111,"enemies":"Collector","floor":33,"turns":8},{"damage":64,"enemies":"3 Shapes","floor":35,"turns":5},{"damage":0,"enemies":"Orb Walker","floor":36,"turns":3},{"damage":8,"enemies":"3 Darklings","floor":37,"turns":4},{"damage":2,"enemies":"Writhing Mass","floor":41,"turns":7},{"damage":34,"enemies":"4 Shapes","floor":44,"turns":4},{"damage":68,"enemies":"3 Darklings","floor":46,"turns":4},{"damage":0,"enemies":"Transient","floor":47,"turns":5},{"damage":46,"enemies":"4 Shapes","floor":50,"turns":4},{"damage":60,"enemies":"Time Eater","floor":52,"turns":10},{"damage":78,"enemies":"Shield and Spear","floor":56,"turns":4},{"damage":161,"enemies":"The Heart","floor":57,"turns":9}],"seed_played":"-2007804096173455635","potions_obtained":[{"floor":10,"key":"Weak Potion"},{"floor":12,"key":"Energy Potion"},{"floor":14,"key":"SpeedPotion"},{"floor":27,"key":"Energy Potion"}],"is_trial":false,"path_per_floor":["M","?","M","?","?","E","R","$","T","E","$","M","M","M","R","B",null,"M","M","?","M","T","R","$","R","T","M","$","M","?","E","R","B",null,"M","M","M","$","?","R","M","R","T","M","?","M","M","PTL","PTL","M","R","B",null,"R","$","E","B",null],"character_chosen":"REMILIA","items_purchased":["HunterOfTheNight","Stigmanizer","SmokeBomb","MillenniumVampire","BlasphemousPunishment"],"campfire_rested":1,"item_purchase_floors":[8,11,24,38,55],"current_hp_per_floor":[75,80,80,80,80,79,79,79,79,67,67,68,66,68,68,71,80,71,70,70,69,69,69,69,69,69,80,80,70,70,68,68,30,80,24,39,51,51,51,51,71,71,71,46,46,37,59,59,59,29,53,78,80,80,80,46,40],"gold":19,"neow_bonus":"THREE_ENEMY_KILL","is_daily":false,"chose_seed":false,"campfire_upgraded":7,"win_rate":0.0,"timestamp":1609054599,"path_taken":["M","?","M","?","?","E","R","$","T","E","$","M","?","M","R","BOSS","M","?","?","?","?","R","$","R","T","M","$","M","?","E","R","BOSS","M","?","M","$","?","R","M","R","T","M","?","M","M","PTL","PTL","M","R","BOSS","R","$","E","BOSS"],"items_purchased_type":["Card","Card","Potion","Card","Card"],"build_version":"2020-12-22","purchased_purges":2,"victory":true,"max_hp_per_floor":[75,80,80,80,80,80,80,80,80,80,80,80,80,80,80,80,80,80,80,80,80,80,80,80,80,80,80,80,80,80,80,80,80,80,80,80,80,80,80,80,80,80,80,80,80,80,80,80,80,80,80,80,80,80,80,80,80],"relic_stats":{"counters":[26,131],"Pantograph":62,"obtain_stats":[{"APieceOfRedMist":17,"NeowsBlessing":0,"Pantograph":26,"Molten Egg 2":43,"Red Mask":39,"ScarletEmblem":34,"Replay:Wax Seal":31,"ScarletHat":0,"Toy Ornithopter":10,"WarpedTongs":5,"Replay:Rubber Ducky":6,"RedBat":9},{"APieceOfRedMist":8,"NeowsBlessing":0,"Pantograph":11,"Molten Egg 2":19,"Red Mask":18,"ScarletEmblem":15,"Replay:Wax Seal":14,"ScarletHat":0,"Toy Ornithopter":4,"WarpedTongs":2,"Replay:Rubber Ducky":3,"RedBat":3},{"APieceOfRedMist":28,"NeowsBlessing":0,"Pantograph":44,"Molten Egg 2":91,"Red Mask":84,"ScarletEmblem":72,"Replay:Wax Seal":64,"ScarletHat":0,"Toy Ornithopter":12,"WarpedTongs":2,"Replay:Rubber Ducky":3,"RedBat":3}],"Toy Ornithopter":10,"WarpedTongs":[128]},"card_choices":[{"not_picked":["BlasphemousPunishment","NightDance"],"picked":"VampireKiss","floor":1},{"not_picked":["ScarletImprint","UnderTheZenith"],"picked":"ScarletDevil","floor":3},{"not_picked":["NightLord","ChaoticDestiny"],"picked":"UnstableMagic","floor":6},{"not_picked":["NightDance","EmergencyRegeneration"],"picked":"DiffusionOfMisfortune","floor":10},{"not_picked":["EndlessAdversity","RedMagic"],"picked":"EmergencyRegeneration","floor":12},{"not_picked":["DiffusionOfMisfortune","EndlessAdversity","VampireKiss"],"picked":"SKIP","floor":13},{"not_picked":["DiffusionOfMisfortune","UnderTheZenith"],"picked":"MastersStateliness","floor":14},{"not_picked":["ForecastOfChange","BloodyHallows"],"picked":"KillingBlow","floor":16},{"not_picked":["Stigmanizer","NightDance"],"picked":"ScarletImprint","floor":18},{"not_picked":["UltimateOffering+1","NightDance","RedRainbow"],"picked":"SKIP","floor":19},{"not_picked":["DevilSight","ScarletImprint+1"],"picked":"FitfulNightmare","floor":21},{"not_picked":["EndlessAdversity+1","VampireKiss"],"picked":"StarOfDavid","floor":27},{"not_picked":["KillingBlow","AfternoonTea","ScarletImprint"],"picked":"SKIP","floor":29},{"not_picked":["RedRainbow","NightDance"],"picked":"EquivalentExchange","floor":31},{"not_picked":["FitfulNightmare+1","Stigmanizer"],"picked":"SuperhumanBloodyKnife+1","floor":35},{"not_picked":["VampireKiss","BombardNight+1"],"picked":"RedRainbow","floor":36},{"not_picked":["ScarletImprint+1","ScarletSymphony"],"picked":"MastersStateliness+1","floor":37},{"not_picked":["Stigmanizer","TricksterDevil"],"picked":"Septette+1","floor":41},{"not_picked":["FavorOfDestiny+1","LeisurelyOfLord+1"],"picked":"DiffusionOfMisfortune+1","floor":44},{"not_picked":["MastersStateliness","StarOfDavid+1","ScarletDevilSign+1"],"picked":"SKIP","floor":46},{"not_picked":["BlasphemousPunishment","StarOfDavid+1"],"picked":"VampireKiss+1","floor":47},{"not_picked":["UnderTheZenith+1","ScarletDevil+1","RedRainbow+1"],"picked":"SKIP","floor":50}],"player_experience":184063,"relics_obtained":[{"floor":6,"key":"Replay:Rubber Ducky"},{"floor":9,"key":"RedBat"},{"floor":10,"key":"Toy Ornithopter"},{"floor":26,"key":"Pantograph"},{"floor":31,"key":"Replay:Wax Seal"},{"floor":43,"key":"Molten Egg 2"}],"event_choices":[{"damage_healed":0,"gold_gain":0,"player_choice":"Donut","damage_taken":0,"max_hp_gain":5,"max_hp_loss":0,"event_name":"Big Fish","floor":2,"gold_loss":0},{"cards_removed":["Strike_RM"],"damage_healed":0,"gold_gain":0,"player_choice":"Card Removal","damage_taken":0,"max_hp_gain":0,"max_hp_loss":0,"event_name":"The Cleric","floor":4,"gold_loss":50},{"damage_healed":0,"gold_gain":0,"player_choice":"Rummage","damage_taken":0,"relics_obtained":["WarpedTongs"],"max_hp_gain":0,"max_hp_loss":0,"event_name":"Accursed Blacksmith","floor":5,"gold_loss":0,"cards_obtained":["Pain"]},{"cards_removed":["Pain"],"damage_healed":0,"gold_gain":0,"player_choice":"Purged","damage_taken":0,"max_hp_gain":0,"max_hp_loss":0,"event_name":"Purifier","floor":20,"gold_loss":0},{"damage_healed":0,"gold_gain":0,"player_choice":"Bet on Murderer","damage_taken":0,"max_hp_gain":0,"max_hp_loss":0,"event_name":"The Joust","floor":30,"gold_loss":50},{"damage_healed":0,"gold_gain":0,"player_choice":"Paid","damage_taken":0,"relics_obtained":["Red Mask"],"max_hp_gain":0,"max_hp_loss":0,"event_name":"Tomb of Lord Red Mask","floor":39,"gold_loss":23},{"cards_removed":["RedMoon"],"damage_healed":0,"gold_gain":0,"player_choice":"Offered Basic","damage_taken":0,"max_hp_gain":0,"max_hp_loss":0,"event_name":"Bonfire Elementals","floor":45,"gold_loss":0}],"is_beta":false,"boss_relics":[{"not_picked":["Cursed Key","Replay:Bronze Core"],"picked":"APieceOfRedMist"},{"not_picked":["Calling Bell","Runic Pyramid"],"picked":"ScarletEmblem"}],"items_purged_floors":[24,38],"is_endless":false,"potions_floor_spawned":[10,12,14,16,19,27,29,36,37,44,47,50,56],"ascension_level":0}}