{"host":"foq4mrde4mssg7vt","time":1609082487,"event":{"mods":["AchievementEnabler","BaseMod","Colored Map","Colored Powertips","Highlight Path","Minty Spire (QoL Compilation)","Relic Stats","everything is the same but u backflip on backflip"],"gold_per_floor":[109,122,122,66,76,106,117,117,143,172,172,11,40,55,55,130,130,70,12,12,12,12,12,12,12,12,12,12,12,12,12,12,12,12,12,12,12,12,12,12,12,12,12,12,12,12,12,12,12,12,12],"floor_reached":50,"playtime":3104,"items_purged":["Strike_G"],"score":1229,"play_id":"81944b2a-8733-4d83-a916-084474533916","local_time":"20201227232127","is_ascension_mode":true,"campfire_choices":[{"floor":8.0,"key":"REST"},{"data":"Noxious Fumes","floor":11.0,"key":"SMITH"},{"data":"Blur","floor":15.0,"key":"SMITH"},{"floor":27.0,"key":"REST"},{"floor":32.0,"key":"REST"},{"floor":41.0,"key":"REST"},{"data":"Burst","floor":44.0,"key":"SMITH"},{"floor":49.0,"key":"RECALL"}],"circlet_count":0,"master_deck":["AscendersBane","Strike_G+1","Strike_G+1","Defend_G+1","Defend_G+1","Defend_G+1","Defend_G+1","Defend_G+1","Survivor","Neutralize","Dagger Spray","Noxious Fumes+1","Predator+1","Blade Dance","PiercingWail","Calculated Gamble","Cloak And Dagger","Blur+1","Burst+1","Bane+1","Deadly Poison","PiercingWail","Adrenaline","A Thousand Cuts","Tactician","Concentrate"],"relics":["Ring of the Snake","Regal Pillow","Bronze Scales","Nunchaku","Happy Flower","Blue Candle","Ectoplasm","Whetstone","Thread and Needle","Runic Pyramid","Old Coin","Boot","Shuriken","Mummified Hand","Bag of Marbles"],"acts_visited":["Exordium","TheCity","TheBeyond"],"potions_floor_usage":[],"damage_taken":[{"damage":9.0,"enemies":"Small Slimes","floor":1.0,"turns":5.0},{"damage":5.0,"enemies":"Cultist","floor":2.0,"turns":4.0},{"damage":0.0,"enemies":"2 Louse","floor":5.0,"turns":2.0},{"damage":16.0,"enemies":"Lagavulin","floor":6.0,"turns":10.0},{"damage":1.0,"enemies":"Looter","floor":7.0,"turns":4.0},{"damage":12.0,"enemies":"3 Sentries","floor":10.0,"turns":7.0},{"damage":25.0,"enemies":"Lagavulin","floor":13.0,"turns":6.0},{"damage":3.0,"enemies":"Red Slaver","floor":14.0,"turns":4.0},{"damage":20.0,"enemies":"Hexaghost","floor":16.0,"turns":10.0},{"damage":12.0,"enemies":"2 Thieves","floor":18.0,"turns":4.0},{"damage":23.0,"enemies":"Book of Stabbing","floor":23.0,"turns":6.0},{"damage":39.0,"enemies":"Slavers","floor":25.0,"turns":7.0},{"damage":8.0,"enemies":"Book of Stabbing","floor":28.0,"turns":5.0},{"damage":0.0,"enemies":"Spheric Guardian","floor":29.0,"turns":3.0},{"damage":0.0,"enemies":"Centurion and Healer","floor":30.0,"turns":6.0},{"damage":0.0,"enemies":"Snecko","floor":31.0,"turns":3.0},{"damage":47.0,"enemies":"Champ","floor":33.0,"turns":12.0},{"damage":2.0,"enemies":"3 Darklings","floor":35.0,"turns":5.0},{"damage":0.0,"enemies":"Orb Walker","floor":36.0,"turns":5.0},{"damage":0.0,"enemies":"4 Shapes","floor":38.0,"turns":8.0},{"damage":26.0,"enemies":"2 Orb Walkers","floor":39.0,"turns":5.0},{"damage":0.0,"enemies":"Nemesis","floor":40.0,"turns":11.0},{"damage":0.0,"enemies":"Spire Growth","floor":45.0,"turns":5.0},{"damage":0.0,"enemies":"Reptomancer","floor":46.0,"turns":6.0},{"damage":1.0,"enemies":"Sphere and 2 Shapes","floor":47.0,"turns":6.0},{"damage":0.0,"enemies":"Nemesis","floor":48.0,"turns":9.0},{"damage":68,"enemies":"Awakened One","floor":50,"turns":17}],"seed_played":"-6464949447277108075","potions_obtained":[{"floor":1.0,"key":"EssenceOfSteel"},{"floor":2.0,"key":"ColorlessPotion"},{"floor":14.0,"key":"FairyPotion"},{"floor":30.0,"key":"Block Potion"},{"floor":31.0,"key":"Fire Potion"},{"floor":33.0,"key":"Swift Potion"},{"floor":39.0,"key":"SteroidPotion"},{"floor":45.0,"key":"LiquidBronze"},{"floor":46.0,"key":"Poison Potion"}],"is_trial":false,"path_per_floor":["M","M","?","$","M","E","M","R","T","E","R","$","E","M","R","B",null,"M","$","?","?","$","E","?","E","T","R","E","M","M","M","R","B",null,"M","M","?","M","?","E","R","$","T","R","M","E","M","E","R","B"],"character_chosen":"THE_SILENT","items_purchased":["Blade Dance","DuplicationPotion","Deadly Poison"],"campfire_rested":4,"item_purchase_floors":[4,12,19],"current_hp_per_floor":[50,45,45,45,45,29,28,62,62,50,50,50,25,22,22,2,50,38,38,38,38,38,15,15,3,3,37,29,29,29,29,63,16,54,52,52,52,52,26,26,60,60,60,60,60,60,59,59,59,0,0],"gold":12,"neow_bonus":"RANDOM_COMMON_RELIC","is_daily":false,"chose_seed":false,"campfire_upgraded":3,"win_rate":0.0,"timestamp":1609082487,"path_taken":["M","M","?","?","M","E","M","R","T","E","R","$","E","M","R","BOSS","M","$","?","?","$","E","?","E","T","R","E","?","M","M","R","BOSS","M","M","?","M","?","E","R","?","T","R","M","E","M","E","R","BOSS"],"items_purchased_type":["Card","Potion","Card"],"build_version":"2020-12-22","purchased_purges":1,"victory":false,"max_hp_per_floor":[66,66,66,66,66,66,66,66,66,66,66,66,66,66,66,66,66,66,66,66,66,66,66,66,66,66,66,66,66,66,66,66,66,66,66,66,66,66,66,66,66,66,66,66,66,66,66,66,66,66,66],"relic_stats":{"Regal Pillow":60,"Happy Flower":[47],"counters":[27,175],"Blue Candle":[0],"Whetstone":["Predator","Bane"],"Boot":[32],"Nunchaku":[32],"Shuriken":[18],"Mummified Hand":[3],"Bronze Scales":[516],"Ectoplasm":833,"obtain_stats":[{"Regal Pillow":0,"Happy Flower":10,"Blue Candle":13,"Thread and Needle":28,"Whetstone":25,"Boot":40,"Old Coin":39,"Nunchaku":9,"Shuriken":43,"Mummified Hand":46,"Bronze Scales":6,"Ectoplasm":17,"Bag of Marbles":48,"Ring of the Snake":0,"Runic Pyramid":34},{"Regal Pillow":0,"Happy Flower":6,"Blue Candle":7,"Thread and Needle":13,"Whetstone":12,"Boot":22,"Old Coin":21,"Nunchaku":5,"Shuriken":22,"Mummified Hand":24,"Bronze Scales":4,"Ectoplasm":9,"Bag of Marbles":26,"Ring of the Snake":0,"Runic Pyramid":17},{"Regal Pillow":0,"Happy Flower":32,"Blue Candle":38,"Thread and Needle":74,"Whetstone":69,"Boot":132,"Old Coin":121,"Nunchaku":25,"Shuriken":132,"Mummified Hand":143,"Bronze Scales":21,"Ectoplasm":52,"Bag of Marbles":158,"Ring of the Snake":0,"Runic Pyramid":98}],"Ring of the Snake":[54]},"card_choices":[{"not_picked":["Concentrate","Bane"],"picked":"Dagger Spray","floor":1.0},{"not_picked":["Choke","Footwork"],"picked":"Noxious Fumes","floor":2.0},{"not_picked":["Prepared","Calculated Gamble"],"picked":"PiercingWail","floor":5.0},{"not_picked":["Quick Slash","Finisher","Eviscerate"],"picked":"SKIP","floor":6.0},{"not_picked":["Slice","Bane"],"picked":"Calculated Gamble","floor":7.0},{"not_picked":["Setup","Deflect","Escape Plan"],"picked":"SKIP","floor":10.0},{"not_picked":["Sucker Punch","PiercingWail"],"picked":"Cloak And Dagger","floor":13.0},{"not_picked":["Cloak And Dagger","Expertise"],"picked":"Blur","floor":14.0},{"not_picked":["Doppelganger","Tools of the Trade"],"picked":"Burst","floor":16.0},{"not_picked":["Slice","Acrobatics"],"picked":"Bane","floor":18.0},{"not_picked":["Expertise","Concentrate","Skewer"],"picked":"SKIP","floor":23.0},{"not_picked":["Eviscerate","Backflip"],"picked":"PiercingWail","floor":25.0},{"not_picked":["Underhanded Strike","Dagger Spray"],"picked":"Adrenaline","floor":28.0},{"not_picked":["Blur","Underhanded Strike+1","Quick Slash"],"picked":"SKIP","floor":29.0},{"not_picked":["Blur","Underhanded Strike+1","Quick Slash"],"picked":"SKIP","floor":29.0},{"not_picked":["Dagger Throw","Outmaneuver","Bane"],"picked":"SKIP","floor":30.0},{"not_picked":["Dodge and Roll","Backflip","Bane"],"picked":"SKIP","floor":31.0},{"not_picked":["Tools of the Trade","Burst"],"picked":"A Thousand Cuts","floor":33.0},{"not_picked":["Poisoned Stab","Underhanded Strike","Dagger Spray+1"],"picked":"SKIP","floor":35.0},{"not_picked":["Deflect","Dodge and Roll","Masterful Stab+1"],"picked":"SKIP","floor":36.0},{"not_picked":["Masterful Stab+1","Outmaneuver+1"],"picked":"Tactician","floor":38.0},{"not_picked":["Glass Knife","Tactician","Underhanded Strike"],"picked":"SKIP","floor":40.0},{"not_picked":["Masterful Stab","Bane","Distraction"],"picked":"SKIP","floor":45.0},{"not_picked":["Caltrops","Skewer","Acrobatics"],"picked":"SKIP","floor":46.0},{"not_picked":["Masterful Stab+1","Dodge and Roll","PiercingWail+1"],"picked":"SKIP","floor":47.0},{"not_picked":["Terror","Prepared"],"picked":"Concentrate","floor":48.0}],"player_experience":293361,"relics_obtained":[{"floor":6.0,"key":"Bronze Scales"},{"floor":9.0,"key":"Nunchaku"},{"floor":10.0,"key":"Happy Flower"},{"floor":13.0,"key":"Blue Candle"},{"floor":25.0,"key":"Whetstone"},{"floor":28.0,"key":"Thread and Needle"},{"floor":39.0,"key":"Old Coin"},{"floor":40.0,"key":"Boot"},{"floor":43.0,"key":"Shuriken"},{"floor":46.0,"key":"Mummified Hand"},{"floor":48.0,"key":"Bag of Marbles"}],"event_choices":[{"damage_healed":0.0,"max_hp_gain":0.0,"max_hp_loss":0.0,"gold_gain":0.0,"cards_transformed":["Strike_G"],"event_name":"Transmorgrifier","player_choice":"Transformed","floor":3.0,"gold_loss":0.0,"damage_taken":0.0,"cards_obtained":["Predator"]},{"damage_healed":0.0,"max_hp_gain":0.0,"max_hp_loss":0.0,"gold_gain":0.0,"event_name":"Back to Basics","player_choice":"Simplicity","floor":20.0,"gold_loss":0.0,"damage_taken":0.0,"cards_upgraded":["Strike_G","Strike_G","Strike_G","Defend_G","Defend_G","Defend_G","Defend_G","Defend_G"]},{"damage_healed":0.0,"max_hp_gain":0.0,"max_hp_loss":0.0,"gold_gain":0.0,"event_name":"WeMeetAgain","player_choice":"Ignored","floor":24.0,"gold_loss":0.0,"damage_taken":0.0},{"cards_removed":["Strike_G"],"damage_healed":0.0,"max_hp_gain":0.0,"max_hp_loss":0.0,"gold_gain":0.0,"event_name":"Falling","player_choice":"Removed Attack","floor":37.0,"gold_loss":0.0,"damage_taken":0.0},{"damage_healed":0.0,"max_hp_gain":0.0,"max_hp_loss":0.0,"gold_gain":0.0,"event_name":"Mysterious Sphere","player_choice":"Fight","floor":39.0,"gold_loss":0.0,"damage_taken":0.0}],"is_beta":false,"boss_relics":[{"not_picked":["Busted Crown","Snecko Eye"],"picked":"Ectoplasm"},{"not_picked":["WristBlade","Calling Bell"],"picked":"Runic Pyramid"}],"items_purged_floors":[12],"is_endless":false,"potions_floor_spawned":[1,2,5,14,16,18,30,31,33,39,45,46],"killed_by":"Awakened One","ascension_level":16}}