{"host":"qxeepl7ydvsgmfdb","time":1609072481,"event":{"mods":["AchievementEnabler","BaseMod","Colored Powertips","Minty Spire (QoL Compilation)","Quick Restart","slay the spire mod where everything is the same but ironclad has a cowboy hat"],"gold_per_floor":[110,84,96,96,96,127,127,127,177,194,214,214,231,245,245,245,245],"floor_reached":16,"playtime":412,"items_purged":[],"score":127,"play_id":"22b42412-adb7-40e0-856e-4a46c495c2f0","local_time":"20201227073441","is_ascension_mode":false,"campfire_choices":[{"data":"Distraction","floor":12,"key":"SMITH"},{"floor":15,"key":"RECALL"}],"circlet_count":0,"master_deck":["Strike_G","Strike_G+1","Strike_G","Strike_G","Strike_G","Defend_G","Defend_G","Defend_G","Defend_G+1","Defend_G","Survivor","Neutralize","Slice","Backflip","Slice","Distraction+1","Poisoned Stab"],"relics":["Ring of the Snake","NeowsBlessing","Smiling Mask","Letter Opener","Orichalcum"],"acts_visited":["Exordium"],"potions_floor_usage":[16,16],"damage_taken":[{"damage":0,"enemies":"2 Louse","floor":1,"turns":1},{"damage":0,"enemies":"Small Slimes","floor":3,"turns":1},{"damage":0,"enemies":"3 Sentries","floor":6,"turns":1},{"damage":0,"enemies":"Jaw Worm","floor":10,"turns":3},{"damage":1,"enemies":"Exordium Thugs","floor":11,"turns":5},{"damage":2,"enemies":"Red Slaver","floor":13,"turns":4},{"damage":0,"enemies":"Looter","floor":14,"turns":2},{"damage":64,"enemies":"The Guardian","floor":16,"turns":16}],"seed_played":"1459661329349031870","potions_obtained":[{"floor":10,"key":"Block Potion"},{"floor":11,"key":"CunningPotion"}],"is_trial":false,"path_per_floor":["M","$","M","$","?","E","?","$","T","M","M","R","M","M","R","B"],"character_chosen":"THE_SILENT","items_purchased":["Slice"],"campfire_rested":0,"item_purchase_floors":[2],"current_hp_per_floor":[70,70,70,70,67,67,53,53,53,53,52,52,50,50,50,0,0],"gold":245,"neow_bonus":"THREE_ENEMY_KILL","is_daily":false,"chose_seed":false,"campfire_upgraded":1,"win_rate":0.0,"timestamp":1609072481,"path_taken":["M","$","M","$","?","E","?","?","T","M","M","R","?","M","R","BOSS"],"items_purchased_type":["Card"],"build_version":"2020-12-22","purchased_purges":0,"victory":false,"max_hp_per_floor":[70,70,70,70,70,70,70,70,70,70,70,70,70,70,70,70,70],"card_choices":[{"not_picked":["Underhanded Strike","Distraction","Well Laid Plans"],"picked":"SKIP","floor":1},{"not_picked":["Dodge and Roll","Flechettes"],"picked":"Backflip","floor":3},{"not_picked":["PiercingWail","Flying Knee"],"picked":"Slice","floor":6},{"not_picked":["Well Laid Plans","Flying Knee","Acrobatics"],"picked":"SKIP","floor":10},{"not_picked":["Slice","Finisher"],"picked":"Distraction","floor":11},{"not_picked":["Predator","Bouncing Flask"],"picked":"Poisoned Stab","floor":13},{"not_picked":["Expertise","Bullet Time","Prepared"],"picked":"SKIP","floor":14}],"player_experience":403589,"relics_obtained":[{"floor":6,"key":"Letter Opener"},{"floor":9,"key":"Orichalcum"}],"event_choices":[{"damage_healed":0,"gold_gain":0,"player_choice":"Success","damage_taken":3,"relics_obtained":["Smiling Mask"],"max_hp_gain":0,"max_hp_loss":0,"event_name":"Scrap Ooze","floor":5,"gold_loss":0},{"damage_healed":0,"gold_gain":0,"player_choice":"Entered Light","damage_taken":14,"max_hp_gain":0,"max_hp_loss":0,"event_name":"Shining Light","floor":7,"gold_loss":0,"cards_upgraded":["Defend_G","Strike_G"]}],"is_beta":false,"boss_relics":[],"items_purged_floors":[],"is_endless":false,"potions_floor_spawned":[10,11],"killed_by":"The Guardian","ascension_level":0}}