{"host":"sxnl403xm2xmiyj1","time":1609074111,"event":{"mods":["AchievementEnabler","BaseMod","Colored Map","Keyboard Shortcuts","Minty Spire (QoL Compilation)","Quick Restart","StSLib","SuperFastMode"],"gold_per_floor":[109,119,132,6,6,6,41,41,41,70,91,106,106,117,117,212,212,224,257,32,32,48,75,75,109,136,176,198,226,226,254,254,362,362,385,23,23,23,50,92,2,2,2,13,41,69,91,127,127,127,127,127,24,56,56],"floor_reached":56,"playtime":1492,"items_purged":[],"score":1883,"play_id":"4b2e59b8-e83e-437f-976f-fc70d1b8a9f8","local_time":"20201227220151","is_ascension_mode":true,"campfire_choices":[{"data":"Noxious Fumes","floor":6.0,"key":"SMITH"},{"data":"Deadly Poison","floor":8.0,"key":"SMITH"},{"data":"Cloak And Dagger","floor":13.0,"key":"SMITH"},{"data":"Sucker Punch","floor":15.0,"key":"SMITH"},{"data":"Acrobatics","floor":24.0,"key":"SMITH"},{"data":"A Thousand Cuts","floor":30.0,"key":"SMITH"},{"data":"Blade Dance","floor":32.0,"key":"SMITH"},{"data":"After Image","floor":42,"key":"SMITH"},{"floor":49,"key":"RECALL"},{"data":"Malaise","floor":52,"key":"SMITH"}],"circlet_count":0,"master_deck":["Strike_G","Strike_G","Strike_G","Strike_G","Defend_G","Defend_G","Defend_G","Defend_G","Defend_G","Survivor","Neutralize+1","Backstab+1","Flying Knee","Cloak And Dagger+1","Noxious Fumes+1","Sucker Punch+1","Deadly Poison+1","Backstab","Dodge and Roll","Backflip","Acrobatics+1","Adrenaline","Infinite Blades+1","Poisoned Stab","Escape Plan","PiercingWail","Dodge and Roll","Acrobatics","Backstab+1","A Thousand Cuts+1","Blade Dance+1","Poisoned Stab","After Image+1","Tactician","Dodge and Roll","Bane","Escape Plan+1","Bane+1","Poisoned Stab","Prepared+1","Infinite Blades","Malaise+1","Footwork","Cloak And Dagger","Deflect"],"relics":["Ring of the Serpent","Mercury Hourglass","Kunai","FossilizedHelix","Odd Mushroom","Philosopher\u0027s Stone","Red Mask","Bag of Preparation","Turnip","Snake Skull","Ancient Tea Set","CeramicFish","Ornamental Fan","HornCleat","Unceasing Top","Shuriken"],"acts_visited":["Exordium","TheCity","TheBeyond","TheEnding"],"potions_floor_usage":[39,46,55,55],"damage_taken":[{"damage":0.0,"enemies":"Cultist","floor":1.0,"turns":4.0},{"damage":2.0,"enemies":"Jaw Worm","floor":2.0,"turns":5.0},{"damage":0.0,"enemies":"Small Slimes","floor":3.0,"turns":3.0},{"damage":9.0,"enemies":"Lagavulin","floor":7.0,"turns":8.0},{"damage":3.0,"enemies":"Gremlin Nob","floor":10.0,"turns":4.0},{"damage":0.0,"enemies":"The Mushroom Lair","floor":11.0,"turns":3.0},{"damage":0.0,"enemies":"2 Fungi Beasts","floor":12.0,"turns":2.0},{"damage":0.0,"enemies":"Looter","floor":14.0,"turns":2.0},{"damage":0.0,"enemies":"The Guardian","floor":16.0,"turns":9.0},{"damage":0.0,"enemies":"3 Byrds","floor":18.0,"turns":4.0},{"damage":0.0,"enemies":"Masked Bandits","floor":19.0,"turns":4.0},{"damage":0.0,"enemies":"Shell Parasite","floor":22.0,"turns":4.0},{"damage":0.0,"enemies":"Gremlin Leader","floor":23.0,"turns":6.0},{"damage":0.0,"enemies":"Slavers","floor":25.0,"turns":5.0},{"damage":0.0,"enemies":"Gremlin Leader","floor":27.0,"turns":6.0},{"damage":1.0,"enemies":"Centurion and Healer","floor":28.0,"turns":4.0},{"damage":0.0,"enemies":"Cultist and Chosen","floor":29.0,"turns":5.0},{"damage":0.0,"enemies":"Snake Plant","floor":31.0,"turns":3.0},{"damage":0.0,"enemies":"Collector","floor":33.0,"turns":5.0},{"damage":9,"enemies":"3 Shapes","floor":35,"turns":4},{"damage":0,"enemies":"3 Darklings","floor":37,"turns":4},{"damage":0,"enemies":"Spire Growth","floor":39,"turns":5},{"damage":15,"enemies":"Nemesis","floor":40,"turns":7},{"damage":0,"enemies":"Jaw Worm Horde","floor":44,"turns":2},{"damage":0,"enemies":"3 Darklings","floor":45,"turns":4},{"damage":0,"enemies":"Sphere and 2 Shapes","floor":46,"turns":4},{"damage":0,"enemies":"Spire Growth","floor":47,"turns":4},{"damage":0,"enemies":"Reptomancer","floor":48,"turns":6},{"damage":23,"enemies":"Time Eater","floor":50,"turns":13},{"damage":8,"enemies":"Shield and Spear","floor":54,"turns":7},{"damage":41,"enemies":"The Heart","floor":55,"turns":10}],"seed_played":"1095165485241453690","potions_obtained":[{"floor":2.0,"key":"Dexterity Potion"},{"floor":11.0,"key":"SteroidPotion"},{"floor":14.0,"key":"DistilledChaos"},{"floor":16.0,"key":"BlessingOfTheForge"},{"floor":19.0,"key":"GamblersBrew"},{"floor":25.0,"key":"GhostInAJar"},{"floor":27.0,"key":"Strength Potion"},{"floor":28.0,"key":"BlessingOfTheForge"},{"floor":31.0,"key":"BlessingOfTheForge"},{"floor":35,"key":"BlessingOfTheForge"},{"floor":39,"key":"Strength Potion"},{"floor":44,"key":"Weak Potion"}],"is_trial":false,"path_per_floor":["M","M","M","$","?","R","E","R","T","E","?","M","R","M","R","B",null,"M","?","$","?","M","E","R","E","T","E","M","M","R","M","R","B",null,"M","$","M","?","M","E","?","R","T","M","M","M","M","E","R","B",null,"R","$","E","B",null],"character_chosen":"THE_SILENT","items_purchased":["Noxious Fumes","Sucker Punch","Escape Plan","Bag of Preparation","Tactician","Ornamental Fan","Dodge and Roll","Bane","Footwork","Cloak And Dagger","Deflect"],"campfire_rested":0,"item_purchase_floors":[4,4,20,20,36,36,36,36,53,53,53],"current_hp_per_floor":[63,61,61,61,61,61,52,52,52,49,49,49,49,49,49,49,65,65,65,65,65,65,65,65,65,65,65,64,64,64,64,64,64,69,60,60,60,60,60,45,45,45,45,45,45,45,45,45,45,22,58,58,58,50,9],"gold":56,"neow_bonus":"UPGRADE_CARD","is_daily":false,"chose_seed":false,"campfire_upgraded":9,"win_rate":0.0,"timestamp":1609074111,"path_taken":["M","?","?","$","?","R","E","R","T","E","?","M","R","M","R","BOSS","M","?","$","?","M","E","R","E","T","E","M","M","R","M","R","BOSS","M","$","M","?","M","E","?","R","T","M","M","M","?","E","R","BOSS","R","$","E","BOSS"],"items_purchased_type":["Card","Card","Card","Relic","Card","Relic","Card","Card","Card","Card","Card"],"build_version":"2020-12-22","purchased_purges":0,"victory":true,"max_hp_per_floor":[70,70,70,70,70,70,70,70,70,70,70,70,70,70,70,70,70,70,70,70,70,70,70,70,70,70,70,70,70,70,70,70,70,70,70,70,70,70,70,70,70,70,70,70,70,70,70,70,70,70,70,70,70,70,70],"card_choices":[{"not_picked":["Outmaneuver","Predator"],"picked":"Backstab","floor":1.0},{"not_picked":["Bane","Catalyst"],"picked":"Flying Knee","floor":2.0},{"not_picked":["Dagger Throw","Acrobatics"],"picked":"Cloak And Dagger","floor":3.0},{"not_picked":["Flying Knee","Dash"],"picked":"Deadly Poison","floor":7.0},{"not_picked":["Heel Hook","Prepared"],"picked":"Backstab","floor":10.0},{"not_picked":["Dagger Throw","Catalyst"],"picked":"Dodge and Roll","floor":11.0},{"not_picked":["Die Die Die","Calculated Gamble"],"picked":"Backflip","floor":12.0},{"not_picked":["Calculated Gamble","Endless Agony"],"picked":"Acrobatics","floor":14.0},{"not_picked":["Storm of Steel","Glass Knife"],"picked":"Adrenaline","floor":16.0},{"not_picked":["Poisoned Stab","Deflect"],"picked":"Infinite Blades+1","floor":18.0},{"not_picked":["Endless Agony","Underhanded Strike"],"picked":"Poisoned Stab","floor":19.0},{"not_picked":["Noxious Fumes","Die Die Die"],"picked":"PiercingWail","floor":22.0},{"not_picked":["Underhanded Strike","Dagger Throw"],"picked":"Dodge and Roll","floor":23.0},{"not_picked":["Dagger Throw","Concentrate"],"picked":"Acrobatics","floor":25.0},{"not_picked":["Prepared","Outmaneuver+1"],"picked":"Backstab+1","floor":27.0},{"not_picked":["Underhanded Strike","Setup"],"picked":"A Thousand Cuts","floor":28.0},{"not_picked":["Deadly Poison+1","Sucker Punch"],"picked":"Blade Dance","floor":29.0},{"not_picked":["PiercingWail","Catalyst"],"picked":"Poisoned Stab","floor":31.0},{"not_picked":["Unload","Doppelganger"],"picked":"After Image","floor":33.0},{"not_picked":["PiercingWail","Cloak And Dagger"],"picked":"Poisoned Stab","floor":35},{"not_picked":["Dodge and Roll","Tactician+1","Endless Agony+1"],"picked":"SKIP","floor":37},{"not_picked":["Dodge and Roll+1","Eviscerate"],"picked":"Escape Plan+1","floor":39},{"not_picked":["Deflect+1","Prepared+1"],"picked":"Bane+1","floor":40},{"not_picked":["Outmaneuver+1","Night Terror","Endless Agony"],"picked":"SKIP","floor":44},{"not_picked":["PiercingWail+1","Endless Agony+1"],"picked":"Poisoned Stab","floor":45},{"not_picked":["Slice+1","Sucker Punch"],"picked":"Prepared+1","floor":46},{"not_picked":["Deadly Poison","Backflip+1"],"picked":"Infinite Blades","floor":47},{"not_picked":["Prepared+1","Burst"],"picked":"Malaise","floor":48},{"not_picked":["Dagger Spray","Prepared","Flying Knee"],"picked":"SKIP","floor":54}],"player_experience":128425,"relics_obtained":[{"floor":7.0,"key":"Mercury Hourglass"},{"floor":9.0,"key":"Kunai"},{"floor":10.0,"key":"FossilizedHelix"},{"floor":11.0,"key":"Odd Mushroom"},{"floor":19.0,"key":"Red Mask"},{"floor":23.0,"key":"Turnip"},{"floor":25.0,"key":"Snake Skull"},{"floor":26.0,"key":"Ancient Tea Set"},{"floor":27.0,"key":"CeramicFish"},{"floor":40,"key":"HornCleat"},{"floor":48,"key":"Unceasing Top"},{"floor":54,"key":"Shuriken"}],"event_choices":[{"damage_healed":0.0,"max_hp_gain":0.0,"max_hp_loss":0.0,"gold_gain":0.0,"event_name":"Liars Game","player_choice":"Ignored","floor":5.0,"gold_loss":0.0,"damage_taken":0.0},{"damage_healed":0.0,"max_hp_gain":0.0,"max_hp_loss":0.0,"gold_gain":0.0,"event_name":"Mushrooms","player_choice":"Fought Mushrooms","floor":11.0,"gold_loss":0.0,"damage_taken":0.0},{"damage_healed":0.0,"max_hp_gain":0.0,"max_hp_loss":0.0,"gold_gain":0.0,"event_name":"Masked Bandits","player_choice":"Fought Bandits","floor":19.0,"gold_loss":0.0,"damage_taken":0.0},{"damage_healed":0.0,"max_hp_gain":0.0,"max_hp_loss":0.0,"gold_gain":0.0,"event_name":"Cursed Tome","player_choice":"Ignored","floor":21.0,"gold_loss":0.0,"damage_taken":0.0},{"cards_removed":["Poisoned Stab"],"damage_healed":0,"gold_gain":0,"player_choice":"Removed Attack","damage_taken":0,"max_hp_gain":0,"max_hp_loss":0,"event_name":"Falling","floor":38,"gold_loss":0},{"cards_removed":["Strike_G"],"damage_healed":0,"gold_gain":0,"player_choice":"Upgrade and Remove","damage_taken":0,"max_hp_gain":0,"max_hp_loss":0,"event_name":"Designer","floor":41,"gold_loss":90,"cards_upgraded":["Backstab"]}],"is_beta":false,"boss_relics":[{"not_picked":["Busted Crown","Calling Bell"],"picked":"Philosopher\u0027s Stone"},{"not_picked":["Sozu","Runic Dome"],"picked":"Ring of the Serpent"}],"items_purged_floors":[],"is_endless":false,"potions_floor_spawned":[2,11,14,16,19,25,27,28,31,35,39,44],"ascension_level":7}}