{"host":"mi0eibewekhugwl1","time":1609079016,"event":{"mods":["AchievementEnabler","BaseMod","Colored Map","Colored Powertips","DeckTracker","Keyboard Shortcuts","Minty Spire (QoL Compilation)","Quick Restart","Rare Cards Sparkle","Relic Stats","StSLib","SuperFastMode","everything is the same but u backflip on backflip"],"gold_per_floor":[367,442,156,172,40,68,68,68,114,114,114,114,129,147,147,219,219,236,256,268,4,4,4,32,46,70,95,95,108,125,138,138,215,215,229,247,266,284,284,284,284],"floor_reached":40,"playtime":1162,"items_purged":["Regret","Strike_B"],"score":910,"play_id":"7bc75c63-d693-49af-90a5-937f3581a634","local_time":"20201227232336","is_ascension_mode":true,"campfire_choices":[{"data":"Zap","floor":8.0,"key":"SMITH"},{"data":"Defragment","floor":10.0,"key":"SMITH"},{"data":"Dualcast","floor":12.0,"key":"SMITH"},{"data":"Coolheaded","floor":15.0,"key":"SMITH"},{"data":"Seek","floor":23.0,"key":"SMITH"},{"floor":28.0,"key":"REST"},{"data":"Turbo","floor":32.0,"key":"SMITH"}],"circlet_count":0,"master_deck":["AscendersBane","Defend_B","Defend_B","Defend_B","Zap+1","Dualcast+1","Rip and Tear","Rebound","Defragment+1","Seek+1","Coolheaded+1","Lockon","Turbo+1","Echo Form","Rainbow+1","Scrape+1","Chaos+1","Tempest","Core Surge","Chill","Decay","Conserve Battery+1","Skim+1","Creative AI+1","White Noise+1","Electrodynamics+1","Self Repair+1","Turbo+1","Blizzard+1","Go for the Eyes+1"],"relics":["Cracked Core","Membership Card","Anchor","StoneCalendar","Art of War","Astrolabe","Lee\u0027s Waffle","Torii","DataDisk","Frozen Egg 2","Sozu"],"acts_visited":["Exordium","TheCity","TheBeyond"],"potions_floor_usage":[40],"damage_taken":[{"damage":3.0,"enemies":"Small Slimes","floor":1.0,"turns":3.0},{"damage":0.0,"enemies":"Jaw Worm","floor":4.0,"turns":2.0},{"damage":8.0,"enemies":"Gremlin Nob","floor":6.0,"turns":3.0},{"damage":0.0,"enemies":"Cultist","floor":13.0,"turns":2.0},{"damage":0.0,"enemies":"Looter","floor":14.0,"turns":2.0},{"damage":24.0,"enemies":"Hexaghost","floor":16.0,"turns":7.0},{"damage":22.0,"enemies":"2 Thieves","floor":18.0,"turns":4.0},{"damage":0.0,"enemies":"Spheric Guardian","floor":19.0,"turns":4.0},{"damage":4.0,"enemies":"Centurion and Healer","floor":20.0,"turns":6.0},{"damage":42.0,"enemies":"Gremlin Leader","floor":24.0,"turns":8.0},{"damage":0.0,"enemies":"Snecko","floor":25.0,"turns":4.0},{"damage":4.0,"enemies":"Book of Stabbing","floor":27.0,"turns":5.0},{"damage":7.0,"enemies":"Sentry and Sphere","floor":29.0,"turns":4.0},{"damage":1.0,"enemies":"Shelled Parasite and Fungi","floor":30.0,"turns":5.0},{"damage":1.0,"enemies":"Centurion and Healer","floor":31.0,"turns":5.0},{"damage":40.0,"enemies":"Collector","floor":33.0,"turns":7.0},{"damage":0.0,"enemies":"3 Shapes","floor":35.0,"turns":3.0},{"damage":1.0,"enemies":"Orb Walker","floor":36.0,"turns":3.0},{"damage":30.0,"enemies":"Maw","floor":37.0,"turns":6.0},{"damage":24.0,"enemies":"3 Darklings","floor":38.0,"turns":3.0},{"damage":32,"enemies":"Reptomancer","floor":40,"turns":2}],"seed_played":"-8364455593058946892","potions_obtained":[{"floor":1.0,"key":"AttackPotion"},{"floor":14.0,"key":"PowerPotion"},{"floor":16.0,"key":"Weak Potion"},{"floor":18.0,"key":"CultistPotion"},{"floor":24.0,"key":"Regen Potion"},{"floor":30.0,"key":"FearPotion"},{"floor":31.0,"key":"PotionOfCapacity"}],"is_trial":false,"path_per_floor":["M","?","$","M","$","E","?","R","T","R","?","R","M","M","R","B",null,"M","M","M","$","?","R","E","M","T","E","R","M","M","M","R","B",null,"M","M","M","M","?","E"],"character_chosen":"DEFECT","items_purchased":["Membership Card","Anchor","Defragment","Seek","Lee\u0027s Waffle","Core Surge","Chill"],"campfire_rested":1,"item_purchase_floors":[3,3,5,5,21,21,21],"current_hp_per_floor":[61,50,50,50,50,42,42,42,42,42,42,42,42,42,42,18,58,36,36,32,78,78,78,36,36,36,46,69,62,61,60,60,20,64,64,63,43,29,29,0,0],"gold":284,"neow_bonus":"TWO_FIFTY_GOLD","is_daily":false,"chose_seed":false,"campfire_upgraded":6,"win_rate":0.0,"timestamp":1609079016,"path_taken":["M","?","$","M","$","E","?","R","T","R","?","R","M","M","R","BOSS","M","M","?","$","?","R","E","M","T","E","R","?","M","M","R","BOSS","M","?","M","M","?","E"],"items_purchased_type":["Relic","Relic","Card","Card","Relic","Card","Card"],"build_version":"2020-12-22","purchased_purges":2,"victory":false,"max_hp_per_floor":[71,71,71,71,71,71,71,71,71,71,71,71,71,71,71,71,71,71,71,71,78,78,78,78,78,78,78,78,78,78,78,78,78,78,78,78,78,78,78,78,78],"relic_stats":{"Sozu":2,"Lee\u0027s Waffle":46,"Torii":19,"counters":[21,88],"Astrolabe":["Rainbow","Scrape","Chaos"],"StoneCalendar":[89],"Art of War":[25],"obtain_stats":[{"Sozu":34,"Anchor":3,"Lee\u0027s Waffle":21,"DataDisk":26,"Torii":24,"Astrolabe":17,"StoneCalendar":6,"Art of War":9,"Membership Card":3,"Frozen Egg 2":27,"Cracked Core":0},{"Sozu":16,"Anchor":1,"Lee\u0027s Waffle":9,"DataDisk":11,"Torii":10,"Astrolabe":6,"StoneCalendar":3,"Art of War":3,"Membership Card":1,"Frozen Egg 2":12,"Cracked Core":0},{"Sozu":71,"Anchor":3,"Lee\u0027s Waffle":33,"DataDisk":45,"Torii":41,"Astrolabe":19,"StoneCalendar":8,"Art of War":8,"Membership Card":3,"Frozen Egg 2":50,"Cracked Core":0}]},"card_choices":[{"not_picked":["Barrage","Redo"],"picked":"Rip and Tear","floor":1.0},{"not_picked":["Barrage","Blizzard"],"picked":"Rebound","floor":4.0},{"not_picked":["Force Field","Recycle"],"picked":"Coolheaded","floor":6.0},{"not_picked":["Turbo","Streamline"],"picked":"Lockon","floor":13.0},{"not_picked":["Gash","Steam"],"picked":"Turbo","floor":14.0},{"not_picked":["Rainbow","Seek"],"picked":"Echo Form","floor":16.0},{"not_picked":["Compile Driver","Hologram"],"picked":"Tempest","floor":18.0},{"not_picked":["Stack","Streamline","Gash"],"picked":"SKIP","floor":19.0},{"not_picked":["Sweeping Beam","Conserve Battery","Reprogram"],"picked":"SKIP","floor":20.0},{"not_picked":["Stack","Ball Lightning"],"picked":"Conserve Battery+1","floor":24.0},{"not_picked":["Double Energy","Melter"],"picked":"Skim","floor":25.0},{"not_picked":["Reprogram","Turbo","Hologram"],"picked":"SKIP","floor":27.0},{"not_picked":["Reprogram","Turbo","Hologram"],"picked":"SKIP","floor":27.0},{"not_picked":["Coolheaded","Beam Cell"],"picked":"Creative AI+1","floor":29.0},{"not_picked":["Hologram","Rebound"],"picked":"White Noise+1","floor":30.0},{"not_picked":["Rip and Tear","Cold Snap","Gash"],"picked":"SKIP","floor":31.0},{"not_picked":["Hyperbeam","Buffer+1"],"picked":"Electrodynamics+1","floor":33.0},{"not_picked":["Scrape","Coolheaded"],"picked":"Self Repair+1","floor":35.0},{"not_picked":["Redo","Cold Snap"],"picked":"Turbo+1","floor":36.0},{"not_picked":["Force Field","Ball Lightning"],"picked":"Blizzard+1","floor":37.0},{"not_picked":["Streamline","Gash+1"],"picked":"Go for the Eyes+1","floor":38.0}],"player_experience":1712481,"relics_obtained":[{"floor":6.0,"key":"StoneCalendar"},{"floor":9.0,"key":"Art of War"},{"floor":24.0,"key":"Torii"},{"floor":26.0,"key":"DataDisk"},{"floor":27.0,"key":"Frozen Egg 2"}],"event_choices":[{"damage_healed":0.0,"max_hp_gain":0.0,"max_hp_loss":0.0,"gold_gain":75.0,"event_name":"World of Goop","player_choice":"Gather Gold","floor":2.0,"gold_loss":0.0,"damage_taken":11.0},{"damage_healed":0.0,"max_hp_gain":0.0,"max_hp_loss":0.0,"gold_gain":0.0,"event_name":"Liars Game","player_choice":"Ignored","floor":7.0,"gold_loss":0.0,"damage_taken":0.0},{"cards_removed":["Strike_B"],"damage_healed":0.0,"max_hp_gain":0.0,"max_hp_loss":0.0,"gold_gain":0.0,"event_name":"Wheel of Change","player_choice":"Card Removal","floor":11.0,"gold_loss":0.0,"damage_taken":0.0},{"damage_healed":0.0,"max_hp_gain":0.0,"max_hp_loss":0.0,"gold_gain":0.0,"event_name":"Wheel of Change","player_choice":"Cursed","floor":22.0,"gold_loss":0.0,"damage_taken":0.0,"cards_obtained":["Decay"]},{"damage_healed":0.0,"max_hp_gain":0.0,"max_hp_loss":0.0,"gold_gain":0.0,"event_name":"Accursed Blacksmith","player_choice":"Forge","floor":39.0,"gold_loss":0.0,"damage_taken":0.0,"cards_upgraded":["Skim"]}],"is_beta":false,"boss_relics":[{"not_picked":["Nuclear Battery","Velvet Choker"],"picked":"Astrolabe"},{"not_picked":["Runic Pyramid","Pandora\u0027s Box"],"picked":"Sozu"}],"items_purged_floors":[3,21],"is_endless":false,"potions_floor_spawned":[1,14,16,18,24,30,31,36,37],"killed_by":"Reptomancer","ascension_level":20}}