{"host":"cz3p2o9n3b1gdmkz","time":1609052022,"event":{"mods":["AchievementEnabler","BaseMod","CapriCore","GungeonMod","Hermit","Lobotomy","Minty Spire (QoL Compilation)","Replay The Spire","Shop Mod","StSLib","SuperFastMode","The Cursed","The Dragon Tamer","The Gatherer","The Jungle","The Poker Player","The Runesmith"],"gold_per_floor":[109,209,224,299,350,350,385,399,426,439,439,131,141,141,141,236,236,253,178,193,118,118,118,129,144,168,168,181,193,211,231,231,331,331,343,357,367,367,384,384,162,162,162,181,197,10,26,26,26,26,26],"floor_reached":52,"playtime":2161,"items_purged":["Gatherer:Strike_Gatherer"],"score":1571,"play_id":"e982b1f0-2d1d-482d-abd2-effba1ad5d55","local_time":"20201227155342","is_ascension_mode":true,"metric_token":1117,"campfire_choices":[{"floor":6,"key":"REST"},{"data":"Gatherer:Centralize","floor":11,"key":"SMITH"},{"data":"Gatherer:Strike_Gatherer","floor":15,"key":"SMITH"},{"data":"Gatherer:Strike_Gatherer","floor":23,"key":"SMITH"},{"data":"Gatherer:Strike_Gatherer","floor":27,"key":"SMITH"},{"data":"Gatherer:Strike_Gatherer","floor":32,"key":"SMITH"},{"data":"Gatherer:Strike_Gatherer","floor":40,"key":"SMITH"},{"data":"Gatherer:Strike_Gatherer","floor":42,"key":"SMITH"},{"floor":49,"key":"REST"}],"circlet_count":0,"master_deck":["AscendersBane","Gatherer:Strike_Gatherer","Gatherer:Strike_Gatherer","Gatherer:Strike_Gatherer","Gatherer:Defend_Gatherer","Gatherer:Defend_Gatherer","Gatherer:Defend_Gatherer","Gatherer:Defend_Gatherer","Gatherer:Centralize+1","Gatherer:FlowerWhip+2","Gatherer:FlowerShield+2","Gatherer:FlowerFalling+3","Gatherer:PotentialSlash","Gatherer:BambuSword+1","Gatherer:Overflowing","Gatherer:BambuSword","Gatherer:Nutrients","Gatherer:Snatch+1","Gatherer:BambuSword+1","Gatherer:BambuSword+1","Gatherer:Nutrients","Apotheosis"],"relics":["Gatherer:AlchemyBag","Ice Cream","DemoMod:Metronome","Oddly Smooth Stone","Simple Rune","Prayer Wheel","Runic Pyramid","Centennial Puzzle","Membership Card","Whetstone","Shuriken","Replay:Bottled Eggs"],"acts_visited":["Exordium","TheCity","TheBeyond"],"potions_floor_usage":[7,10,16,25,31,33,37,45,50,50],"damage_taken":[{"damage":12,"enemies":"Small Slimes","floor":1,"turns":3},{"damage":0,"enemies":"Cultist","floor":3,"turns":3},{"damage":8,"enemies":"Gremlin Nob","floor":7,"turns":3},{"damage":0,"enemies":"2 Louse","floor":8,"turns":2},{"damage":8,"enemies":"Exordium Wildlife","floor":10,"turns":4},{"damage":2,"enemies":"Looter","floor":13,"turns":3},{"damage":11,"enemies":"Fading Forest","floor":16,"turns":11},{"damage":2,"enemies":"Chosen","floor":18,"turns":4},{"damage":2,"enemies":"Spheric Guardian","floor":20,"turns":4},{"damage":0,"enemies":"Centurion and Healer","floor":24,"turns":4},{"damage":0,"enemies":"Sentry and Sphere","floor":25,"turns":3},{"damage":5,"enemies":"Cultist and Chosen","floor":28,"turns":3},{"damage":5,"enemies":"Centurion and Healer","floor":29,"turns":4},{"damage":12,"enemies":"Snake Plant","floor":30,"turns":3},{"damage":12,"enemies":"Shelled Parasite and Fungi","floor":31,"turns":4},{"damage":2,"enemies":"Pondfish","floor":33,"turns":9},{"damage":4,"enemies":"3 Darklings","floor":35,"turns":5},{"damage":0,"enemies":"Orb Walker","floor":36,"turns":3},{"damage":55,"enemies":"Writhing Mass","floor":37,"turns":6},{"damage":8,"enemies":"Spire Growth","floor":39,"turns":6},{"damage":9,"enemies":"Jaw Worm Horde","floor":44,"turns":4},{"damage":33,"enemies":"Writhing Mass","floor":45,"turns":5},{"damage":0,"enemies":"Transient","floor":47,"turns":5},{"damage":25,"enemies":"Time Eater","floor":50,"turns":9}],"seed_played":"6864058239401515327","potions_obtained":[{"floor":3,"key":"Toxic Potion"},{"floor":8,"key":"FearPotion"},{"floor":13,"key":"BottledMiracle"},{"floor":16,"key":"Dexterity Potion"},{"floor":20,"key":"Strength Potion"},{"floor":25,"key":"GamblersBrew"},{"floor":28,"key":"DemoMod:LeadSkinPotion"},{"floor":30,"key":"BloodPotion"},{"floor":33,"key":"Adrenaline Potion"},{"floor":39,"key":"Weak Potion"},{"floor":45,"key":"FearPotion"}],"is_trial":false,"path_per_floor":["M","?","M","?","T","R","E","M","T","M","R","$","M","?","R","B",null,"M","?","M","$","?","R","M","M","T","R","M","M","M","M","R","B",null,"M","M","M","?","M","R","$","R","T","M","M","$","M","?","R","B",null,null],"character_chosen":"THE_GATHERER","items_purchased":["Prayer Wheel","Membership Card","Whetstone","Replay:Bottled Eggs","BlessingOfTheForge","Gatherer:Nutrients"],"campfire_rested":2,"item_purchase_floors":[12,41,41,46,46,46],"current_hp_per_floor":[35,35,35,24,24,45,37,37,37,29,29,29,27,13,13,25,60,58,58,56,56,56,56,56,56,56,56,51,46,34,36,36,34,63,59,59,4,63,55,55,55,55,55,46,13,13,17,17,35,14,14],"gold":26,"neow_bonus":"ONE_RARE_RELIC","is_daily":false,"chose_seed":false,"campfire_upgraded":7,"win_rate":0.0,"timestamp":1609052022,"path_taken":["M","?","?","?","?","R","E","M","T","M","R","$","M","?","R","BOSS","M","?","M","$","?","R","?","M","T","R","M","M","M","?","R","BOSS","M","M","M","?","M","R","$","R","T","M","M","$","M","?","R","BOSS"],"items_purchased_type":["Relic","Relic","Relic","Relic","Potion","Card"],"build_version":"2020-12-22","purchased_purges":1,"victory":true,"max_hp_per_floor":[72,72,72,72,72,72,72,72,72,72,72,72,72,72,72,72,72,72,72,72,72,72,72,72,72,72,72,72,72,72,72,72,72,72,72,72,72,63,63,63,63,63,63,63,63,63,63,63,63,63,63],"card_choices":[{"not_picked":["Gatherer:FragileHammer","Gatherer:Convert"],"picked":"Gatherer:FlowerShield","floor":1},{"not_picked":["Gatherer:ScentOfRosmari","Gatherer:BambuSword"],"picked":"Gatherer:FlowerFalling","floor":3},{"not_picked":["Gatherer:OddSpoils","Gatherer:BambuSword","Gatherer:RottenStipe"],"picked":"SKIP","floor":7},{"not_picked":["Gatherer:Misfortune","Gatherer:BigPouch","Gatherer:EnergyBasket"],"picked":"SKIP","floor":8},{"not_picked":["Gatherer:OddSpoils","Gatherer:RottenStipe"],"picked":"Gatherer:PotentialSlash","floor":10},{"not_picked":["Gatherer:VenomBarrier","Gatherer:FragileHammer"],"picked":"Gatherer:BambuSword","floor":13},{"not_picked":["Gatherer:BalancedGrowth","Gatherer:ColorfulGarden","Gatherer:AromaProtection"],"picked":"SKIP","floor":13},{"not_picked":["Gatherer:BlackTea","Gatherer:HeartToFruit"],"picked":"Gatherer:Overflowing","floor":16},{"not_picked":["Gatherer:CollectorsShot","Gatherer:CarefulStrike","Gatherer:DrugPower"],"picked":"SKIP","floor":18},{"not_picked":["Gatherer:EnergyBasket","Gatherer:AromaProtection+1","Gatherer:VenomBarrier"],"picked":"SKIP","floor":18},{"not_picked":["Gatherer:VenomBarrier","Gatherer:Convert","Gatherer:FeelingFine+1"],"picked":"SKIP","floor":20},{"not_picked":["Gatherer:GatherMaterial","Gatherer:EnergyBasket","Gatherer:FlowerBeam"],"picked":"SKIP","floor":20},{"not_picked":["Gatherer:OddSpoils","Gatherer:GatherMaterial","Gatherer:FlowerFalling+1"],"picked":"SKIP","floor":24},{"not_picked":["Gatherer:FruitForce","Gatherer:TreeGrowth","Gatherer:Uplift"],"picked":"SKIP","floor":24},{"not_picked":["Gatherer:FlowerShield","Gatherer:AcidicSpray"],"picked":"Gatherer:BambuSword","floor":25},{"not_picked":["Gatherer:DrugPower","Gatherer:Uplift","Gatherer:CarefulStrike"],"picked":"SKIP","floor":25},{"not_picked":["Gatherer:AromaProtection","Gatherer:QuickSynthesis","Gatherer:StoneFence"],"picked":"SKIP","floor":28},{"not_picked":["Gatherer:FlowerFalling","Gatherer:WoolGloves","Gatherer:BambuSword"],"picked":"SKIP","floor":28},{"not_picked":["Gatherer:Duality","Gatherer:ScherryThrow","Gatherer:PotentialSlash"],"picked":"SKIP","floor":29},{"not_picked":["Gatherer:Transmute","Gatherer:SmartManeuver","Gatherer:ScherryThrow"],"picked":"SKIP","floor":29},{"not_picked":["Gatherer:Convert","Gatherer:GatherMaterial","Gatherer:ScherryThrow+1"],"picked":"SKIP","floor":30},{"not_picked":["Gatherer:RecipeChange","Gatherer:MindSearch","Gatherer:AcidicSpray"],"picked":"SKIP","floor":30},{"not_picked":["Gatherer:VenomBarrier","Gatherer:Uplift+1","Gatherer:AcidicSpray"],"picked":"SKIP","floor":31},{"not_picked":["Gatherer:SmartManeuver","Gatherer:WoolGloves","Gatherer:Duality"],"picked":"SKIP","floor":31},{"not_picked":["Gatherer:Pollute+1","Gatherer:ScherryThrow","Gatherer:Snatch"],"picked":"SKIP","floor":35},{"not_picked":["Gatherer:Snatch","Gatherer:PotentialSlash","Gatherer:FeelingFine"],"picked":"SKIP","floor":35},{"not_picked":["Gatherer:BalancedGrowth+1","Gatherer:BigPouch"],"picked":"Gatherer:Nutrients","floor":36},{"not_picked":["Gatherer:CollectorsShot","Gatherer:CarefulStrike+1"],"picked":"Gatherer:Snatch+1","floor":36},{"not_picked":["Gatherer:FlowerFalling+1","Gatherer:AromaProtection","Gatherer:Misfortune"],"picked":"SKIP","floor":37},{"not_picked":["Gatherer:Convert","Gatherer:CarefulStrike+1","Gatherer:ScrollOfWall+1"],"picked":"SKIP","floor":37},{"not_picked":["Gatherer:AcidicSpray","Gatherer:BalancedGrowth+1"],"picked":"Gatherer:BambuSword","floor":39},{"not_picked":["Gatherer:BalancedGrowth","Gatherer:UpgradeBag","Gatherer:DrugPower"],"picked":"SKIP","floor":39},{"not_picked":["Gatherer:FruitForce","Gatherer:PotentialSlash"],"picked":"Gatherer:BambuSword+1","floor":44},{"not_picked":["Gatherer:MindSearch","Gatherer:BambuSword+1","Gatherer:DrugPower"],"picked":"SKIP","floor":44},{"not_picked":["Gatherer:Duality+1","Gatherer:FragileHammer","Gatherer:HeartToFruit"],"picked":"SKIP","floor":45},{"not_picked":["Gatherer:TreeGrowth","Gatherer:ScherryThrow","Gatherer:DrugPower"],"picked":"SKIP","floor":45},{"not_picked":["Gatherer:FlowerBeam+1","Gatherer:Frenzy+1","Gatherer:Transmute+1"],"picked":"SKIP","floor":47},{"not_picked":["Gatherer:Frenzy+1","Gatherer:FlowerShield+1","Gatherer:GatherMaterial"],"picked":"SKIP","floor":47},{"not_picked":["Chrysalis","Enlightenment"],"picked":"Apotheosis","floor":48}],"player_experience":1037968,"relics_obtained":[{"floor":5,"key":"DemoMod:Metronome"},{"floor":7,"key":"Oddly Smooth Stone"},{"floor":9,"key":"Simple Rune"},{"floor":26,"key":"Centennial Puzzle"},{"floor":43,"key":"Shuriken"}],"event_choices":[{"damage_healed":0,"gold_gain":100,"player_choice":"Pray","damage_taken":0,"max_hp_gain":0,"max_hp_loss":0,"event_name":"Golden Shrine","floor":2,"gold_loss":0},{"damage_healed":0,"gold_gain":75,"player_choice":"Gather Gold","damage_taken":11,"max_hp_gain":0,"max_hp_loss":0,"event_name":"World of Goop","floor":4,"gold_loss":0},{"damage_healed":0,"gold_gain":0,"player_choice":"Entered Light","damage_taken":14,"max_hp_gain":0,"max_hp_loss":0,"event_name":"Shining Light","floor":14,"gold_loss":0,"cards_upgraded":["Gatherer:Strike_Gatherer","Gatherer:BambuSword"]},{"cards_removed":["Gatherer:Strike_Gatherer"],"damage_healed":0,"gold_gain":0,"player_choice":"Gave Gold","damage_taken":0,"max_hp_gain":0,"max_hp_loss":0,"event_name":"Beggar","floor":19,"gold_loss":75},{"cards_removed":["Gatherer:Defend_Gatherer"],"damage_healed":0,"gold_gain":0,"player_choice":"Offered Basic","damage_taken":0,"max_hp_gain":0,"max_hp_loss":0,"event_name":"Bonfire Elementals","floor":22,"gold_loss":0},{"damage_healed":63,"gold_gain":0,"player_choice":"Heal","damage_taken":0,"max_hp_gain":0,"max_hp_loss":9,"event_name":"The Moai Head","floor":38,"gold_loss":0},{"damage_healed":0,"gold_gain":0,"player_choice":"Memory 1","damage_taken":0,"max_hp_gain":0,"max_hp_loss":0,"event_name":"SensoryStone","floor":48,"gold_loss":0}],"is_beta":false,"boss_relics":[{"not_picked":["Astrolabe","Replay:Wanted Poster"],"picked":"Runic Pyramid"},{"not_picked":["Runic Dome","Replay:Drink Me","Pandora\u0027s Box"]}],"items_purged_floors":[21],"is_endless":false,"potions_floor_spawned":[3,8,13,16,20,25,28,30,33,39,45],"ascension_level":12}}