{"host":"52zmxm0oht7x0uft","time":1609100430,"event":{"mods":["AchievementEnabler","BaseMod","Minty Spire (QoL Compilation)","Quick Restart"],"gold_per_floor":[114,125,125,139,139,139,167,167,167,192,192,117,129,149,149,149,149],"floor_reached":16,"playtime":721,"items_purged":["Strike_R"],"score":132,"play_id":"282ecc82-3576-4bed-9d45-51af4346e21b","local_time":"20201227212030","is_ascension_mode":true,"campfire_choices":[{"data":"Body Slam","floor":6,"key":"SMITH"},{"data":"Hemokinesis","floor":8,"key":"SMITH"},{"data":"Armaments","floor":11,"key":"SMITH"},{"floor":15,"key":"RECALL"}],"circlet_count":0,"master_deck":["Strike_R","Strike_R","Strike_R","Strike_R","Defend_R","Defend_R","Defend_R+1","Defend_R+1","Bash","Body Slam+1","Pain","Hemokinesis+1","Armaments+1"],"relics":["Burning Blood","Bag of Preparation","WarpedTongs","Art of War","Meat on the Bone","Eternal Feather"],"acts_visited":["Exordium"],"potions_floor_usage":[],"damage_taken":[{"damage":3,"enemies":"Jaw Worm","floor":1,"turns":5},{"damage":5,"enemies":"2 Louse","floor":2,"turns":3},{"damage":2,"enemies":"Cultist","floor":4,"turns":4},{"damage":30,"enemies":"Gremlin Nob","floor":7,"turns":5},{"damage":19,"enemies":"3 Sentries","floor":10,"turns":7},{"damage":9,"enemies":"2 Fungi Beasts","floor":13,"turns":4},{"damage":5,"enemies":"Looter","floor":14,"turns":3},{"damage":67,"enemies":"Slime Boss","floor":16,"turns":7}],"seed_played":"8987963270361688779","potions_obtained":[{"floor":4,"key":"ElixirPotion"},{"floor":7,"key":"Swift Potion"},{"floor":10,"key":"EntropicBrew"}],"is_trial":false,"path_per_floor":["M","M","?","M","?","R","E","R","T","E","R","$","M","M","R","B"],"character_chosen":"IRONCLAD","items_purchased":[],"campfire_rested":0,"item_purchase_floors":[],"current_hp_per_floor":[80,80,64,68,68,68,44,44,44,43,49,49,58,59,65,0,0],"gold":149,"neow_bonus":"RANDOM_COMMON_RELIC","is_daily":false,"chose_seed":false,"campfire_upgraded":3,"win_rate":0.0,"timestamp":1609100430,"path_taken":["M","M","?","M","?","R","E","R","T","E","R","$","?","M","R","BOSS"],"items_purchased_type":[],"build_version":"2020-12-22","purchased_purges":1,"victory":false,"max_hp_per_floor":[80,80,80,80,80,80,80,80,80,80,80,80,80,80,80,80,80],"card_choices":[{"not_picked":["Wild Strike","Carnage"],"picked":"Body Slam","floor":1},{"not_picked":["Twin Strike","Perfected Strike","Bloodletting"],"picked":"SKIP","floor":2},{"not_picked":["Pommel Strike","Reckless Charge","Headbutt"],"picked":"SKIP","floor":4},{"not_picked":["Burning Pact","Power Through"],"picked":"Hemokinesis","floor":7},{"not_picked":["Headbutt","Whirlwind"],"picked":"Armaments","floor":10},{"not_picked":["Bloodletting","Twin Strike","Anger"],"picked":"SKIP","floor":13},{"not_picked":["Wild Strike","Body Slam","Burning Pact"],"picked":"SKIP","floor":14}],"player_experience":322748,"relics_obtained":[{"floor":7,"key":"Art of War"},{"floor":9,"key":"Meat on the Bone"},{"floor":10,"key":"Eternal Feather"}],"event_choices":[{"damage_healed":0,"gold_gain":0,"player_choice":"Entered Light","damage_taken":16,"max_hp_gain":0,"max_hp_loss":0,"event_name":"Shining Light","floor":3,"gold_loss":0,"cards_upgraded":["Defend_R","Defend_R"]},{"damage_healed":0,"gold_gain":0,"player_choice":"Rummage","damage_taken":0,"relics_obtained":["WarpedTongs"],"max_hp_gain":0,"max_hp_loss":0,"event_name":"Accursed Blacksmith","floor":5,"gold_loss":0,"cards_obtained":["Pain"]}],"is_beta":false,"boss_relics":[],"items_purged_floors":[12],"is_endless":false,"potions_floor_spawned":[4,7,10],"killed_by":"Slime Boss","ascension_level":4}}