{"host":"rbe3q8xi4jxb8cmk","time":1609113533,"event":{"mods":["BaseMod","Better Third Choice","Hermit","Jorbs\u0027s Wanderer Trilogy","Luminous","Minty Spire (QoL Compilation)","Relic Stats","Shade Mod","StSLib"],"gold_per_floor":[368,380,392,12,22,48,48,48,96,131,131,157,157,157,157,257,257,273,284,302,15,15,15,42,42,67,81,100,118,118,118],"floor_reached":30,"playtime":2355,"items_purged":["Parasite"],"score":432,"play_id":"098a0560-8155-4e73-9da1-e04a611bc250","local_time":"20201228005853","is_ascension_mode":true,"campfire_choices":[{"floor":8,"key":"REST"},{"data":"Dualcast","floor":11,"key":"SMITH"},{"floor":15,"key":"REST"},{"data":"Creative AI","floor":23,"key":"SMITH"},{"floor":25,"key":"REST"}],"circlet_count":0,"master_deck":["AscendersBane","Zap","Dualcast+1","Auto Shields","Sweeping Beam","Doom and Gloom","Cold Snap","Chill","Melter","Creative AI+1","Fusion","Chill","Meteor Strike","Fusion","Barrage","Chill","Hologram+1","Reinforced Body","Compile Driver+1","Loop","Lockon","Multi-Cast","Core Surge","Heatsinks","Storm+1","Tempest","Stack"],"relics":["Cracked Core","Prayer Wheel","Meat on the Bone","Centennial Puzzle","DataDisk","Blue Candle","Pandora\u0027s Box","Strawberry","Shuriken","Ancient Tea Set"],"acts_visited":["Exordium","TheCity"],"potions_floor_usage":[3,10,19,27],"damage_taken":[{"damage":0,"enemies":"Small Slimes","floor":1,"turns":3},{"damage":1,"enemies":"Cultist","floor":2,"turns":3},{"damage":4,"enemies":"2 Louse","floor":3,"turns":2},{"damage":2,"enemies":"Lots of Slimes","floor":5,"turns":4},{"damage":33,"enemies":"Gremlin Nob","floor":6,"turns":5},{"damage":20,"enemies":"3 Sentries","floor":10,"turns":5},{"damage":35,"enemies":"Lagavulin","floor":12,"turns":7},{"damage":25,"enemies":"The Guardian","floor":16,"turns":14},{"damage":12,"enemies":"Chosen","floor":18,"turns":8},{"damage":24,"enemies":"Shell Parasite","floor":19,"turns":7},{"damage":18,"enemies":"3 Cultists","floor":20,"turns":7},{"damage":56,"enemies":"Gremlin Leader","floor":24,"turns":13},{"damage":0,"enemies":"Sentry and Sphere","floor":27,"turns":4},{"damage":22,"enemies":"Cultist and Chosen","floor":28,"turns":8},{"damage":12,"enemies":"Chosen and Byrds","floor":29,"turns":6},{"damage":55,"enemies":"Book of Stabbing","floor":30,"turns":5}],"seed_played":"8703662662127399982","potions_obtained":[{"floor":1,"key":"SkillPotion"},{"floor":5,"key":"Explosive Potion"},{"floor":12,"key":"FearPotion"},{"floor":16,"key":"ColorlessPotion"},{"floor":24,"key":"ColorlessPotion"}],"is_trial":false,"path_per_floor":["M","M","M","$","M","E","?","R","T","E","R","E","?","?","R","B",null,"M","M","M","$","?","R","E","R","T","M","M","M","E"],"character_chosen":"DEFECT","items_purchased":["Prayer Wheel","Multi-Cast","Strawberry"],"campfire_rested":3,"item_purchase_floors":[4,21,21],"current_hp_per_floor":[68,67,63,63,61,28,28,49,49,41,41,18,18,18,39,26,61,49,37,31,38,79,79,35,58,58,58,48,48,0,0],"gold":118,"neow_bonus":"TWO_FIFTY_GOLD","is_daily":false,"chose_seed":false,"campfire_upgraded":2,"win_rate":0.0,"timestamp":1609113533,"path_taken":["M","M","M","$","M","E","?","R","T","E","R","E","?","?","R","BOSS","M","?","M","$","?","R","E","R","T","M","M","M","E"],"items_purchased_type":["Relic","Card","Relic"],"build_version":"2020-12-22","purchased_purges":1,"victory":false,"max_hp_per_floor":[75,75,75,72,72,72,72,72,72,72,72,72,72,72,72,72,72,72,72,72,79,79,79,79,79,79,79,79,79,79,79],"relic_stats":{"Centennial Puzzle":[30],"counters":[16,101],"Shuriken":[2],"Blue Candle":[0],"Prayer Wheel":7,"Pandora\u0027s Box":["Aggregate","Fusion","Chill","Meteor Strike","Fusion","Barrage","Chill"],"obtain_stats":[{"Centennial Puzzle":9,"DataDisk":10,"Shuriken":24,"Blue Candle":12,"Strawberry":21,"Prayer Wheel":4,"Pandora\u0027s Box":17,"Cracked Core":0,"Ancient Tea Set":26,"Meat on the Bone":6},{"Centennial Puzzle":5,"DataDisk":6,"Shuriken":12,"Blue Candle":7,"Strawberry":11,"Prayer Wheel":3,"Pandora\u0027s Box":8,"Cracked Core":0,"Ancient Tea Set":12,"Meat on the Bone":5},{"Centennial Puzzle":17,"DataDisk":22,"Shuriken":78,"Blue Candle":29,"Strawberry":65,"Prayer Wheel":8,"Pandora\u0027s Box":43,"Cracked Core":0,"Ancient Tea Set":78,"Meat on the Bone":17}],"Meat on the Bone":96},"card_choices":[{"not_picked":["Stack","Beam Cell","Redo"],"picked":"SKIP","floor":1},{"not_picked":["Rebound","Aggregate"],"picked":"Auto Shields","floor":2},{"not_picked":["Turbo","Gash"],"picked":"Sweeping Beam","floor":3},{"not_picked":["Gash","Steam"],"picked":"Doom and Gloom","floor":5},{"not_picked":["Aggregate","Double Energy","Conserve Battery"],"picked":"SKIP","floor":5},{"not_picked":["Streamline","Go for the Eyes"],"picked":"Cold Snap","floor":6},{"not_picked":["Leap","Reprogram"],"picked":"Chill","floor":10},{"not_picked":["Leap","White Noise","Recycle"],"picked":"SKIP","floor":12},{"not_picked":["Multi-Cast","Rainbow"],"picked":"Creative AI","floor":16},{"not_picked":["Turbo","Compile Driver"],"picked":"Hologram+1","floor":18},{"not_picked":["Consume","Conserve Battery","Beam Cell+1"],"picked":"SKIP","floor":18},{"not_picked":["Turbo","Skim"],"picked":"Reinforced Body","floor":19},{"not_picked":["Skim","Beam Cell"],"picked":"Compile Driver+1","floor":19},{"not_picked":["Streamline","Beam Cell"],"picked":"Loop","floor":20},{"not_picked":["Compile Driver","Redo"],"picked":"Lockon","floor":20},{"not_picked":["Rebound","Sweeping Beam"],"picked":"Core Surge","floor":24},{"not_picked":["Rebound","Auto Shields"],"picked":"Heatsinks","floor":27},{"not_picked":["Leap","Redo","Hologram"],"picked":"SKIP","floor":27},{"not_picked":["Doom and Gloom","Go for the Eyes"],"picked":"Storm+1","floor":28},{"not_picked":["Compile Driver","Cold Snap","Coolheaded"],"picked":"SKIP","floor":28},{"not_picked":["Genetic Algorithm","Creative AI"],"picked":"Tempest","floor":29},{"not_picked":["Go for the Eyes","Gash"],"picked":"Stack","floor":29}],"player_experience":769854,"relics_obtained":[{"floor":6,"key":"Meat on the Bone"},{"floor":9,"key":"Centennial Puzzle"},{"floor":10,"key":"DataDisk"},{"floor":12,"key":"Blue Candle"},{"floor":24,"key":"Shuriken"},{"floor":26,"key":"Ancient Tea Set"}],"event_choices":[{"damage_healed":0,"gold_gain":0,"player_choice":"Searched \u00271\u0027 times","damage_taken":0,"max_hp_gain":0,"max_hp_loss":0,"event_name":"Dead Adventurer","floor":7,"gold_loss":0},{"damage_healed":0,"gold_gain":0,"player_choice":"Ignored","damage_taken":157,"max_hp_gain":0,"max_hp_loss":0,"event_name":"betterThird:BetterSerpent","floor":13,"gold_loss":0},{"damage_healed":0,"gold_gain":0,"cards_transformed":["Strike_B"],"player_choice":"Transformed","damage_taken":0,"max_hp_gain":0,"max_hp_loss":0,"event_name":"Transmorgrifier","floor":14,"gold_loss":0,"cards_obtained":["Melter"]},{"cards_removed":["Aggregate"],"damage_healed":41,"gold_gain":0,"player_choice":"Offered Uncommon","damage_taken":0,"max_hp_gain":0,"max_hp_loss":0,"event_name":"Bonfire Elementals","floor":22,"gold_loss":0}],"is_beta":false,"boss_relics":[{"not_picked":["Black Star","Philosopher\u0027s Stone"],"picked":"Pandora\u0027s Box"}],"items_purged_floors":[4],"is_endless":false,"potions_floor_spawned":[1,5,12,16,24],"killed_by":"Book of Stabbing","ascension_level":12}}