{"host":"a5lz0e76zb3fcwkm","time":1609074617,"event":{"mods":["AchievementEnabler","BaseMod","Colored Map","Colored Powertips","Minty Spire (QoL Compilation)","StSLib","SuperFastMode"],"gold_per_floor":[114,39,56,56,56,56,83,83,83,94,111,111,111,111,111,188,188,205,130,130,142,58,58,88,13,13,24,34,54,54,80,92,181,193,217,229,257,284,312,324,347,384,396,408,420,449,461,125,125,125,125,125,125,40,40,40],"floor_reached":55,"playtime":1125,"items_purged":["Strike_R","Strike_R"],"score":1835,"play_id":"ca846857-95c2-4e33-bac9-42f150a91828","local_time":"20201227221017","is_ascension_mode":true,"campfire_choices":[{"data":"Pummel","floor":6.0,"key":"SMITH"},{"data":"Infernal Blade","floor":8.0,"key":"SMITH"},{"data":"Wild Strike","floor":15.0,"key":"SMITH"},{"data":"Immolate","floor":23.0,"key":"SMITH"},{"data":"Entrench","floor":32.0,"key":"SMITH"},{"floor":40.0,"key":"RECALL"},{"data":"Inflame","floor":44.0,"key":"SMITH"},{"data":"Disarm","floor":49.0,"key":"SMITH"},{"data":"Bash","floor":53,"key":"SMITH"}],"circlet_count":0,"master_deck":["AscendersBane","Defend_R","Defend_R","Defend_R","Defend_R","Bash+1","Pummel+1","Seeing Red+1","Infernal Blade+1","Fiend Fire+1","Wild Strike+1","Immolate+1","Shrug It Off+1","Inflame+1","Entrench+1","Feel No Pain+1","Demon Form+1","Whirlwind+1","Sword Boomerang+1","Disarm+1"],"relics":["Burning Blood","NeowsBlessing","Blood Vial","Shuriken","Bronze Scales","Letter Opener","CultistMask","Coffee Dripper","Nilry\u0027s Codex","Bag of Preparation","MawBank","Snecko Eye","Gambling Chip","Bag of Marbles","Vajra"],"acts_visited":["Exordium","TheCity","TheBeyond","TheEnding"],"potions_floor_usage":[50,55],"damage_taken":[{"damage":0.0,"enemies":"Jaw Worm","floor":1.0,"turns":1.0},{"damage":0.0,"enemies":"Small Slimes","floor":3.0,"turns":1.0},{"damage":0.0,"enemies":"3 Sentries","floor":7.0,"turns":1.0},{"damage":6.0,"enemies":"Cultist","floor":10.0,"turns":3.0},{"damage":3.0,"enemies":"Looter","floor":11.0,"turns":2.0},{"damage":39.0,"enemies":"Slime Boss","floor":16.0,"turns":7.0},{"damage":0.0,"enemies":"2 Thieves","floor":18.0,"turns":2.0},{"damage":2.0,"enemies":"3 Byrds","floor":21.0,"turns":2.0},{"damage":3.0,"enemies":"Slavers","floor":24.0,"turns":3.0},{"damage":0.0,"enemies":"Cultist and Chosen","floor":27.0,"turns":3.0},{"damage":5.0,"enemies":"Sentry and Sphere","floor":28.0,"turns":3.0},{"damage":9.0,"enemies":"Shelled Parasite and Fungi","floor":29.0,"turns":2.0},{"damage":0.0,"enemies":"Gremlin Leader","floor":31.0,"turns":3.0},{"damage":26.0,"enemies":"Collector","floor":33.0,"turns":7.0},{"damage":0.0,"enemies":"Orb Walker","floor":35.0,"turns":2.0},{"damage":10.0,"enemies":"3 Shapes","floor":37.0,"turns":4.0},{"damage":3.0,"enemies":"Sphere and 2 Shapes","floor":38.0,"turns":3.0},{"damage":0.0,"enemies":"Transient","floor":39.0,"turns":6.0},{"damage":0.0,"enemies":"Spire Growth","floor":41.0,"turns":2.0},{"damage":0.0,"enemies":"Mind Bloom Boss Battle","floor":42.0,"turns":2.0},{"damage":0.0,"enemies":"Jaw Worm Horde","floor":46.0,"turns":1.0},{"damage":21,"enemies":"Donu and Deca","floor":50,"turns":4},{"damage":31,"enemies":"Time Eater","floor":51,"turns":6},{"damage":103,"enemies":"Shield and Spear","floor":55,"turns":3}],"seed_played":"-6654064925443632277","potions_obtained":[{"floor":7.0,"key":"SkillPotion"},{"floor":10.0,"key":"FearPotion"},{"floor":18.0,"key":"EssenceOfSteel"},{"floor":21.0,"key":"Swift Potion"},{"floor":24.0,"key":"CultistPotion"},{"floor":31.0,"key":"LiquidBronze"},{"floor":33.0,"key":"Weak Potion"},{"floor":35.0,"key":"DistilledChaos"},{"floor":45.0,"key":"LiquidMemories"}],"is_trial":false,"path_per_floor":["M","?","M","T","?","R","E","R","T","M","M","?","?","?","R","B",null,"M","?","?","M","$","R","E","$","T","M","M","M","?","E","R","B",null,"M","?","M","M","M","R","M","?","T","R","?","M","?","$","R","B","B",null,"R","$","E"],"character_chosen":"IRONCLAD","items_purchased":["Inflame","Vajra","Disarm","Ancient Potion"],"campfire_rested":0,"item_purchase_floors":[22,48,48,54],"current_hp_per_floor":[74,74,75,75,75,75,75,75,75,75,75,75,52,52,52,21,62,70,70,49,55,55,55,60,60,60,68,71,70,70,75,75,55,70,75,75,71,75,75,75,75,75,75,75,75,75,75,75,75,60,37,66,66,66,0,0],"gold":40,"neow_bonus":"THREE_ENEMY_KILL","is_daily":false,"chose_seed":false,"campfire_upgraded":8,"win_rate":0.0,"timestamp":1609074617,"path_taken":["M","?","M","?","?","R","E","R","T","M","?","?","?","?","R","BOSS","M","?","?","M","$","R","E","?","T","M","M","?","?","E","R","BOSS","M","?","M","?","M","R","M","?","T","R","?","?","?","?","R","BOSS","BOSS","R","$","E"],"items_purchased_type":["Card","Relic","Card","Potion"],"build_version":"2020-12-22","purchased_purges":2,"victory":false,"max_hp_per_floor":[75,75,75,75,75,75,75,75,75,75,75,75,75,75,75,75,75,75,75,75,75,75,75,75,75,75,75,75,75,75,75,75,75,75,75,75,75,75,75,75,75,75,75,75,75,75,75,75,75,75,75,75,75,75,75,75],"card_choices":[{"not_picked":["Headbutt","Metallicize"],"picked":"Pummel","floor":1.0},{"not_picked":["Perfected Strike","Warcry"],"picked":"Seeing Red","floor":3.0},{"not_picked":["Bloodletting","Headbutt"],"picked":"Infernal Blade","floor":7.0},{"not_picked":["Sever Soul","Perfected Strike","Thunderclap"],"picked":"SKIP","floor":10.0},{"not_picked":["Clash","Uppercut"],"picked":"Fiend Fire","floor":11.0},{"not_picked":["Berserk","Feed"],"picked":"Immolate","floor":16.0},{"not_picked":["Wild Strike","Whirlwind+1"],"picked":"Shrug It Off","floor":18.0},{"not_picked":["Havoc","Intimidate","Flex"],"picked":"SKIP","floor":21.0},{"not_picked":["Thunderclap","Wild Strike"],"picked":"Entrench","floor":24.0},{"not_picked":["Clothesline","Pommel Strike","Thunderclap"],"picked":"SKIP","floor":27.0},{"not_picked":["Dark Embrace","Iron Wave","Metallicize+1"],"picked":"SKIP","floor":28.0},{"not_picked":["Bloodletting","Shrug It Off"],"picked":"Feel No Pain+1","floor":29.0},{"not_picked":["Dropkick","Pommel Strike","Thunderclap"],"picked":"SKIP","floor":31.0},{"not_picked":["Dropkick","Pommel Strike","Thunderclap"],"picked":"SKIP","floor":31.0},{"not_picked":["Feed","Brutality"],"picked":"Demon Form","floor":33.0},{"not_picked":["Iron Wave+1","Pommel Strike","Inflame"],"picked":"SKIP","floor":35.0},{"not_picked":["Thunderclap","Sword Boomerang"],"picked":"Whirlwind+1","floor":37.0},{"not_picked":["Perfected Strike","Feel No Pain"],"picked":"Sword Boomerang+1","floor":38.0},{"not_picked":["Reckless Charge","Pommel Strike+1","Twin Strike"],"picked":"SKIP","floor":39.0},{"not_picked":["True Grit","Clothesline","Heavy Blade"],"picked":"SKIP","floor":41.0},{"not_picked":["Juggernaut","Havoc","Rampage"],"picked":"SKIP","floor":46.0}],"player_experience":1650982,"relics_obtained":[{"floor":4.0,"key":"Blood Vial"},{"floor":5.0,"key":"Shuriken"},{"floor":7.0,"key":"Bronze Scales"},{"floor":9.0,"key":"Letter Opener"},{"floor":20.0,"key":"Nilry\u0027s Codex"},{"floor":24.0,"key":"Bag of Preparation"},{"floor":31.0,"key":"MawBank"},{"floor":42.0,"key":"Gambling Chip"},{"floor":43.0,"key":"Bag of Marbles"}],"event_choices":[{"cards_removed":["Strike_R"],"damage_healed":0.0,"max_hp_gain":0.0,"max_hp_loss":0.0,"gold_gain":0.0,"event_name":"The Cleric","player_choice":"Card Removal","floor":2.0,"gold_loss":75.0,"damage_taken":0.0},{"damage_healed":0.0,"max_hp_gain":0.0,"max_hp_loss":0.0,"gold_gain":0.0,"event_name":"Wheel of Change","player_choice":"Relic","floor":5.0,"gold_loss":0.0,"damage_taken":0.0},{"damage_healed":0.0,"max_hp_gain":0.0,"max_hp_loss":0.0,"gold_gain":0.0,"cards_transformed":["Strike_R"],"event_name":"Living Wall","player_choice":"Change","floor":12.0,"gold_loss":0.0,"damage_taken":0.0,"cards_obtained":["Wild Strike"]},{"damage_healed":0.0,"max_hp_gain":0.0,"max_hp_loss":0.0,"gold_gain":0.0,"event_name":"Shining Light","player_choice":"Entered Light","floor":13.0,"gold_loss":0.0,"damage_taken":23.0,"cards_upgraded":["Fiend Fire","Seeing Red"]},{"damage_healed":0.0,"max_hp_gain":0.0,"max_hp_loss":0.0,"gold_gain":0.0,"event_name":"FaceTrader","player_choice":"Trade","floor":14.0,"gold_loss":0.0,"damage_taken":0.0,"relics_obtained":["CultistMask"]},{"cards_removed":["Strike_R"],"damage_healed":0.0,"max_hp_gain":0.0,"max_hp_loss":0.0,"gold_gain":0.0,"event_name":"Beggar","player_choice":"Gave Gold","floor":19.0,"gold_loss":75.0,"damage_taken":0.0},{"damage_healed":0.0,"max_hp_gain":0.0,"max_hp_loss":0.0,"gold_gain":0.0,"event_name":"Cursed Tome","player_choice":"Obtained Book","floor":20.0,"gold_loss":0.0,"damage_taken":21.0},{"damage_healed":0.0,"max_hp_gain":0.0,"max_hp_loss":0.0,"gold_gain":0.0,"event_name":"Upgrade Shrine","player_choice":"Upgraded","floor":36.0,"gold_loss":0.0,"damage_taken":0.0,"cards_upgraded":["Demon Form"]},{"damage_healed":0.0,"max_hp_gain":0.0,"max_hp_loss":0.0,"gold_gain":0.0,"event_name":"MindBloom","player_choice":"Fight","floor":42.0,"gold_loss":0.0,"damage_taken":0.0},{"damage_healed":0.0,"max_hp_gain":0.0,"max_hp_loss":0.0,"gold_gain":0.0,"event_name":"Lab","player_choice":"Got Potions","floor":45.0,"gold_loss":0.0,"damage_taken":0.0},{"damage_healed":0.0,"max_hp_gain":0.0,"max_hp_loss":0.0,"gold_gain":0.0,"event_name":"Accursed Blacksmith","player_choice":"Forge","floor":47.0,"gold_loss":0.0,"damage_taken":0.0,"cards_upgraded":["Shrug It Off"]}],"is_beta":false,"boss_relics":[{"not_picked":["Runic Pyramid","SlaversCollar"],"picked":"Coffee Dripper"},{"not_picked":["Fusion Hammer","Black Star"],"picked":"Snecko Eye"}],"items_purged_floors":[25,48],"is_endless":false,"potions_floor_spawned":[7,10,18,21,24,31,33,35,39,46],"killed_by":"Shield and Spear","ascension_level":20}}