{"host":"rvgqag7mtxu5qaaz","time":1609103538,"event":{"mods":["AchievementEnabler","BaseMod","Downfall","Hermit","Hubris","Minty Spire (QoL Compilation)","Replay The Spire","StSLib","SuperFastMode","The Animator","The Construct","The Cursed","The Disciple","The Necromancer"],"gold_per_floor":[118,118,118,132,151,151,167,177,259,274,289,319,331,14,14,186,186,201,230,230,250,250,262,275,275,275,275,301,301,333,536,536,640,640,667,702,120,136,411,411,476,476,500,510,535,535,552,569,569,569],"floor_reached":51,"playtime":4225,"items_purged":["hermit:Strike_Hermit","hermit:Ricochet"],"score":628,"play_id":"ce90c5be-fdeb-4915-b336-900b15b5110a","local_time":"20201227161218","is_ascension_mode":false,"campfire_choices":[{"data":"hermit:BlackWind","floor":6,"key":"SMITH"},{"floor":15,"key":"REST"},{"floor":25,"key":"REST"},{"floor":27,"key":"REST"},{"floor":32,"key":"REST"},{"floor":40,"key":"REST"},{"floor":42,"key":"REST"},{"floor":46,"key":"REST"},{"floor":49,"key":"REST"}],"circlet_count":0,"master_deck":["hermit:Strike_Hermit+1","hermit:Strike_Hermit+1","hermit:Strike_Hermit+1","hermit:Defend_Hermit","hermit:Defend_Hermit","hermit:Defend_Hermit","hermit:Defend_Hermit","hermit:Snapshot","hermit:Covet","hermit:GhostlyPresence","hermit:Combo","hermit:BlackWind+1","hermit:GoldenBullet","hermit:GoldenBullet","hermit:CursedWeapon","hermit:ShadowCloak","hermit:DeadOrAlive","hermit:Vantage","expansioncontent:QuickStudy","hermit:CalledShot","hermit:HighNoon","hermit:TrackingShot+1","hermit:Roughhouse","hermit:EyeOfTheStorm","hermit:Gestalt","hermit:BigShot","ReplayTheSpireMod:Splinters","hermit:Deadeye","hermit:Reprieve","hermit:FromBeyond","hermit:Combo+1","Chrysalis","hermit:CursedWeapon","hermit:Combo","Enlightenment","hermit:GhostlyPresence+1","Regret","hermit:Adapt","hermit:Snipe","hermit:Headshot","hermit:FinalCanter","hermit:Combo+1","hermit:CursedWeapon+1","hermit:TrackingShot+1"],"relics":["hermit:BartenderGlass","HornCleat","Vajra","Philosopher\u0027s Stone","Ancient Tea Set","Pet Ghost","Iron Hammer","hubris:Towel","Dream Catcher","SlaversCollar","Membership Card","Regal Pillow","Centennial Puzzle","hermit:RyeStalk","Replay:Mystery Machine","Blue Doll"],"acts_visited":["Exordium","TheCity","TheBeyond"],"potions_floor_usage":[11,11,11,16,16,16,16,23,24,35,35,41,44,44,48,50,50,50],"damage_taken":[{"damage":0,"enemies":"2 Louse","floor":1,"turns":3},{"damage":5,"enemies":"Jaw Worm","floor":4,"turns":2},{"damage":1,"enemies":"Small Slimes","floor":5,"turns":2},{"damage":7,"enemies":"2 Fungi Beasts","floor":7,"turns":4},{"damage":4,"enemies":"Large Slime","floor":8,"turns":11},{"damage":0,"enemies":"Looter","floor":10,"turns":1},{"damage":10,"enemies":"Lots of Slimes","floor":11,"turns":5},{"damage":23,"enemies":"Gremlin Nob","floor":12,"turns":4},{"damage":0,"enemies":"Blue Slaver","floor":13,"turns":1},{"damage":17,"enemies":"The Guardian","floor":16,"turns":12},{"damage":10,"enemies":"Shell Parasite","floor":18,"turns":6},{"damage":5,"enemies":"3 Byrds","floor":19,"turns":4},{"damage":18,"enemies":"Snake Plant","floor":21,"turns":3},{"damage":2,"enemies":"Snecko","floor":23,"turns":2},{"damage":12,"enemies":"Chosen and Byrds","floor":24,"turns":3},{"damage":23,"enemies":"Book of Stabbing","floor":28,"turns":4},{"damage":27,"enemies":"Slavers","floor":30,"turns":4},{"damage":11,"enemies":"hubris:MusketHawk","floor":33,"turns":6},{"damage":22,"enemies":"3 Darklings","floor":35,"turns":6},{"damage":20,"enemies":"3 Shapes","floor":36,"turns":3},{"damage":37,"enemies":"Spire Growth","floor":38,"turns":5},{"damage":4,"enemies":"Reptomancer","floor":41,"turns":3},{"damage":44,"enemies":"Writhing Mass","floor":44,"turns":6},{"damage":3,"enemies":"Giant Head","floor":45,"turns":5},{"damage":2,"enemies":"Jaw Worm Horde","floor":47,"turns":3},{"damage":42,"enemies":"Transient","floor":48,"turns":5},{"damage":39,"enemies":"Replay:Hell Engine","floor":50,"turns":9}],"seed_played":"-5649831387082662610","potions_obtained":[{"floor":5,"key":"Ancient Potion"},{"floor":8,"key":"Energy Potion"},{"floor":12,"key":"BlessingOfTheForge"},{"floor":13,"key":"Weak Potion"},{"floor":18,"key":"Guardian:BlockOnCardUsePotion"},{"floor":19,"key":"FairyPotion"},{"floor":21,"key":"BlessingOfTheForge"},{"floor":48,"key":"EntropicBrew"}],"is_trial":false,"path_per_floor":["M","?","?","M","M","R","M","M","T","M","M","E","M","$","R","B",null,"M","M","?","M","?","M","M","R","T","R","E","?","E","?","R","B",null,"M","M","$","M","?","R","E","R","T","M","E","R","M","M","R","B",null],"character_chosen":"HERMIT","items_purchased":["expansioncontent:QuickStudy","hermit:CalledShot","Membership Card","Chrysalis","hermit:CursedWeapon","hermit:Combo","Regal Pillow","Enlightenment","Centennial Puzzle","Swift Potion"],"campfire_rested":8,"item_purchase_floors":[14,14,37,37,37,37,37,37,37,37],"current_hp_per_floor":[75,75,60,55,54,54,47,43,43,43,33,10,10,10,32,15,75,65,60,60,42,28,26,14,38,38,62,39,39,12,12,36,25,80,58,38,38,9,9,48,56,80,80,49,54,80,78,36,75,36],"gold":569,"neow_bonus":"BOSS_RELIC","is_daily":false,"chose_seed":false,"campfire_upgraded":1,"win_rate":0.0,"timestamp":1609103538,"path_taken":["M","?","?","M","M","R","M","M","T","M","M","E","M","$","R","BOSS","M","M","?","M","?","M","M","R","T","R","E","?","E","?","R","BOSS","M","M","$","M","?","R","E","R","T","M","E","R","M","?","R","BOSS"],"items_purchased_type":["Card","Card","Relic","Card","Card","Card","Relic","Card","Relic","Potion"],"build_version":"2020-12-22","purchased_purges":2,"victory":true,"max_hp_per_floor":[75,75,75,75,75,75,75,75,75,75,75,75,75,75,75,75,75,75,75,75,75,80,80,80,80,80,80,80,80,80,80,80,80,80,80,80,80,80,80,80,80,80,80,80,80,80,80,80,80,80],"card_choices":[{"not_picked":["hermit:Desperado","hermit:FlashPowder"],"picked":"hermit:GhostlyPresence","floor":1},{"not_picked":["hermit:HoleUp","hermit:HighCaliber"],"picked":"hermit:Combo","floor":4},{"not_picked":["hermit:Coalescence","hermit:ItchyTrigger"],"picked":"hermit:BlackWind","floor":5},{"not_picked":["hermit:CalledShot","hermit:LoneWolf"],"picked":"hermit:GoldenBullet","floor":7},{"not_picked":["hermit:Feint","hermit:Shortfuse"],"picked":"hermit:GoldenBullet","floor":8},{"not_picked":["hermit:WideOpen","hermit:Manifest"],"picked":"hermit:CursedWeapon","floor":10},{"not_picked":["hermit:LuckOfTheDraw","hermit:Cheat"],"picked":"hermit:ShadowCloak","floor":11},{"not_picked":["hermit:Maintenance","hermit:Ricochet"],"picked":"hermit:DeadOrAlive","floor":12},{"not_picked":["hermit:Virtue","hermit:LowProfile"],"picked":"hermit:Vantage","floor":13},{"not_picked":["hermit:EternalForm","hermit:Dissolve"],"picked":"hermit:HighNoon","floor":16},{"not_picked":["hermit:Quickdraw","hermit:PistolWhip"],"picked":"hermit:Ricochet","floor":18},{"not_picked":["hermit:Desperado","hermit:Shortfuse"],"picked":"hermit:TrackingShot+1","floor":19},{"not_picked":["hermit:Dive","hermit:GhostlyPresence+1"],"picked":"hermit:Roughhouse","floor":21},{"not_picked":["hermit:Desperado+1","hermit:Malice"],"picked":"hermit:EyeOfTheStorm","floor":23},{"not_picked":["hermit:PistolWhip","hermit:Scavenge"],"picked":"hermit:Gestalt","floor":24},{"not_picked":["hermit:Coalescence+1","hermit:HoleUp","hermit:Scavenge"],"picked":"SKIP","floor":28},{"not_picked":["hermit:HoleUp","hermit:GhostlyPresence"],"picked":"hermit:BigShot","floor":30},{"not_picked":["hermit:Spite","hermit:FullyLoaded"],"picked":"hermit:Deadeye","floor":32},{"not_picked":["hermit:Roughhouse","hermit:DeadOrAlive"],"picked":"hermit:Reprieve","floor":33},{"not_picked":["hermit:ItchyTrigger+1","hermit:LowProfile+1"],"picked":"hermit:FromBeyond","floor":35},{"not_picked":["hermit:LuckOfTheDraw+1","hermit:Dive+1"],"picked":"hermit:Combo+1","floor":36},{"not_picked":["hermit:Manifest","hermit:Cheat"],"picked":"hermit:GhostlyPresence+1","floor":38},{"not_picked":["hermit:PistolWhip+1","hermit:Desperado"],"picked":"hermit:Adapt","floor":40},{"not_picked":["hermit:Misfire+1","hermit:Dive+1"],"picked":"hermit:Snipe","floor":41},{"not_picked":["hermit:LowProfile+1","hermit:FullyLoaded"],"picked":"hermit:Headshot","floor":42},{"not_picked":["hermit:HighCaliber+1","hermit:Ricochet"],"picked":"hermit:FinalCanter","floor":44},{"not_picked":["hermit:Deadeye","hermit:Glare+1"],"picked":"hermit:Combo+1","floor":45},{"not_picked":["hermit:BodyArmor+1","hermit:Glare","hermit:Spite"],"picked":"SKIP","floor":47},{"not_picked":["hermit:Horror","hermit:ItchyTrigger+1"],"picked":"hermit:CursedWeapon+1","floor":48},{"not_picked":["hermit:ItchyTrigger+1","hermit:FullyLoaded+1"],"picked":"hermit:TrackingShot+1","floor":49}],"player_experience":310852,"relics_obtained":[{"floor":9,"key":"HornCleat"},{"floor":12,"key":"Vajra"},{"floor":26,"key":"Pet Ghost"},{"floor":28,"key":"Iron Hammer"},{"floor":30,"key":"Dream Catcher"},{"floor":41,"key":"hermit:RyeStalk"},{"floor":43,"key":"Replay:Mystery Machine"},{"floor":45,"key":"Blue Doll"}],"event_choices":[{"damage_healed":0,"gold_gain":0,"player_choice":"Entered Light","damage_taken":15,"max_hp_gain":0,"max_hp_loss":0,"event_name":"Shining Light","floor":3,"gold_loss":0,"cards_upgraded":["hermit:Strike_Hermit","hermit:Strike_Hermit"]},{"damage_healed":0,"gold_gain":0,"player_choice":"Shed Blood","damage_taken":19,"max_hp_gain":5,"max_hp_loss":0,"event_name":"Forgotten Altar","floor":22,"gold_loss":0},{"damage_healed":0,"gold_gain":275,"player_choice":"Desecrate","damage_taken":0,"max_hp_gain":0,"max_hp_loss":0,"event_name":"Golden Shrine","floor":39,"gold_loss":0,"cards_obtained":["Regret"]}],"is_beta":false,"boss_relics":[{"not_picked":["Busted Crown","Painkiller Herb"],"picked":"Philosopher\u0027s Stone"},{"not_picked":["Runic Dome","Pandora\u0027s Box"],"picked":"SlaversCollar"}],"items_purged_floors":[14,37],"is_endless":false,"potions_floor_spawned":[5,8,12,13,18,19,21,30,41,47,48],"ascension_level":0}}