{"host":"hgkb2zpbo2dcws21","time":1609078635,"event":{"mods":["AchievementEnabler","BaseMod","Colored Map","Colored Powertips","Custom Start","DeckTracker","KOR Keyword Fix","Minty Spire (QoL Compilation)","Relic Stats","StSLib","SuperFastMode"],"gold_per_floor":[114,124,124,124,144,144,171,171,243,277,277,277,202,219,219,294,294,310,326,346,144,158,158,175,175,198,231,231,281,281,293,293,293,293],"floor_reached":33,"playtime":756,"items_purged":["Strike_R","Strike_R"],"score":550,"play_id":"2be64b8e-6f50-4a80-a9e1-fbd030c4e6f4","local_time":"20201227231715","is_ascension_mode":true,"campfire_choices":[{"data":"Uppercut","floor":6.0,"key":"SMITH"},{"data":"Offering","floor":8.0,"key":"SMITH"},{"data":"Shrug It Off","floor":11,"key":"SMITH"},{"floor":15,"key":"REST"},{"floor":23,"key":"REST"},{"floor":25,"key":"REST"},{"data":"Shockwave","floor":28,"key":"SMITH"},{"data":"Impatience","floor":32,"key":"SMITH"}],"circlet_count":0,"master_deck":["AscendersBane","Strike_R","Defend_R","Defend_R","Defend_R","Bash+1","Uppercut+1","Shrug It Off+1","Offering+1","Dropkick","Impervious","Whirlwind+1","Burning Pact+1","Barricade+1","Seeing Red","Impatience+1","Shockwave+1","Spot Weakness+1"],"relics":["Burning Blood","NeowsBlessing","Oddly Smooth Stone","Eternal Feather","Charon\u0027s Ashes","TungstenRod","Astrolabe","Anchor","Vajra","Magic Flower"],"acts_visited":["Exordium","TheCity"],"potions_floor_usage":[16,27,33,33],"damage_taken":[{"damage":0.0,"enemies":"Jaw Worm","floor":1.0,"turns":1.0},{"damage":0.0,"enemies":"Cultist","floor":2.0,"turns":1.0},{"damage":0.0,"enemies":"2 Louse","floor":5.0,"turns":1.0},{"damage":21.0,"enemies":"Lagavulin","floor":7.0,"turns":6.0},{"damage":27,"enemies":"3 Sentries","floor":10,"turns":5},{"damage":23,"enemies":"Gremlin Gang","floor":14,"turns":5},{"damage":24,"enemies":"The Guardian","floor":16,"turns":15},{"damage":11,"enemies":"Spheric Guardian","floor":18,"turns":4},{"damage":23,"enemies":"Shell Parasite","floor":19,"turns":6},{"damage":9,"enemies":"3 Cultists","floor":20,"turns":5},{"damage":15,"enemies":"Snake Plant","floor":22,"turns":5},{"damage":37,"enemies":"Snecko","floor":24,"turns":7},{"damage":8,"enemies":"Gremlin Leader","floor":27,"turns":5},{"damage":14,"enemies":"3 Cultists","floor":31,"turns":3},{"damage":86,"enemies":"Automaton","floor":33,"turns":12}],"seed_played":"197318894166435430","potions_obtained":[{"floor":2.0,"key":"SkillPotion"},{"floor":7.0,"key":"ElixirPotion"},{"floor":14,"key":"Block Potion"},{"floor":20,"key":"Regen Potion"},{"floor":27,"key":"Block Potion"}],"is_trial":false,"path_per_floor":["M","M","?","?","M","R","E","R","T","E","R","?","$","M","R","B",null,"M","M","M","$","M","R","M","R","T","E","R","?","T","M","R","B"],"character_chosen":"IRONCLAD","items_purchased":["Impatience"],"campfire_rested":3,"item_purchase_floors":[21],"current_hp_per_floor":[74,75,49,49,55,61,46,52,52,31,37,37,37,20,48,30,64,59,42,39,39,30,61,30,61,61,59,68,68,68,63,72,0,0],"gold":293,"neow_bonus":"THREE_ENEMY_KILL","is_daily":false,"chose_seed":false,"campfire_upgraded":5,"win_rate":0.0,"timestamp":1609078635,"path_taken":["M","M","?","?","?","R","E","R","T","E","R","?","$","M","R","BOSS","M","M","?","$","M","R","M","R","T","E","R","?","?","?","R","BOSS"],"items_purchased_type":["Card"],"build_version":"2020-12-22","purchased_purges":2,"victory":false,"max_hp_per_floor":[75,75,75,75,75,75,75,75,75,75,75,75,75,75,75,75,75,75,75,75,75,75,75,75,75,75,75,75,75,75,75,75,75,75],"relic_stats":{"counters":[15,81],"Astrolabe":["Whirlwind","Burning Pact","Barricade"],"Magic Flower":[6],"Eternal Feather":60,"Charon\u0027s Ashes":[273],"obtain_stats":[{"Anchor":26,"NeowsBlessing":0,"Astrolabe":17,"Oddly Smooth Stone":3,"Vajra":27,"Magic Flower":30,"Eternal Feather":4,"Charon\u0027s Ashes":7,"Burning Blood":0,"TungstenRod":10},{"Anchor":12,"NeowsBlessing":0,"Astrolabe":7,"Oddly Smooth Stone":2,"Vajra":13,"Magic Flower":13,"Eternal Feather":2,"Charon\u0027s Ashes":4,"Burning Blood":0,"TungstenRod":5},{"Anchor":61,"NeowsBlessing":0,"Astrolabe":34,"Oddly Smooth Stone":2,"Vajra":66,"Magic Flower":66,"Eternal Feather":2,"Charon\u0027s Ashes":9,"Burning Blood":0,"TungstenRod":14}],"Burning Blood":82,"TungstenRod":40},"card_choices":[{"not_picked":["Wild Strike","Cleave"],"picked":"Uppercut","floor":1.0},{"not_picked":["Dual Wield","Inflame","Thunderclap"],"picked":"SKIP","floor":2.0},{"not_picked":["Thunderclap","Twin Strike"],"picked":"Shrug It Off","floor":5.0},{"not_picked":["Blood for Blood","Clothesline"],"picked":"Offering","floor":7.0},{"not_picked":["Battle Trance","Havoc","Bloodletting"],"picked":"SKIP","floor":10},{"not_picked":["Combust","Shockwave"],"picked":"Dropkick","floor":14},{"not_picked":["Limit Break","Immolate"],"picked":"Impervious","floor":16},{"not_picked":["Entrench","Shrug It Off"],"picked":"Seeing Red","floor":18},{"not_picked":["Clothesline","Flex","Fire Breathing"],"picked":"SKIP","floor":19},{"not_picked":["Burning Pact","Twin Strike","Body Slam"],"picked":"SKIP","floor":20},{"not_picked":["Clash","Twin Strike","Carnage"],"picked":"SKIP","floor":22},{"not_picked":["Fire Breathing","Burning Pact","Clash"],"picked":"SKIP","floor":24},{"not_picked":["Cleave","Clothesline"],"picked":"Shockwave","floor":27},{"not_picked":["Feed","Spot Weakness+1","Clash"],"picked":"SKIP","floor":31},{"not_picked":["Feed","Clash"],"picked":"Spot Weakness+1","floor":31}],"player_experience":1113015,"relics_obtained":[{"floor":7.0,"key":"Charon\u0027s Ashes"},{"floor":10,"key":"TungstenRod"},{"floor":26,"key":"Anchor"},{"floor":27,"key":"Vajra"},{"floor":30,"key":"Magic Flower"}],"event_choices":[{"damage_healed":0.0,"max_hp_gain":0.0,"max_hp_loss":0.0,"gold_gain":0.0,"event_name":"Scrap Ooze","player_choice":"Success","floor":3.0,"gold_loss":0.0,"damage_taken":26.0,"relics_obtained":["Oddly Smooth Stone"]},{"damage_healed":0.0,"max_hp_gain":0.0,"max_hp_loss":0.0,"gold_gain":0.0,"event_name":"WeMeetAgain","player_choice":"Gave Potion","floor":4.0,"gold_loss":0.0,"damage_taken":0.0,"relics_obtained":["Eternal Feather"]},{"damage_healed":0,"gold_gain":0,"player_choice":"Upgraded","damage_taken":0,"max_hp_gain":0,"max_hp_loss":0,"event_name":"Upgrade Shrine","floor":12,"gold_loss":0,"cards_upgraded":["Bash"]},{"damage_healed":0,"gold_gain":50,"player_choice":"Stole From Cult","damage_taken":0,"max_hp_gain":0,"max_hp_loss":0,"event_name":"Nest","floor":29,"gold_loss":0}],"is_beta":false,"boss_relics":[{"not_picked":["Fusion Hammer","Calling Bell"],"picked":"Astrolabe"}],"items_purged_floors":[13,21],"is_endless":false,"potions_floor_spawned":[2,7,14,20,27],"killed_by":"Automaton","ascension_level":20}}