{"host":"5dk97cf2ubw2v967","time":1609030383,"event":{"mods":["AlwaysNeverKeys","BaseMod","Better Altar","Better Vampires","Block Reminder","Colored Powertips","Downfall","Googly Eyes","Highlight Path","Minty Spire (QoL Compilation)","Permanent Neow","Potion Indicator Mod","Quick Restart","Relic Filter","Relic Stats","Say the Spire","Spicy Shops","StSLib","Waifu the Spire","everything is the same but u backflip on backflip"],"gold_per_floor":[110,129,46,64,64,105,117,163,175,231,264,276,313,361,373,481,493,529,37,37,56,71,71,110,110,110,143,143,143,176,192,192,286,286,311,22,47,47,71,71,106,31,31,55,76,76,126,150,150,150,150,150],"floor_reached":51,"playtime":3211,"items_purged":["Strike_G","Strike_G"],"score":1680,"play_id":"fb2e2900-5852-4c1d-a8ec-281196413277","local_time":"20201227005303","is_ascension_mode":true,"campfire_choices":[{"floor":7.0,"key":"REST"},{"floor":12.0,"key":"REST"},{"floor":15.0,"key":"REST"},{"floor":23.0,"key":"REST"},{"floor":25.0,"key":"REST"},{"data":"Ghostly","floor":32.0,"key":"SMITH"},{"data":"Ghostly","floor":40.0,"key":"SMITH"},{"floor":46,"key":"RECALL"},{"floor":49,"key":"REST"}],"circlet_count":0,"master_deck":["AscendersBane","Strike_G","Strike_G","Defend_G","Defend_G","Defend_G","Defend_G","Defend_G","Survivor","Neutralize","Noxious Fumes","Reflex","Footwork","Underhanded Strike","Outmaneuver","Outmaneuver","After Image","Bouncing Flask","Outmaneuver","Envenom","Burst","Footwork","expansioncontent:QuickStudy","Bane","Deadly Poison","Blur","Ghostly","Ghostly+1","Ghostly+1","Dodge and Roll","Blur","Burst","PiercingWail","Footwork","Deadly Poison","Escape Plan+1","Madness","Madness","Deadly Poison+1","Escape Plan","Reflex"],"relics":["Runic Pyramid","Golden Idol","MawBank","Strawberry","HornCleat","Anchor","Ice Cream","SlaversCollar","Membership Card","Juzu Bracelet","Pantograph","FossilizedHelix","Ornamental Fan","Thread and Needle","HoveringKite","PreservedInsect","Frozen Egg 2"],"acts_visited":["Exordium","TheCity","TheBeyond"],"potions_floor_usage":[51,51],"damage_taken":[{"damage":3.0,"enemies":"Cultist","floor":1.0,"turns":5.0},{"damage":0.0,"enemies":"Small Slimes","floor":2.0,"turns":4.0},{"damage":1.0,"enemies":"2 Louse","floor":4.0,"turns":4.0},{"damage":16.0,"enemies":"Lagavulin","floor":6.0,"turns":7.0},{"damage":31.0,"enemies":"3 Sentries","floor":8.0,"turns":10.0},{"damage":16.0,"enemies":"Lagavulin","floor":10.0,"turns":8.0},{"damage":3.0,"enemies":"Looter","floor":11.0,"turns":4.0},{"damage":0.0,"enemies":"Exordium Wildlife","floor":13.0,"turns":4.0},{"damage":17.0,"enemies":"Gremlin Nob","floor":14.0,"turns":5.0},{"damage":22.0,"enemies":"Hexaghost","floor":16.0,"turns":11.0},{"damage":32.0,"enemies":"Chosen","floor":18.0,"turns":8.0},{"damage":4.0,"enemies":"2 Thieves","floor":21.0,"turns":4.0},{"damage":0.0,"enemies":"Snecko","floor":22.0,"turns":5.0},{"damage":0.0,"enemies":"Gremlin Leader","floor":24.0,"turns":7.0},{"damage":15.0,"enemies":"Slavers","floor":27.0,"turns":6.0},{"damage":1.0,"enemies":"Book of Stabbing","floor":30.0,"turns":7.0},{"damage":0.0,"enemies":"Snake Plant","floor":31.0,"turns":6.0},{"damage":0.0,"enemies":"Collector","floor":33.0,"turns":10.0},{"damage":0.0,"enemies":"Orb Walker","floor":35.0,"turns":8.0},{"damage":0.0,"enemies":"3 Shapes","floor":37.0,"turns":8.0},{"damage":0.0,"enemies":"Spire Growth","floor":39.0,"turns":7.0},{"damage":0.0,"enemies":"Reptomancer","floor":41.0,"turns":8.0},{"damage":14,"enemies":"Sphere and 2 Shapes","floor":44,"turns":7},{"damage":14,"enemies":"Transient","floor":45,"turns":6},{"damage":0,"enemies":"Writhing Mass","floor":48,"turns":9},{"damage":2,"enemies":"Time Eater","floor":50,"turns":13},{"damage":51,"enemies":"Donu and Deca","floor":51,"turns":11}],"seed_played":"-7665306589637669504","potions_obtained":[{"floor":1.0,"key":"CultistPotion"},{"floor":10.0,"key":"GhostInAJar"},{"floor":11.0,"key":"Weak Potion"},{"floor":18.0,"key":"PowerPotion"},{"floor":27.0,"key":"SkillPotion"},{"floor":30.0,"key":"BlessingOfTheForge"},{"floor":31.0,"key":"Energy Potion"},{"floor":35.0,"key":"Explosive Potion"},{"floor":39.0,"key":"CunningPotion"},{"floor":45,"key":"Explosive Potion"},{"floor":48,"key":"Explosive Potion"}],"is_trial":false,"path_per_floor":["M","M","$","M","?","E","R","E","T","E","M","R","M","E","R","B",null,"M","$","?","M","M","R","E","R","T","E","?","?","E","M","R","B",null,"M","$","M","?","M","R","E","?","T","M","M","R","?","M","R","B","B"],"character_chosen":"THE_SILENT","items_purchased":["Footwork","Membership Card","Footwork","GhostInAJar","expansioncontent:QuickStudy","Bane","Juzu Bracelet","Footwork","PreservedInsect","FairyPotion","Deadly Poison"],"campfire_rested":6,"item_purchase_floors":[3,19,19,19,19,19,19,36,36,36,36],"current_hp_per_floor":[56,56,56,55,55,39,57,33,33,17,14,34,34,17,37,15,54,22,22,22,18,18,38,38,58,58,43,43,33,32,32,32,33,33,33,33,33,27,27,27,27,27,27,13,9,9,9,9,18,31,0,0],"gold":150,"neow_bonus":"BOSS_RELIC","is_daily":false,"chose_seed":false,"campfire_upgraded":2,"win_rate":0.0,"timestamp":1609030383,"path_taken":["M","?","$","M","?","E","R","E","T","E","M","R","M","E","R","BOSS","M","$","?","M","M","R","E","R","T","E","?","?","E","M","R","BOSS","M","$","M","?","M","R","E","?","T","M","M","R","?","M","R","BOSS","BOSS"],"items_purchased_type":["Card","Relic","Card","Potion","Card","Card","Relic","Card","Relic","Potion","Card"],"build_version":"2020-12-22","purchased_purges":2,"victory":false,"max_hp_per_floor":[66,66,66,66,60,60,60,67,67,67,67,67,67,67,67,67,67,67,67,67,67,67,67,67,67,67,67,67,33,33,33,33,33,33,33,33,33,33,33,33,33,33,33,33,33,33,33,33,33,33,33,33],"relic_stats":{"counters":[27,192],"Golden Idol":171,"Ornamental Fan":[32],"Pantograph":18,"HoveringKite":[8],"PreservedInsect":62,"Juzu Bracelet":1,"MawBank":156,"obtain_stats":[{"Ice Cream":14,"Golden Idol":5,"HoveringKite":34,"Thread and Needle":30,"PreservedInsect":36,"Juzu Bracelet":19,"Frozen Egg 2":41,"MawBank":6,"SlaversCollar":17,"Anchor":10,"HornCleat":9,"Ornamental Fan":27,"Strawberry":8,"Pantograph":24,"Membership Card":19,"FossilizedHelix":26,"Ring of the Snake":0,"Runic Pyramid":0},{"Ice Cream":9,"Golden Idol":3,"HoveringKite":18,"Thread and Needle":16,"PreservedInsect":19,"Juzu Bracelet":11,"Frozen Egg 2":22,"MawBank":4,"SlaversCollar":10,"Anchor":6,"HornCleat":5,"Ornamental Fan":15,"Strawberry":5,"Pantograph":14,"Membership Card":11,"FossilizedHelix":14,"Ring of the Snake":0,"Runic Pyramid":0},{"Ice Cream":51,"Golden Idol":13,"HoveringKite":115,"Thread and Needle":99,"PreservedInsect":123,"Juzu Bracelet":70,"Frozen Egg 2":146,"MawBank":20,"SlaversCollar":62,"Anchor":38,"HornCleat":30,"Ornamental Fan":92,"Strawberry":30,"Pantograph":86,"Membership Card":70,"FossilizedHelix":86,"Ring of the Snake":0,"Runic Pyramid":0}]},"card_choices":[{"not_picked":["Prepared","Heel Hook"],"picked":"Noxious Fumes","floor":1.0},{"not_picked":["Infinite Blades","Backflip"],"picked":"Reflex","floor":2.0},{"not_picked":["Caltrops","Sucker Punch"],"picked":"Underhanded Strike","floor":4.0},{"not_picked":["Blur","Predator"],"picked":"Outmaneuver","floor":6.0},{"not_picked":["All Out Attack","Choke"],"picked":"Outmaneuver","floor":8.0},{"not_picked":["Infinite Blades","Accuracy"],"picked":"After Image","floor":10.0},{"not_picked":["Sucker Punch","Blade Dance"],"picked":"Bouncing Flask","floor":11.0},{"not_picked":["Blade Dance","Dagger Spray"],"picked":"Outmaneuver","floor":13.0},{"not_picked":["Backstab","All Out Attack"],"picked":"Envenom","floor":14.0},{"not_picked":["Corpse Explosion","Unload"],"picked":"Burst","floor":16.0},{"not_picked":["Flying Knee","Outmaneuver","Prepared+1"],"picked":"SKIP","floor":18.0},{"not_picked":["Dagger Spray","Cloak And Dagger","Infinite Blades"],"picked":"SKIP","floor":21.0},{"not_picked":["Dagger Spray","Blade Dance"],"picked":"Deadly Poison","floor":22.0},{"not_picked":["Masterful Stab","Phantasmal Killer"],"picked":"Blur","floor":24.0},{"not_picked":["Dagger Spray","Dagger Throw","Leg Sweep"],"picked":"SKIP","floor":27.0},{"not_picked":["Bane","Dagger Spray+1"],"picked":"Dodge and Roll","floor":30.0},{"not_picked":["Prepared","Dash"],"picked":"Blur","floor":31.0},{"not_picked":["After Image","Bullet Time"],"picked":"Burst","floor":33.0},{"not_picked":["Cloak And Dagger+1","Dagger Spray"],"picked":"PiercingWail","floor":35.0},{"not_picked":["PiercingWail","Infinite Blades+1"],"picked":"Escape Plan+1","floor":37.0},{"not_picked":["Blade Dance","Concentrate+1"],"picked":"Deadly Poison+1","floor":39.0},{"not_picked":["Flying Knee","Skewer"],"picked":"Escape Plan","floor":41.0},{"not_picked":["Dash","Deflect+1","Distraction"],"picked":"SKIP","floor":44},{"not_picked":["Distraction","Expertise","Calculated Gamble"],"picked":"SKIP","floor":45},{"not_picked":["Riddle With Holes","Deadly Poison"],"picked":"Reflex","floor":48}],"player_experience":1262299,"relics_obtained":[{"floor":6.0,"key":"MawBank"},{"floor":8.0,"key":"Strawberry"},{"floor":9.0,"key":"HornCleat"},{"floor":10.0,"key":"Anchor"},{"floor":14.0,"key":"Ice Cream"},{"floor":24.0,"key":"Pantograph"},{"floor":26.0,"key":"FossilizedHelix"},{"floor":27.0,"key":"Ornamental Fan"},{"floor":30.0,"key":"Thread and Needle"},{"floor":41.0,"key":"Frozen Egg 2"}],"event_choices":[{"damage_healed":0.0,"max_hp_gain":0.0,"max_hp_loss":6.0,"gold_gain":0.0,"event_name":"Golden Idol","player_choice":"Lose Max HP","floor":5.0,"gold_loss":0.0,"damage_taken":0.0,"relics_obtained":["Golden Idol"]},{"damage_healed":0.0,"max_hp_gain":0.0,"max_hp_loss":0.0,"gold_gain":0.0,"event_name":"Cursed Tome","player_choice":"Ignored","floor":20.0,"gold_loss":0.0,"damage_taken":0.0},{"damage_healed":0.0,"max_hp_gain":0.0,"max_hp_loss":34.0,"gold_gain":0.0,"event_name":"Ghosts","player_choice":"Became a Ghost","floor":29.0,"gold_loss":0.0,"damage_taken":0.0,"cards_obtained":["Ghostly","Ghostly","Ghostly"]},{"damage_healed":0.0,"max_hp_gain":0.0,"max_hp_loss":0.0,"gold_gain":0.0,"event_name":"Winding Halls","player_choice":"Embrace Madness","floor":38.0,"gold_loss":0.0,"damage_taken":6.0,"cards_obtained":["Madness","Madness"]},{"cards_removed":["Strike_G"],"damage_healed":0.0,"max_hp_gain":0.0,"max_hp_loss":0.0,"gold_gain":0.0,"event_name":"Designer","player_choice":"Single Remove","floor":42.0,"gold_loss":75.0,"damage_taken":0.0},{"damage_healed":0,"gold_gain":50,"player_choice":"Pray","damage_taken":0,"max_hp_gain":0,"max_hp_loss":0,"event_name":"Golden Shrine","floor":47,"gold_loss":0}],"is_beta":false,"boss_relics":[{"not_picked":["Snecko Eye","Calling Bell"],"picked":"SlaversCollar"},{"not_picked":["Velvet Choker","WristBlade"],"picked":"HoveringKite"}],"items_purged_floors":[19,36],"is_endless":false,"potions_floor_spawned":[1,10,11,13,18,27,30,31,35,39,45,48],"killed_by":"Donu and Deca","ascension_level":20}}