{"host":"3y2rtlgteqp2nuo3","time":1609068685,"event":{"mods":["2.2 Compatiblity","AchievementEnabler","BaseMod","Colored Map","DeckTracker","Highlight Path","Keyboard Shortcuts","Minty Spire (QoL Compilation)","Permanent Neow","Quick Restart","StSLib","SuperFastMode","everything is the same but u backflip on backflip"],"gold_per_floor":[113,63,80,100,118,118,129,147,147,173,20,20,53,70,70,70,70],"floor_reached":16,"playtime":359,"items_purged":[],"score":143,"play_id":"db67621f-7ee9-43f9-8901-274dcba79bb1","local_time":"20201227203125","is_ascension_mode":true,"campfire_choices":[{"data":"Streamline","floor":6,"key":"SMITH"},{"data":"Zap","floor":12,"key":"SMITH"},{"floor":15,"key":"REST"}],"circlet_count":0,"master_deck":["Strike_B","Strike_B","Defend_B","Defend_B","Defend_B","Defend_B","Zap+1","Dualcast","Gash","Compile Driver","Cold Snap","Streamline+1","Glacier","Chill","Conserve Battery","FTL"],"relics":["Cracked Core","TungstenRod","Tiny Chest","OrangePellets","Singing Bowl"],"acts_visited":["Exordium"],"potions_floor_usage":[],"damage_taken":[{"damage":5,"enemies":"2 Louse","floor":1,"turns":2},{"damage":4,"enemies":"Jaw Worm","floor":3,"turns":3},{"damage":0,"enemies":"Cultist","floor":4,"turns":3},{"damage":0,"enemies":"Looter","floor":5,"turns":3},{"damage":0,"enemies":"3 Louse","floor":7,"turns":3},{"damage":1,"enemies":"Exordium Thugs","floor":8,"turns":3},{"damage":16,"enemies":"3 Sentries","floor":10,"turns":6},{"damage":33,"enemies":"Gremlin Nob","floor":13,"turns":5},{"damage":8,"enemies":"2 Fungi Beasts","floor":14,"turns":3},{"damage":6,"enemies":"Slime Boss","floor":16,"turns":6}],"seed_played":"-3148500074410525943","potions_obtained":[{"floor":5,"key":"Dexterity Potion"},{"floor":10,"key":"ColorlessPotion"},{"floor":13,"key":"SneckoOil"},{"floor":14,"key":"SneckoOil"}],"is_trial":false,"path_per_floor":["M","?","M","M","M","R","M","M","T","E","$","R","E","M","R","B"],"character_chosen":"DEFECT","items_purchased":["OrangePellets"],"campfire_rested":1,"item_purchase_floors":[11],"current_hp_per_floor":[70,70,66,66,66,66,66,65,65,49,49,49,16,8,30,24,24],"gold":70,"neow_bonus":"REMOVE_CARD","is_daily":false,"chose_seed":false,"campfire_upgraded":2,"win_rate":0.0,"timestamp":1609068685,"path_taken":["M","?","M","M","M","R","M","M","T","E","$","R","E","M","R","BOSS"],"items_purchased_type":["Relic"],"build_version":"2020-12-22","purchased_purges":0,"victory":false,"max_hp_per_floor":[75,75,75,75,75,75,75,75,75,75,75,75,75,75,75,75,75],"card_choices":[{"not_picked":["Go for the Eyes","BootSequence"],"picked":"Gash","floor":1},{"not_picked":["Redo","Loop"],"picked":"Compile Driver","floor":3},{"not_picked":["Amplify","Hologram"],"picked":"Cold Snap","floor":4},{"not_picked":["Cold Snap","Chaos"],"picked":"Streamline","floor":5},{"not_picked":["Scrape","Coolheaded"],"picked":"Glacier","floor":7},{"not_picked":["Chaos","Redo","Leap"],"picked":"SKIP","floor":8},{"not_picked":["Cold Snap","Reinforced Body"],"picked":"Chill","floor":10},{"not_picked":["Hologram","Recycle"],"picked":"Conserve Battery","floor":13},{"not_picked":["Turbo","Rebound"],"picked":"FTL","floor":14}],"player_experience":657252,"relics_obtained":[{"floor":9,"key":"TungstenRod"},{"floor":10,"key":"Tiny Chest"},{"floor":13,"key":"Singing Bowl"}],"event_choices":[{"cards_removed":["Strike_B"],"damage_healed":0,"gold_gain":0,"player_choice":"Card Removal","damage_taken":0,"max_hp_gain":0,"max_hp_loss":0,"event_name":"The Cleric","floor":2,"gold_loss":50}],"is_beta":false,"boss_relics":[],"items_purged_floors":[],"is_endless":false,"potions_floor_spawned":[5,10,13,14],"killed_by":"Slime Boss","ascension_level":5}}