{"host":"uwh382mre4waz4ff","time":1609053470,"event":{"mods":["AchievementEnabler","BaseMod","Better Note","Better Third Choice","BetterRewards","HololiveMod","Minty Spire (QoL Compilation)","Quick Restart","Shop Mod","StSLib"],"gold_per_floor":[82,98,198,215,226,0,0,0,27,27,42,54,69,80,80,198,198,233,233,289,318,350,350,382,411,411,411,450,499,499,536,536,655,655,688,713,713,745,745,745,745,745,745,745,520,520,583,613,613,617,617],"floor_reached":50,"playtime":1553,"items_purged":["Hololive_Strike","Hololive_Strike","Hololive_Defend","Hololive_Defend"],"score":569,"play_id":"2ba281c9-2bb2-49ec-bb71-0f172d05be7c","local_time":"20201227151750","is_ascension_mode":false,"campfire_choices":[{"data":"Enlightenment","floor":8,"key":"SMITH"},{"data":"Hololive_CallShiroganeNoel","floor":10,"key":"SMITH"},{"data":"Hololive_CallHoshimachiSuisei","floor":15,"key":"SMITH"},{"data":"Hololive_CallOzoraSubaru","floor":23,"key":"SMITH"},{"data":"Hololive_CallUsadaPekora","floor":27,"key":"SMITH"},{"data":"Hololive_CallUruhaRushia","floor":30,"key":"SMITH"},{"data":"Hololive_CallYukihanaLamy","floor":32,"key":"SMITH"},{"data":"Hololive_CallMurasakiShion","floor":40,"key":"SMITH"},{"data":"Hololive_CallMurasakiShion","floor":42,"key":"SMITH"},{"data":"Hololive_CallHimemoriLuna","floor":44,"key":"SMITH"},{"data":"Hololive_CallHoushouMarine","floor":46,"key":"SMITH"},{"data":"Hololive_CallRoboco","floor":49,"key":"SMITH"}],"circlet_count":0,"master_deck":["Hololive_CallHoushouMarine+1","Hololive_CallShiroganeNoel+1","Hololive_CallUruhaRushia+1","Hololive_CallShiranuiFlare","Hololive_CallUsadaPekora+1","Hololive_CallMurasakiShion+1","Hololive_CallAkaiHaato","Hololive_CallMurasakiShion+1","Hololive_CallRoboco+1","Hololive_CallRosalyn","Hololive_CallOzoraSubaru+1","Hololive_CocoNews","Hololive_CallKiryuuCoco","Enlightenment+1","Hololive_CallHimemoriLuna+1","Hololive_CallHoshimachiSuisei+1","Hololive_CallMinatoAqua","Hololive_CallSakuraMiko","Hololive_MaximGun","Hololive_CallSpadeEcho","Hololive_CallRosalyn+1","Hololive_CallMoonaHoshinova+1","Hololive_CallNatsuiroMatsuri","Hololive_CallInugamiKorone","Hololive_CallMoonaHoshinova","Hololive_DurableLive","Hololive_CallYukihanaLamy+1","Hololive_DurableLive","Hololive_CallNekomataOkayu+1","Hololive_CallAiraniIofifteen","Hololive_CallTokoyamiTowa","Hololive_CallShirakamiFubuki","Hololive_CallAkaiHaato+1"],"relics":["Hololive_TheStar"],"acts_visited":["Exordium","TheCity","TheBeyond"],"potions_floor_usage":[50,50],"damage_taken":[{"damage":0,"enemies":"2 Louse","floor":1,"turns":1},{"damage":0,"enemies":"Cultist","floor":2,"turns":2},{"damage":0,"enemies":"Small Slimes","floor":4,"turns":2},{"damage":0,"enemies":"Exordium Wildlife","floor":5,"turns":3},{"damage":0,"enemies":"Red Slaver","floor":11,"turns":1},{"damage":0,"enemies":"Large Slime","floor":12,"turns":2},{"damage":0,"enemies":"2 Fungi Beasts","floor":13,"turns":2},{"damage":0,"enemies":"Lots of Slimes","floor":14,"turns":2},{"damage":0,"enemies":"The Guardian","floor":16,"turns":6},{"damage":0,"enemies":"2 Thieves","floor":18,"turns":2},{"damage":0,"enemies":"Chosen","floor":20,"turns":4},{"damage":0,"enemies":"Shelled Parasite and Fungi","floor":21,"turns":4},{"damage":0,"enemies":"Cultist and Chosen","floor":22,"turns":3},{"damage":0,"enemies":"Snake Plant","floor":24,"turns":2},{"damage":0,"enemies":"3 Cultists","floor":25,"turns":5},{"damage":0,"enemies":"Chosen and Byrds","floor":28,"turns":4},{"damage":0,"enemies":"Sentry and Sphere","floor":29,"turns":3},{"damage":0,"enemies":"Centurion and Healer","floor":31,"turns":5},{"damage":0,"enemies":"Automaton","floor":33,"turns":7},{"damage":0,"enemies":"3 Darklings","floor":35,"turns":3},{"damage":0,"enemies":"3 Shapes","floor":36,"turns":2},{"damage":0,"enemies":"Spire Growth","floor":38,"turns":3},{"damage":0,"enemies":"Transient","floor":47,"turns":5},{"damage":0,"enemies":"Maw","floor":48,"turns":5},{"damage":64,"enemies":"Awakened One","floor":50,"turns":6}],"seed_played":"-3573268106756352972","potions_obtained":[{"floor":2,"key":"SteroidPotion"},{"floor":5,"key":"SkillPotion"},{"floor":11,"key":"CultistPotion"},{"floor":21,"key":"DuplicationPotion"},{"floor":29,"key":"Fire Potion"},{"floor":33,"key":"BlessingOfTheForge"}],"is_trial":false,"path_per_floor":["M","M","?","M","M","?","$","R","T","R","M","M","M","M","R","B",null,"M","?","M","M","M","R","M","M","T","R","M","M","R","M","R","B",null,"M","M","?","M","?","R","?","R","T","R","$","R","M","M","R","B"],"character_chosen":"Hololive_HololiveCharacter","items_purchased":["Hololive_CallMurasakiShion","Hololive_CallAkaiHaato","Hololive_CallMurasakiShion","Hololive_CallRoboco","Hololive_CallShirakamiFubuki"],"campfire_rested":0,"item_purchase_floors":[0,0,0,0,45],"current_hp_per_floor":[18,18,18,18,18,24,24,24,24,24,24,24,24,24,24,24,41,41,41,41,41,41,41,41,41,41,41,41,41,41,41,41,41,41,41,41,39,39,39,39,39,39,39,39,39,39,39,39,39,0,0],"gold":617,"neow_bonus":"","is_daily":false,"chose_seed":false,"campfire_upgraded":12,"win_rate":0.0,"timestamp":1609053470,"path_taken":["M","M","?","?","M","?","?","R","T","R","M","M","M","?","R","BOSS","M","?","?","M","M","R","M","M","T","R","M","M","R","M","R","BOSS","M","M","?","M","?","R","?","R","T","R","$","R","M","M","R","BOSS"],"items_purchased_type":["Card","Card","Card","Card","Card"],"build_version":"2020-12-22","purchased_purges":4,"victory":false,"max_hp_per_floor":[35,35,35,35,35,41,41,41,41,41,41,41,41,41,41,41,41,41,41,41,41,41,41,41,41,41,41,41,41,41,41,41,41,41,41,41,39,39,39,39,39,39,39,39,39,39,39,39,39,39,39],"card_choices":[{"not_picked":["Hololive_StrengthChampion","Hololive_Watashimo","Hololive_Yoholoon"],"picked":"Hololive_CallRosalyn","floor":1},{"not_picked":["Hololive_Watashimo","Hololive_CallHimemoriLuna","Hololive_CocoNews"],"picked":"Hololive_CallOzoraSubaru","floor":2},{"not_picked":["Hololive_LuckPotion","Hololive_Psychosis","Hololive_Rebound"],"picked":"Hololive_CocoNews","floor":4},{"not_picked":["Hololive_Rebound","Hololive_CallCivia","Hololive_CallTsunomakiWatame"],"picked":"Hololive_CallKiryuuCoco","floor":5},{"not_picked":["Hololive_Thief","Hololive_FlyingPonyTail","Hololive_Drill"],"picked":"Hololive_CallHimemoriLuna","floor":11},{"not_picked":["Hololive_FlyingPonyTail","Hololive_CallMurasakiShion","Hololive_RevenueBasedLive"],"picked":"Hololive_CallHoshimachiSuisei","floor":12},{"not_picked":["Hololive_Drill","Hololive_CallAmaneKanata","Hololive_Psychosis"],"picked":"Hololive_CallMinatoAqua","floor":13},{"not_picked":["Hololive_CocoNews","Hololive_LuckPotion","Hololive_OvertimeWork"],"picked":"Hololive_CallSakuraMiko","floor":14},{"not_picked":["Hololive_ASMR","Hololive_Thief","Hololive_ScarfAndHalo"],"picked":"Hololive_MaximGun","floor":16},{"not_picked":["Hololive_Sequa","Hololive_LuckPotion","Hololive_CallSakuraMiko"],"picked":"Hololive_CallSpadeEcho","floor":18},{"not_picked":["Hololive_SoulCatcher","Hololive_OvertimeWork","Hololive_Rebound"],"picked":"Hololive_CallRosalyn+1","floor":20},{"not_picked":["Hololive_RevenueBasedLive","Hololive_StrengthChampion","Hololive_OvertimeWork+1"],"picked":"Hololive_CallMoonaHoshinova+1","floor":21},{"not_picked":["Hololive_Rebound","Hololive_Watashimo+1","Hololive_Psychosis","Hololive_Trident"],"picked":"SKIP","floor":22},{"not_picked":["Hololive_StrengthChampion+1","Hololive_Psychosis","Hololive_Sequa"],"picked":"Hololive_CallNatsuiroMatsuri","floor":24},{"not_picked":["Hololive_HuntDinosaur","Hololive_LuckPotion","Hololive_Breathe"],"picked":"Hololive_CallInugamiKorone","floor":25},{"not_picked":["Hololive_HuntDinosaur","Hololive_RevenueBasedLive+1","Hololive_CocoNews"],"picked":"Hololive_CallMoonaHoshinova","floor":28},{"not_picked":["Hololive_CallSpadeEcho","Hololive_FlyingPonyTail","Hololive_HuntDinosaur"],"picked":"Hololive_DurableLive","floor":29},{"not_picked":["Hololive_CocoNews","Hololive_StrengthChampion","Hololive_FlyingPonyTail+1"],"picked":"Hololive_CallYukihanaLamy","floor":31},{"not_picked":["Hololive_ScarfAndHalo","Hololive_WolfAndLamb","Hololive_StarCraft"],"picked":"Hololive_DurableLive","floor":33},{"not_picked":["Hololive_CallKiryuuCoco","Hololive_Breathe+1","Hololive_CallAkaiHaato+1"],"picked":"Hololive_CallNekomataOkayu+1","floor":35},{"not_picked":["Hololive_OvertimeWork","Hololive_CallUruhaRushia","Hololive_Psychosis+1"],"picked":"Hololive_CallAiraniIofifteen","floor":36},{"not_picked":["Hololive_Sequa","Hololive_Breathe","Hololive_BeCareful"],"picked":"Hololive_CallTokoyamiTowa","floor":38},{"not_picked":["Hololive_Trident+1","Hololive_RevenueBasedLive+1","Hololive_ManjiGathering+1","Hololive_FlyingPonyTail"],"picked":"SKIP","floor":47},{"not_picked":["Hololive_Spy","Hololive_RevenueBasedLive+1","Hololive_Breathe"],"picked":"Hololive_CallAkaiHaato+1","floor":48}],"player_experience":261239,"relics_obtained":[],"event_choices":[{"damage_healed":0,"gold_gain":100,"player_choice":"Pray","damage_taken":0,"max_hp_gain":0,"max_hp_loss":0,"event_name":"Golden Shrine","floor":3,"gold_loss":0},{"damage_healed":0,"gold_gain":0,"player_choice":"RENOUNCE","damage_taken":226,"max_hp_gain":0,"max_hp_loss":0,"event_name":"betterThird:BetterSerpent","floor":6,"gold_loss":226,"cards_obtained":["Enlightenment"]},{"damage_healed":0,"gold_gain":0,"player_choice":"Ignored","damage_taken":0,"max_hp_gain":0,"max_hp_loss":0,"event_name":"WeMeetAgain","floor":19,"gold_loss":0},{"damage_healed":0,"gold_gain":0,"player_choice":"Max HP","damage_taken":0,"max_hp_gain":0,"max_hp_loss":2,"event_name":"Winding Halls","floor":37,"gold_loss":0},{"damage_healed":0,"gold_gain":0,"player_choice":"Ignored","damage_taken":0,"max_hp_gain":0,"max_hp_loss":0,"event_name":"Tomb of Lord Red Mask","floor":39,"gold_loss":0},{"cards_removed":["Hololive_StrengthChampion"],"damage_healed":0,"gold_gain":0,"player_choice":"Removed Attack","damage_taken":0,"max_hp_gain":0,"max_hp_loss":0,"event_name":"Falling","floor":41,"gold_loss":0}],"is_beta":false,"boss_relics":[{"not_picked":["Pandora\u0027s Box","Tiny House","Ectoplasm"]},{"not_picked":["Sozu","Runic Pyramid","Empty Cage"]}],"items_purged_floors":[0,0,0,45],"is_endless":false,"potions_floor_spawned":[2,5,11,12,18,21,22,29,33,47],"killed_by":"Awakened One","ascension_level":0}}