{"host":"uygi583ztioqt878","time":1609094982,"event":{"mods":["BaseMod","Colored Map","Downfall","Minty Spire (QoL Compilation)","StSLib","The Animator"],"gold_per_floor":[119,139,158,178,353,383,383,417,442,442,456,473,486,502,502,502,502],"floor_reached":16,"playtime":869,"items_purged":[],"score":174,"play_id":"43d043eb-0d7a-4fdc-bdec-ee51104f8913","local_time":"20201227194942","is_ascension_mode":true,"campfire_choices":[{"data":"Pommel Strike","floor":7,"key":"SMITH"},{"floor":10,"key":"REST"},{"floor":15,"key":"REST"}],"circlet_count":0,"master_deck":["Strike_R","Strike_R","Strike_R","Strike_R","Strike_R","Defend_R","Defend_R","Defend_R","Defend_R","Bash","Flame Barrier","Twin Strike","Warcry","Pommel Strike+1","Doubt","Second Wind","Dropkick","Cleave","Iron Wave","Anger","Uppercut","Hemokinesis","Reaper"],"relics":["Burning Blood","Matryoshka","Smiling Mask","Dream Catcher","Omamori"],"acts_visited":["Exordium"],"potions_floor_usage":[16],"damage_taken":[{"damage":5,"enemies":"Cultist","floor":1,"turns":4},{"damage":5,"enemies":"Jaw Worm","floor":2,"turns":5},{"damage":5,"enemies":"Small Slimes","floor":3,"turns":4},{"damage":14,"enemies":"2 Fungi Beasts","floor":4,"turns":5},{"damage":28,"enemies":"Gremlin Nob","floor":6,"turns":5},{"damage":41,"enemies":"Lagavulin","floor":8,"turns":7},{"damage":16,"enemies":"Blue Slaver","floor":11,"turns":5},{"damage":6,"enemies":"Exordium Thugs","floor":12,"turns":4},{"damage":4,"enemies":"Red Slaver","floor":13,"turns":4},{"damage":2,"enemies":"Blue Slaver","floor":14,"turns":3}],"seed_played":"-5851751474829586081","potions_obtained":[{"floor":1,"key":"sneckomod:MuddlingPotion"},{"floor":3,"key":"Swift Potion"},{"floor":8,"key":"Guardian:BlockOnCardUsePotion"},{"floor":13,"key":"Fire Potion"}],"is_trial":false,"path_per_floor":["M","M","M","M","?","E","R","E","T","R","M","M","M","M","R","B"],"character_chosen":"IRONCLAD","items_purchased":[],"campfire_rested":2,"item_purchase_floors":[],"current_hp_per_floor":[88,88,88,80,80,58,58,23,23,49,39,39,41,45,71,0,0],"gold":502,"neow_bonus":"TEN_PERCENT_HP_BONUS","is_daily":false,"chose_seed":false,"campfire_upgraded":1,"win_rate":0.0,"timestamp":1609094982,"path_taken":["M","M","M","M","?","E","R","E","T","R","M","M","M","M","R","BOSS"],"items_purchased_type":[],"build_version":"2020-12-22","purchased_purges":0,"victory":false,"max_hp_per_floor":[88,88,88,88,88,88,88,88,88,88,88,88,88,88,88,88,88],"card_choices":[{"not_picked":["Infernal Blade","Entrench"],"picked":"Flame Barrier","floor":1},{"not_picked":["Pommel Strike","Body Slam"],"picked":"Twin Strike","floor":2},{"not_picked":["Shockwave","Twin Strike"],"picked":"Warcry","floor":3},{"not_picked":["Shockwave","Thunderclap"],"picked":"Pommel Strike","floor":4},{"not_picked":["Fire Breathing","Body Slam"],"picked":"Second Wind","floor":6},{"not_picked":["Shockwave","Bludgeon"],"picked":"Dropkick","floor":8},{"not_picked":["Iron Wave","Sword Boomerang"],"picked":"Cleave","floor":10},{"not_picked":["Flex","Pommel Strike"],"picked":"Iron Wave","floor":11},{"not_picked":["Iron Wave","Clothesline"],"picked":"Anger","floor":12},{"not_picked":["Twin Strike","Wild Strike"],"picked":"Uppercut","floor":13},{"not_picked":["Iron Wave","Cleave"],"picked":"Hemokinesis","floor":14},{"not_picked":["Perfected Strike","Shrug It Off"],"picked":"Reaper","floor":15}],"player_experience":95227,"relics_obtained":[{"floor":6,"key":"Matryoshka"},{"floor":8,"key":"Smiling Mask"},{"floor":9,"key":"Dream Catcher"},{"floor":9,"key":"Omamori"}],"event_choices":[{"damage_healed":0,"gold_gain":175,"player_choice":"AGREE","damage_taken":0,"max_hp_gain":0,"max_hp_loss":0,"event_name":"Liars Game","floor":5,"gold_loss":0,"cards_obtained":["Doubt"]}],"is_beta":false,"boss_relics":[],"items_purged_floors":[],"is_endless":false,"potions_floor_spawned":[1,3,8,11,12,13],"killed_by":"The Guardian","ascension_level":1}}