{"host":"nsorh8ry9ojhhhly","time":1609074697,"event":{"mods":["BaseMod","Marisa£®ÏF”Í°°ƒß¿Ì…≥£©","Minty Spire (QoL Compilation)","Replay The Spire","StSLib"],"gold_per_floor":[114,133,143,318,331,331,331,331,347,374,374,374,374,384,5,20,20,119,119,135,151,151,161,171,171,171],"floor_reached":25,"playtime":1378,"items_purged":["Doubt"],"score":207,"play_id":"5d5977af-ccfc-4983-a148-35a898ab9633","local_time":"20201227211137","is_ascension_mode":false,"campfire_choices":[{"data":"Leap","floor":8.0,"key":"SMITH"},{"data":"Ball Lightning","floor":8.0,"key":"SMITH"},{"floor":13.0,"key":"REST"},{"data":"Defragment","floor":17.0,"key":"SMITH"},{"data":"Aggregate","floor":17.0,"key":"SMITH"}],"circlet_count":0,"master_deck":["Strike_B","Strike_B","Strike_B","Strike_B","Defend_B","Defend_B","Defend_B","Defend_B","Zap","Dualcast","FIFO Queue","Sweeping Beam","Ball Lightning+1","Leap+1","Aggregate+1","Pot Of Greed","Pot Of Greed","Leap","Coolheaded","Defragment+1","Seek","Coolheaded+1","Loop"],"relics":["Cracked Core","Replay:Arrowhead","Grinning Jar","Gambling Chip","Turnip","Philosopher\u0027s Stone"],"acts_visited":["Exordium","TheCity"],"potions_floor_usage":[25,25],"damage_taken":[{"damage":1.0,"enemies":"Jaw Worm","floor":1.0,"turns":3.0},{"damage":0.0,"enemies":"Small Slimes","floor":2.0,"turns":3.0},{"damage":7.0,"enemies":"2 Louse","floor":3.0,"turns":2.0},{"damage":13.0,"enemies":"Lots of Slimes","floor":5.0,"turns":3.0},{"damage":5.0,"enemies":"Looter","floor":9.0,"turns":4.0},{"damage":14.0,"enemies":"Gremlin Nob","floor":10.0,"turns":4.0},{"damage":0.0,"enemies":"Gremlin Gang","floor":14.0,"turns":3.0},{"damage":5.0,"enemies":"Blue Slaver","floor":16.0,"turns":3.0},{"damage":10.0,"enemies":"The Guardian","floor":18.0,"turns":10.0},{"damage":5.0,"enemies":"3 Byrds","floor":20.0,"turns":3.0},{"damage":1.0,"enemies":"Spheric Guardian","floor":21.0,"turns":4.0},{"damage":7.0,"enemies":"Snake Plant","floor":23.0,"turns":5.0},{"damage":5.0,"enemies":"Centurion and Healer","floor":24.0,"turns":9.0},{"damage":57,"enemies":"Slavers","floor":25,"turns":5}],"seed_played":"-7564086806359671210","potions_obtained":[{"floor":3.0,"key":"ColorlessPotion"},{"floor":5.0,"key":"SneckoOil"},{"floor":14.0,"key":"Dexterity Potion"},{"floor":16.0,"key":"Flashbang"}],"is_trial":false,"path_per_floor":["M","M","M","?","M","PTL","PTL","R","M","E","T","?","R","M","$","M","R","B",null,"M","M","?","M","M","E"],"character_chosen":"DEFECT","items_purchased":["Turnip"],"campfire_rested":1,"item_purchase_floors":[15],"current_hp_per_floor":[53,53,46,46,33,33,33,33,28,14,14,14,36,36,36,31,31,21,75,70,69,69,62,57,0,0],"gold":171,"neow_bonus":"ONE_RARE_RELIC","is_daily":false,"chose_seed":false,"campfire_upgraded":4,"win_rate":0.0,"timestamp":1609074697,"path_taken":["M","M","M","?","M","PTL","PTL","R","M","E","T","?","R","M","?","M","R","BOSS","M","M","?","M","?","E"],"items_purchased_type":["Relic"],"build_version":"2020-12-22","purchased_purges":1,"victory":false,"max_hp_per_floor":[75,75,75,75,75,75,75,75,75,75,75,75,75,75,75,75,75,75,75,75,75,75,75,75,75,75],"card_choices":[{"not_picked":["Compile Driver","Stack"],"picked":"FIFO Queue","floor":1.0},{"not_picked":["Gash","ReplayTheSpireMod:GoodbyeWorld"],"picked":"Sweeping Beam","floor":2.0},{"not_picked":["Turbo","Steam Power"],"picked":"Ball Lightning","floor":3.0},{"not_picked":["Auto Shields","BasicCrystalCard"],"picked":"Leap","floor":5.0},{"not_picked":["Storm","ReplaySort"],"picked":"Aggregate","floor":9.0},{"not_picked":["Force Field","BasicCrystalCard"],"picked":"Leap","floor":10.0},{"not_picked":["Gash","Redo"],"picked":"Coolheaded","floor":14.0},{"not_picked":["Chill","Lockon"],"picked":"Defragment","floor":16.0},{"not_picked":["Reboot","Hyperbeam"],"picked":"Seek","floor":18.0},{"not_picked":["Time Bomb+1","Gash","Steam"],"picked":"SKIP","floor":20.0},{"not_picked":["Sweeping Beam+1","Ball Lightning"],"picked":"Coolheaded+1","floor":21.0},{"not_picked":["Leap","FIFO Queue+1","Hologram"],"picked":"SKIP","floor":23.0},{"not_picked":["Conserve Battery+1","Ball Lightning"],"picked":"Loop","floor":24.0}],"player_experience":162913,"relics_obtained":[{"floor":10.0,"key":"Grinning Jar"}],"event_choices":[{"damage_healed":0.0,"max_hp_gain":0.0,"max_hp_loss":0.0,"gold_gain":175.0,"event_name":"Liars Game","player_choice":"AGREE","floor":4.0,"gold_loss":0.0,"damage_taken":0.0,"cards_obtained":["Doubt"]},{"damage_healed":0.0,"max_hp_gain":0.0,"max_hp_loss":0.0,"gold_gain":0.0,"event_name":"Dead Adventurer","player_choice":"Searched \u00271\u0027 times","floor":12.0,"gold_loss":0.0,"damage_taken":0.0,"relics_obtained":["Gambling Chip"]},{"damage_healed":0.0,"max_hp_gain":0.0,"max_hp_loss":0.0,"gold_gain":0.0,"event_name":"The Woman in Blue","player_choice":"Bought 0 Potions","floor":22.0,"gold_loss":0.0,"damage_taken":0.0}],"is_beta":false,"boss_relics":[{"not_picked":["Runic Pyramid","Ring of Chaos"],"picked":"Philosopher\u0027s Stone"}],"items_purged_floors":[15],"is_endless":false,"potions_floor_spawned":[3,5,14,16],"killed_by":"Slavers","ascension_level":0}}