{"host":"tyfpg4h531zkrrpn","time":1609030954,"event":{"mods":["Act Like it!","Arknights The Spire","BaseMod","CapriCore","Card Filter","Colored Map","Minty Spire (QoL Compilation)","MostiFishMod","Permanent Neow","Quick Restart","Relic Filter","StSLib","Waifu the Spire"],"gold_per_floor":[113,113,113,128,143,143,168,202,202,222,237,268,291,322,322,441,441],"floor_reached":16,"playtime":1000,"items_purged":[],"score":224,"play_id":"082d4c81-3f1b-49b2-b640-048188ea5801","local_time":"20201226170234","is_ascension_mode":false,"campfire_choices":[{"floor":6,"key":"RECALL"},{"data":"ats:Mental Burst","floor":15,"key":"SMITH"}],"circlet_count":0,"master_deck":["ats:Strike C+1","ats:Strike G+1","ats:Strike S+1","ats:Strike V+1","ats:Armor Crushing Shot+1","ats:Defend+1","ats:Defend+1","ats:Defend+1","ats:Defend+1","ats:Emotion Absorption+1","ats:Automatic Cover","ats:Mental Burst+1","ats:Calcification","ats:Chain Hook","ats:Burning Ground","ats:Wolf Pack"],"relics":["ats:Sanity","DaveBox","SentryEyes","SynthV:TestCard","Golden Idol","ats:Originium","Blood Vial","ats:Originium","Bronze Scales","ats:Originium","ats:Hidden Killer"],"acts_visited":["Exordium"],"potions_floor_usage":[],"damage_taken":[{"damage":1,"enemies":"Jaw Worm","floor":1,"turns":2},{"damage":0,"enemies":"Small Slimes","floor":4,"turns":2},{"damage":0,"enemies":"Cultist","floor":5,"turns":2},{"damage":0,"enemies":"Large Slime","floor":7,"turns":3},{"damage":0,"enemies":"3 Sentries","floor":8,"turns":4},{"damage":0,"enemies":"Blue Slaver","floor":10,"turns":2},{"damage":0,"enemies":"Exordium Wildlife","floor":11,"turns":2},{"damage":9,"enemies":"Lagavulin","floor":12,"turns":3},{"damage":0,"enemies":"3 Louse","floor":13,"turns":1},{"damage":0,"enemies":"Gremlin Nob","floor":14,"turns":2},{"damage":13,"enemies":"The Guardian","floor":16,"turns":8}],"seed_played":"6167339135476001212","potions_obtained":[{"floor":1,"key":"Regen Potion"},{"floor":5,"key":"Fire Potion"},{"floor":10,"key":"Explosive Potion"},{"floor":11,"key":"Ancient Potion"}],"is_trial":false,"path_per_floor":["M","?","?","M","M","R","M","E","T","M","M","E","M","E","R","B"],"character_chosen":"DOCTOR_CLASS","items_purchased":[],"campfire_rested":0,"item_purchase_floors":[],"current_hp_per_floor":[78,59,59,59,59,59,59,59,59,61,63,57,59,62,62,53,53],"gold":441,"neow_bonus":"TEN_PERCENT_HP_BONUS","is_daily":false,"chose_seed":false,"campfire_upgraded":1,"win_rate":0.0,"timestamp":1609030954,"path_taken":["M","?","?","?","M","R","M","E","T","M","M","E","M","E","R","BOSS"],"items_purchased_type":[],"build_version":"2020-12-22","purchased_purges":0,"victory":false,"max_hp_per_floor":[79,79,79,79,79,79,79,79,79,79,79,79,79,79,79,79,79],"card_choices":[{"not_picked":["ats:Thermite Blade","ats:Guardian Obelisk","ats:Revitalization"],"picked":"SKIP","floor":1},{"not_picked":["ats:Leaping Hammer","ats:Hammer On","ats:Spore Proliferation","ats:Poison Spread","ats:Ignite"],"picked":"SKIP","floor":4},{"not_picked":["ats:Composite Medical Shells","ats:Cat Scratch","ats:Childhood Dance","ats:Powerful Strike","ats:Revitalization"],"picked":"SKIP","floor":5},{"not_picked":["ats:Poison Spread","ats:Mental Burst","ats:Powerful Strike","ats:Sunburst"],"picked":"ats:Automatic Cover","floor":7},{"not_picked":["ats:Directed Diagnosis","ats:Apocalypse","ats:Flexible Camouflage","ats:Curse Doll"],"picked":"ats:Mental Burst","floor":8},{"not_picked":["ats:Childhood Dance","ats:Composite Medical Shells","ats:Leaping Hammer","ats:Thorns"],"picked":"ats:Calcification","floor":10},{"not_picked":["ats:Curse Doll","ats:Volcano","ats:Childhood Dance","ats:Powerful Strike","ats:Shadow Raid"],"picked":"SKIP","floor":11},{"not_picked":["ats:Counter Healing Mode","ats:Apocalypse","ats:Flexible Camouflage","ats:Volcano"],"picked":"ats:Chain Hook","floor":12},{"not_picked":["ats:Consecutive Shot Auto","ats:Directed Diagnosis","ats:Automatic Cover","ats:Ignite"],"picked":"ats:Burning Ground","floor":13},{"not_picked":["ats:Thermite Blade","ats:Guardian Obelisk","ats:Rat Pack","ats:Burning Ground"],"picked":"ats:Wolf Pack","floor":14}],"player_experience":552875,"relics_obtained":[{"floor":1,"key":"SynthV:TestCard"},{"floor":8,"key":"ats:Originium"},{"floor":8,"key":"Blood Vial"},{"floor":12,"key":"ats:Originium"},{"floor":12,"key":"Bronze Scales"},{"floor":14,"key":"ats:Originium"},{"floor":14,"key":"ats:Hidden Killer"}],"event_choices":[{"damage_healed":0,"gold_gain":0,"player_choice":"Take Damage","damage_taken":19,"relics_obtained":["Golden Idol"],"max_hp_gain":0,"max_hp_loss":0,"event_name":"Golden Idol","floor":2,"gold_loss":0},{"damage_healed":0,"gold_gain":0,"player_choice":"Ignored","damage_taken":0,"max_hp_gain":0,"max_hp_loss":0,"event_name":"Liars Game","floor":3,"gold_loss":0}],"is_beta":false,"boss_relics":[],"items_purged_floors":[],"is_endless":false,"potions_floor_spawned":[1,5,10,11,16],"killed_by":"The Guardian","ascension_level":0}}