{"host":"nptej036rrbiurf5","time":1609059901,"event":{"mods":["BaseMod","Colored Map","Colored Powertips","DeckTracker","Minty Spire (QoL Compilation)","StSLib","SuperFastMode"],"gold_per_floor":[111,122,138,156,156,156,156,166,166,192,206,206,206],"floor_reached":12,"playtime":250,"items_purged":[],"score":164,"play_id":"5ef9e63e-82cc-4da4-b8c4-624ab53fe2c1","local_time":"20201227180501","is_ascension_mode":true,"campfire_choices":[{"data":"Vengeance","floor":7.0,"key":"SMITH"}],"circlet_count":0,"master_deck":["AscendersBane","Strike_P","Strike_P","Strike_P","Strike_P","Defend_P","Defend_P","Defend_P","Defend_P","Eruption+1","Vigilance","Vengeance+1","EmptyFist","Indignation","Consecrate","FearNoEvil","FlurryOfBlows","Worship"],"relics":["PureWater","Nunchaku","Damaru","Juzu Bracelet"],"acts_visited":["Exordium"],"potions_floor_usage":[],"damage_taken":[{"damage":2.0,"enemies":"Cultist","floor":1.0,"turns":3.0},{"damage":7.0,"enemies":"Jaw Worm","floor":2.0,"turns":3.0},{"damage":0.0,"enemies":"Small Slimes","floor":3.0,"turns":3.0},{"damage":7.0,"enemies":"2 Fungi Beasts","floor":4.0,"turns":2.0},{"damage":0.0,"enemies":"Lots of Slimes","floor":8.0,"turns":2.0},{"damage":10.0,"enemies":"3 Sentries","floor":10.0,"turns":3.0},{"damage":1.0,"enemies":"Looter","floor":11.0,"turns":3.0},{"damage":16,"enemies":"Gremlin Nob","floor":12,"turns":3}],"seed_played":"3160329558912966474","potions_obtained":[{"floor":1.0,"key":"Explosive Potion"},{"floor":3.0,"key":"ColorlessPotion"}],"is_trial":false,"path_per_floor":["M","M","M","M","?","?","R","M","T","E","M","E"],"character_chosen":"WATCHER","items_purchased":[],"campfire_rested":0,"item_purchase_floors":[],"current_hp_per_floor":[59,52,52,45,45,50,50,50,50,40,39,23,23],"gold":206,"neow_bonus":"RANDOM_COMMON_RELIC","is_daily":false,"chose_seed":false,"campfire_upgraded":1,"win_rate":0.0,"timestamp":1609059901,"path_taken":["M","M","M","M","?","?","R","M","T","E","M","E"],"items_purchased_type":[],"build_version":"2020-12-22","purchased_purges":0,"victory":false,"max_hp_per_floor":[68,68,68,68,68,73,73,73,73,73,73,73,73],"card_choices":[{"not_picked":["Perseverance","DeceiveReality"],"picked":"Vengeance","floor":1.0},{"not_picked":["CutThroughFate","ThirdEye"],"picked":"EmptyFist","floor":2.0},{"not_picked":["FlyingSleeves","EmptyBody"],"picked":"Indignation","floor":3.0},{"not_picked":["Conclude","Halt"],"picked":"Consecrate","floor":4.0},{"not_picked":["FlyingSleeves","FlurryOfBlows"],"picked":"FearNoEvil","floor":8.0},{"not_picked":["WreathOfFlame","Blasphemy"],"picked":"FlurryOfBlows","floor":10.0},{"not_picked":["Vengeance","SashWhip"],"picked":"Worship","floor":11.0}],"player_experience":861067,"relics_obtained":[{"floor":9.0,"key":"Damaru"},{"floor":10.0,"key":"Juzu Bracelet"}],"event_choices":[{"damage_healed":0.0,"max_hp_gain":0.0,"max_hp_loss":0.0,"gold_gain":0.0,"event_name":"Living Wall","player_choice":"Grow","floor":5.0,"gold_loss":0.0,"damage_taken":0.0,"cards_upgraded":["Eruption"]},{"damage_healed":0.0,"max_hp_gain":5.0,"max_hp_loss":0.0,"gold_gain":0.0,"event_name":"Big Fish","player_choice":"Donut","floor":6.0,"gold_loss":0.0,"damage_taken":0.0}],"is_beta":false,"boss_relics":[],"items_purged_floors":[],"is_endless":false,"potions_floor_spawned":[1,3],"killed_by":"Gremlin Nob","ascension_level":20}}