{"host":"mcdusr64esz012l0","time":1609052033,"event":{"mods":["BaseMod","Minty Spire (QoL Compilation)","Relic Stats"],"gold_per_floor":[115,115,128,128,146,146,172,182,235,235,235,235,269,17,17,94,94,114,129,148,7,7,7,7,7,7,48,48,48,48,48],"floor_reached":30,"playtime":1147,"items_purged":["Strike_G","Strike_G"],"score":508,"play_id":"38f60f83-3d2d-4c0a-87e1-5c23dacd931e","local_time":"20201227015353","is_ascension_mode":true,"campfire_choices":[{"floor":6,"key":"REST"},{"floor":10,"key":"REST"},{"floor":12,"key":"REST"},{"data":"Deadly Poison","floor":15,"key":"SMITH"},{"floor":23,"key":"REST"},{"floor":25,"key":"REST"},{"floor":28,"key":"REST"}],"circlet_count":0,"master_deck":["AscendersBane","Strike_G+1","Strike_G+1","Strike_G+1","Defend_G+1","Defend_G+1","Defend_G+1","Defend_G+1","Defend_G+1","Survivor","Neutralize","Tools of the Trade","Poisoned Stab+1","Blade Dance","Adrenaline","Backflip","Bane","Caltrops","Deadly Poison+1","Backstab","Envenom","Well Laid Plans","Noxious Fumes+1","Footwork","Footwork"],"relics":["Ring of the Snake","InkBottle","Blood Vial","Bag of Preparation","The Specimen","Black Star","Bottled Lightning","CeramicFish","Boot"],"acts_visited":["Exordium","TheCity"],"potions_floor_usage":[13,16,19,20,27],"damage_taken":[{"damage":4,"enemies":"Small Slimes","floor":1,"turns":4},{"damage":7,"enemies":"Jaw Worm","floor":3,"turns":4},{"damage":2,"enemies":"Cultist","floor":5,"turns":4},{"damage":27,"enemies":"Lagavulin","floor":7,"turns":6},{"damage":0,"enemies":"Large Slime","floor":8,"turns":4},{"damage":17,"enemies":"3 Sentries","floor":13,"turns":6},{"damage":14,"enemies":"Hexaghost","floor":16,"turns":7},{"damage":10,"enemies":"3 Byrds","floor":18,"turns":5},{"damage":24,"enemies":"Spheric Guardian","floor":19,"turns":5},{"damage":26,"enemies":"Snake Plant","floor":20,"turns":4},{"damage":41,"enemies":"Gremlin Leader","floor":27,"turns":6},{"damage":47,"enemies":"Slavers","floor":30,"turns":4}],"seed_played":"852296049441609606","potions_obtained":[{"floor":8,"key":"AttackPotion"},{"floor":13,"key":"Energy Potion"},{"floor":19,"key":"Regen Potion"},{"floor":20,"key":"SneckoOil"}],"is_trial":false,"path_per_floor":["M","?","M","?","M","R","E","M","T","R","?","R","E","$","R","B",null,"M","M","M","$","?","R","$","R","T","E","R","?","E"],"character_chosen":"THE_SILENT","items_purchased":["Deadly Poison","Backstab","LiquidBronze","Footwork"],"campfire_rested":6,"item_purchase_floors":[14,14,14,21],"current_hp_per_floor":[55,60,53,32,30,51,24,24,24,45,27,48,33,33,33,21,59,51,29,19,19,19,40,40,61,61,22,43,43,0,0],"gold":48,"neow_bonus":"ONE_RANDOM_RARE_CARD","is_daily":false,"chose_seed":false,"campfire_upgraded":1,"win_rate":0.0,"timestamp":1609052033,"path_taken":["M","?","M","?","M","R","E","M","T","R","?","R","E","?","R","BOSS","M","M","M","$","?","R","$","R","T","E","R","?","E"],"items_purchased_type":["Card","Card","Potion","Card"],"build_version":"2020-12-22","purchased_purges":2,"victory":false,"max_hp_per_floor":[66,71,71,71,71,71,71,71,71,71,71,71,71,71,71,71,71,71,71,71,71,71,71,71,71,71,71,71,71,71,71],"relic_stats":{"Blood Vial":14,"counters":[12,59],"CeramicFish":9,"Bag of Preparation":[14],"Black Star":1,"Boot":[5],"obtain_stats":[{"Blood Vial":9,"The Specimen":13,"CeramicFish":27,"Bag of Preparation":11,"Black Star":17,"Bottled Lightning":26,"Boot":27,"InkBottle":7,"Ring of the Snake":0},{"Blood Vial":5,"The Specimen":6,"CeramicFish":11,"Bag of Preparation":5,"Black Star":7,"Bottled Lightning":10,"Boot":11,"InkBottle":4,"Ring of the Snake":0},{"Blood Vial":22,"The Specimen":28,"CeramicFish":55,"Bag of Preparation":22,"Black Star":35,"Bottled Lightning":49,"Boot":55,"InkBottle":18,"Ring of the Snake":0}],"InkBottle":[17],"Ring of the Snake":[24]},"card_choices":[{"not_picked":["Backflip","Slice"],"picked":"Poisoned Stab","floor":1},{"not_picked":["Choke","Flying Knee"],"picked":"Blade Dance","floor":3},{"not_picked":["PiercingWail","Quick Slash"],"picked":"Adrenaline","floor":5},{"not_picked":["Flying Knee","Caltrops"],"picked":"Backflip","floor":7},{"not_picked":["Skewer","Underhanded Strike"],"picked":"Bane","floor":8},{"not_picked":["Acrobatics","Escape Plan"],"picked":"Caltrops","floor":13},{"not_picked":["Bullet Time","Grand Finale"],"picked":"Envenom","floor":16},{"not_picked":["Escape Plan","Calculated Gamble"],"picked":"Well Laid Plans","floor":18},{"not_picked":["PiercingWail","Flying Knee"],"picked":"Noxious Fumes+1","floor":19},{"not_picked":["Dagger Spray","Terror","Poisoned Stab"],"picked":"SKIP","floor":20},{"not_picked":["Masterful Stab","Flying Knee"],"picked":"Footwork","floor":27}],"player_experience":996923,"relics_obtained":[{"floor":7,"key":"InkBottle"},{"floor":9,"key":"Blood Vial"},{"floor":13,"key":"The Specimen"},{"floor":26,"key":"Bottled Lightning"},{"floor":27,"key":"CeramicFish"},{"floor":27,"key":"Boot"}],"event_choices":[{"damage_healed":0,"gold_gain":0,"player_choice":"Donut","damage_taken":0,"max_hp_gain":5,"max_hp_loss":0,"event_name":"Big Fish","floor":2,"gold_loss":0},{"damage_healed":0,"gold_gain":0,"player_choice":"Entered Light","damage_taken":21,"max_hp_gain":0,"max_hp_loss":0,"event_name":"Shining Light","floor":4,"gold_loss":0,"cards_upgraded":["Defend_G","Poisoned Stab"]},{"damage_healed":0,"gold_gain":0,"player_choice":"Success","damage_taken":18,"relics_obtained":["Bag of Preparation"],"max_hp_gain":0,"max_hp_loss":0,"event_name":"Scrap Ooze","floor":11,"gold_loss":0},{"damage_healed":0,"gold_gain":0,"player_choice":"Ignored","damage_taken":0,"max_hp_gain":0,"max_hp_loss":0,"event_name":"The Mausoleum","floor":22,"gold_loss":0},{"damage_healed":0,"gold_gain":0,"player_choice":"Simplicity","damage_taken":0,"max_hp_gain":0,"max_hp_loss":0,"event_name":"Back to Basics","floor":29,"gold_loss":0,"cards_upgraded":["Strike_G","Strike_G","Strike_G","Defend_G","Defend_G","Defend_G","Defend_G"]}],"is_beta":false,"boss_relics":[{"not_picked":["Busted Crown","Calling Bell"],"picked":"Black Star"}],"items_purged_floors":[14,21],"is_endless":false,"potions_floor_spawned":[8,13,19,20],"killed_by":"Slavers","ascension_level":20}}