{"host":"30jsp143e4v19aze","time":1609110176,"event":{"mods":["BaseMod","Colored Map","Colored Powertips","Curses Come First","DeckTracker","Highlight Path","Minty Spire (QoL Compilation)","Quick Restart","Relic Stats","StSLib","everything is the same but u backflip on backflip","slay the spire mod where everything is the same but ironclad has a cowboy hat"],"gold_per_floor":[361,511,9,21,21,51,51,77,77,108,73,73,108,108,108,184,184,184,184,184,16,16,16,16,16,16,16,16,16,16,16,16,16,16,16,16,16,16,16,16,16,16,16,16,16,16,16,16,16,16,16],"floor_reached":50,"playtime":1999,"items_purged":["Doubt"],"score":1403,"play_id":"e37fc58c-c3f2-4c9e-8726-c7848067021c","local_time":"20201228000256","is_ascension_mode":true,"campfire_choices":[{"data":"Cloak And Dagger","floor":7,"key":"SMITH"},{"data":"Infinite Blades","floor":15,"key":"SMITH"},{"data":"Skewer","floor":23,"key":"SMITH"},{"data":"Blade Dance","floor":25,"key":"SMITH"},{"floor":32,"key":"REST"},{"data":"Storm of Steel","floor":40,"key":"SMITH"},{"floor":47,"key":"REST"},{"floor":49,"key":"RECALL"}],"circlet_count":0,"master_deck":["AscendersBane","Strike_G+1","Strike_G+1","Strike_G+1","Strike_G+1","Defend_G+1","Defend_G+1","Defend_G+1","Defend_G+1","Defend_G+1","Survivor","Neutralize","Flying Knee","Infinite Blades+1","PiercingWail","Finisher","Cloak And Dagger+1","Backflip","Unload","Phantasmal Killer","Dagger Spray","Prepared+1","Skewer+1","Tactician","Blade Dance+1","Terror","Wraith Form v2","Eviscerate","Storm of Steel+1","Calculated Gamble","Backflip","Blade Dance","Cloak And Dagger","After Image","Acrobatics","Storm of Steel","Corpse Explosion","Blade Dance+1"],"relics":["Ring of the Snake","Sling","Vajra","Omamori","Ornamental Fan","Blue Candle","Turnip","StoneCalendar","Akabeko","Ectoplasm","SsserpentHead","Shuriken","Bronze Scales","Snake Skull","MawBank","HoveringKite","Strawberry","The Courier","Ancient Tea Set","Meat on the Bone"],"acts_visited":["Exordium","TheCity","TheBeyond"],"potions_floor_usage":[6,16,20,24,30,33,42,45,50],"damage_taken":[{"damage":6,"enemies":"Cultist","floor":1,"turns":4},{"damage":2,"enemies":"Jaw Worm","floor":4,"turns":4},{"damage":4,"enemies":"Gremlin Nob","floor":6,"turns":3},{"damage":12,"enemies":"Lagavulin","floor":8,"turns":4},{"damage":28,"enemies":"Gremlin Nob","floor":10,"turns":4},{"damage":4,"enemies":"Lagavulin","floor":13,"turns":6},{"damage":8,"enemies":"The Guardian","floor":16,"turns":13},{"damage":1,"enemies":"Spheric Guardian","floor":18,"turns":3},{"damage":0,"enemies":"3 Byrds","floor":20,"turns":3},{"damage":2,"enemies":"Book of Stabbing","floor":24,"turns":3},{"damage":12,"enemies":"Shelled Parasite and Fungi","floor":27,"turns":3},{"damage":0,"enemies":"Gremlin Leader","floor":28,"turns":3},{"damage":0,"enemies":"Slavers","floor":30,"turns":3},{"damage":3,"enemies":"Champ","floor":33,"turns":7},{"damage":10,"enemies":"3 Darklings","floor":35,"turns":4},{"damage":4,"enemies":"3 Shapes","floor":36,"turns":4},{"damage":13,"enemies":"Spire Growth","floor":37,"turns":3},{"damage":20,"enemies":"Transient","floor":39,"turns":6},{"damage":1,"enemies":"Giant Head","floor":41,"turns":5},{"damage":21,"enemies":"3 Darklings","floor":42,"turns":4},{"damage":28,"enemies":"Reptomancer","floor":44,"turns":5},{"damage":2,"enemies":"Jaw Worm Horde","floor":45,"turns":3},{"damage":0,"enemies":"Giant Head","floor":46,"turns":4},{"damage":4,"enemies":"Sphere and 2 Shapes","floor":48,"turns":7},{"damage":66,"enemies":"Time Eater","floor":50,"turns":6}],"seed_played":"2531376753794269087","potions_obtained":[{"floor":1,"key":"LiquidMemories"},{"floor":6,"key":"Dexterity Potion"},{"floor":13,"key":"LiquidBronze"},{"floor":16,"key":"BlessingOfTheForge"},{"floor":24,"key":"DistilledChaos"},{"floor":28,"key":"SkillPotion"},{"floor":33,"key":"Energy Potion"},{"floor":37,"key":"PowerPotion"},{"floor":39,"key":"Regen Potion"},{"floor":45,"key":"CultistPotion"},{"floor":46,"key":"Dexterity Potion"}],"is_trial":false,"path_per_floor":["M","?","$","M","T","E","R","E","T","E","?","?","E","?","R","B",null,"M","?","M","$","?","R","E","R","T","M","E","?","E","T","R","B",null,"M","M","M","?","M","R","E","M","T","E","M","E","R","M","R","B"],"character_chosen":"THE_SILENT","items_purchased":["Infinite Blades","Sling","Vajra","PiercingWail","Skewer","Tactician","Block Potion"],"campfire_rested":2,"item_purchase_floors":[3,3,3,3,21,21,21],"current_hp_per_floor":[53,53,53,51,51,47,47,35,35,7,23,39,35,28,28,20,52,51,51,51,51,51,51,49,49,49,37,37,37,37,37,55,52,60,50,46,33,63,43,43,49,40,40,12,10,10,31,39,39,0,0],"gold":16,"neow_bonus":"TWO_FIFTY_GOLD","is_daily":false,"chose_seed":false,"campfire_upgraded":5,"win_rate":0.0,"timestamp":1609110176,"path_taken":["M","?","$","M","?","E","R","E","T","E","?","?","E","?","R","BOSS","M","?","?","$","?","R","E","R","T","?","E","?","E","?","R","BOSS","M","?","M","?","M","R","E","M","T","E","?","E","R","M","R","BOSS"],"items_purchased_type":["Card","Relic","Relic","Card","Card","Card","Potion"],"build_version":"2020-12-22","purchased_purges":1,"victory":false,"max_hp_per_floor":[66,66,66,66,66,66,66,66,66,66,66,66,66,63,63,63,63,63,63,63,63,63,63,63,63,63,63,63,63,63,63,63,63,63,63,63,63,63,63,63,70,70,70,70,70,70,70,70,70,70,70],"relic_stats":{"counters":[25,114],"Blue Candle":[0],"HoveringKite":[21],"StoneCalendar":[56],"Snake Skull":[2],"MawBank":0,"SsserpentHead":0,"Ornamental Fan":[320],"Shuriken":[62],"Bronze Scales":[151],"Turnip":[15],"Ectoplasm":1088,"obtain_stats":[{"Blue Candle":8,"Vajra":3,"HoveringKite":34,"StoneCalendar":10,"Snake Skull":30,"The Courier":43,"Omamori":5,"Sling":3,"MawBank":31,"Ancient Tea Set":44,"Akabeko":13,"SsserpentHead":19,"Ornamental Fan":6,"Shuriken":24,"Bronze Scales":28,"Strawberry":41,"Turnip":9,"Ectoplasm":17,"Ring of the Snake":0,"Meat on the Bone":46},{"Blue Candle":4,"Vajra":1,"HoveringKite":14,"StoneCalendar":5,"Snake Skull":13,"The Courier":20,"Omamori":2,"Sling":1,"MawBank":13,"Ancient Tea Set":21,"Akabeko":6,"SsserpentHead":8,"Ornamental Fan":3,"Shuriken":10,"Bronze Scales":12,"Strawberry":19,"Turnip":4,"Ectoplasm":7,"Ring of the Snake":0,"Meat on the Bone":23},{"Blue Candle":15,"Vajra":4,"HoveringKite":63,"StoneCalendar":19,"Snake Skull":56,"The Courier":89,"Omamori":8,"Sling":4,"MawBank":56,"Ancient Tea Set":94,"Akabeko":25,"SsserpentHead":41,"Ornamental Fan":11,"Shuriken":47,"Bronze Scales":53,"Strawberry":85,"Turnip":15,"Ectoplasm":38,"Ring of the Snake":0,"Meat on the Bone":101}],"Ring of the Snake":[50],"Meat on the Bone":12},"card_choices":[{"not_picked":["PiercingWail","Cloak And Dagger"],"picked":"Flying Knee","floor":1},{"not_picked":["Deadly Poison","Deflect"],"picked":"Finisher","floor":4},{"not_picked":["Deadly Poison","Dodge and Roll"],"picked":"Cloak And Dagger","floor":6},{"not_picked":["Heel Hook","Dash"],"picked":"Backflip","floor":8},{"not_picked":["Underhanded Strike","Dagger Throw","Catalyst"],"picked":"SKIP","floor":10},{"not_picked":["Underhanded Strike","Poisoned Stab"],"picked":"Unload","floor":13},{"not_picked":["Corpse Explosion","Unload"],"picked":"Phantasmal Killer","floor":16},{"not_picked":["Bane","Blur"],"picked":"Dagger Spray","floor":18},{"not_picked":["Dagger Throw","Bane"],"picked":"Prepared+1","floor":20},{"not_picked":["Leg Sweep","PiercingWail"],"picked":"Blade Dance","floor":24},{"not_picked":["Quick Slash","Tactician"],"picked":"Terror","floor":27},{"not_picked":["Poisoned Stab+1","Prepared"],"picked":"Wraith Form v2","floor":28},{"not_picked":["Eviscerate","Dagger Throw","Bane"],"picked":"SKIP","floor":30},{"not_picked":["Dagger Throw","Bane"],"picked":"Eviscerate","floor":30},{"not_picked":["Wraith Form v2","Tools of the Trade"],"picked":"Storm of Steel","floor":33},{"not_picked":["Deflect","Heel Hook"],"picked":"Calculated Gamble","floor":35},{"not_picked":["Dagger Throw","Poisoned Stab"],"picked":"Backflip","floor":36},{"not_picked":["Calculated Gamble","Escape Plan+1"],"picked":"Blade Dance","floor":37},{"not_picked":["Quick Slash","Heel Hook"],"picked":"Cloak And Dagger","floor":39},{"not_picked":["Skewer","Dash"],"picked":"After Image","floor":41},{"not_picked":["Cloak And Dagger","Bane","Outmaneuver"],"picked":"SKIP","floor":42},{"not_picked":["Masterful Stab+1","Deadly Poison"],"picked":"Acrobatics","floor":44},{"not_picked":["Predator","Acrobatics"],"picked":"Storm of Steel","floor":45},{"not_picked":["Quick Slash+1","Catalyst"],"picked":"Corpse Explosion","floor":46},{"not_picked":["Expertise","Masterful Stab"],"picked":"Blade Dance+1","floor":48}],"player_experience":3278054,"relics_obtained":[{"floor":5,"key":"Omamori"},{"floor":6,"key":"Ornamental Fan"},{"floor":8,"key":"Blue Candle"},{"floor":9,"key":"Turnip"},{"floor":10,"key":"StoneCalendar"},{"floor":13,"key":"Akabeko"},{"floor":24,"key":"Shuriken"},{"floor":28,"key":"Bronze Scales"},{"floor":30,"key":"Snake Skull"},{"floor":31,"key":"MawBank"},{"floor":41,"key":"Strawberry"},{"floor":43,"key":"The Courier"},{"floor":44,"key":"Ancient Tea Set"},{"floor":46,"key":"Meat on the Bone"}],"event_choices":[{"damage_healed":0,"gold_gain":150,"player_choice":"AGREE","damage_taken":0,"max_hp_gain":0,"max_hp_loss":0,"event_name":"Liars Game","floor":2,"gold_loss":0,"cards_obtained":["Doubt"]},{"damage_healed":16,"gold_gain":0,"player_choice":"Healed","damage_taken":0,"max_hp_gain":0,"max_hp_loss":0,"event_name":"The Cleric","floor":11,"gold_loss":35},{"damage_healed":16,"gold_gain":0,"player_choice":"Healed and dodged fight","damage_taken":0,"max_hp_gain":0,"max_hp_loss":0,"event_name":"Mushrooms","floor":12,"gold_loss":0,"cards_obtained":["Parasite"]},{"cards_removed":["Parasite"],"damage_healed":0,"gold_gain":0,"player_choice":"Card Removal","damage_taken":7,"max_hp_gain":0,"max_hp_loss":0,"event_name":"Golden Wing","floor":14,"gold_loss":0},{"damage_healed":0,"gold_gain":0,"player_choice":"Trade","damage_taken":0,"relics_obtained":["SsserpentHead"],"max_hp_gain":0,"max_hp_loss":0,"event_name":"FaceTrader","floor":19,"gold_loss":0},{"cards_removed":["Strike_G"],"damage_healed":0,"gold_gain":0,"player_choice":"Purged","damage_taken":0,"max_hp_gain":0,"max_hp_loss":0,"event_name":"Purifier","floor":22,"gold_loss":0},{"damage_healed":0,"gold_gain":0,"player_choice":"Simplicity","damage_taken":0,"max_hp_gain":0,"max_hp_loss":0,"event_name":"Back to Basics","floor":29,"gold_loss":0,"cards_upgraded":["Strike_G","Strike_G","Strike_G","Strike_G","Defend_G","Defend_G","Defend_G","Defend_G","Defend_G"]},{"damage_healed":30,"gold_gain":0,"player_choice":"Full Heal","damage_taken":0,"max_hp_gain":0,"max_hp_loss":0,"event_name":"Wheel of Change","floor":38,"gold_loss":0}],"is_beta":false,"boss_relics":[{"not_picked":["Fusion Hammer","Coffee Dripper"],"picked":"Ectoplasm"},{"not_picked":["Runic Pyramid","Cursed Key"],"picked":"HoveringKite"}],"items_purged_floors":[3],"is_endless":false,"potions_floor_spawned":[1,6,13,16,24,28,33,37,39,45,46],"killed_by":"Time Eater","ascension_level":20}}