{"host":"cjhtzh7tp54jdfyv","time":1609111719,"event":{"mods":["AchievementEnabler","BaseMod","Colored Map","Colored Powertips","Curses Come First","DeckTracker","Filter the Spire","Minty Spire (QoL Compilation)","RNG Fix","Relic Sorter","Relic Stats","StSLib","The Cursed","The Disciple","The Marked","UnlockEverythingMod","Waifu the Spire","ojb\u0027s Better Paths Mod","ojb\u0027s Info Mod"],"gold_per_floor":[118,131,145,145,160,193,193,223,223,237,237,237,248,268,268,347,347,364,382,382,399,415,415,8,35,35,64,79,94,94,110,110,186,186,200,214,228,228,240,269,282,299,380,407,407,438,263,273,273,273,273,273,273,35,62,62,62],"floor_reached":56,"playtime":6884,"items_purged":["TheCursedMod:Strike_TheCursed","TheCursedMod:Strike_TheCursed"],"score":2344,"play_id":"0e68cc4f-d0b4-4ea7-ac4b-536316219bce","local_time":"20201227182839","is_ascension_mode":true,"campfire_choices":[{"data":"TheCursedMod:SpitefulPlan","floor":7.0,"key":"SMITH"},{"data":"TheCursedMod:CleanUpWorkshop","floor":11.0,"key":"SMITH"},{"data":"TheCursedMod:LuckyCharm","floor":15.0,"key":"SMITH"},{"data":"TheCursedMod:CursedBlade","floor":23.0,"key":"SMITH"},{"floor":30.0,"key":"RECALL"},{"data":"TheCursedMod:ManaCirculation","floor":32.0,"key":"SMITH"},{"floor":49.0,"key":"DIG"},{"floor":53.0,"key":"DIG"}],"circlet_count":0,"master_deck":["AscendersBane","TheCursedMod:Strike_TheCursed","TheCursedMod:Strike_TheCursed","TheCursedMod:Defend_TheCursed","TheCursedMod:Defend_TheCursed","TheCursedMod:Defend_TheCursed","TheCursedMod:Defend_TheCursed","TheCursedMod:CursedWand","TheCursedMod:CleanUpWorkshop+1","TheCursedMod:Dregs","TheCursedMod:LuckyCharm+1","TheCursedMod:Wield","Regret","TheCursedMod:SpitefulStrike","TheCursedMod:SpitefulPlan+1","TheCursedMod:DemonSword","TheCursedMod:CursedShiv","TheCursedMod:SurpriseAttack","TheCursedMod:CursedShiv","TheCursedMod:AntiAging","TheCursedMod:BloodBarrier","TheCursedMod:Obscuration+1","TheCursedMod:CursedBlade+1","TheCursedMod:CursedShiv+1","TheCursedMod:RapidMovement","TheCursedMod:ManaCirculation+1","Doubt","TheCursedMod:DemonSword","TheCursedMod:ManaBullet+1","TheCursedMod:PrepareRite+1","TheCursedMod:SpitefulPlan+1","TheCursedMod:Neurasthenia+1","TheCursedMod:CircleOfAmplification","TheCursedMod:AshesToAshes","TheCursedMod:CursedShiv","TheCursedMod:Wield","TheCursedMod:ForbiddenAlchemy+1","TheCursedMod:SurpriseAttack+1","Regret","Shame","TheCursedMod:Evocation","TheCursedMod:LuckyCharm","TheCursedMod:RapidMovement","TheCursedMod:AshesToAshes"],"relics":["TheCursedMod:BlackMagic101","TheCursedMod:SoulVessel","Bag of Preparation","TheCursedMod:MagicCandle","Ornamental Fan","Cursed Key","Nloth\u0027s Gift","Bottled Tornado","Pantograph","Letter Opener","Shuriken","Fusion Hammer","Gambling Chip","Pen Nib","Shovel","TheCursedMod:BloodyHarpoon","War Paint","StrikeDummy","Lantern","Incense Burner"],"acts_visited":["Exordium","TheCity","TheBeyond","TheEnding"],"potions_floor_usage":[55,56,56,56,56,56,56,56],"damage_taken":[{"damage":0.0,"enemies":"2 Louse","floor":1.0,"turns":2.0},{"damage":7.0,"enemies":"Small Slimes","floor":2.0,"turns":4.0},{"damage":2.0,"enemies":"Jaw Worm","floor":3.0,"turns":3.0},{"damage":18.0,"enemies":"Exordium Thugs","floor":5.0,"turns":6.0},{"damage":23.0,"enemies":"Gremlin Nob","floor":6.0,"turns":4.0},{"damage":29.0,"enemies":"Lagavulin","floor":8.0,"turns":5.0},{"damage":3.0,"enemies":"Large Slime","floor":10.0,"turns":4.0},{"damage":0.0,"enemies":"2 Fungi Beasts","floor":13.0,"turns":2.0},{"damage":0.0,"enemies":"Exordium Thugs","floor":14.0,"turns":2.0},{"damage":3.0,"enemies":"Slime Boss","floor":16.0,"turns":9.0},{"damage":13.0,"enemies":"2 Thieves","floor":18.0,"turns":4.0},{"damage":17.0,"enemies":"Spheric Guardian","floor":19.0,"turns":6.0},{"damage":3.0,"enemies":"Centurion and Healer","floor":21.0,"turns":6.0},{"damage":12.0,"enemies":"Cultist and Chosen","floor":22.0,"turns":6.0},{"damage":18.0,"enemies":"Slavers","floor":25.0,"turns":10.0},{"damage":2.0,"enemies":"Book of Stabbing","floor":27.0,"turns":5.0},{"damage":10.0,"enemies":"Snecko","floor":28.0,"turns":5.0},{"damage":7.0,"enemies":"Snake Plant","floor":29.0,"turns":4.0},{"damage":7.0,"enemies":"Cultist and Chosen","floor":31.0,"turns":6.0},{"damage":5.0,"enemies":"Champ","floor":33.0,"turns":7.0},{"damage":0.0,"enemies":"3 Shapes","floor":35.0,"turns":3.0},{"damage":13.0,"enemies":"3 Darklings","floor":36.0,"turns":5.0},{"damage":0.0,"enemies":"Transient","floor":37.0,"turns":6.0},{"damage":22.0,"enemies":"Spire Growth","floor":39.0,"turns":4.0},{"damage":0.0,"enemies":"Nemesis","floor":40.0,"turns":5.0},{"damage":7.0,"enemies":"Writhing Mass","floor":41.0,"turns":7.0},{"damage":37.0,"enemies":"Transient","floor":42.0,"turns":6.0},{"damage":0.0,"enemies":"Giant Head","floor":44.0,"turns":4.0},{"damage":84.0,"enemies":"Nemesis","floor":46.0,"turns":16.0},{"damage":1.0,"enemies":"3 Darklings","floor":48.0,"turns":6.0},{"damage":12.0,"enemies":"Donu and Deca","floor":50.0,"turns":6.0},{"damage":55.0,"enemies":"Awakened One","floor":51.0,"turns":10.0},{"damage":45,"enemies":"Shield and Spear","floor":55,"turns":12},{"damage":106,"enemies":"The Heart","floor":56,"turns":8}],"seed_played":"5582176106420523219","potions_obtained":[{"floor":2.0,"key":"FairyPotion"},{"floor":6.0,"key":"SkillPotion"},{"floor":8.0,"key":"LiquidMemories"},{"floor":14.0,"key":"Block Potion"},{"floor":16.0,"key":"Strength Potion"},{"floor":18.0,"key":"SkillPotion"},{"floor":21.0,"key":"SkillPotion"},{"floor":22.0,"key":"Ancient Potion"},{"floor":25.0,"key":"EntropicBrew"},{"floor":31.0,"key":"AttackPotion"},{"floor":36.0,"key":"DistilledChaos"},{"floor":37.0,"key":"DuplicationPotion"}],"is_trial":false,"path_per_floor":["M","M","M","?","M","E","R","E","T","M","R","?","M","M","R","B",null,"M","M","?","M","M","R","$","E","T","E","M","M","R","M","R","B",null,"M","M","M","?","M","E","M","M","T","E","T","E","$","M","R","B","B",null,"R","$","E","B"],"character_chosen":"THE_CURSED","items_purchased":["Bottled Tornado","TheCursedMod:RapidMovement","TheCursedMod:LuckyCharm","Lantern","TheCursedMod:RapidMovement","Swift Potion"],"campfire_rested":0,"item_purchase_floors":[24,24,47,54,54,54],"current_hp_per_floor":[64,59,59,59,42,20,20,21,21,21,21,21,22,25,25,32,56,48,37,37,43,40,40,40,33,33,40,37,40,40,39,39,77,79,82,82,86,86,78,88,90,81,81,94,94,35,35,52,52,85,100,102,102,102,102,0,0],"gold":62,"neow_bonus":"ONE_RARE_RELIC","is_daily":false,"chose_seed":false,"campfire_upgraded":5,"win_rate":0.0,"timestamp":1609111719,"path_taken":["M","M","M","?","M","E","R","E","T","M","R","?","M","M","R","BOSS","M","M","?","M","M","R","$","E","T","E","?","M","R","M","R","BOSS","M","M","M","?","?","E","M","M","T","E","?","E","$","M","R","BOSS","BOSS","R","$","E","BOSS"],"items_purchased_type":["Relic","Card","Card","Relic","Card","Potion"],"build_version":"2020-12-22","purchased_purges":2,"victory":false,"max_hp_per_floor":[64,64,64,64,64,64,64,64,64,64,64,64,64,64,64,64,64,66,66,66,68,70,70,70,72,72,74,74,76,76,78,78,80,80,82,84,86,86,88,88,90,92,92,94,94,96,96,98,98,100,102,102,102,102,104,106,106],"relic_stats":{"counters":[34,198],"Pen Nib":[17],"Bag of Preparation":[58],"Letter Opener":[211],"War Paint":["TheCursedMod:ForbiddenAlchemy","TheCursedMod:Neurasthenia"],"Cursed Key":3,"Shovel":2,"Ornamental Fan":[516],"Shuriken":[99],"Pantograph":67,"Gambling Chip":[34],"Nloth\u0027s Gift":3,"obtain_stats":[{"TheCursedMod:BloodyHarpoon":46,"TheCursedMod:BlackMagic101":0,"Lantern":54,"Pen Nib":44,"Bag of Preparation":6,"Incense Burner":55,"Letter Opener":26,"TheCursedMod:MagicCandle":8,"Bottled Tornado":24,"War Paint":49,"Cursed Key":17,"Shovel":45,"Ornamental Fan":9,"Shuriken":27,"Pantograph":25,"Gambling Chip":40,"Fusion Hammer":34,"Bag of Marbles":4,"Nloth\u0027s Gift":20,"StrikeDummy":53,"TheCursedMod:SoulVessel":0},{"TheCursedMod:BloodyHarpoon":29,"TheCursedMod:BlackMagic101":0,"Lantern":32,"Pen Nib":28,"Bag of Preparation":5,"Incense Burner":33,"Letter Opener":15,"TheCursedMod:MagicCandle":6,"Bottled Tornado":14,"War Paint":30,"Cursed Key":10,"Shovel":28,"Ornamental Fan":6,"Shuriken":16,"Pantograph":15,"Gambling Chip":25,"Fusion Hammer":20,"Bag of Marbles":3,"Nloth\u0027s Gift":12,"StrikeDummy":32,"TheCursedMod:SoulVessel":0},{"TheCursedMod:BloodyHarpoon":156,"TheCursedMod:BlackMagic101":0,"Lantern":178,"Pen Nib":140,"Bag of Preparation":19,"Incense Burner":190,"Letter Opener":73,"TheCursedMod:MagicCandle":24,"Bottled Tornado":63,"War Paint":162,"Cursed Key":41,"Shovel":140,"Ornamental Fan":24,"Shuriken":78,"Pantograph":73,"Gambling Chip":123,"Fusion Hammer":100,"Bag of Marbles":9,"Nloth\u0027s Gift":51,"StrikeDummy":178,"TheCursedMod:SoulVessel":0}]},"card_choices":[{"not_picked":["TheCursedMod:BlessingInDisguise","TheCursedMod:FleshFromBone"],"picked":"TheCursedMod:SpitefulStrike","floor":1.0},{"not_picked":["TheCursedMod:AshesToAshes","TheCursedMod:Mangle"],"picked":"TheCursedMod:LuckyCharm","floor":2.0},{"not_picked":["TheCursedMod:HellfireBreathing","TheCursedMod:Grudge"],"picked":"TheCursedMod:Wield","floor":3.0},{"not_picked":["TheCursedMod:DoubleShield","TheCursedMod:RapidMovement"],"picked":"TheCursedMod:SpitefulStrike","floor":5.0},{"not_picked":["TheCursedMod:CursedAmulet","TheCursedMod:CircleOfFlame"],"picked":"TheCursedMod:SpitefulPlan","floor":6.0},{"not_picked":["TheCursedMod:Mangle","TheCursedMod:BlessingInDisguise"],"picked":"TheCursedMod:DemonSword","floor":8.0},{"not_picked":["TheCursedMod:EmpowerCircles","TheCursedMod:CursedArmor"],"picked":"TheCursedMod:CursedShiv","floor":10.0},{"not_picked":["TheCursedMod:SoulCrush","TheCursedMod:RavingStaff"],"picked":"TheCursedMod:SurpriseAttack","floor":13.0},{"not_picked":["TheCursedMod:CursedAmulet","TheCursedMod:CircleOfCorruption"],"picked":"TheCursedMod:CursedShiv","floor":14.0},{"not_picked":["TheCursedMod:NeowsMight","TheCursedMod:DemonicPact"],"picked":"TheCursedMod:AntiAging","floor":16.0},{"not_picked":["TheCursedMod:CursedBlade","TheCursedMod:HellfireBreathing"],"picked":"TheCursedMod:BloodBarrier","floor":18.0},{"not_picked":["TheCursedMod:BlessingInDisguise","TheCursedMod:SpitefulStrike"],"picked":"TheCursedMod:Obscuration+1","floor":19.0},{"not_picked":["TheCursedMod:CircleOfCorruption","TheCursedMod:RavingStaff"],"picked":"TheCursedMod:CursedBlade","floor":21.0},{"not_picked":["TheCursedMod:Stigma","TheCursedMod:FleshFromBone"],"picked":"TheCursedMod:CursedShiv+1","floor":22.0},{"not_picked":["TheCursedMod:CursedAmulet","TheCursedMod:CursedMace"],"picked":"TheCursedMod:ManaCirculation","floor":25.0},{"not_picked":["TheCursedMod:CircleOfBlood","TheCursedMod:RavingStaff"],"picked":"TheCursedMod:DemonSword","floor":27.0},{"not_picked":["TheCursedMod:SpitefulStrike","TheCursedMod:Hemoplague+1"],"picked":"TheCursedMod:ManaBullet+1","floor":28.0},{"not_picked":["TheCursedMod:RapidMovement+1","TheCursedMod:SurpriseAttack"],"picked":"TheCursedMod:PrepareRite+1","floor":29.0},{"not_picked":["TheCursedMod:Wield","TheCursedMod:VitalStrike"],"picked":"TheCursedMod:SpitefulPlan+1","floor":31.0},{"not_picked":["TheCursedMod:ManaCirculation","TheCursedMod:VoidForm"],"picked":"TheCursedMod:Neurasthenia","floor":33.0},{"not_picked":["TheCursedMod:SpitefulStrike","TheCursedMod:DoubleShield+1"],"picked":"TheCursedMod:CircleOfAmplification","floor":35.0},{"not_picked":["TheCursedMod:ManaBullet","TheCursedMod:CircleOfFocus+1"],"picked":"TheCursedMod:AshesToAshes","floor":36.0},{"not_picked":["TheCursedMod:BloodBarrier","TheCursedMod:FleshFromBone+1"],"picked":"TheCursedMod:CursedShiv","floor":37.0},{"not_picked":["TheCursedMod:Grudge+1","TheCursedMod:Stigma"],"picked":"TheCursedMod:Wield","floor":39.0},{"not_picked":["TheCursedMod:StunningStrike","TheCursedMod:SurpriseAttack"],"picked":"TheCursedMod:ForbiddenAlchemy","floor":40.0},{"not_picked":["TheCursedMod:SoulCrush","TheCursedMod:Torture"],"picked":"TheCursedMod:SurpriseAttack+1","floor":41.0},{"not_picked":["TheCursedMod:VitalStrike","TheCursedMod:PrepareRite","TheCursedMod:Obscuration"],"picked":"SKIP","floor":42.0},{"not_picked":["TheCursedMod:FuryStrike","TheCursedMod:CursedBlade+1","TheCursedMod:DemonSword"],"picked":"SKIP","floor":44.0},{"not_picked":["TheCursedMod:FuryStrike","TheCursedMod:Grudge+1"],"picked":"TheCursedMod:Evocation","floor":46.0},{"not_picked":["TheCursedMod:CursedShiv","TheCursedMod:WearCloak","TheCursedMod:CircleOfCorruption+1"],"picked":"SKIP","floor":48.0},{"not_picked":["TheCursedMod:CircleOfCorruption","TheCursedMod:ManaBullet"],"picked":"TheCursedMod:AshesToAshes","floor":55}],"player_experience":4452033,"relics_obtained":[{"floor":6.0,"key":"Bag of Preparation"},{"floor":8.0,"key":"TheCursedMod:MagicCandle"},{"floor":9.0,"key":"Ornamental Fan"},{"floor":25.0,"key":"Pantograph"},{"floor":26.0,"key":"Letter Opener"},{"floor":27.0,"key":"Shuriken"},{"floor":40.0,"key":"Gambling Chip"},{"floor":44.0,"key":"Pen Nib"},{"floor":45.0,"key":"Shovel"},{"floor":46.0,"key":"TheCursedMod:BloodyHarpoon"},{"floor":49.0,"key":"War Paint"},{"floor":53.0,"key":"StrikeDummy"},{"floor":55,"key":"Incense Burner"}],"event_choices":[{"damage_healed":0.0,"max_hp_gain":0.0,"max_hp_loss":0.0,"gold_gain":0.0,"event_name":"Big Fish","player_choice":"Box","floor":4.0,"gold_loss":0.0,"damage_taken":0.0,"relics_obtained":["Bag of Marbles"],"cards_obtained":["Regret"]},{"damage_healed":0.0,"max_hp_gain":0.0,"max_hp_loss":0.0,"gold_gain":0.0,"event_name":"Shining Light","player_choice":"Ignored","floor":12.0,"gold_loss":0.0,"damage_taken":0.0},{"damage_healed":0.0,"max_hp_gain":0.0,"max_hp_loss":0.0,"gold_gain":0.0,"event_name":"N\u0027loth","player_choice":"Traded Relic","floor":20.0,"relics_lost":["Bag of Marbles"],"gold_loss":0.0,"damage_taken":0.0,"relics_obtained":["Nloth\u0027s Gift"]},{"cards_removed":["TheCursedMod:SpitefulStrike"],"damage_healed":0.0,"max_hp_gain":0.0,"max_hp_loss":0.0,"gold_gain":0.0,"event_name":"Falling","player_choice":"Removed Attack","floor":38.0,"gold_loss":0.0,"damage_taken":0.0}],"is_beta":false,"boss_relics":[{"not_picked":["Velvet Choker","Ectoplasm"],"picked":"Cursed Key"},{"not_picked":["Snecko Eye","Sozu"],"picked":"Fusion Hammer"}],"items_purged_floors":[24,47],"is_endless":false,"potions_floor_spawned":[2,6,8,14,16,18,21,22,25,31,36,37,41,42,48,55],"killed_by":"The Heart","ascension_level":20}}