{"host":"bxdue9bkfm2khp2x","time":1609083885,"event":{"mods":["ATMod(阿瑾Mod)","Aspiration","BaseMod","Better Vampires","Challenge The Spire","Colored Powertips","Conspire","Decade(王小明)","Dota2Spire","Highlight Path","Minty Spire (QoL Compilation)","MostiFishMod","Replay The Spire","RumiaBox-露米娅的神秘盒子","Spicy Shops","StSLib","Td1madao Mod","The Alterego","The Cursed","WarShipGirlsR/战舰少女R mod","noobMod","vexMod","【功能Mod】混沌之环修复补丁","【遗物卡牌】REMEMod","篝火指南"],"gold_per_floor":[111,111,111,36,60,60,98,98,98,98,116,130,130,74,74,170,170,188,211,234,259,259,259,279,279,303,303,303,40,127,127,130,130],"floor_reached":32,"playtime":1309,"items_purged":["Strike_G","Strike_G"],"score":556,"play_id":"30101379-ee6d-46b0-ab5a-fa7b504e74f7","local_time":"20201227234445","is_ascension_mode":true,"campfire_choices":[{"data":"AT_Dispersion","floor":6.0,"key":"SMITH"},{"data":"MostiFishMod:ShivMaster","floor":10.0,"key":"SMITH"},{"data":"Kiva_Swallow","floor":13.0,"key":"SMITH"},{"data":"Cloak And Dagger","floor":15.0,"key":"SMITH"},{"data":"Infinite Blades","floor":25.0,"key":"SMITH"},{"data":"Cloak And Dagger","floor":27.0,"key":"SMITH"}],"circlet_count":0,"master_deck":["AscendersBane","Strike_G","Strike_G","Defend_G","Defend_G","Defend_G","Defend_G","Defend_G","Survivor","Neutralize","Kiva_Swallow+1","AT_Dispersion+1","MostiFishMod:ShivMaster+1","Blade Dance","Cloak And Dagger+1","Infinite Blades+1","Cloak And Dagger+1","AT_EssenceShift","Cloak And Dagger+1"],"relics":["Ring of the Snake","DaveBox","REME_ComplimentaryCards","ice","AT_ATBox","xbg","NeowsBlessing","SynthV:TestCard","Golden Idol","vexMod:RedPlottingStone","Sozu","REME_ArchaeologicalTools","Replay:Baseball"],"acts_visited":["Exordium","TheCity"],"potions_floor_usage":[],"damage_taken":[{"damage":0.0,"enemies":"Small Slimes","floor":1.0,"turns":1.0},{"damage":0.0,"enemies":"Jaw Worm","floor":5.0,"turns":1.0},{"damage":0.0,"enemies":"Replay:BlueRogue","floor":7.0,"turns":1.0},{"damage":0.0,"enemies":"2 Louse","floor":11.0,"turns":3.0},{"damage":4.0,"enemies":"Lots of Slimes","floor":12.0,"turns":5.0},{"damage":9.0,"enemies":"The Guardian","floor":16.0,"turns":7.0},{"damage":3.0,"enemies":"2 Thieves","floor":18.0,"turns":3.0},{"damage":0.0,"enemies":"Shell Parasite","floor":19.0,"turns":3.0},{"damage":0.0,"enemies":"Snecko","floor":20.0,"turns":2.0},{"damage":0.0,"enemies":"Chosen and Byrds","floor":21.0,"turns":3.0},{"damage":0.0,"enemies":"Centurion and Healer","floor":24.0,"turns":4.0},{"damage":17.0,"enemies":"Snake Plant","floor":26.0,"turns":5.0},{"damage":19.0,"enemies":"Gremlin Leader","floor":30.0,"turns":3.0},{"damage":2,"enemies":"Slavers","floor":32,"turns":2}],"seed_played":"5944117386591399594","potions_obtained":[{"floor":11.0,"key":"EssenceOfSteel"},{"floor":12.0,"key":"SpeedPotion"}],"is_trial":false,"path_per_floor":["M","?","?","$","M","R","E","?","T","R","M","M","R","$","R","B",null,"M","M","M","M","PTL","PTL","M","R","M","R","T","$","E","?","E"],"character_chosen":"THE_SILENT","items_purchased":["Cloak And Dagger","AT_EssenceShift"],"campfire_rested":0,"item_purchase_floors":[14,29],"current_hp_per_floor":[59,59,56,56,56,56,56,56,56,56,56,52,52,52,52,43,56,53,53,53,53,53,53,53,53,36,36,36,36,17,17,15,15],"gold":130,"neow_bonus":"THREE_ENEMY_KILL","is_daily":false,"chose_seed":false,"campfire_upgraded":6,"win_rate":0.0,"timestamp":1609083885,"path_taken":["M","?","?","$","M","R","E","?","T","R","M","?","R","?","R","BOSS","M","?","M","M","PTL","PTL","M","R","M","R","T","$","E","?","E"],"items_purchased_type":["Card","Card"],"build_version":"2020-12-22","purchased_purges":2,"victory":false,"max_hp_per_floor":[66,60,60,60,60,60,60,60,60,60,60,60,60,60,60,60,60,60,60,60,60,60,60,60,60,60,60,60,60,60,60,60,60],"card_choices":[{"not_picked":["Deflect","Dagger Throw","Quick Slash"],"picked":"SKIP","floor":1.0},{"not_picked":["Dodge and Roll","Poisoned Stab","Quick Slash","Hidden Blade","Deflect"],"picked":"SKIP","floor":5.0},{"not_picked":["Sucker Punch","Flying Knee","Finisher","Underhanded Strike"],"picked":"MostiFishMod:ShivMaster","floor":7.0},{"not_picked":["Dagger Spray","Deflect","Bane","Masterful Stab","Quick Slash"],"picked":"SKIP","floor":11.0},{"not_picked":["MostiFishMod:PerfectParry","AT_TwilightShroud","Setup","Poisoned Stab"],"picked":"Blade Dance","floor":12.0},{"not_picked":["Flying Knee","Acrobatics","All Out Attack","AT_Desolate","Blade Dance+1"],"picked":"SKIP","floor":18.0},{"not_picked":["Flying Knee","Dagger Spray","Terror+1","Bane"],"picked":"Infinite Blades","floor":19.0},{"not_picked":["Prepared","AT_WindFlip+1","Hidden Blade","Outmaneuver","Quick Slash"],"picked":"SKIP","floor":20.0},{"not_picked":["Skewer","AT_TwilightShroud","Setup","Hidden Blade"],"picked":"Cloak And Dagger","floor":21.0},{"not_picked":["Prepared","conspire:DoublingDagger","Wraith Form v2","Hidden Blade","Quick Slash"],"picked":"SKIP","floor":24.0},{"not_picked":["Quick Slash","AT_ThistleTea","Tactician","Backflip","AT_Desolate"],"picked":"SKIP","floor":26.0},{"not_picked":["Hidden Blade","AT_WindFlip","A Thousand Cuts","ReplayTheSpireMod:Tripwire"],"picked":"Cloak And Dagger+1","floor":30.0}],"player_experience":750114,"relics_obtained":[{"floor":1.0,"key":"SynthV:TestCard"},{"floor":7.0,"key":"vexMod:RedPlottingStone"},{"floor":28.0,"key":"REME_ArchaeologicalTools"},{"floor":30.0,"key":"Replay:Baseball"}],"event_choices":[{"damage_healed":0.0,"max_hp_gain":0.0,"max_hp_loss":6.0,"gold_gain":0.0,"event_name":"Golden Idol","player_choice":"Lose Max HP","floor":2.0,"gold_loss":0.0,"damage_taken":0.0,"relics_obtained":["Golden Idol"]},{"damage_healed":0.0,"max_hp_gain":0.0,"max_hp_loss":0.0,"gold_gain":0.0,"event_name":"conspire:Investor","player_choice":"Leave","floor":3.0,"gold_loss":0.0,"damage_taken":0.0},{"damage_healed":0.0,"max_hp_gain":0.0,"max_hp_loss":0.0,"gold_gain":0.0,"event_name":"WeMeetAgain","player_choice":"Ignored","floor":8.0,"gold_loss":0.0,"damage_taken":0.0},{"cards_removed":["Strike_G"],"damage_healed":0.0,"max_hp_gain":0.0,"max_hp_loss":0.0,"gold_gain":0.0,"event_name":"Bonfire Elementals","player_choice":"Offered Basic","floor":31.0,"gold_loss":0.0,"damage_taken":0.0}],"is_beta":false,"boss_relics":[{"not_picked":["Snecko Eye","Black Star"],"picked":"Sozu"}],"items_purged_floors":[4,29],"is_endless":false,"potions_floor_spawned":[11,12,16,21,26],"killed_by":"Slavers","ascension_level":19}}