{"host":"28p8ce41sjwa6lzf","time":1609028667,"event":{"mods":["AchievementEnabler","BaseMod","Colored Map","Colored Powertips","Highlight Path","Minty Spire (QoL Compilation)","Permanent Neow","Quick Restart","Random Character Button","Rare Cards Sparkle","Relic Stats","StSLib"],"gold_per_floor":[109,120,120,134,18,43,43,43,43],"floor_reached":8,"playtime":443,"items_purged":["Strike_P"],"score":112,"play_id":"dc384d40-90d1-4b7b-93d6-c4677f2953ef","local_time":"20201226182427","is_ascension_mode":true,"campfire_choices":[{"data":"Vigilance","floor":7,"key":"SMITH"}],"circlet_count":0,"master_deck":["AscendersBane","Strike_P","Strike_P","Strike_P","Defend_P","Defend_P","Defend_P","Defend_P","Eruption","Vigilance+1","FlurryOfBlows","FlurryOfBlows","InnerPeace+1","Protect+1"],"relics":["PureWater","Toy Ornithopter","Toxic Egg 2","Smiling Mask"],"acts_visited":["Exordium"],"potions_floor_usage":[],"damage_taken":[{"damage":3,"enemies":"Small Slimes","floor":1,"turns":3},{"damage":0,"enemies":"Cultist","floor":2,"turns":3},{"damage":2,"enemies":"Jaw Worm","floor":4,"turns":3},{"damage":26,"enemies":"Lagavulin","floor":6,"turns":5},{"damage":31,"enemies":"Gremlin Nob","floor":8,"turns":3}],"seed_played":"3596404519403128289","potions_obtained":[{"floor":4,"key":"SpeedPotion"}],"is_trial":false,"path_per_floor":["M","M","?","M","$","E","R","E"],"character_chosen":"WATCHER","items_purchased":["InnerPeace+1"],"campfire_rested":0,"item_purchase_floors":[5],"current_hp_per_floor":[58,58,58,56,56,30,30,0,0],"gold":43,"neow_bonus":"RANDOM_COMMON_RELIC","is_daily":false,"chose_seed":false,"campfire_upgraded":1,"win_rate":0.0,"timestamp":1609028667,"path_taken":["M","M","?","?","$","E","R","E"],"items_purchased_type":["Card"],"build_version":"2020-12-22","purchased_purges":1,"victory":false,"max_hp_per_floor":[68,68,68,68,68,68,68,68,68],"relic_stats":{"counters":[5,17],"Smiling Mask":0,"obtain_stats":[{"PureWater":0,"Toxic Egg 2":3,"Smiling Mask":6,"Toy Ornithopter":0},{"PureWater":0,"Toxic Egg 2":2,"Smiling Mask":4,"Toy Ornithopter":0},{"PureWater":0,"Toxic Egg 2":6,"Smiling Mask":14,"Toy Ornithopter":0}],"Toy Ornithopter":0},"card_choices":[{"not_picked":["Crescendo","DeceiveReality"],"picked":"FlurryOfBlows","floor":1},{"not_picked":["FollowUp","CrushJoints"],"picked":"Meditate","floor":2},{"not_picked":["FlyingSleeves","WreathOfFlame+1"],"picked":"FlurryOfBlows","floor":4},{"not_picked":["Prostrate+1","Wireheading"],"picked":"Protect+1","floor":6}],"player_experience":1048390,"relics_obtained":[{"floor":6,"key":"Smiling Mask"}],"event_choices":[{"cards_removed":["Meditate"],"damage_healed":0,"gold_gain":0,"player_choice":"Gave Card","damage_taken":0,"relics_obtained":["Toxic Egg 2"],"max_hp_gain":0,"max_hp_loss":0,"event_name":"WeMeetAgain","floor":3,"gold_loss":0}],"is_beta":false,"boss_relics":[],"items_purged_floors":[5],"is_endless":false,"potions_floor_spawned":[4],"killed_by":"Gremlin Nob","ascension_level":20}}