{"host":"rqd50iigewdjy74u","time":1609073239,"event":{"mods":["AchievementEnabler","BaseMod","BetterRewards","Custom Start","Minty Spire (QoL Compilation)","StSLib"],"gold_per_floor":[116,66,83,83,107,107,120,120,120,40,76,97,97,72,72,193,193,211,211,211,225,76,76,109,122,176,176,91,129,129,129],"floor_reached":30,"playtime":1071,"items_purged":[],"score":291,"play_id":"d7926413-7b0c-49a0-a8c0-4db03df254e6","local_time":"20201227064719","is_ascension_mode":false,"campfire_choices":[{"data":"Eruption","floor":6,"key":"SMITH"},{"data":"Wallop","floor":8,"key":"SMITH"},{"data":"Halt","floor":15,"key":"SMITH"},{"data":"Omniscience","floor":23,"key":"SMITH"},{"floor":27,"key":"RECALL"}],"circlet_count":0,"master_deck":["Strike_P","Strike_P","Strike_P","Strike_P","Defend_P","Defend_P","Defend_P","Eruption+1","Vigilance","InnerPeace","Wallop+1","WaveOfTheHand","Conclude","Omniscience+1","FlurryOfBlows","Judgement+1","Halt+1","DeusExMachina","ReachHeaven+1","ForeignInfluence","Vengeance","Wallop"],"relics":["Runic Dome","Golden Idol","Mummified Hand","Matryoshka","Runic Pyramid","MutagenicStrength","Orichalcum","Happy Flower","PreservedInsect","Toxic Egg 2","Mercury Hourglass"],"acts_visited":["Exordium","TheCity"],"potions_floor_usage":[7,11,11,16,29,29,30],"damage_taken":[{"damage":0,"enemies":"2 Louse","floor":1,"turns":1},{"damage":0,"enemies":"Small Slimes","floor":3,"turns":2},{"damage":0,"enemies":"Jaw Worm","floor":5,"turns":3},{"damage":7,"enemies":"3 Louse","floor":7,"turns":2},{"damage":7,"enemies":"3 Sentries","floor":11,"turns":10},{"damage":0,"enemies":"Exordium Thugs","floor":12,"turns":2},{"damage":13,"enemies":"Hexaghost","floor":16,"turns":9},{"damage":0,"enemies":"Chosen","floor":18,"turns":3},{"damage":10,"enemies":"2 Thieves","floor":21,"turns":3},{"damage":11,"enemies":"Book of Stabbing","floor":24,"turns":4},{"damage":24,"enemies":"Snake Plant","floor":25,"turns":2},{"damage":0,"enemies":"Slavers","floor":29,"turns":3},{"damage":14,"enemies":"Shelled Parasite and Fungi","floor":30,"turns":1}],"seed_played":"2956655621065432257","potions_obtained":[{"floor":1,"key":"GamblersBrew"},{"floor":7,"key":"EntropicBrew"},{"floor":11,"key":"SteroidPotion"},{"floor":16,"key":"FearPotion"},{"floor":21,"key":"Strength Potion"},{"floor":24,"key":"Energy Potion"},{"floor":29,"key":"DistilledChaos"}],"is_trial":false,"path_per_floor":["M","?","M","?","M","R","M","R","T","$","E","M","?","$","R","B",null,"M","?","?","M","$","R","E","M","T","R","?","E","M"],"character_chosen":"WATCHER","items_purchased":["Omniscience","Halt","Orichalcum"],"campfire_rested":0,"item_purchase_floors":[10,14,22],"current_hp_per_floor":[72,72,72,54,54,54,47,47,47,47,40,40,40,40,40,27,72,72,59,59,49,49,49,38,14,14,14,14,14,0,0],"gold":129,"neow_bonus":"BOSS_RELIC","is_daily":false,"chose_seed":false,"campfire_upgraded":4,"win_rate":0.0,"timestamp":1609073239,"path_taken":["M","?","M","?","M","R","?","R","T","$","E","M","?","?","R","BOSS","M","?","?","M","?","R","E","?","T","R","?","E","M"],"items_purchased_type":["Card","Card","Relic"],"build_version":"2020-12-22","purchased_purges":0,"victory":false,"max_hp_per_floor":[72,72,72,72,72,72,72,72,72,72,72,72,72,72,72,72,72,72,77,77,77,77,77,77,77,77,77,77,77,77,77],"card_choices":[{"not_picked":["Evaluate","CrushJoints"],"picked":"InnerPeace","floor":1},{"not_picked":["ThirdEye","Fasting2"],"picked":"Wallop","floor":3},{"not_picked":["JustLucky","EmptyBody"],"picked":"WaveOfTheHand","floor":5},{"not_picked":["Crescendo","MentalFortress"],"picked":"Conclude","floor":7},{"not_picked":["EmptyBody","JustLucky"],"picked":"FlurryOfBlows","floor":11},{"not_picked":["BowlingBash","CutThroughFate"],"picked":"Judgement","floor":12},{"not_picked":["Establishment","Alpha"],"picked":"DeusExMachina","floor":16},{"not_picked":["LikeWater+1","Prostrate+1"],"picked":"ReachHeaven+1","floor":18},{"not_picked":["TalkToTheHand","EmptyBody","CrushJoints"],"picked":"SKIP","floor":21},{"not_picked":["EmptyBody","Prostrate"],"picked":"ForeignInfluence","floor":24},{"not_picked":["FlurryOfBlows","FollowUp"],"picked":"Vengeance","floor":25},{"not_picked":["Conclude","CrushJoints"],"picked":"Wallop","floor":29}],"player_experience":123215,"relics_obtained":[{"floor":9,"key":"Mummified Hand"},{"floor":11,"key":"Matryoshka"},{"floor":24,"key":"Happy Flower"},{"floor":26,"key":"PreservedInsect"},{"floor":29,"key":"Mercury Hourglass"}],"event_choices":[{"cards_removed":["Defend_P"],"damage_healed":0,"gold_gain":0,"player_choice":"Card Removal","damage_taken":0,"max_hp_gain":0,"max_hp_loss":0,"event_name":"The Cleric","floor":2,"gold_loss":50},{"damage_healed":0,"gold_gain":0,"player_choice":"Take Damage","damage_taken":18,"relics_obtained":["Golden Idol"],"max_hp_gain":0,"max_hp_loss":0,"event_name":"Golden Idol","floor":4,"gold_loss":0},{"damage_healed":0,"gold_gain":0,"player_choice":"Forge","damage_taken":0,"max_hp_gain":0,"max_hp_loss":0,"event_name":"Accursed Blacksmith","floor":13,"gold_loss":0,"cards_upgraded":["Judgement"]},{"damage_healed":0,"gold_gain":0,"player_choice":"Shed Blood","damage_taken":18,"max_hp_gain":5,"max_hp_loss":0,"event_name":"Forgotten Altar","floor":19,"gold_loss":0},{"damage_healed":0,"gold_gain":0,"player_choice":"Inject Mutagens","damage_taken":0,"relics_obtained":["MutagenicStrength"],"max_hp_gain":0,"max_hp_loss":0,"event_name":"Drug Dealer","floor":20,"gold_loss":0},{"damage_healed":0,"gold_gain":0,"player_choice":"Obtained Relic","damage_taken":0,"relics_obtained":["Toxic Egg 2"],"max_hp_gain":0,"max_hp_loss":0,"event_name":"Addict","floor":28,"gold_loss":85}],"is_beta":false,"boss_relics":[{"not_picked":["VioletLotus","Velvet Choker"],"picked":"Runic Pyramid"}],"items_purged_floors":[],"is_endless":false,"potions_floor_spawned":[1,7,11,16,21,24,29],"killed_by":"Shelled Parasite and Fungi","ascension_level":0}}