{"host":"d8hh7rr4yzitjeuj","time":1609048763,"event":{"mods":["2.2 Compatiblity","AchievementEnabler","BaseMod","CapriCore","Colored Map","Colored Powertips","Highlight Path","Keyboard Shortcuts","Minty Spire (QoL Compilation)","Permanent Neow","Quick Restart","StSLib","SuperFastMode"],"gold_per_floor":[112,123,139,153,169,183,133,113,113,124,124,137,47,64,64,64,64],"floor_reached":16,"playtime":428,"items_purged":[],"score":196,"play_id":"3a3f9b53-a24f-4e69-8ddf-c1da73c933d6","local_time":"20201227145923","is_ascension_mode":true,"campfire_choices":[{"floor":11.0,"key":"REST"},{"data":"Reprogram","floor":15,"key":"SMITH"}],"circlet_count":0,"master_deck":["AscendersBane","Strike_B","Strike_B","Strike_B","Strike_B","Defend_B","Defend_B","Defend_B","Defend_B","Zap","Dualcast","Sweeping Beam","Coolheaded","Compile Driver","Rip and Tear","Reprogram+1","Barrage","Go for the Eyes","Turbo","Reinforced Body","Panacea"],"relics":["Cracked Core","Lizard Tail","Letter Opener"],"acts_visited":["Exordium"],"potions_floor_usage":[12,16],"damage_taken":[{"damage":1.0,"enemies":"Cultist","floor":1.0,"turns":3.0},{"damage":4.0,"enemies":"Jaw Worm","floor":2.0,"turns":3.0},{"damage":2.0,"enemies":"Small Slimes","floor":3.0,"turns":3.0},{"damage":7.0,"enemies":"2 Fungi Beasts","floor":4.0,"turns":4.0},{"damage":16.0,"enemies":"3 Louse","floor":5.0,"turns":2.0},{"damage":6.0,"enemies":"Looter","floor":6.0,"turns":4.0},{"damage":0.0,"enemies":"Lots of Slimes","floor":10.0,"turns":2.0},{"damage":14,"enemies":"Large Slime","floor":12,"turns":5},{"damage":0,"enemies":"2 Fungi Beasts","floor":14,"turns":2},{"damage":52,"enemies":"Hexaghost","floor":16,"turns":13}],"seed_played":"-2793341278548770828","potions_obtained":[{"floor":5.0,"key":"SpeedPotion"},{"floor":6.0,"key":"Fire Potion"},{"floor":12,"key":"Energy Potion"},{"floor":14,"key":"Weak Potion"}],"is_trial":false,"path_per_floor":["M","M","M","M","M","M","$","?","T","M","R","M","$","M","R","B"],"character_chosen":"DEFECT","items_purchased":["Go for the Eyes","Panacea"],"campfire_rested":1,"item_purchase_floors":[7,13],"current_hp_per_floor":[45,41,39,32,16,10,10,10,10,10,31,17,17,17,17,0,0],"gold":64,"neow_bonus":"ONE_RARE_RELIC","is_daily":false,"chose_seed":false,"campfire_upgraded":1,"win_rate":0.0,"timestamp":1609048763,"path_taken":["M","M","M","?","M","M","$","?","T","M","R","?","?","M","R","BOSS"],"items_purchased_type":["Card","Card"],"build_version":"2020-12-22","purchased_purges":0,"victory":false,"max_hp_per_floor":[71,71,71,71,71,71,71,71,71,71,71,71,71,71,71,71,71],"card_choices":[{"not_picked":["Gash","Darkness"],"picked":"Sweeping Beam","floor":1.0},{"not_picked":["Turbo","Rebound"],"picked":"Coolheaded","floor":2.0},{"not_picked":["Capacitor","Skim"],"picked":"Compile Driver","floor":3.0},{"not_picked":["Fusion","Go for the Eyes"],"picked":"Rip and Tear","floor":4.0},{"not_picked":["Cold Snap","Force Field"],"picked":"Reprogram","floor":5.0},{"not_picked":["Meteor Strike","Redo"],"picked":"Barrage","floor":6.0},{"not_picked":["Go for the Eyes","Heatsinks"],"picked":"Turbo","floor":10.0},{"not_picked":["Melter","Genetic Algorithm"],"picked":"Reinforced Body","floor":12},{"not_picked":["Turbo","White Noise","Aggregate"],"picked":"SKIP","floor":14}],"player_experience":1388403,"relics_obtained":[{"floor":9.0,"key":"Letter Opener"}],"event_choices":[{"damage_healed":0.0,"max_hp_gain":0.0,"max_hp_loss":0.0,"gold_gain":0.0,"event_name":"The Woman in Blue","player_choice":"Bought 1 Potion","floor":8.0,"gold_loss":0.0,"damage_taken":0.0}],"is_beta":false,"boss_relics":[],"items_purged_floors":[],"is_endless":false,"potions_floor_spawned":[5,6,12,14],"killed_by":"Hexaghost","ascension_level":20}}