{"host":"pe0zhl1vvtkxuc0p","time":1609042306,"event":{"mods":["AchievementEnabler","Act Like it!","Bard","BaseMod","Card Forge","CatGirl Mod","Chen","Colored Powertips","Curses Come First","GifTheSpireLib","Glutton Mod","Gremlin Mod","Hunter 猎人","KinomotoSakuraMod(木之本樱)","LagranYue(拉格朗・月)","Luminous","Minty Spire (QoL Compilation)","Pale of the Ancients","Quick Restart","StSLib","SuperFastMode","The Clintock","The Dragon Tamer","The Druid","The Factory","The Hierophant","The Jungle","The Necromancer"],"gold_per_floor":[117,129,129,129,54,54,115,115,165,165,25,37,67,91,91,195,195,217,236,255,255,255],"floor_reached":21,"playtime":1118,"items_purged":["Luminous:Light_Flash_Shower"],"score":177,"play_id":"b8b6ada4-7368-49fa-b7d9-994903427f03","local_time":"20201227121146","is_ascension_mode":false,"campfire_choices":[{"data":"Luminous:Balance_Death_Scythe","floor":6,"key":"SMITH"},{"data":"Luminous:Dark_Morning_Star","floor":8,"key":"SMITH"},{"data":"Luminous:Lights_Protection_Luminous","floor":10,"key":"SMITH"},{"floor":15,"key":"REST"}],"circlet_count":0,"master_deck":["Luminous:Light_Flash_Shower","Luminous:Light_Flash_Shower","Luminous:Dark_Abyssal_Drop","Luminous:Dark_Abyssal_Drop","Luminous:Defend_Luminous","Luminous:Defend_Luminous","Luminous:Defend_Luminous","Luminous:Defend_Luminous","Luminous:Switch_Luminous","Luminous:Balance_Death_Scythe+1","Luminous:Dark_Morning_Star+1","Luminous:Lights_Protection_Luminous+1","Luminous:Freud_Wisdom1_Luminous","Luminous:Dark_Raid","Luminous:Date_of_Light_Luminous","Luminous:Dark_Crescendo_Luminous","Luminous:Light_Sylvan_Lance","Luminous:Hero_Will_Luminous","Luminous:Dark_Dim_Erosion"],"relics":["Luminous:MirrorRelic","Hammer of Thor","Seething Fire","Anvil of the Gods","LagranYue:RandomDrawCardRelic","LagranYue:MagicReflectiveArmorRelic","Omamori","Toy Ornithopter","Sundial","CeramicFish","Snecko Eye"],"acts_visited":["Exordium","Exordium"],"potions_floor_usage":[],"damage_taken":[{"damage":1,"enemies":"Cultist","floor":1,"turns":4},{"damage":0,"enemies":"2 Louse","floor":2,"turns":1},{"damage":17,"enemies":"Gremlin Nob","floor":7,"turns":5},{"damage":0,"enemies":"Small Slimes","floor":12,"turns":3},{"damage":9,"enemies":"Lagavulin","floor":13,"turns":7},{"damage":22,"enemies":"Slime Boss","floor":16,"turns":9},{"damage":1,"enemies":"theJungle:GiantWrat","floor":18,"turns":5},{"damage":26,"enemies":"theJungle:Flameango_and_Byrd","floor":19,"turns":3},{"damage":24,"enemies":"theJungle:2_Flameangoes","floor":20,"turns":6},{"damage":0,"enemies":"JungleHuntersEvent","floor":21,"turns":2}],"seed_played":"-2066809973412438326","potions_obtained":[{"floor":2,"key":"GamblersBrew"},{"floor":16,"key":"Weak Potion"}],"is_trial":false,"path_per_floor":["M","M","$","?","$","R","?","R","T","R","$","M","E","T","R","B",null,"M","M","M","?"],"character_chosen":"LuminousClass","items_purchased":["Luminous:Freud_Wisdom1_Luminous"],"campfire_rested":1,"item_purchase_floors":[11],"current_hp_per_floor":[74,74,74,74,74,74,57,57,57,57,57,61,56,56,75,57,75,74,48,28,28,28],"gold":255,"neow_bonus":"RANDOM_COMMON_RELIC","is_daily":false,"chose_seed":false,"campfire_upgraded":3,"win_rate":0.0,"timestamp":1609042306,"path_taken":["M","?","$","?","?","R","?","R","T","R","?","M","E","?","R","BOSS","M","M","M","?"],"items_purchased_type":["Card"],"build_version":"2020-12-22","purchased_purges":1,"victory":false,"max_hp_per_floor":[75,75,75,75,75,75,75,75,75,75,75,75,75,75,75,75,75,75,75,75,75,75],"card_choices":[{"not_picked":["Luminous:Magic_Boost_Luminous","Luminous:Darkness_Mastery_Luminous"],"picked":"Luminous:Balance_Death_Scythe","floor":1},{"not_picked":["Luminous:Light_Gather","Luminous:Blinding_Pillar_Luminous"],"picked":"Luminous:Dark_Morning_Star","floor":2},{"not_picked":["Luminous:Light_Sylvan_Lance","Luminous:Dark_Dim_Erosion"],"picked":"Luminous:Lights_Protection_Luminous","floor":7},{"not_picked":["Luminous:Light_Sylvan_Lance","Luminous:Light_Disperse"],"picked":"Luminous:Dark_Raid","floor":12},{"not_picked":["Luminous:Chase_Spell_Luminous","Luminous:Concentrate_Luminous"],"picked":"Luminous:Date_of_Light_Luminous","floor":13},{"not_picked":["Luminous:Equalize_Luminous","Luminous:Balance_Baptism"],"picked":"Luminous:Dark_Crescendo_Luminous","floor":16},{"not_picked":["Luminous:Light_Gather","Luminous:Shadow_Shell_Luminous+1"],"picked":"Luminous:Light_Sylvan_Lance","floor":18},{"not_picked":["Luminous:Light_Gather","Luminous:Light_Wash_Luminous"],"picked":"Luminous:Hero_Will_Luminous","floor":19},{"not_picked":["Luminous:Concentrate_Luminous+1","Luminous:Light_Wash_Luminous+1"],"picked":"Luminous:Dark_Dim_Erosion","floor":20}],"player_experience":484590,"relics_obtained":[{"floor":7,"key":"Omamori"},{"floor":9,"key":"Toy Ornithopter"},{"floor":13,"key":"Sundial"},{"floor":14,"key":"CeramicFish"}],"event_choices":[{"cards_removed":["Luminous:Dark_Abyssal_Drop"],"damage_healed":0,"gold_gain":0,"player_choice":"Purged","damage_taken":0,"max_hp_gain":0,"max_hp_loss":0,"event_name":"Purifier","floor":4,"gold_loss":0},{"damage_healed":0,"gold_gain":0,"player_choice":"Searched \u00271\u0027 times","damage_taken":0,"max_hp_gain":0,"max_hp_loss":0,"event_name":"Dead Adventurer","floor":7,"gold_loss":0}],"is_beta":false,"boss_relics":[{"not_picked":["Black Star","Pandora\u0027s Box"],"picked":"Snecko Eye"}],"items_purged_floors":[5],"is_endless":false,"potions_floor_spawned":[2,16],"killed_by":"JungleHuntersEvent","ascension_level":0}}