{"host":"4myl0piycjadqnwl","time":1609034849,"event":{"mods":["BaseMod","Colored Map","Downfall","Minty Spire (QoL Compilation)","StSLib"],"gold_per_floor":[99,119,139,159,309,309,335,335,350,361,387,3,3,103,114,114,114,114],"floor_reached":16,"playtime":1110,"items_purged":[],"score":92,"play_id":"ce0d52e3-cb32-40da-af6e-c06ac1517225","local_time":"20201227030729","is_ascension_mode":false,"campfire_choices":[{"data":"champ:Taunt","floor":1.0,"key":"SMITH"},{"data":"champ:DancingMaster","floor":13.0,"key":"SMITH"}],"circlet_count":0,"master_deck":["champ:Strike","champ:Strike","champ:Strike","champ:Defend","champ:Defend","champ:Defend","champ:Defend","champ:Execute","champ:Taunt+1","champ:DancingMaster+1","champ:ViciousMockery","champ:FlashCut","champ:Control","Pain","champ:FlashCut","champ:PreciseThrust","champ:Balance","champ:FanOfKnives","champ:CrookedStrike","champ:Circumvent"],"relics":["champ:ChampionCrown","Juzu Bracelet","WarpedTongs","Smiling Mask","Bottled Tornado","Champion Belt"],"acts_visited":["Exordium"],"potions_floor_usage":[16,16,16],"damage_taken":[{"damage":11.0,"enemies":"Jaw Worm","floor":2.0,"turns":4.0},{"damage":12.0,"enemies":"2 Louse","floor":3.0,"turns":3.0},{"damage":5.0,"enemies":"Cultist","floor":4.0,"turns":4.0},{"damage":6.0,"enemies":"Exordium Thugs","floor":9.0,"turns":3.0},{"damage":17.0,"enemies":"Exordium Wildlife","floor":10.0,"turns":4.0},{"damage":8.0,"enemies":"downfall:FleeingMerchant","floor":12.0,"turns":4.0},{"damage":30.0,"enemies":"downfall:FleeingMerchant","floor":14.0,"turns":4.0},{"damage":10.0,"enemies":"Large Slime","floor":15.0,"turns":5.0},{"damage":35,"enemies":"downfall:Ironclad","floor":16,"turns":9}],"seed_played":"3622461358672560452","potions_obtained":[{"floor":4.0,"key":"Weak Potion"},{"floor":9.0,"key":"Swift Potion"},{"floor":10.0,"key":"Dexterity Potion"}],"is_trial":false,"path_per_floor":["R","M","M","M","?","?","T","?","M","M","T","$","R","?","M","B"],"character_chosen":"THE_CHAMP","items_purchased":["Bottled Tornado","champ:Balance","champ:FanOfKnives"],"campfire_rested":0,"item_purchase_floors":[12,12,12],"current_hp_per_floor":[90,84,77,77,77,77,77,77,76,64,64,61,61,40,35,0,0,0],"gold":114,"neow_bonus":"TRANSFORM_CARD","is_daily":false,"chose_seed":false,"campfire_upgraded":2,"win_rate":0.0,"timestamp":1609034849,"path_taken":["R","M","M","M","?","?","T","?","M","M","?","$","R","?","M","BOSS"],"items_purchased_type":["Relic","Card","Card"],"build_version":"2020-12-22","purchased_purges":0,"victory":false,"max_hp_per_floor":[90,90,90,90,90,90,90,90,90,90,90,90,90,90,90,90,90,90],"card_choices":[{"not_picked":["champ:TornadoPunch","champ:FightOn"],"picked":"champ:ViciousMockery","floor":2.0},{"not_picked":["champ:Circumvent","champ:DefensiveShout"],"picked":"champ:FlashCut","floor":3.0},{"not_picked":["champ:Duel","champ:ShieldSigil"],"picked":"champ:Control","floor":4.0},{"not_picked":["champ:BladeFlurry","champ:EnragedBash"],"picked":"champ:FlashCut","floor":9.0},{"not_picked":["champ:FaceSlap","champ:FocusedBerserking"],"picked":"champ:PreciseThrust","floor":10.0},{"not_picked":["champ:BladeFlurry","champ:CrookedStrike","champ:LastStand"],"picked":"SKIP","floor":12.0},{"not_picked":["champ:ViciousMockery","champ:AdrenalArmor"],"picked":"champ:CrookedStrike","floor":14.0},{"not_picked":["champ:Encircle","champ:RageSigil"],"picked":"champ:Circumvent","floor":15.0}],"player_experience":1401536,"relics_obtained":[{"floor":7.0,"key":"Juzu Bracelet"},{"floor":11.0,"key":"Smiling Mask"},{"floor":14.0,"key":"Champion Belt"}],"event_choices":[{"cards_removed":["Slimebound:Icky"],"damage_healed":0.0,"max_hp_gain":0.0,"max_hp_loss":0.0,"gold_gain":0.0,"event_name":"Purifier","player_choice":"Purged","floor":6.0,"gold_loss":0.0,"damage_taken":0.0},{"damage_healed":0.0,"max_hp_gain":0.0,"max_hp_loss":0.0,"gold_gain":0.0,"event_name":"Accursed Blacksmith","player_choice":"Rummage","floor":8.0,"gold_loss":0.0,"damage_taken":0.0,"relics_obtained":["WarpedTongs"],"cards_obtained":["Pain"]}],"is_beta":false,"boss_relics":[],"items_purged_floors":[],"is_endless":false,"potions_floor_spawned":[4,9,10,14,15],"killed_by":"downfall:Ironclad","ascension_level":0}}