{"host":"nk1hwk2qadwaubm5","time":1609083718,"event":{"mods":["BaseMod","Hermit","Hubris","Infinite Spire","Marisa????????","Minty Spire (QoL Compilation)","Replay The Spire","StSLib","The Animator","The Cursed","The Jungle","The Servant 0.9.4"],"gold_per_floor":[113,63,138,138,138,173,173,212,236,249,265,265,265],"floor_reached":12,"playtime":733,"items_purged":[],"score":90,"play_id":"6b6c3d63-2134-481a-a057-b30d4f84d92d","local_time":"20201227164158","is_ascension_mode":true,"campfire_choices":[{"data":"Corruption","floor":7,"key":"SMITH"}],"circlet_count":0,"master_deck":["Corruption+1","Strike_G","Strike_G","Strike_G","Strike_G","Strike_G","Defend_G","Defend_G","Defend_G","Defend_G","Defend_G","Survivor","Neutralize","Backflip","Backflip","Backflip","Distraction","A Thousand Cuts","Bouncing Flask","Footwork"],"relics":["Ring of the Snake","hubris:ToyBattleship","Golden Idol","infinitespire:PuzzleCube","Blood Vial","Lantern"],"acts_visited":["Exordium"],"potions_floor_usage":[8,12],"damage_taken":[{"damage":0,"enemies":"2 Louse","floor":1,"turns":3},{"damage":26,"enemies":"Lagavulin","floor":6,"turns":9},{"damage":3,"enemies":"3 Sentries","floor":8,"turns":8},{"damage":0,"enemies":"Jaw Worm","floor":10,"turns":3},{"damage":0,"enemies":"Small Slimes","floor":11,"turns":3},{"damage":23,"enemies":"Gremlin Nob","floor":12,"turns":4}],"seed_played":"518463208822655894","potions_obtained":[{"floor":6,"key":"PowerPotion"},{"floor":11,"key":"Strength Potion"}],"is_trial":false,"path_per_floor":["M","$","?","?","?","E","R","E","T","M","M","E"],"character_chosen":"THE_SILENT","items_purchased":["Backflip"],"campfire_rested":0,"item_purchase_floors":[2],"current_hp_per_floor":[70,70,59,42,42,16,16,13,13,15,17,0,0],"gold":265,"neow_bonus":"RANDOM_COMMON_RELIC","is_daily":false,"chose_seed":false,"campfire_upgraded":1,"win_rate":0.0,"timestamp":1609083718,"path_taken":["M","$","?","?","?","E","R","E","T","M","M","E"],"items_purchased_type":["Card"],"build_version":"2020-12-22","purchased_purges":0,"victory":false,"max_hp_per_floor":[70,70,70,70,70,70,70,70,70,70,70,70,70],"card_choices":[{"not_picked":["Deadly Poison","Slice"],"picked":"Backflip","floor":1},{"not_picked":["Glass Knife","hubris:Sniper"],"picked":"Distraction","floor":6},{"not_picked":["Hidden Blade","Choke"],"picked":"A Thousand Cuts","floor":8},{"not_picked":["Hidden Blade","Poisoned Stab"],"picked":"Bouncing Flask","floor":10},{"not_picked":["Deadly Poison","Blade Dance"],"picked":"Footwork","floor":11}],"player_experience":307083,"relics_obtained":[{"floor":6,"key":"infinitespire:PuzzleCube"},{"floor":8,"key":"Blood Vial"},{"floor":9,"key":"Lantern"}],"event_choices":[{"damage_healed":0,"gold_gain":75,"player_choice":"Gather Gold","damage_taken":11,"max_hp_gain":0,"max_hp_loss":0,"event_name":"World of Goop","floor":3,"gold_loss":0},{"damage_healed":0,"gold_gain":0,"player_choice":"Take Damage","damage_taken":17,"relics_obtained":["Golden Idol"],"max_hp_gain":0,"max_hp_loss":0,"event_name":"Golden Idol","floor":4,"gold_loss":0}],"is_beta":false,"boss_relics":[],"items_purged_floors":[],"is_endless":false,"potions_floor_spawned":[6,11],"killed_by":"Gremlin Nob","ascension_level":1}}