{"host":"g907ck67u7c3hrs6","time":1609078648,"event":{"mods":["BaseMod","Colored Map","DeckTracker","Highlight Path","Keyboard Shortcuts","Minty Spire (QoL Compilation)","Permanent Neow","Say the Spire","SuperFastMode"],"gold_per_floor":[114,132,132,143,143,143,161,161,161,161,161,161,171,226,226,322,322,332,182,182,195,71,71,71],"floor_reached":23,"playtime":452,"items_purged":["Strike_B","Defend_B"],"score":197,"play_id":"1dd474ac-fff5-48c5-a6d5-dea6c88c78aa","local_time":"20201227231728","is_ascension_mode":true,"campfire_choices":[{"data":"Gash","floor":6.0,"key":"SMITH"},{"data":"Steam Power","floor":8.0,"key":"SMITH"},{"data":"Gash","floor":10.0,"key":"SMITH"},{"data":"Defend_B","floor":12.0,"key":"SMITH"},{"floor":15.0,"key":"REST"}],"circlet_count":0,"master_deck":["Defend_B+1","Defend_B","Zap+1","Dualcast+1","Gash+1","Defragment+1","Gash+1","Steam Power+1","Coolheaded","Echo Form","Blizzard+1","Thunder Strike+1","Hyperbeam+1","Skim","Static Discharge","Gash","Turbo+1","Coolheaded"],"relics":["Cracked Core","Calipers","Symbiotic Virus","Astrolabe"],"acts_visited":["Exordium","TheCity"],"potions_floor_usage":[],"damage_taken":[{"damage":0.0,"enemies":"2 Louse","floor":1.0,"turns":2.0},{"damage":8.0,"enemies":"Small Slimes","floor":2.0,"turns":3.0},{"damage":1.0,"enemies":"Cultist","floor":4.0,"turns":3.0},{"damage":12.0,"enemies":"Looter","floor":7.0,"turns":3.0},{"damage":0.0,"enemies":"3 Louse","floor":13.0,"turns":2.0},{"damage":25.0,"enemies":"Lagavulin Event","floor":14.0,"turns":4.0},{"damage":19.0,"enemies":"Slime Boss","floor":16.0,"turns":6.0},{"damage":0.0,"enemies":"Spheric Guardian","floor":18.0,"turns":3.0},{"damage":20.0,"enemies":"Shell Parasite","floor":21.0,"turns":4.0},{"damage":57,"enemies":"Slavers","floor":23,"turns":3}],"seed_played":"7222279592024674817","potions_obtained":[{"floor":7.0,"key":"PotionOfCapacity"},{"floor":13.0,"key":"SteroidPotion"},{"floor":14.0,"key":"FocusPotion"},{"floor":18.0,"key":"BlessingOfTheForge"}],"is_trial":false,"path_per_floor":["M","M","?","M","?","R","M","R","T","R","?","R","M","?","R","B",null,"M","$","?","M","$","E"],"character_chosen":"DEFECT","items_purchased":["Static Discharge","Coolheaded"],"campfire_rested":1,"item_purchase_floors":[19,22],"current_hp_per_floor":[75,67,52,51,51,51,39,39,39,39,32,32,32,7,29,10,75,75,75,75,55,55,0,0],"gold":71,"neow_bonus":"UPGRADE_CARD","is_daily":false,"chose_seed":false,"campfire_upgraded":4,"win_rate":0.0,"timestamp":1609078648,"path_taken":["M","M","?","M","?","R","M","R","T","R","?","R","M","?","R","BOSS","M","$","?","M","$","E"],"items_purchased_type":["Card","Card"],"build_version":"2020-12-22","purchased_purges":2,"victory":false,"max_hp_per_floor":[75,75,75,75,75,75,75,75,75,75,75,75,75,75,75,75,75,75,75,75,75,75,75,75],"card_choices":[{"not_picked":["Barrage","Turbo"],"picked":"Gash","floor":1.0},{"not_picked":["Conserve Battery","Barrage"],"picked":"Defragment","floor":2.0},{"not_picked":["Aggregate","Conserve Battery"],"picked":"Gash","floor":4.0},{"not_picked":["Doom and Gloom","Rebound"],"picked":"Steam Power","floor":7.0},{"not_picked":["Rebound","Steam","Sunder"],"picked":"SKIP","floor":13.0},{"not_picked":["Steam Power","Conserve Battery"],"picked":"Coolheaded","floor":14.0},{"not_picked":["Reboot","Thunder Strike"],"picked":"Echo Form","floor":16.0},{"not_picked":["Genetic Algorithm","Sweeping Beam"],"picked":"Skim","floor":18.0},{"not_picked":["Blizzard","Redo"],"picked":"Turbo+1","floor":21.0}],"player_experience":190986,"relics_obtained":[{"floor":9.0,"key":"Calipers"}],"event_choices":[{"damage_healed":0.0,"max_hp_gain":0.0,"max_hp_loss":0.0,"gold_gain":0.0,"event_name":"Shining Light","player_choice":"Entered Light","floor":3.0,"gold_loss":0.0,"damage_taken":15.0,"cards_upgraded":["Dualcast","Defragment"]},{"damage_healed":0.0,"max_hp_gain":0.0,"max_hp_loss":0.0,"gold_gain":0.0,"event_name":"Liars Game","player_choice":"Ignored","floor":5.0,"gold_loss":0.0,"damage_taken":0.0},{"cards_removed":["Strike_B"],"damage_healed":0.0,"max_hp_gain":0.0,"max_hp_loss":0.0,"gold_gain":0.0,"event_name":"Golden Wing","player_choice":"Card Removal","floor":11.0,"gold_loss":0.0,"damage_taken":7.0},{"damage_healed":0.0,"max_hp_gain":0.0,"max_hp_loss":0.0,"gold_gain":0.0,"event_name":"Dead Adventurer","player_choice":"Searched \u00272\u0027 times","floor":14.0,"gold_loss":0.0,"damage_taken":0.0,"relics_obtained":["Symbiotic Virus"]},{"damage_healed":0.0,"max_hp_gain":0.0,"max_hp_loss":0.0,"gold_gain":0.0,"event_name":"The Library","player_choice":"Read","floor":20.0,"gold_loss":0.0,"damage_taken":0.0,"cards_obtained":["Gash"]}],"is_beta":false,"boss_relics":[{"not_picked":["Pandora\u0027s Box","Nuclear Battery"],"picked":"Astrolabe"}],"items_purged_floors":[19,22],"is_endless":false,"potions_floor_spawned":[7,13,14,16,18],"killed_by":"Slavers","ascension_level":2}}