{"host":"z9grmtg2w0nmz8n1","time":1609087936,"event":{"mods":["Aspiration","Bard","BaseMod","Beaked The Cultist","Better Altar","Better Match","Better Note","Better Sensory Stone","Better Skull","Better Third Choice","BetterRewards","CCEM","Colored Map","Conspire","Downfall","GifTheSpireLib","Googly Eyes","Halation","Hermit","Highlight Path","Hubris","Hunter ??","Jedi Mod","Jorbs\u0027s Wanderer Trilogy","Mad Scientist","Marisa????????","Minty Spire (QoL Compilation)","Permanent Neow","Replay The Spire","Shade Mod","Shop Mod","Spicy Shops","StSLib","Stuff the Spire","The Bug Knight","The Construct","The Necromancer","The Runesmith","The Witch"],"gold_per_floor":[116,127,127,52,52,52,63,88,115,131,150,175,195,195,195,295,295,306,320,320,338,113,142,142,159,159,203,203,203,203,203],"floor_reached":30,"playtime":1268,"items_purged":["Injury","Strike_B","Strike_B"],"score":308,"play_id":"04559410-c0db-4f8a-adb5-0d301f82f2c1","local_time":"20201227145216","is_ascension_mode":true,"campfire_choices":[{"floor":6,"key":"RECALL"},{"floor":15,"key":"REST"},{"data":"StuffTheSpire:CelestialWarden","floor":24,"key":"SMITH"}],"circlet_count":0,"master_deck":["Strike_B","Strike_B","Defend_B","Defend_B","Defend_B","Defend_B","Zap+1","Dualcast","Gash+1","FTL+1","BootSequence","Conserve Battery","Barrage+1","StuffTheSpire:CelestialWarden+1","jedi:BurstLightning+1","Streamline+1"],"relics":["Cracked Core","Molten Egg 2","CaptainsWheel","Tiny Chest","aspiration:StickyExplosives_weak","Busted Crown","Carrot","CeramicFish","Shuriken","aspiration:MysteriousAuxiliaryCore"],"acts_visited":["Exordium","TheCity"],"potions_floor_usage":[2,10,23],"damage_taken":[{"damage":5,"enemies":"Small Slimes","floor":1,"turns":4},{"damage":6,"enemies":"Cultist","floor":2,"turns":3},{"damage":2,"enemies":"Jaw Worm","floor":7,"turns":3},{"damage":37,"enemies":"3 Sentries","floor":8,"turns":8},{"damage":0,"enemies":"2 Fungi Beasts","floor":10,"turns":2},{"damage":3,"enemies":"Blue Slaver","floor":11,"turns":4},{"damage":17,"enemies":"Gremlin Nob","floor":12,"turns":4},{"damage":0,"enemies":"Exordium Wildlife","floor":13,"turns":4},{"damage":22,"enemies":"Hexaghost","floor":16,"turns":9},{"damage":7,"enemies":"Shell Parasite","floor":18,"turns":6},{"damage":0,"enemies":"3 Byrds","floor":19,"turns":5},{"damage":0,"enemies":"Snecko","floor":21,"turns":6},{"damage":9,"enemies":"HollowMod:Nosk","floor":23,"turns":10},{"damage":15,"enemies":"Sentry and Sphere","floor":25,"turns":6},{"damage":17,"enemies":"Slavers","floor":27,"turns":6},{"damage":22,"enemies":"Gremlin Leader","floor":30,"turns":2}],"seed_played":"360520308976163489","potions_obtained":[{"floor":2,"key":"Fruit Juice"},{"floor":8,"key":"jedi:StrikingPotion"},{"floor":21,"key":"EssenceOfSteel"},{"floor":27,"key":"Strength Potion"}],"is_trial":false,"path_per_floor":["M","M","?","$","?","R","M","E","T","M","M","E","M","T","R","B",null,"M","M","?","M","$","E","R","M","T","E","?","T","E"],"character_chosen":"DEFECT","items_purchased":[],"campfire_rested":1,"item_purchase_floors":[],"current_hp_per_floor":[70,69,69,69,69,69,67,30,30,30,27,10,10,10,34,12,80,73,73,55,55,55,46,46,31,31,14,22,22,0,0],"gold":203,"neow_bonus":"UPGRADE_CARD","is_daily":false,"chose_seed":false,"campfire_upgraded":1,"win_rate":0.0,"timestamp":1609087936,"path_taken":["M","M","?","$","?","R","M","E","T","M","?","E","M","?","R","BOSS","M","M","?","M","$","E","R","M","T","E","?","?","E"],"items_purchased_type":[],"build_version":"2020-12-22","purchased_purges":3,"victory":false,"max_hp_per_floor":[75,80,80,80,80,80,80,80,80,80,80,80,80,80,80,80,80,80,80,80,80,80,80,80,80,80,80,80,80,80,80],"card_choices":[{"not_picked":["Streamline","Panic Button","Glacier"],"picked":"SKIP","floor":1},{"not_picked":["Panic Button","Go for the Eyes"],"picked":"Gash","floor":2},{"not_picked":["Stack","Rebound+1"],"picked":"FTL+1","floor":7},{"not_picked":["Mirror Shield","Seek","StuffTheSpire:CleanHardDrive"],"picked":"SKIP","floor":8},{"not_picked":["ReplayTheSpireMod:GoodbyeWorld","Panic Button"],"picked":"BootSequence","floor":10},{"not_picked":["jedi:spotbugs","jedi:BurstLightning+1"],"picked":"Conserve Battery","floor":11},{"not_picked":["Stack","Coolheaded","Panic Button"],"picked":"SKIP","floor":12},{"not_picked":["Auto Shields","StuffTheSpire:ShieldGenerator"],"picked":"Barrage+1","floor":13},{"not_picked":["Coolheaded"],"picked":"SKIP","floor":18},{"not_picked":["ReplayTheSpireMod:GoodbyeWorld+1"],"picked":"SKIP","floor":19},{"not_picked":["Skim"],"picked":"SKIP","floor":21},{"not_picked":["Capacitor+1"],"picked":"SKIP","floor":23},{"not_picked":[],"picked":"jedi:BurstLightning+1","floor":25},{"not_picked":[],"picked":"Streamline+1","floor":27}],"player_experience":730621,"relics_obtained":[{"floor":8,"key":"CaptainsWheel"},{"floor":12,"key":"Tiny Chest"},{"floor":14,"key":"aspiration:StickyExplosives_weak"},{"floor":23,"key":"Carrot"},{"floor":26,"key":"CeramicFish"},{"floor":27,"key":"Shuriken"},{"floor":29,"key":"aspiration:MysteriousAuxiliaryCore"}],"event_choices":[{"damage_healed":0,"gold_gain":0,"player_choice":"Forge","damage_taken":0,"max_hp_gain":0,"max_hp_loss":0,"event_name":"Accursed Blacksmith","floor":5,"gold_loss":0,"cards_upgraded":["Gash"]}],"is_beta":false,"boss_relics":[{"not_picked":["Runesmith:UraniumAnvil","conspire:SeveredTorchhead"],"picked":"Busted Crown"}],"items_purged_floors":[4,22,22],"is_endless":false,"potions_floor_spawned":[2,8,21,27],"killed_by":"Gremlin Leader","ascension_level":2}}