{"host":"m77rrhbqzv44va4v","time":1609085336,"event":{"mods":["AchievementEnabler","BaseMod","Colored Map","DeckTracker","Keyboard Shortcuts","Minty Spire (QoL Compilation)","StSLib","SuperFastMode","everything is the same but u backflip on backflip"],"gold_per_floor":[115,125,140,140,65,65,99,99,125,140,315,124,124,135,135,240,240,259,259,273,273,29,62,62,88,88,88,103,103,138,150,150,247,247,267,267,267,24,41,41,41,54,54,0,0,15,35,49,49,49],"floor_reached":51,"playtime":1676,"items_purged":["Doubt","Strike_R","Bash"],"score":1069,"play_id":"e1d6a2cd-3e2a-48c4-9ee9-284d8bc0060e","local_time":"20201228010856","is_ascension_mode":true,"campfire_choices":[{"data":"Uppercut","floor":6,"key":"SMITH"},{"floor":8,"key":"REST"},{"floor":15,"key":"REST"},{"floor":29,"key":"REST"},{"floor":32,"key":"REST"},{"data":"Feed","floor":40,"key":"SMITH"},{"floor":45,"key":"REST"},{"data":"Exhume","floor":49,"key":"SMITH"}],"circlet_count":0,"master_deck":["AscendersBane","Defend_R","Defend_R","Uppercut+1","Shockwave+1","Headbutt","Pommel Strike","Inflame","Bloodletting+1","Power Through","Spot Weakness","Exhume+1","Offering","Second Wind","Dropkick","Sever Soul","Sword Boomerang","Bandage Up","True Grit+1","RitualDagger","Evolve+1","Feed+1","Shrug It Off","Reaper","Battle Trance+1","Violence","Dropkick","Metallicize+1","Disarm+1","Metallicize","Fire Breathing"],"relics":["Burning Blood","Vajra","Anchor","Dream Catcher","Mark of Pain","Membership Card","Torii","Omamori","War Paint","Self Forming Clay","Calling Bell","Potion Belt","Eternal Feather","Bird Faced Urn","Orrery","Question Card","Red Mask"],"acts_visited":["Exordium","TheCity","TheBeyond"],"potions_floor_usage":[7,33,39,41,48],"damage_taken":[{"damage":11,"enemies":"Cultist","floor":1,"turns":4},{"damage":6,"enemies":"Jaw Worm","floor":2,"turns":4},{"damage":6,"enemies":"2 Louse","floor":3,"turns":4},{"damage":35,"enemies":"3 Sentries","floor":7,"turns":9},{"damage":3,"enemies":"Looter","floor":10,"turns":4},{"damage":0,"enemies":"2 Fungi Beasts","floor":14,"turns":3},{"damage":27,"enemies":"The Guardian","floor":16,"turns":12},{"damage":17,"enemies":"Shell Parasite","floor":18,"turns":5},{"damage":23,"enemies":"2 Thieves","floor":20,"turns":5},{"damage":36,"enemies":"Slavers","floor":23,"turns":6},{"damage":31,"enemies":"Snake Plant","floor":28,"turns":4},{"damage":36,"enemies":"Gremlin Leader","floor":30,"turns":8},{"damage":15,"enemies":"Centurion and Healer","floor":31,"turns":3},{"damage":28,"enemies":"Collector","floor":33,"turns":6},{"damage":24,"enemies":"Orb Walker","floor":35,"turns":4},{"damage":12,"enemies":"3 Darklings","floor":39,"turns":4},{"damage":0,"enemies":"Writhing Mass","floor":41,"turns":2},{"damage":50,"enemies":"Transient","floor":42,"turns":5},{"damage":30,"enemies":"Jaw Worm Horde","floor":46,"turns":5},{"damage":22,"enemies":"Writhing Mass","floor":47,"turns":6},{"damage":38,"enemies":"Transient","floor":48,"turns":5},{"damage":82,"enemies":"Awakened One","floor":50,"turns":14}],"seed_played":"-4183099450036478120","potions_obtained":[{"floor":2,"key":"FairyPotion"},{"floor":3,"key":"Dexterity Potion"},{"floor":16,"key":"FearPotion"},{"floor":28,"key":"LiquidMemories"},{"floor":30,"key":"Swift Potion"},{"floor":33,"key":"Energy Potion"},{"floor":39,"key":"SmokeBomb"}],"is_trial":false,"path_per_floor":["M","M","M","?","$","R","E","R","T","M","?","$","?","M","R","B",null,"M","?","M","?","$","E","?","T","T","?","M","R","E","M","R","B",null,"M","?","?","$","M","R","M","M","T","?","R","M","M","M","R","B",null],"character_chosen":"IRONCLAD","items_purchased":["Inflame","Power Through","Spot Weakness","Membership Card","Bandage Up","Violence","Dropkick","Orrery"],"campfire_rested":5,"item_purchase_floors":[5,12,12,22,22,38,38,38],"current_hp_per_floor":[46,46,46,46,46,46,17,41,41,44,44,44,26,32,56,35,69,58,58,41,41,41,19,19,19,19,13,23,47,21,16,40,22,66,58,58,58,58,80,80,80,57,57,57,80,70,66,46,64,16],"gold":49,"neow_bonus":"TRANSFORM_TWO_CARDS","is_daily":false,"chose_seed":false,"campfire_upgraded":3,"win_rate":0.0,"timestamp":1609085336,"path_taken":["M","M","M","?","$","R","E","R","T","?","?","?","?","M","R","BOSS","M","?","M","?","$","E","?","?","T","?","M","R","E","M","R","BOSS","M","?","?","$","M","R","M","M","T","?","R","M","M","M","R","BOSS"],"items_purchased_type":["Card","Card","Card","Relic","Card","Card","Card","Relic"],"build_version":"2020-12-22","purchased_purges":3,"victory":true,"max_hp_per_floor":[80,80,80,80,80,80,80,80,80,80,80,80,80,80,80,80,80,80,80,80,80,80,80,80,80,80,80,80,80,80,80,80,80,80,80,80,80,80,80,80,80,80,80,80,80,84,84,84,84,84],"card_choices":[{"not_picked":["Heavy Blade","Feel No Pain"],"picked":"Headbutt","floor":1},{"not_picked":["Cleave","Rage"],"picked":"Pommel Strike","floor":2},{"not_picked":["Sword Boomerang","Seeing Red","Flex"],"picked":"SKIP","floor":3},{"not_picked":["Anger","Clothesline"],"picked":"Bloodletting","floor":7},{"not_picked":["Body Slam","Clothesline","Reckless Charge"],"picked":"SKIP","floor":10},{"not_picked":["Anger","Heavy Blade","Clash"],"picked":"SKIP","floor":14},{"not_picked":["Warcry","Cleave"],"picked":"Exhume","floor":15},{"not_picked":["Immolate","Impervious"],"picked":"Offering","floor":16},{"not_picked":["Intimidate","Entrench"],"picked":"Second Wind","floor":18},{"not_picked":["Uppercut","Warcry"],"picked":"Sword Boomerang","floor":20},{"not_picked":["Reckless Charge","Anger"],"picked":"True Grit+1","floor":23},{"not_picked":["Blood for Blood","Carnage+1","Wild Strike"],"picked":"SKIP","floor":28},{"not_picked":["Heavy Blade","Clothesline+1"],"picked":"Body Slam","floor":29},{"not_picked":["Dark Embrace","Combust"],"picked":"Evolve+1","floor":30},{"not_picked":["Second Wind","Anger"],"picked":"Feed","floor":31},{"not_picked":["Anger","True Grit+1"],"picked":"Shrug It Off","floor":32},{"not_picked":["Immolate","Double Tap"],"picked":"Reaper","floor":33},{"not_picked":["Perfected Strike","Sentinel"],"picked":"Battle Trance+1","floor":35},{"not_picked":["Wild Strike","Pommel Strike+1"],"picked":"Metallicize+1","floor":38},{"not_picked":["Inflame","Double Tap"],"picked":"Disarm+1","floor":38},{"not_picked":["Twin Strike","Cleave"],"picked":"Metallicize","floor":39},{"not_picked":["Rage+1","Combust+1","Heavy Blade"],"picked":"SKIP","floor":42},{"not_picked":["Rupture","Heavy Blade","Body Slam"],"picked":"Fire Breathing","floor":45},{"not_picked":["Evolve","Flex","Disarm+1","Cleave"],"picked":"SKIP","floor":46},{"not_picked":["Uppercut","Perfected Strike","Brutality","True Grit"],"picked":"SKIP","floor":47},{"not_picked":["Shrug It Off","Perfected Strike+1","Whirlwind","Sever Soul+1"],"picked":"SKIP","floor":48}],"player_experience":805662,"relics_obtained":[{"floor":7,"key":"Vajra"},{"floor":9,"key":"Anchor"},{"floor":23,"key":"Torii"},{"floor":25,"key":"Omamori"},{"floor":26,"key":"War Paint"},{"floor":30,"key":"Self Forming Clay"},{"floor":34,"key":"Potion Belt"},{"floor":34,"key":"Eternal Feather"},{"floor":34,"key":"Bird Faced Urn"},{"floor":43,"key":"Question Card"}],"event_choices":[{"cards_removed":["Strike_R"],"damage_healed":0,"gold_gain":0,"player_choice":"Purged","damage_taken":0,"max_hp_gain":0,"max_hp_loss":0,"event_name":"Purifier","floor":4,"gold_loss":0},{"damage_healed":0,"gold_gain":175,"player_choice":"AGREE","damage_taken":0,"max_hp_gain":0,"max_hp_loss":0,"event_name":"Liars Game","floor":11,"gold_loss":0,"cards_obtained":["Doubt"]},{"damage_healed":0,"gold_gain":0,"player_choice":"Success","damage_taken":18,"relics_obtained":["Dream Catcher"],"max_hp_gain":0,"max_hp_loss":0,"event_name":"Scrap Ooze","floor":13,"gold_loss":0},{"damage_healed":0,"gold_gain":0,"cards_transformed":["Defend_R","Strike_R"],"player_choice":"Became Test Subject","damage_taken":0,"max_hp_gain":0,"max_hp_loss":0,"event_name":"Drug Dealer","floor":19,"gold_loss":0,"cards_obtained":["Dropkick","Sever Soul"]},{"cards_removed":["Defend_R"],"damage_healed":0,"gold_gain":0,"player_choice":"Elegance","damage_taken":0,"max_hp_gain":0,"max_hp_loss":0,"event_name":"Back to Basics","floor":21,"gold_loss":0},{"damage_healed":0,"gold_gain":0,"player_choice":"Ignored","damage_taken":0,"max_hp_gain":0,"max_hp_loss":0,"event_name":"Ghosts","floor":24,"gold_loss":0},{"damage_healed":0,"gold_gain":0,"player_choice":"Joined the Cult","damage_taken":6,"max_hp_gain":0,"max_hp_loss":0,"event_name":"Nest","floor":27,"gold_loss":0,"cards_obtained":["RitualDagger"]},{"damage_healed":0,"gold_gain":0,"player_choice":"Ignored","damage_taken":0,"max_hp_gain":0,"max_hp_loss":0,"event_name":"Mysterious Sphere","floor":36,"gold_loss":0},{"cards_removed":["Body Slam"],"damage_healed":0,"gold_gain":0,"player_choice":"Removed Attack","damage_taken":0,"max_hp_gain":0,"max_hp_loss":0,"event_name":"Falling","floor":37,"gold_loss":0},{"damage_healed":0,"gold_gain":0,"player_choice":"Paid","damage_taken":0,"relics_obtained":["Red Mask"],"max_hp_gain":0,"max_hp_loss":0,"event_name":"Tomb of Lord Red Mask","floor":44,"gold_loss":54}],"is_beta":false,"boss_relics":[{"not_picked":["Black Blood","Coffee Dripper"],"picked":"Mark of Pain"},{"not_picked":["Runic Dome","Philosopher\u0027s Stone"],"picked":"Calling Bell"}],"items_purged_floors":[12,22,38],"is_endless":false,"potions_floor_spawned":[2,3,16,28,30,33,39,41],"ascension_level":12}}