{"host":"b0l902yh1rk3g5bq","time":1609076858,"event":{"mods":["AchievementEnabler","Act Like it!","Aspiration","BaseMod","Better Match","Better Sensory Stone","Better Skull","Better Third Choice","BetterRewards","Challenge The Spire","Colored Map","Colored Powertips","Conspire","Downfall","Energized Spire","GifTheSpireLib","Halation","Hubris","Infinite Spire","Minty Spire (QoL Compilation)","Quick Restart","Rare Cards Sparkle","Replay The Spire","StSLib","Stuff the Spire","Trackpad","Virulent Crown","Wandering Minibosses","egg","everything is the same but u backflip on backflip","vexMod"],"gold_per_floor":[113,113,134,134,134,175,193,227,275,275,275],"floor_reached":10,"playtime":395,"items_purged":[],"score":172,"play_id":"a2dad142-0766-4059-8086-e7006cf43dd2","local_time":"20201227144738","is_ascension_mode":true,"campfire_choices":[],"circlet_count":0,"master_deck":["AscendersBane","Strike_G","Strike_G","Strike_G","Strike_G","Strike_G","Defend_G","Defend_G","Defend_G","Defend_G","Defend_G","Survivor","Neutralize","Cloak And Dagger","infinitespire:Neurotoxin","Toxin Wave"],"relics":["m_SlimeRing","NeowsBlessing","Golden Idol","infinitespire:Cubic Diamond","Byrd Skull","infinitespire:ShieldingShard","trackpad:IceCube","aspiration:ChemicalBlood"],"acts_visited":["Exordium"],"potions_floor_usage":[10],"damage_taken":[{"damage":0,"enemies":"Small Slimes","floor":1,"turns":1},{"damage":0,"enemies":"Jaw Worm","floor":3,"turns":1},{"damage":0,"enemies":"Lagavulin","floor":6,"turns":1},{"damage":1,"enemies":"Cultist","floor":7,"turns":6},{"damage":28,"enemies":"3 Sentries","floor":8,"turns":15},{"damage":33,"enemies":"Lagavulin","floor":10,"turns":8}],"seed_played":"6982772124979013462","potions_obtained":[{"floor":1,"key":"Fire Potion"},{"floor":3,"key":"SpeedPotion"},{"floor":7,"key":"LiquidMemories"}],"is_trial":false,"path_per_floor":["M","?","M","?","?","E","M","E","T","E"],"character_chosen":"THE_SILENT","items_purchased":[],"campfire_rested":0,"item_purchase_floors":[],"current_hp_per_floor":[59,59,59,59,59,59,58,30,30,0,0],"gold":275,"neow_bonus":"THREE_ENEMY_KILL","is_daily":false,"chose_seed":false,"campfire_upgraded":0,"win_rate":0.0,"timestamp":1609076858,"path_taken":["M","?","M","?","?","E","M","E","T","E"],"items_purchased_type":[],"build_version":"2020-12-22","purchased_purges":0,"victory":false,"max_hp_per_floor":[66,61,61,61,61,61,61,61,61,61,61],"card_choices":[{"not_picked":["StuffTheSpire:Injection","Bane","Sneak Up"],"picked":"SKIP","floor":1},{"not_picked":["StuffTheSpire:Repulse","StuffTheSpire:Shiver"],"picked":"Cloak And Dagger","floor":3},{"not_picked":["Endless Agony","Cloak And Dagger"],"picked":"infinitespire:Neurotoxin","floor":6},{"not_picked":["Bane","Setup","Eviscerate"],"picked":"SKIP","floor":7},{"not_picked":["StuffTheSpire:ReptileScales","StuffTheSpire:BumpUp"],"picked":"Toxin Wave","floor":8}],"player_experience":594493,"relics_obtained":[{"floor":6,"key":"infinitespire:ShieldingShard"},{"floor":8,"key":"trackpad:IceCube"},{"floor":9,"key":"aspiration:ChemicalBlood"}],"event_choices":[{"damage_healed":0,"gold_gain":0,"player_choice":"Lose Max HP","damage_taken":0,"relics_obtained":["Golden Idol"],"max_hp_gain":0,"max_hp_loss":5,"event_name":"Golden Idol","floor":2,"gold_loss":0},{"damage_healed":0,"gold_gain":0,"player_choice":"Gave Potion","damage_taken":0,"relics_obtained":["Byrd Skull"],"max_hp_gain":0,"max_hp_loss":0,"event_name":"WeMeetAgain","floor":5,"gold_loss":0}],"is_beta":false,"boss_relics":[],"items_purged_floors":[],"is_endless":false,"potions_floor_spawned":[1,3,7],"killed_by":"Lagavulin","ascension_level":14}}