{"host":"dcj2yvrgcvh5dl2s","time":1609066241,"event":{"mods":["BaseMod","Better Note","Block Reminder","Colored Powertips","DeckTracker","Minty Spire (QoL Compilation)","Quick Restart","Rare Cards Sparkle","Relic Stats","StSLib"],"gold_per_floor":[114,114,132,142,162,195,195,195,195],"floor_reached":8,"playtime":1521,"items_purged":[],"score":107,"play_id":"4aa6113e-3737-410f-bdb0-f978e02eb0cb","local_time":"20201227205041","is_ascension_mode":true,"campfire_choices":[{"floor":7,"key":"REST"}],"circlet_count":0,"master_deck":["AscendersBane","Strike_R","Strike_R","Strike_R","Strike_R","Strike_R","Defend_R","Defend_R","Defend_R","Defend_R","Bash","Sword Boomerang+1","Sword Boomerang+1","Pommel Strike+1"],"relics":["Burning Blood","NeowsBlessing","Molten Egg 2","Oddly Smooth Stone"],"acts_visited":["Exordium"],"potions_floor_usage":[],"damage_taken":[{"damage":0,"enemies":"Jaw Worm","floor":1,"turns":1},{"damage":0,"enemies":"Small Slimes","floor":3,"turns":1},{"damage":0,"enemies":"2 Louse","floor":4,"turns":1},{"damage":21,"enemies":"Blue Slaver","floor":5,"turns":3},{"damage":32,"enemies":"Gremlin Nob","floor":6,"turns":4},{"damage":42,"enemies":"3 Sentries","floor":8,"turns":5}],"seed_played":"-437140649669870096","potions_obtained":[{"floor":1,"key":"Weak Potion"},{"floor":5,"key":"BlessingOfTheForge"}],"is_trial":false,"path_per_floor":["M","?","M","M","M","E","R","E"],"character_chosen":"IRONCLAD","items_purchased":[],"campfire_rested":1,"item_purchase_floors":[],"current_hp_per_floor":[74,48,54,60,45,19,41,0,0],"gold":195,"neow_bonus":"THREE_ENEMY_KILL","is_daily":false,"chose_seed":false,"campfire_upgraded":0,"win_rate":0.0,"timestamp":1609066241,"path_taken":["M","?","M","M","M","E","R","E"],"items_purchased_type":[],"build_version":"2020-12-22","purchased_purges":0,"victory":false,"max_hp_per_floor":[75,75,75,75,75,75,75,75,75],"relic_stats":{"counters":[6,15],"obtain_stats":[{"NeowsBlessing":0,"Oddly Smooth Stone":6,"Molten Egg 2":2,"Burning Blood":0},{"NeowsBlessing":0,"Oddly Smooth Stone":5,"Molten Egg 2":1,"Burning Blood":0},{"NeowsBlessing":0,"Oddly Smooth Stone":10,"Molten Egg 2":1,"Burning Blood":0}],"Burning Blood":30},"card_choices":[{"not_picked":["Ghostly Armor","Rage","Havoc"],"picked":"SKIP","floor":1},{"not_picked":["Flex","Clash+1"],"picked":"Sword Boomerang+1","floor":3},{"not_picked":["Clash+1","Twin Strike+1"],"picked":"Sword Boomerang+1","floor":4},{"not_picked":["Havoc","Dark Embrace"],"picked":"Pommel Strike+1","floor":5},{"not_picked":["Dark Embrace","True Grit","Rupture"],"picked":"SKIP","floor":6}],"player_experience":2071082,"relics_obtained":[{"floor":6,"key":"Oddly Smooth Stone"}],"event_choices":[{"damage_healed":0,"gold_gain":0,"player_choice":"Success","damage_taken":26,"relics_obtained":["Molten Egg 2"],"max_hp_gain":0,"max_hp_loss":0,"event_name":"Scrap Ooze","floor":2,"gold_loss":0}],"is_beta":false,"boss_relics":[],"items_purged_floors":[],"is_endless":false,"potions_floor_spawned":[1,5],"killed_by":"3 Sentries","ascension_level":17}}