{"host":"3dz0gicyzigf6cpm","time":1609102378,"event":{"mods":["AchievementEnabler","BaseMod","Minty Spire (QoL Compilation)"],"gold_per_floor":[110,129,13,0,68,68,86,86,111,121,134,145,145,160,160,262,262,280,298,397,410,430,430,463,463,488,503,517,528,135,135,135,236,236,256,306,351,14,14,14,46,46,98,98,109,109,109],"floor_reached":46,"playtime":6188,"items_purged":["Strike_G","Strike_G"],"score":537,"play_id":"bffac185-d609-4ee1-908f-56241d0aacf0","local_time":"20201227165258","is_ascension_mode":false,"campfire_choices":[{"floor":6.0,"key":"REST"},{"floor":13.0,"key":"REST"},{"floor":15.0,"key":"REST"},{"floor":23.0,"key":"REST"},{"floor":25.0,"key":"REST"},{"floor":32.0,"key":"REST"},{"floor":40,"key":"REST"},{"floor":44,"key":"REST"}],"circlet_count":0,"master_deck":["Strike_G+1","Strike_G+1","Strike_G","Defend_G","Defend_G","Survivor","Neutralize","PiercingWail","Bane","Noxious Fumes","All Out Attack","Adrenaline","Burst","Dagger Spray","Flying Knee","Crippling Poison","Footwork","Phantasmal Killer","Noxious Fumes+1","Die Die Die+1","Envenom+1","Leg Sweep+1","PiercingWail","PiercingWail","PiercingWail","Acrobatics","Blade Dance+1","Bouncing Flask","Die Die Die","Adrenaline","Deadly Poison+1","Quick Slash+1","Dagger Spray","Die Die Die","Calculated Gamble","Finisher","Die Die Die+1","Leg Sweep+1"],"relics":["Fusion Hammer","Whetstone","Astrolabe","PreservedInsect","Regal Pillow","Sling","HoveringKite","StoneCalendar","Unceasing Top","Centennial Puzzle","Bag of Preparation"],"acts_visited":["Exordium","TheCity","TheBeyond"],"potions_floor_usage":[],"damage_taken":[{"damage":0.0,"enemies":"Cultist","floor":1.0,"turns":4.0},{"damage":2.0,"enemies":"2 Louse","floor":2.0,"turns":3.0},{"damage":2.0,"enemies":"Small Slimes","floor":7.0,"turns":3.0},{"damage":19.0,"enemies":"Exordium Thugs","floor":10.0,"turns":5.0},{"damage":7.0,"enemies":"3 Louse","floor":11.0,"turns":2.0},{"damage":6.0,"enemies":"Looter","floor":12.0,"turns":3.0},{"damage":0.0,"enemies":"Large Slime","floor":14.0,"turns":5.0},{"damage":57.0,"enemies":"The Guardian","floor":16.0,"turns":17.0},{"damage":0.0,"enemies":"Chosen","floor":18.0,"turns":4.0},{"damage":1.0,"enemies":"2 Thieves","floor":19.0,"turns":3.0},{"damage":19.0,"enemies":"Cultist and Chosen","floor":21.0,"turns":5.0},{"damage":14.0,"enemies":"Snecko","floor":22.0,"turns":5.0},{"damage":14.0,"enemies":"Slavers","floor":24.0,"turns":4.0},{"damage":20.0,"enemies":"Centurion and Healer","floor":27.0,"turns":7.0},{"damage":4.0,"enemies":"Chosen and Byrds","floor":28.0,"turns":5.0},{"damage":10.0,"enemies":"Snake Plant","floor":29.0,"turns":5.0},{"damage":24.0,"enemies":"Automaton","floor":33.0,"turns":9.0},{"damage":18,"enemies":"Orb Walker","floor":35,"turns":4},{"damage":6,"enemies":"Mind Bloom Boss Battle","floor":36,"turns":7},{"damage":43,"enemies":"2 Orb Walkers","floor":37,"turns":4},{"damage":11,"enemies":"Nemesis","floor":41,"turns":5},{"damage":15,"enemies":"3 Darklings","floor":45,"turns":4},{"damage":52,"enemies":"Spire Growth","floor":46,"turns":5}],"seed_played":"-5071850999499744575","potions_obtained":[{"floor":7.0,"key":"LiquidMemories"},{"floor":11.0,"key":"BlessingOfTheForge"},{"floor":12.0,"key":"GhostInAJar"},{"floor":21.0,"key":"SpeedPotion"},{"floor":35,"key":"DuplicationPotion"},{"floor":36,"key":"Fire Potion"}],"is_trial":false,"path_per_floor":["M","M","$","?","?","R","M","?","T","M","M","M","R","M","R","B",null,"M","M","?","M","M","R","E","R","T","M","M","M","$","?","R","B",null,"M","?","?","$","?","R","E","?","T","R","M","M"],"character_chosen":"THE_SILENT","items_purchased":["Noxious Fumes","All Out Attack","Die Die Die","Sling","Explosive Potion","Weak Potion","Die Die Die","Calculated Gamble"],"campfire_rested":8,"item_purchase_floors":[3,3,30,30,30,30,38,38],"current_hp_per_floor":[70,68,68,68,68,70,68,68,68,49,42,36,57,57,70,13,70,70,69,69,50,36,57,43,64,64,44,40,30,30,53,70,46,70,52,46,3,3,61,61,50,50,50,61,46,0,0],"gold":109,"neow_bonus":"BOSS_RELIC","is_daily":false,"chose_seed":false,"campfire_upgraded":0,"win_rate":0.0,"timestamp":1609102378,"path_taken":["M","M","$","?","?","R","M","?","T","M","?","M","R","M","R","BOSS","M","M","?","M","M","R","E","R","T","M","M","M","$","?","R","BOSS","M","?","?","$","?","R","E","?","T","R","M","M"],"items_purchased_type":["Card","Card","Card","Relic","Potion","Potion","Card","Card"],"build_version":"2020-12-22","purchased_purges":2,"victory":false,"max_hp_per_floor":[70,70,70,70,70,70,70,70,70,70,70,70,70,70,70,70,70,70,70,70,70,70,70,70,70,70,70,70,70,70,70,70,70,70,70,70,70,70,61,61,61,61,61,61,61,61,61],"card_choices":[{"not_picked":["Dagger Throw","Dagger Spray"],"picked":"PiercingWail","floor":1.0},{"not_picked":["Prepared","Flying Knee"],"picked":"Bane","floor":2.0},{"not_picked":["Blade Dance","Prepared"],"picked":"Adrenaline","floor":7.0},{"not_picked":["Dash","Dagger Throw"],"picked":"Dagger Spray","floor":10.0},{"not_picked":["Terror","Reflex"],"picked":"Flying Knee","floor":11.0},{"not_picked":["Dagger Spray","Slice"],"picked":"Crippling Poison","floor":12.0},{"not_picked":["Choke","Poisoned Stab"],"picked":"Footwork","floor":14.0},{"not_picked":["Tools of the Trade","Venomology"],"picked":"Phantasmal Killer","floor":16.0},{"not_picked":["Blade Dance+1","Sucker Punch"],"picked":"Leg Sweep+1","floor":18.0},{"not_picked":["Sucker Punch","Flying Knee+1"],"picked":"PiercingWail","floor":19.0},{"not_picked":["Distraction","Blur","Heel Hook"],"picked":"SKIP","floor":21.0},{"not_picked":["Backstab","Skewer"],"picked":"PiercingWail","floor":22.0},{"not_picked":["Acrobatics","Deflect"],"picked":"PiercingWail","floor":24.0},{"not_picked":["Deflect","Riddle With Holes"],"picked":"Acrobatics","floor":27.0},{"not_picked":["Underhanded Strike+1","Night Terror"],"picked":"Blade Dance+1","floor":28.0},{"not_picked":["PiercingWail+1","Noxious Fumes"],"picked":"Bouncing Flask","floor":29.0},{"not_picked":["Doppelganger","Glass Knife"],"picked":"Adrenaline","floor":33.0},{"not_picked":["Caltrops","Eviscerate+1"],"picked":"Deadly Poison+1","floor":35},{"not_picked":["Flying Knee+1","Heel Hook"],"picked":"Quick Slash+1","floor":36},{"not_picked":["Dagger Throw+1","Distraction+1"],"picked":"Dagger Spray","floor":37},{"not_picked":["Flying Knee","Caltrops+1"],"picked":"Finisher","floor":41},{"not_picked":["Backstab+1","Terror"],"picked":"Leg Sweep+1","floor":45}],"player_experience":60260,"relics_obtained":[{"floor":9.0,"key":"Whetstone"},{"floor":24.0,"key":"PreservedInsect"},{"floor":26.0,"key":"Regal Pillow"},{"floor":36,"key":"StoneCalendar"},{"floor":37,"key":"Unceasing Top"},{"floor":41,"key":"Centennial Puzzle"},{"floor":43,"key":"Bag of Preparation"}],"event_choices":[{"damage_healed":0.0,"max_hp_gain":0.0,"max_hp_loss":0.0,"gold_gain":0.0,"event_name":"World of Goop","player_choice":"Left Gold","floor":4.0,"gold_loss":13.0,"damage_taken":0.0},{"damage_healed":0.0,"max_hp_gain":0.0,"max_hp_loss":0.0,"gold_gain":68.0,"event_name":"Golden Wing","player_choice":"Gained Gold","floor":5.0,"gold_loss":0.0,"damage_taken":0.0},{"damage_healed":0.0,"max_hp_gain":0.0,"max_hp_loss":0.0,"gold_gain":0.0,"event_name":"Match and Keep!","player_choice":"1 cards matched","floor":8.0,"gold_loss":0.0,"damage_taken":0.0,"cards_obtained":["Burst"]},{"damage_healed":0.0,"max_hp_gain":0.0,"max_hp_loss":0.0,"gold_gain":99.0,"event_name":"Nest","player_choice":"Stole From Cult","floor":20.0,"gold_loss":0.0,"damage_taken":0.0},{"damage_healed":23.0,"max_hp_gain":0.0,"max_hp_loss":0.0,"gold_gain":0.0,"event_name":"The Library","player_choice":"Heal","floor":31.0,"gold_loss":0.0,"damage_taken":0.0},{"damage_healed":0,"gold_gain":0,"player_choice":"Fight","damage_taken":0,"max_hp_gain":0,"max_hp_loss":0,"event_name":"MindBloom","floor":36,"gold_loss":0},{"damage_healed":0,"gold_gain":0,"player_choice":"Fight","damage_taken":0,"max_hp_gain":0,"max_hp_loss":0,"event_name":"Mysterious Sphere","floor":37,"gold_loss":0},{"damage_healed":61,"gold_gain":0,"player_choice":"Heal","damage_taken":0,"max_hp_gain":0,"max_hp_loss":9,"event_name":"The Moai Head","floor":39,"gold_loss":0},{"damage_healed":0,"gold_gain":0,"player_choice":"Copied","damage_taken":0,"max_hp_gain":0,"max_hp_loss":0,"event_name":"Duplicator","floor":42,"gold_loss":0,"cards_obtained":["Die Die Die"]}],"is_beta":false,"boss_relics":[{"not_picked":["Runic Dome","Busted Crown"],"picked":"Astrolabe"},{"not_picked":["Sozu","Coffee Dripper"],"picked":"HoveringKite"}],"items_purged_floors":[30,38],"is_endless":false,"potions_floor_spawned":[7,11,12,21,22,33,35,36],"killed_by":"Spire Growth","ascension_level":0}}