{"host":"0azimyi6n3ugndj4","time":1609101069,"event":{"mods":["2.2 Compatiblity","BaseMod","Bestiary","Conspire","Curses Come First","Defuse TimeMaze Blight","Hyrulean Relics","Infinite Spire","Minty Spire (QoL Compilation)","Relic Stats","Replay The Spire","StSLib","SuperFastMode","Uncapped","¡¼?Úª?ø«¡½REMEMod"],"gold_per_floor":[129,129,129,129,77,168,43,131,131,131,170,342,84,139,139,270,270,119,119,69,102,29,143,59,59],"floor_reached":24,"playtime":506,"items_purged":["Normality","Pain","ReplayTheSpireMod:Doomed"],"score":815,"play_id":"c6e2aea2-e292-4e30-a527-ebd44df4191a","local_time":"20201228053109","daily_mods":["Shiny","Vintage","ControlledChaos","Diverse","Colorless Cards","Heirloom","Time Dilation","Flight","Elite Swarm","Lethality","Midas","Night Terrors","Binary"],"is_ascension_mode":true,"campfire_choices":[{"floor":15,"key":"DIG"}],"circlet_count":0,"master_deck":["AscendersBane","Brilliance","Devotion","LessonLearned","Vault","Alpha","Establishment","REME_WorshipGod","Replay:LoomingThreat","DeusExMachina","Judgement","ConjureBlade","REME_EmptyShield","MasterReality","Blasphemy","Ragnarok","REME_CRH","Scrawl","Wish","Omniscience","SpiritShield","DevaForm","Hyperbeam","REME_ForAll","Machine Learning","Buffer","Mirror Shield","Seek","Echo Form","All For One","Reboot","Fission","Core Surge","Multi-Cast","Thunder Strike","Biased Cognition","REME_Shoggoth","Electrodynamics","ReplayRNGCard","ReplayTheSpireMod:Omega Cannon","Rainbow","Meteor Strike","ReplayTheSpireMod:Fabricate Wheel","Amplify","Creative AI","REME_ShadowForm","ReplayTheSpireMod:Necrosis","Corpse Explosion","Die Die Die","Atom Bomb","ReplayTheSpireMod:From All Sides","Adrenaline","Envenom","Doppelganger","Burst","Wraith Form v2","REME_SpectralBlade","Tools of the Trade","REME_CopyPotion","After Image","Poison Darts","A Thousand Cuts","Venomology","Replay:Bag of Tricks","Malaise","Phantasmal Killer","Night Terror+1","infinitespire:Neurotoxin","Unload","REME_GrazeFinale","Bullet Time","Storm of Steel","Glass Knife","Grand Finale","Double Tap","Demon Form","REME_ACTH","Fiend Fire","Eclipse","conspire:Purge","Berserk","Impervious","Juggernaut","Brutality","Demonic Infusion","conspire:HitWhereItHurts","Exhume","Offering","REME_Fury","Bludgeon","Feed","Replay:Many Hands","Limit Break","Corruption","Barricade","Hemogenesis","REME_TheLastStrike","Reaper","Immolate","Thinking Ahead","Metamorphosis","Master of Strategy","Magnetism","REME_HeartOfCthun","Chrysalis","Mayhem","REME_PuzzleBox","Secret Weapon","Midas Touch","ReplayTheSpireMod:Brewmster","REME_AllRoundStrike","Poisoned Strike","REME_MawOfCthun","REME_EyeOfCthun","REME_WheelOfFate","Sadistic Nature","Replay:Dark Deal","REME_Flogging","ReplayUltimateDefense","Transmutation","REME_BattleFury","HandOfGreed","ReplayTheSpireMod:Necrogeddon","Apotheosis","Panache","Violence","Secret Technique+1","REME_BodyOfCthun","The Bomb","Crow Ritual","REME_BuildACard","REME_ProfessionalPlagiarism","Judgement","ReplayTheSpireMod:IOU","ReplayTheSpireMod:IOU","ReplayTheSpireMod:IOU","ReplayTheSpireMod:IOU","ReplayTheSpireMod:IOU","ReplayTheSpireMod:IOU","ReplayTheSpireMod:IOU","ReplayTheSpireMod:IOU","ReplayTheSpireMod:IOU","ReplayTheSpireMod:IOU","ReplayTheSpireMod:IOU","ReplayTheSpireMod:IOU","ReplayTheSpireMod:IOU","CurseOfTheBell","ReplayTheSpireMod:IOU","ReplayTheSpireMod:IOU","ReplayTheSpireMod:IOU","ReplayTheSpireMod:IOU","ReplayTheSpireMod:IOU","Pot Of Greed+1","Pot Of Greed+1","Pot Of Greed+1","Pot Of Greed+1","Pot Of Greed+1","Pot Of Greed+1","Pot Of Greed+1","Pot Of Greed+1","Pot Of Greed+1","Pot Of Greed+1","Pot Of Greed+1","Pot Of Greed+1","Pot Of Greed+1","ReplayTheSpireMod:IOU"],"relics":["PureWater","Frozen Eye","Busted Crown","REME_ComplimentaryCards","Replay:Purple Gloves","Replay:Wax Seal","Golden Idol","The Courier","ReplayTheSpireMod:Ring of Exchange","Pet Ghost","Replay:Mystery Machine","conspire:TreasureMap","zeldaRelics:CourageTriforce","Mirror","Mercury Hourglass","Calling Bell","Toy Ornithopter","infinitespire:Eraser","Shovel","Ice Cream","ReplayTheSpireMod:TigerMarble","Sling","War Paint","Golden Egg","Molten Egg 2","Replay:PocketPolymizer","conspire:SlowCooker","Bronze Scales","Chameleon Ring","infinitespire:Beetle Shell","Orrery","Grinning Jar","Replay:Bandana","zeldaRelics:WisdomPiece"],"acts_visited":["Exordium","TheCity"],"potions_floor_usage":[16,16,23],"damage_taken":[{"damage":0,"enemies":"2 Louse","floor":1,"turns":3},{"damage":6,"enemies":"Gremlin Nob","floor":6,"turns":3},{"damage":17,"enemies":"Lagavulin","floor":8,"turns":3},{"damage":0,"enemies":"Small Slimes","floor":11,"turns":2},{"damage":0,"enemies":"Jaw Worm","floor":14,"turns":1},{"damage":12,"enemies":"Hexaghost","floor":16,"turns":3},{"damage":0,"enemies":"Chosen","floor":18,"turns":2},{"damage":23,"enemies":"Shell Parasite","floor":21,"turns":3},{"damage":21,"enemies":"Slavers","floor":23,"turns":4},{"damage":17,"enemies":"Nightmare","floor":24,"turns":3}],"seed_played":"-1404310750451111786","potions_obtained":[{"floor":1,"key":"GamblersBrew"},{"floor":6,"key":"Fire Potion"},{"floor":12,"key":"Block Potion"},{"floor":21,"key":"ColorlessPotion"}],"is_trial":true,"path_per_floor":["M","?","?","?","$","E","$","E","T","?","M","?","$","M","R","B",null,"M","?","?","M","$","E","NM"],"character_chosen":"WATCHER","items_purchased":["Pet Ghost","Replay:Mystery Machine","conspire:TreasureMap","Mirror","Mercury Hourglass","Calling Bell","Sling","War Paint","Golden Egg","Orrery","Grinning Jar","Replay:Bandana"],"campfire_rested":0,"item_purchase_floors":[5,5,5,7,7,7,13,13,13,22,22,22],"current_hp_per_floor":[61,38,33,33,33,27,27,10,10,10,10,10,10,10,10,8,53,53,53,53,32,32,16,0,0],"gold":59,"neow_bonus":"","is_daily":false,"chose_seed":false,"campfire_upgraded":0,"win_rate":0.0,"timestamp":1609101069,"path_taken":["M","?","?","?","?","E","$","E","T","?","?","?","?","M","R","BOSS","M","?","?","?","$","E","NM"],"items_purchased_type":["Relic","Relic","Relic","Relic","Relic","Relic","Relic","Relic","Relic","Relic","Relic","Relic"],"build_version":"2020-12-22","purchased_purges":3,"victory":false,"max_hp_per_floor":[68,68,68,68,68,68,68,68,68,68,68,68,68,68,68,68,68,68,68,68,70,70,70,70,70],"relic_stats":{"Busted Crown":28,"Shovel":1,"counters":[10,27],"Golden Idol":67,"Bronze Scales":[23],"War Paint":["Night Terror","Secret Technique"],"obtain_stats":[{"Ice Cream":11,"ReplayTheSpireMod:Ring of Exchange":4,"Golden Egg":13,"Replay:PocketPolymizer":15,"Replay:Purple Gloves":0,"Replay:Mystery Machine":5,"Sling":13,"Pet Ghost":5,"Frozen Eye":0,"Replay:Bandana":22,"Shovel":7,"Chameleon Ring":19,"zeldaRelics:CouragePiece":6,"Replay:Wax Seal":1,"infinitespire:Eraser":7,"conspire:TreasureMap":5,"zeldaRelics:WisdomPiece":23,"Golden Idol":2,"The Courier":3,"conspire:SlowCooker":17,"infinitespire:Beetle Shell":21,"War Paint":13,"zeldaRelics:CourageTriforce":9,"Mercury Hourglass":7,"Calling Bell":7,"Busted Crown":0,"Bronze Scales":18,"Orrery":22,"Molten Egg 2":14,"ReplayTheSpireMod:TigerMarble":12,"PureWater":0,"Grinning Jar":22,"Mirror":7,"Toy Ornithopter":7,"REME_ComplimentaryCards":0},{"Ice Cream":4,"ReplayTheSpireMod:Ring of Exchange":1,"Golden Egg":4,"Replay:PocketPolymizer":5,"Replay:Purple Gloves":0,"Replay:Mystery Machine":1,"Sling":4,"Pet Ghost":1,"Frozen Eye":0,"Replay:Bandana":8,"Shovel":2,"Chameleon Ring":7,"zeldaRelics:CouragePiece":2,"Replay:Wax Seal":1,"infinitespire:Eraser":2,"conspire:TreasureMap":1,"zeldaRelics:WisdomPiece":9,"Golden Idol":1,"The Courier":1,"conspire:SlowCooker":6,"infinitespire:Beetle Shell":8,"War Paint":4,"zeldaRelics:CourageTriforce":3,"Mercury Hourglass":2,"Calling Bell":2,"Busted Crown":0,"Bronze Scales":7,"Orrery":8,"Molten Egg 2":5,"ReplayTheSpireMod:TigerMarble":4,"PureWater":0,"Grinning Jar":8,"Mirror":2,"Toy Ornithopter":2,"REME_ComplimentaryCards":0},{"Ice Cream":11,"ReplayTheSpireMod:Ring of Exchange":3,"Golden Egg":11,"Replay:PocketPolymizer":12,"Replay:Purple Gloves":0,"Replay:Mystery Machine":3,"Sling":11,"Pet Ghost":3,"Frozen Eye":0,"Replay:Bandana":20,"Shovel":6,"Chameleon Ring":17,"zeldaRelics:CouragePiece":6,"Replay:Wax Seal":3,"infinitespire:Eraser":6,"conspire:TreasureMap":3,"zeldaRelics:WisdomPiece":24,"Golden Idol":3,"The Courier":3,"conspire:SlowCooker":15,"infinitespire:Beetle Shell":20,"War Paint":11,"zeldaRelics:CourageTriforce":9,"Mercury Hourglass":6,"Calling Bell":6,"Busted Crown":0,"Bronze Scales":17,"Orrery":20,"Molten Egg 2":12,"ReplayTheSpireMod:TigerMarble":11,"PureWater":0,"Grinning Jar":20,"Mirror":6,"Toy Ornithopter":6,"REME_ComplimentaryCards":0}],"Toy Ornithopter":15,"Mercury Hourglass":[66]},"card_choices":[],"player_experience":1449663,"relics_obtained":[{"floor":1,"key":"Replay:Wax Seal"},{"floor":4,"key":"ReplayTheSpireMod:Ring of Exchange"},{"floor":6,"key":"zeldaRelics:CouragePiece"},{"floor":7,"key":"Toy Ornithopter"},{"floor":7,"key":"infinitespire:Eraser"},{"floor":7,"key":"Shovel"},{"floor":8,"key":"zeldaRelics:CouragePiece"},{"floor":9,"key":"zeldaRelics:CouragePiece"},{"floor":11,"key":"Ice Cream"},{"floor":12,"key":"ReplayTheSpireMod:TigerMarble"},{"floor":14,"key":"Molten Egg 2"},{"floor":15,"key":"Replay:PocketPolymizer"},{"floor":18,"key":"Bronze Scales"},{"floor":21,"key":"infinitespire:Beetle Shell"},{"floor":23,"key":"zeldaRelics:WisdomPiece"}],"event_choices":[{"damage_healed":0,"gold_gain":0,"player_choice":"Take Damage","damage_taken":23,"relics_obtained":["Golden Idol"],"max_hp_gain":0,"max_hp_loss":0,"event_name":"Golden Idol","floor":2,"gold_loss":0},{"damage_healed":0,"gold_gain":0,"player_choice":"Success","damage_taken":5,"relics_obtained":["The Courier"],"max_hp_gain":0,"max_hp_loss":0,"event_name":"Scrap Ooze","floor":3,"gold_loss":0},{"cards_removed":["Replay:AllIn"],"damage_healed":0,"gold_gain":0,"player_choice":"Purged","damage_taken":0,"max_hp_gain":0,"max_hp_loss":0,"event_name":"Purifier","floor":10,"gold_loss":0},{"damage_healed":0,"gold_gain":0,"player_choice":"Bet on Murderer","damage_taken":0,"max_hp_gain":0,"max_hp_loss":0,"event_name":"The Joust","floor":20,"gold_loss":50}],"is_beta":false,"boss_relics":[{"not_picked":["Kintsugi","Honey Jar"],"picked":"conspire:SlowCooker"}],"items_purged_floors":[5,13,22],"is_endless":false,"potions_floor_spawned":[1,6,14,21],"killed_by":"Nightmare","ascension_level":20}}