{"host":"nmyw38vkdf8owddb","time":1609073558,"event":{"mods":["BaseMod","Colored Map","Colored Powertips","DeckTracker","Downfall","Minty Spire (QoL Compilation)","StSLib","Waifu the Spire"],"gold_per_floor":[0,11,29,46,63,81,108,33,183,183,203,203,239,285,315,315,315,315],"floor_reached":16,"playtime":1176,"items_purged":[],"score":104,"play_id":"59248754-08b2-48a9-b323-bafb3cfca7a5","local_time":"20201227215238","is_ascension_mode":false,"campfire_choices":[{"floor":1,"key":"RECALL"},{"data":"hexamod:EmpoweringStance","floor":8,"key":"SMITH"},{"data":"hexamod:NightmareStrike","floor":10,"key":"SMITH"},{"floor":12,"key":"REST"}],"circlet_count":0,"master_deck":["hexamod:Strike","hexamod:Strike","hexamod:Strike","hexamod:Strike","hexamod:Defend","hexamod:Defend","hexamod:Defend","hexamod:Defend","hexamod:Sear","hexamod:Float","hexamod:EmpoweringStance+1","hexamod:BacktrackSmack","hexamod:NightmareStrike+1","hexamod:SecondSeal","hexamod:TurnItUp","hexamod:GhostShield","Slimebound:Icky","hexamod:PhantomCloak","hexamod:ShieldOfDarkness","hexamod:GhostOfSpirePast","hexamod:Hexaguard"],"relics":["hexamod:SpiritBrand","Happy Flower","downfall:HeartBlessingRed","Odd Mushroom","CeramicFish"],"acts_visited":["Exordium"],"potions_floor_usage":[5],"damage_taken":[{"damage":0,"enemies":"2 Louse","floor":2,"turns":3},{"damage":0,"enemies":"Small Slimes","floor":3,"turns":3},{"damage":0,"enemies":"Cultist","floor":4,"turns":3},{"damage":3,"enemies":"2 Fungi Beasts","floor":5,"turns":3},{"damage":6,"enemies":"Blue Slaver","floor":6,"turns":3},{"damage":6,"enemies":"Exordium Wildlife","floor":11,"turns":5},{"damage":3,"enemies":"The Mushroom Lair","floor":13,"turns":5},{"damage":24,"enemies":"Gremlin Nob","floor":14,"turns":4},{"damage":2,"enemies":"Lots of Slimes","floor":15,"turns":4},{"damage":42,"enemies":"downfall:Defect","floor":16,"turns":11}],"seed_played":"-5131965337226193796","potions_obtained":[{"floor":3,"key":"AttackPotion"},{"floor":4,"key":"BlessingOfTheForge"},{"floor":11,"key":"Ancient Potion"},{"floor":13,"key":"Dexterity Potion"}],"is_trial":false,"path_per_floor":["R","M","M","M","M","M","T","R","?","R","M","R","?","E","M","B"],"character_chosen":"THE_SPIRIT","items_purchased":[],"campfire_rested":1,"item_purchase_floors":[],"current_hp_per_floor":[70,70,70,70,67,61,61,61,61,61,55,70,67,43,41,0,0,0],"gold":315,"neow_bonus":"THREE_RARE_CARDS","is_daily":false,"chose_seed":false,"campfire_upgraded":2,"win_rate":0.0,"timestamp":1609073558,"path_taken":["R","M","M","M","M","M","T","R","?","R","M","R","?","E","M","BOSS"],"items_purchased_type":[],"build_version":"2020-12-22","purchased_purges":0,"victory":false,"max_hp_per_floor":[70,70,70,70,70,70,70,70,70,70,70,70,70,70,70,70,70,70],"card_choices":[{"not_picked":["hexamod:VolcanoVisage","hexamod:GhostflameInferno"],"picked":"hexamod:EmpoweringStance","floor":0},{"not_picked":["hexamod:PowerFromBeyond","hexamod:RainOfEmbers"],"picked":"hexamod:BacktrackSmack","floor":2},{"not_picked":["hexamod:BurningTouch","hexamod:HeatCrush"],"picked":"hexamod:NightmareStrike","floor":3},{"not_picked":["hexamod:GhostLash","hexamod:GhostShield"],"picked":"hexamod:SecondSeal","floor":4},{"not_picked":["hexamod:GhostLash","hexamod:GhostflameBarrier"],"picked":"hexamod:TurnItUp","floor":5},{"not_picked":["hexamod:Haunt","hexamod:SpectersWail"],"picked":"hexamod:GhostShield","floor":6},{"not_picked":["hexamod:PhantomFireball","hexamod:RadiantFlame"],"picked":"hexamod:PhantomCloak","floor":11},{"not_picked":["hexamod:GhostShield","hexamod:Firestarter"],"picked":"hexamod:ShieldOfDarkness","floor":13},{"not_picked":["hexamod:NightmareGuise","hexamod:EmpoweredFlame"],"picked":"hexamod:GhostOfSpirePast","floor":14},{"not_picked":["hexamod:GhostLash","hexamod:Firestarter"],"picked":"hexamod:Hexaguard","floor":15}],"player_experience":347261,"relics_obtained":[{"floor":7,"key":"Happy Flower"},{"floor":13,"key":"Odd Mushroom"},{"floor":14,"key":"CeramicFish"}],"event_choices":[{"damage_healed":0,"gold_gain":0,"player_choice":"Fought Mushrooms","damage_taken":0,"max_hp_gain":0,"max_hp_loss":0,"event_name":"Mushrooms","floor":13,"gold_loss":0}],"is_beta":false,"boss_relics":[],"items_purged_floors":[],"is_endless":false,"potions_floor_spawned":[3,4,11,13],"killed_by":"downfall:Defect","ascension_level":0}}