{"host":"kncugt8qnf1emsb0","time":1609069007,"event":{"mods":["ATMod(°¢èªMod)","AchievementEnabler","Act Like it!","BaseMod","Dota2Spire","Friendly Minions","KomeijiMod","Minty Spire (QoL Compilation)","MostiFishMod","Quick Restart","RumiaBox-Â¶Ã×æ«µÄÉñÃØºÐ×Ó","Shop Mod","Spicy Shops","StSLib","TestMod","TheWitcher","Yakumo Yukari mod","¡¾ÒÅÎï¿¨ÅÆ¡¿REMEMod"],"gold_per_floor":[107,118,40,51,66,95,95,125,152,130,130,143,153,178,178,257,257,284,291,310,339,69,114,130,176,176,18,47,47,5,39,39,124,124,137,189,180,101,120,175,208,266,336,367,378,378,218,350,350,379,379],"floor_reached":52,"playtime":4206,"items_purged":["EverywhereHibernate+1","SnafuTest:PayAlchemyMaster+1","Confused","SnafuTest:PowerAlwaysAWay"],"score":3545,"play_id":"de1bb000-3233-4578-8d62-72a9d72c7ad0","local_time":"20201227193647","daily_mods":["SealedDeck","Vintage","Heirloom","Flight"],"is_ascension_mode":true,"campfire_choices":[{"floor":7.0,"key":"REST"},{"floor":11,"key":"REST"},{"floor":15,"key":"REST"},{"data":"SnafuTest:FlashingRaid","floor":29,"key":"SMITH"},{"data":"SnafuTest:AssassinOfKings","floor":32,"key":"SMITH"},{"data":"SnafuTest:PowerTrialOfGrasses","floor":49,"key":"SMITH"}],"circlet_count":0,"master_deck":["AscendersBane","SnafuTest:BombMoonDust+1","SnafuTest:FlashingRaid+1","SnafuTest:SmashingSlash+1","SnafuTest:Kick+1","AT_DivineConfetti","SnafuTest:WhiteWolfRise","SnafuTest:AssassinOfKings+1","SnafuTest:MCFeignDeath+1","SnafuTest:MercilessReaper+1","SnafuTest:Shooting","SnafuTest:WorldMap","MostiFishMod:JungleRules","SnafuTest:LandOfFables","SnafuTest:RecklessBlow","Parasite","SnafuTest:PowerTrialOfGrasses+1"],"relics":["SnafuTest:UnstableMutagenRelic","DaveBox","testmod-TestBox","REME_ComplimentaryCards","AT_ATBox","AT_Kusabimaru","testmod-D¨¦j¨¤vu","Membership Card","Dota2Spire:Vanguard","SynthV:TestCard","Dota2Spire:UrnOfShadows","Dota2Spire:EchoSabre","SnafuTest:IgniRelic","Toy Ornithopter","SnafuTest:YrdenRelic","Regal Pillow","SynthV:C4","Centennial Puzzle","White Beast Statue","AT_BellowingDragoncrestRing","CaptainsWheel","testmod-Acrobat","Dota2Spire:LotusOrb","MerchantsRug","SnafuTest:CatRelic","Dota2Spire:ShadowBlade","Dota2Spire:MonkeyKingBar","Letter Opener","testmod-Laevatain","Bag of Preparation","AT_RedTearstoneRing","Meat on the Bone","testmod-Charity","Dota2Spire:DrumOfEndurance","ChiXiaoBlade","Dota2Spire:HandOfMidas","Toolbox","AT_BellDemon","AT_SunfireAegis","Dota2Spire:Dagon","Nunchaku","testmod-IntensifyImprint","Dota2Spire:PhaseBoots","Dota2Spire:BladeMail","Juzu Bracelet","testmod-Brilliant","LastBattle","Dream Catcher","Mercury Hourglass","AT_ArchangelStaff","testmod-Maize","Whetstone","testmod-ObsoleteBoomerang","SnafuTest:QuenRelic"],"acts_visited":["Exordium","TheCity","TheBeyond"],"potions_floor_usage":[8,10,18,20,22,42,50],"damage_taken":[{"damage":0.0,"enemies":"Cultist","floor":1.0,"turns":3.0},{"damage":0.0,"enemies":"Small Slimes","floor":2.0,"turns":1.0},{"damage":0.0,"enemies":"2 Louse","floor":4.0,"turns":1.0},{"damage":30.0,"enemies":"Exordium Thugs","floor":5.0,"turns":3.0},{"damage":40.0,"enemies":"Lagavulin","floor":6.0,"turns":4.0},{"damage":0,"enemies":"Gremlin Nob","floor":8,"turns":2},{"damage":40,"enemies":"Lagavulin","floor":10,"turns":4},{"damage":13,"enemies":"Blue Slaver","floor":12,"turns":2},{"damage":11,"enemies":"Looter","floor":13,"turns":2},{"damage":10,"enemies":"3 Sentries","floor":14,"turns":2},{"damage":12,"enemies":"Hexaghost","floor":16,"turns":4},{"damage":0,"enemies":"Spheric Guardian","floor":18,"turns":2},{"damage":25,"enemies":"Shell Parasite","floor":19,"turns":3},{"damage":0,"enemies":"Snake Plant","floor":20,"turns":2},{"damage":18,"enemies":"Centurion and Healer","floor":21,"turns":3},{"damage":20,"enemies":"REME_1_Revenger","floor":23,"turns":3},{"damage":0,"enemies":"Cultist and Chosen","floor":24,"turns":3},{"damage":0,"enemies":"Gremlin Leader","floor":25,"turns":2},{"damage":0,"enemies":"Slavers","floor":28,"turns":1},{"damage":0,"enemies":"REME_1_Revenger","floor":31,"turns":2},{"damage":0,"enemies":"Automaton","floor":33,"turns":3},{"damage":4,"enemies":"3 Darklings","floor":35,"turns":2},{"damage":7,"enemies":"Orb Walker","floor":36,"turns":2},{"damage":0,"enemies":"Writhing Mass","floor":39,"turns":2},{"damage":42,"enemies":"Nemesis","floor":40,"turns":3},{"damage":16,"enemies":"Reptomancer","floor":41,"turns":3},{"damage":33,"enemies":"Nemesis","floor":42,"turns":2},{"damage":11,"enemies":"Giant Head","floor":44,"turns":2},{"damage":0,"enemies":"Sphere and 2 Shapes","floor":45,"turns":1},{"damage":0,"enemies":"Reptomancer","floor":48,"turns":1},{"damage":3,"enemies":"Awakened One","floor":50,"turns":2},{"damage":0,"enemies":"Donu and Deca","floor":51,"turns":2}],"seed_played":"-446399351456007826","potions_obtained":[{"floor":4.0,"key":"Dota2Spire:Clarity"},{"floor":5.0,"key":"Energy Potion"},{"floor":8,"key":"Regen Potion"},{"floor":13,"key":"Weak Potion"},{"floor":18,"key":"testmod-SpacePotion"},{"floor":19,"key":"Weak Potion"},{"floor":20,"key":"Explosive Potion"},{"floor":21,"key":"GamblersBrew"},{"floor":23,"key":"Explosive Potion"},{"floor":24,"key":"SpeedPotion"},{"floor":25,"key":"Swift Potion"},{"floor":28,"key":"SneckoOil"},{"floor":31,"key":"DuplicationPotion"},{"floor":33,"key":"Dota2Spire:HealingSalve"},{"floor":35,"key":"Strength Potion"},{"floor":36,"key":"Dexterity Potion"},{"floor":39,"key":"testmod-EscapePotion"},{"floor":40,"key":"PowerPotion"},{"floor":41,"key":"LiquidMemories"},{"floor":42,"key":"LiquidMemories"},{"floor":45,"key":"Regen Potion"},{"floor":48,"key":"SpeedPotion"}],"is_trial":true,"path_per_floor":["M","M","$","M","M","E","R","E","T","E","R","M","M","E","R","B",null,"M","M","M","M","$","E","M","E","T","$","E","R","$","E","R","B",null,"M","M","$","$","M","E","E","E","T","E","M","?","$","E","R","B","B",null],"character_chosen":"THE_WITCHER","items_purchased":["Dota2Spire:EchoSabre","MerchantsRug","testmod-SpacePotion","SnafuTest:CatRelic","testmod-Laevatain","Bag of Preparation","AT_RedTearstoneRing","MostiFishMod:JungleRules","testmod-Charity","Toolbox","SnafuTest:RecklessBlow","SnafuTest:PowerAlwaysAWay","AT_BellDemon","Whetstone","SnafuTest:Celebration"],"campfire_rested":3,"item_purchase_floors":[3,22,22,22,27,27,27,27,30,37,37,37,38,47,47],"current_hp_per_floor":[68,68,68,68,38,4,26,31,31,11,48,35,24,17,54,42,67,72,47,52,37,42,25,31,34,34,34,34,34,34,49,49,57,79,81,79,83,83,91,59,64,56,57,66,79,79,82,87,87,95,100],"gold":379,"neow_bonus":"","is_daily":false,"chose_seed":false,"campfire_upgraded":3,"win_rate":0.0,"timestamp":1609069007,"path_taken":["M","M","$","M","M","E","R","E","T","E","R","M","?","E","R","BOSS","M","M","M","M","$","E","M","E","T","$","E","R","$","E","R","BOSS","M","M","$","$","M","E","E","E","T","E","M","?","$","E","R","BOSS","BOSS"],"items_purchased_type":["Relic","Relic","Potion","Relic","Relic","Relic","Relic","Card","Relic","Relic","Card","Card","Relic","Relic","Card"],"build_version":"2020-12-22","purchased_purges":4,"victory":true,"max_hp_per_floor":[75,75,75,75,75,75,75,75,75,75,75,75,75,75,75,75,75,75,75,75,75,75,75,75,75,75,75,75,75,75,78,78,86,86,92,97,101,101,109,116,125,130,131,139,140,140,143,148,148,154,159],"card_choices":[{"not_picked":["SnafuTest:PowerTrialOfGrasses","SnafuTest:SpellBitingFrost","SnafuTest:SpellDispellingPush","SnafuTest:Portal"],"picked":"SnafuTest:PayExoticTreasure","floor":6.0},{"not_picked":["SnafuTest:CalculatingAmbition","SnafuTest:MCMockAndRun","SnafuTest:SpellLifeDrain","SnafuTest:SignYrden"],"picked":"SnafuTest:WhiteWolfRise","floor":8},{"not_picked":["SnafuTest:CalculatingAmbition","SnafuTest:FlashingRaid","SnafuTest:SwiftAssault","SnafuTest:Portal","SnafuTest:SuddenPuncture"],"picked":"SKIP","floor":10},{"not_picked":["SnafuTest:BombMoonDust","SnafuTest:MercilessReaper","SnafuTest:ExcessiveLevies","SnafuTest:PowerHangmenTree","SnafuTest:HermitsErudition"],"picked":"SKIP","floor":14},{"not_picked":["SnafuTest:PowerEquilibrium","SnafuTest:PowerEternalFlame","SnafuTest:SpellIthlinneProphecy","SnafuTest:IndifferentImmortality"],"picked":"SnafuTest:AssassinOfKings","floor":16},{"not_picked":["SnafuTest:PayBank","SnafuTest:SpellCalcinedMetamorphism","SnafuTest:CareTaker+1","SnafuTest:SpellBlindFury"],"picked":"SnafuTest:Shooting","floor":23},{"not_picked":["SnafuTest:MCSuccubusSeduction+1","SnafuTest:BombDragonsDream","SnafuTest:PayAlchemyMaster","SnafuTest:SignYrden"],"picked":"SnafuTest:WorldMap","floor":25},{"not_picked":["SnafuTest:Siege+1","SnafuTest:PayWeaponSmith","SnafuTest:AncestralRitual+1","SnafuTest:MCFeignDeath","SnafuTest:CalculatingAmbition"],"picked":"SKIP","floor":28},{"not_picked":["SnafuTest:MCSongOfPeace","SnafuTest:BombDimeritium","SnafuTest:AncestralRitual","SnafuTest:PayWeaponSmith","SnafuTest:SpellDispellingPush"],"picked":"SKIP","floor":31},{"not_picked":["SnafuTest:PayExoticTreasure","SnafuTest:PowerEternalFlame","SnafuTest:BloodLineTracing","SnafuTest:MilitaryReview"],"picked":"SnafuTest:LandOfFables","floor":33},{"not_picked":["SnafuTest:CalculatingAmbition","SnafuTest:WeddingDance","SnafuTest:BombNorthernWind","SnafuTest:PayArmorSmith+1","SnafuTest:PowerAlwaysOnRoads"],"picked":"SKIP","floor":40},{"not_picked":["SnafuTest:SpellCalcinedMetamorphism","SnafuTest:SpellArcaneDomain+1","SnafuTest:LandOfFables","SnafuTest:PowerVainGlory"],"picked":"SnafuTest:PowerTrialOfGrasses","floor":41},{"not_picked":["SnafuTest:PowerCounterAttack","SnafuTest:MCMockAndRun+1","SnafuTest:Shooting+1","SnafuTest:PayArmorSmith","SnafuTest:AncestralRitual+1"],"picked":"SKIP","floor":42},{"not_picked":["SnafuTest:ShieldUp","SnafuTest:SpellTortoise","SnafuTest:PowerTrialOfGrasses","SnafuTest:PowerEternalFlame","SnafuTest:MCMockAndRun"],"picked":"SKIP","floor":44},{"not_picked":["SnafuTest:NoPass","SnafuTest:Kick+1","SnafuTest:SignIgni","SnafuTest:PowerAlwaysOnRoads","SnafuTest:PowerTrialOfGrasses"],"picked":"SKIP","floor":48}],"player_experience":14667,"relics_obtained":[{"floor":1.0,"key":"Dota2Spire:Vanguard"},{"floor":1.0,"key":"SynthV:TestCard"},{"floor":2.0,"key":"Dota2Spire:UrnOfShadows"},{"floor":4.0,"key":"SnafuTest:IgniRelic"},{"floor":5.0,"key":"Toy Ornithopter"},{"floor":6.0,"key":"SnafuTest:YrdenRelic"},{"floor":8,"key":"Regal Pillow"},{"floor":9,"key":"War Paint"},{"floor":10,"key":"Centennial Puzzle"},{"floor":12,"key":"White Beast Statue"},{"floor":13,"key":"AT_BellowingDragoncrestRing"},{"floor":14,"key":"CaptainsWheel"},{"floor":18,"key":"Omamori"},{"floor":19,"key":"testmod-Acrobat"},{"floor":20,"key":"Dota2Spire:LotusOrb"},{"floor":21,"key":"REME_HandOfSuture"},{"floor":23,"key":"Dota2Spire:ShadowBlade"},{"floor":24,"key":"Dota2Spire:MonkeyKingBar"},{"floor":25,"key":"Letter Opener"},{"floor":26,"key":"Potion Belt"},{"floor":28,"key":"Meat on the Bone"},{"floor":31,"key":"Dota2Spire:DrumOfEndurance"},{"floor":35,"key":"Dota2Spire:HandOfMidas"},{"floor":36,"key":"REME_PuzzleBoxRelic"},{"floor":39,"key":"AT_SunfireAegis"},{"floor":39,"key":"Dota2Spire:Dagon"},{"floor":40,"key":"Nunchaku"},{"floor":40,"key":"testmod-IntensifyImprint"},{"floor":41,"key":"Dota2Spire:PhaseBoots"},{"floor":41,"key":"Dota2Spire:BladeMail"},{"floor":42,"key":"Juzu Bracelet"},{"floor":42,"key":"testmod-Brilliant"},{"floor":43,"key":"LastBattle"},{"floor":44,"key":"Dream Catcher"},{"floor":44,"key":"Mercury Hourglass"},{"floor":45,"key":"AT_ArchangelStaff"},{"floor":45,"key":"testmod-Maize"},{"floor":48,"key":"testmod-ObsoleteBoomerang"},{"floor":48,"key":"SnafuTest:QuenRelic"}],"event_choices":[{"damage_healed":0,"gold_gain":0,"player_choice":"Ignored","damage_taken":0,"max_hp_gain":0,"max_hp_loss":0,"event_name":"Tomb of Lord Red Mask","floor":46,"gold_loss":0}],"is_beta":false,"boss_relics":[{"not_picked":["REME_ChargedStone","Tiny House"],"picked":"Astrolabe"},{"not_picked":["Calling Bell","testmod-CardMagician"],"picked":"ChiXiaoBlade"}],"items_purged_floors":[3,22,27,47],"is_endless":false,"potions_floor_spawned":[4,5,6,8,13,14,16,18,19,20,21,23,24,25,28,31,33,35,36,39,40,41,42,44,45,48],"ascension_level":20}}