{"host":"wjw2tk2y2rycscg9","time":1609051420,"event":{"mods":["2.2 Compatiblity","Act Like it!","Aspiration","BaseMod","Colored Map","Dota2Spire","Downfall","Hallownest","Hubris","Infinite Spire","Marisa????????","Minty Spire (QoL Compilation)","Relic Stats","Replay The Spire","Shade Mod","StSLib","The Alterego","The Servant 0.9.4","TheSwordswoman","Unceasing Turn Reminder","Yakumo Yukari mod"],"gold_per_floor":[119,21,21,21,50,62,74,86,123,170,182,211,223,245,257,269,269],"floor_reached":16,"playtime":565,"items_purged":[],"score":98,"play_id":"3147fb41-9d30-48bd-bd86-ca764d0d42f2","local_time":"20201226234340","is_ascension_mode":false,"campfire_choices":[{"data":"alterego_mod:Nekomimi","floor":6,"key":"SMITH"},{"data":"Replay:SS_forest_2","floor":8,"key":"SMITH"},{"floor":15,"key":"REST"}],"circlet_count":0,"master_deck":["alterego_mod:Strike","alterego_mod:Strike+1","alterego_mod:Strike","alterego_mod:Strike","alterego_mod:Defend","alterego_mod:Defend","alterego_mod:Defend","alterego_mod:Defend","alterego_mod:Impale","alterego_mod:BigMeatyClaws","alterego_mod:BrynhildrsRune+1","Replay:SS_forest_2+1","alterego_mod:Nekomimi+1","alterego_mod:GoddessCore","alterego_mod:InsideBaseball","alterego_mod:Skirt","alterego_mod:Belle","Regret","alterego_mod:Mirror","alterego_mod:GoddessCore"],"relics":["alterego_mod:MasochisticConstitution","MawBank","hubris:TenFootPole","Mirror"],"acts_visited":["Exordium"],"potions_floor_usage":[16,16],"damage_taken":[{"damage":16,"enemies":"Cultist","floor":1,"turns":5},{"damage":0,"enemies":"2 Louse","floor":5,"turns":4},{"damage":39,"enemies":"3 Sentries","floor":10,"turns":11},{"damage":0,"enemies":"Jaw Worm","floor":12,"turns":1},{"damage":21,"enemies":"3 Louse","floor":14,"turns":7},{"damage":62,"enemies":"Hexaghost","floor":16,"turns":10}],"seed_played":"-2528949276802055730","potions_obtained":[{"floor":10,"key":"SpeedPotion"},{"floor":12,"key":"Elixir"}],"is_trial":true,"path_per_floor":["M","$","?","?","M","R","$","R","T","E","?","M","?","M","R","B"],"character_chosen":"The_Alterego","items_purchased":["Replay:SS_forest_2"],"campfire_rested":1,"item_purchase_floors":[2],"current_hp_per_floor":[62,62,48,36,43,43,43,43,43,19,19,19,43,37,58,0,0],"gold":269,"neow_bonus":"","is_daily":false,"chose_seed":false,"campfire_upgraded":2,"win_rate":0.0,"timestamp":1609051420,"path_taken":["M","$","?","?","M","R","?","R","T","E","?","M","?","?","R","BOSS"],"items_purchased_type":["Card"],"build_version":"2020-12-22","purchased_purges":0,"victory":false,"max_hp_per_floor":[71,71,71,71,71,71,71,71,71,72,72,72,72,73,73,73,73],"relic_stats":{"counters":[6,38],"MawBank":144,"obtain_stats":[{"alterego_mod:MasochisticConstitution":0,"hubris:TenFootPole":9,"MawBank":4,"Mirror":10},{"alterego_mod:MasochisticConstitution":0,"hubris:TenFootPole":2,"MawBank":1,"Mirror":3},{"alterego_mod:MasochisticConstitution":0,"hubris:TenFootPole":9,"MawBank":5,"Mirror":20}]},"card_choices":[{"not_picked":["alterego_mod:Punishment","alterego_mod:Cooking","alterego_mod:Pet"],"picked":"SKIP","floor":1},{"not_picked":["alterego_mod:Rip","alterego_mod:Bounce"],"picked":"alterego_mod:Nekomimi","floor":5},{"not_picked":["alterego_mod:DeftHands","alterego_mod:BiFurious","alterego_mod:Pet"],"picked":"SKIP","floor":10},{"not_picked":["alterego_mod:Tantrum","alterego_mod:DestructionOfProperty"],"picked":"alterego_mod:Mirror","floor":12},{"not_picked":["alterego_mod:BustOut","alterego_mod:DeftHands"],"picked":"alterego_mod:GoddessCore","floor":14}],"player_experience":1160439,"relics_obtained":[{"floor":9,"key":"hubris:TenFootPole"},{"floor":10,"key":"Mirror"}],"event_choices":[{"damage_healed":0,"gold_gain":0,"player_choice":"Entered Light","damage_taken":14,"max_hp_gain":0,"max_hp_loss":0,"event_name":"Shining Light","floor":3,"gold_loss":0,"cards_upgraded":["alterego_mod:Strike","alterego_mod:BrynhildrsRune"]},{"damage_healed":0,"gold_gain":0,"player_choice":"Success","damage_taken":12,"relics_obtained":["MawBank"],"max_hp_gain":0,"max_hp_loss":0,"event_name":"Scrap Ooze","floor":4,"gold_loss":0},{"damage_healed":24,"gold_gain":0,"player_choice":"Banana","damage_taken":0,"max_hp_gain":0,"max_hp_loss":0,"event_name":"Big Fish","floor":13,"gold_loss":0}],"is_beta":false,"boss_relics":[],"items_purged_floors":[],"is_endless":false,"potions_floor_spawned":[10,12],"killed_by":"Hexaghost","ascension_level":0}}