{"host":"k85tjwrh7mjrrc9a","time":1609109853,"event":{"mods":["AchievementEnabler","BaseMod","Colored Powertips","Highlight Path","Minty Spire (QoL Compilation)","Rare Cards Sparkle","StSLib"],"gold_per_floor":[115,115,115,115,190,231,231,231,231,270,270,313,111,124,124,252,252,273,273,57,76,89,89,123,146,172,172,226,226,264,189,189,310,310,331,344,166,166,186,186,204,204,204,204,0,23,23,62,62,62],"floor_reached":51,"playtime":4203,"items_purged":["Strike_G"],"score":737,"play_id":"5364c01b-e64f-42ae-97b8-f0114d0c3698","local_time":"20201227175733","is_ascension_mode":true,"campfire_choices":[{"floor":7,"key":"REST"},{"floor":11,"key":"REST"},{"floor":15,"key":"REST"},{"data":"Noxious Fumes","floor":23,"key":"SMITH"},{"data":"After Image","floor":29,"key":"SMITH"},{"data":"Expertise","floor":32,"key":"SMITH"},{"floor":40,"key":"REST"},{"floor":42,"key":"REST"},{"data":"Acrobatics","floor":44,"key":"SMITH"},{"floor":49,"key":"REST"}],"circlet_count":0,"master_deck":["Strike_G","Strike_G","Strike_G","Defend_G","Defend_G+1","Defend_G","Defend_G","Defend_G+1","Survivor","Neutralize","Quick Slash","Unload","Bouncing Flask","Noxious Fumes+1","Dodge and Roll","Blur","Adrenaline","Expertise","After Image+1","Acrobatics+1","Expertise+1","Noxious Fumes","Distraction","Caltrops","Acrobatics","Dodge and Roll+1","Prepared","Backflip+1","Bouncing Flask","Acrobatics+1","Outmaneuver+1"],"relics":["Ring of the Snake","PreservedInsect","Golden Idol","War Paint","Lantern","Tiny Chest","Darkstone Periapt","Blood Vial","SlaversCollar","ClockworkSouvenir","Bird Faced Urn","Vajra","Orichalcum","Regal Pillow","SacredBark","Happy Flower","Molten Egg 2","Red Mask","Smiling Mask"],"acts_visited":["Exordium","TheCity","TheBeyond"],"potions_floor_usage":[24,30,33,39,50,50],"damage_taken":[{"damage":0,"enemies":"Jaw Worm","floor":1,"turns":4},{"damage":30,"enemies":"Lagavulin","floor":6,"turns":7},{"damage":7,"enemies":"3 Sentries","floor":10,"turns":6},{"damage":13,"enemies":"Gremlin Nob","floor":12,"turns":3},{"damage":0,"enemies":"Small Slimes","floor":14,"turns":2},{"damage":37,"enemies":"Slime Boss","floor":16,"turns":14},{"damage":14,"enemies":"3 Byrds","floor":18,"turns":7},{"damage":7,"enemies":"Chosen","floor":21,"turns":9},{"damage":14,"enemies":"Snake Plant","floor":22,"turns":8},{"damage":0,"enemies":"Gremlin Leader","floor":24,"turns":6},{"damage":8,"enemies":"Centurion and Healer","floor":25,"turns":8},{"damage":3,"enemies":"Slavers","floor":30,"turns":5},{"damage":50,"enemies":"Champ","floor":33,"turns":12},{"damage":45,"enemies":"3 Darklings","floor":35,"turns":8},{"damage":20,"enemies":"Orb Walker","floor":36,"turns":6},{"damage":25,"enemies":"Sphere and 2 Shapes","floor":39,"turns":8},{"damage":26,"enemies":"Maw","floor":41,"turns":10},{"damage":25,"enemies":"Writhing Mass","floor":46,"turns":6},{"damage":33,"enemies":"Nemesis","floor":48,"turns":7},{"damage":59,"enemies":"Time Eater","floor":50,"turns":11}],"seed_played":"-7090349598782833976","potions_obtained":[{"floor":10,"key":"Explosive Potion"},{"floor":12,"key":"BlessingOfTheForge"},{"floor":22,"key":"PowerPotion"},{"floor":24,"key":"SpeedPotion"},{"floor":36,"key":"Strength Potion"},{"floor":39,"key":"ColorlessPotion"},{"floor":46,"key":"Energy Potion"}],"is_trial":false,"path_per_floor":["M","?","?","?","?","E","R","?","T","E","R","E","$","M","R","B",null,"M","?","$","M","M","R","E","M","T","?","T","R","E","$","R","B",null,"M","M","$","?","M","R","M","R","T","R","?","M","$","E","R","B",null],"character_chosen":"THE_SILENT","items_purchased":["Dodge and Roll","Blood Vial","After Image","ClockworkSouvenir","Prepared","Happy Flower"],"campfire_rested":6,"item_purchase_floors":[13,13,20,20,37,37],"current_hp_per_floor":[70,53,53,46,35,5,26,26,26,19,40,27,27,29,50,15,70,56,56,56,51,39,39,41,41,41,41,41,41,46,46,46,6,70,29,19,19,19,8,44,28,64,64,64,64,49,49,26,62,13],"gold":62,"neow_bonus":"RANDOM_COMMON_RELIC","is_daily":false,"chose_seed":false,"campfire_upgraded":4,"win_rate":0.0,"timestamp":1609109853,"path_taken":["M","?","?","?","?","E","R","?","T","E","R","E","?","M","R","BOSS","M","?","$","M","M","R","E","M","T","?","?","R","E","$","R","BOSS","M","M","$","?","M","R","M","R","T","R","?","M","?","E","R","BOSS"],"items_purchased_type":["Card","Relic","Card","Relic","Card","Relic"],"build_version":"2020-12-22","purchased_purges":1,"victory":true,"max_hp_per_floor":[70,70,70,70,70,70,70,70,70,70,70,70,70,70,70,70,70,70,70,70,70,70,70,70,70,70,70,70,70,70,70,70,70,70,70,70,70,70,70,70,70,70,70,70,70,70,70,70,70,70],"card_choices":[{"not_picked":["Dagger Spray","Deflect"],"picked":"Quick Slash","floor":1},{"not_picked":["Eviscerate","Predator"],"picked":"Unload","floor":6},{"not_picked":["Caltrops","Bane"],"picked":"Bouncing Flask","floor":10},{"not_picked":["Accuracy","Flying Knee"],"picked":"Noxious Fumes","floor":12},{"not_picked":["Dagger Spray","Blade Dance"],"picked":"Blur","floor":14},{"not_picked":["Doppelganger","Venomology"],"picked":"Adrenaline","floor":16},{"not_picked":["Accuracy+1","Terror","Dagger Spray"],"picked":"SKIP","floor":18},{"not_picked":["Blade Dance","Outmaneuver"],"picked":"Acrobatics","floor":21},{"not_picked":["Underhanded Strike+1","Terror"],"picked":"Expertise","floor":22},{"not_picked":["Heel Hook","Finisher"],"picked":"Noxious Fumes","floor":24},{"not_picked":["Calculated Gamble","PiercingWail"],"picked":"Distraction","floor":25},{"not_picked":["Dodge and Roll","Outmaneuver"],"picked":"Caltrops","floor":30},{"not_picked":["PiercingWail+1","Cloak And Dagger"],"picked":"Acrobatics","floor":35},{"not_picked":["Quick Slash","Sucker Punch+1"],"picked":"Dodge and Roll+1","floor":36},{"not_picked":["Expertise","Cloak And Dagger"],"picked":"Backflip+1","floor":39},{"not_picked":["Choke","Flying Knee+1"],"picked":"Bouncing Flask","floor":41},{"not_picked":["Endless Agony+1","Caltrops+1"],"picked":"Acrobatics+1","floor":46},{"not_picked":["Dagger Spray+1","Prepared+1"],"picked":"Outmaneuver+1","floor":48}],"player_experience":73754,"relics_obtained":[{"floor":6,"key":"War Paint"},{"floor":9,"key":"Lantern"},{"floor":10,"key":"Tiny Chest"},{"floor":12,"key":"Darkstone Periapt"},{"floor":24,"key":"Bird Faced Urn"},{"floor":26,"key":"Vajra"},{"floor":28,"key":"Orichalcum"},{"floor":30,"key":"Regal Pillow"},{"floor":43,"key":"Molten Egg 2"},{"floor":48,"key":"Smiling Mask"}],"event_choices":[{"damage_healed":0,"gold_gain":0,"player_choice":"Take Damage","damage_taken":17,"relics_obtained":["Golden Idol"],"max_hp_gain":0,"max_hp_loss":0,"event_name":"Golden Idol","floor":2,"gold_loss":0},{"damage_healed":0,"gold_gain":0,"player_choice":"Ignored","damage_taken":0,"max_hp_gain":0,"max_hp_loss":0,"event_name":"Liars Game","floor":3,"gold_loss":0},{"cards_removed":["Strike_G"],"damage_healed":0,"gold_gain":0,"player_choice":"Card Removal","damage_taken":7,"max_hp_gain":0,"max_hp_loss":0,"event_name":"Golden Wing","floor":4,"gold_loss":0},{"damage_healed":0,"gold_gain":75,"player_choice":"Gather Gold","damage_taken":11,"max_hp_gain":0,"max_hp_loss":0,"event_name":"World of Goop","floor":5,"gold_loss":0},{"damage_healed":0,"gold_gain":0,"player_choice":"Searched \u00270\u0027 times","damage_taken":0,"max_hp_gain":0,"max_hp_loss":0,"event_name":"Dead Adventurer","floor":8,"gold_loss":0},{"damage_healed":0,"gold_gain":0,"player_choice":"Read","damage_taken":0,"max_hp_gain":0,"max_hp_loss":0,"event_name":"The Library","floor":19,"gold_loss":0,"cards_obtained":["Expertise"]},{"damage_healed":0,"gold_gain":0,"player_choice":"Ignored","damage_taken":0,"max_hp_gain":0,"max_hp_loss":0,"event_name":"Beggar","floor":27,"gold_loss":0},{"damage_healed":0,"gold_gain":0,"player_choice":"Ignored","damage_taken":0,"max_hp_gain":0,"max_hp_loss":0,"event_name":"Mysterious Sphere","floor":38,"gold_loss":0},{"damage_healed":0,"gold_gain":0,"player_choice":"Paid","damage_taken":0,"relics_obtained":["Red Mask"],"max_hp_gain":0,"max_hp_loss":0,"event_name":"Tomb of Lord Red Mask","floor":45,"gold_loss":204}],"is_beta":false,"boss_relics":[{"not_picked":["Philosopher\u0027s Stone","Empty Cage"],"picked":"SlaversCollar"},{"not_picked":["Coffee Dripper","Sozu"],"picked":"SacredBark"}],"items_purged_floors":[31],"is_endless":false,"potions_floor_spawned":[10,12,22,24,36,39,46],"ascension_level":1}}