{"host":"skr63qsdfgeey3it","time":1609101840,"event":{"mods":["BaseMod","Colored Map","Hubris","Minty Spire (QoL Compilation)","Replay The Spire","Spicy Shops","StSLib"],"gold_per_floor":[119,132,142,12,12,43,43,59,59,75,75,104,121,132,132,132,132],"floor_reached":16,"playtime":790,"items_purged":[],"score":182,"play_id":"6a2f2f37-9f8a-4f87-8e0f-5481df9cd18c","local_time":"20201227144400","is_ascension_mode":true,"campfire_choices":[{"floor":11,"key":"REST"},{"data":"Armaments","floor":15,"key":"SMITH"}],"circlet_count":0,"master_deck":["AscendersBane","Strike_R","Strike_R","Strike_R","Strike_R","Defend_R","Defend_R","Defend_R","Defend_R","Bash","Dropkick","Dropkick","Shockwave","Thunderclap","Cleave","Armaments+1"],"relics":["Burning Blood","NeowsBlessing","hubris:64BitClover","hubris:OldNail","Akabeko","Mango"],"acts_visited":["Exordium"],"potions_floor_usage":[10,14],"damage_taken":[{"damage":0,"enemies":"Cultist","floor":1,"turns":1},{"damage":0,"enemies":"2 Louse","floor":2,"turns":1},{"damage":0,"enemies":"Jaw Worm","floor":3,"turns":1},{"damage":36,"enemies":"Replay:BlueRogue","floor":6,"turns":7},{"damage":7,"enemies":"2 Fungi Beasts","floor":8,"turns":4},{"damage":23,"enemies":"Large Slime","floor":10,"turns":5},{"damage":24,"enemies":"Gremlin Nob","floor":12,"turns":4},{"damage":9,"enemies":"Blue Slaver","floor":13,"turns":2},{"damage":6,"enemies":"2 Fungi Beasts","floor":14,"turns":3},{"damage":62,"enemies":"Hexaghost","floor":16,"turns":11}],"seed_played":"-2735207756194298776","potions_obtained":[{"floor":3,"key":"Adrenaline Potion"},{"floor":14,"key":"BloodPotion"}],"is_trial":false,"path_per_floor":["M","M","M","$","?","E","?","M","T","M","R","E","M","M","R","B"],"character_chosen":"IRONCLAD","items_purchased":["hubris:64BitClover","Thunderclap"],"campfire_rested":1,"item_purchase_floors":[4,4],"current_hp_per_floor":[78,80,80,80,73,43,43,42,42,25,49,45,42,60,60,0,0],"gold":132,"neow_bonus":"THREE_ENEMY_KILL","is_daily":false,"chose_seed":false,"campfire_upgraded":1,"win_rate":0.0,"timestamp":1609101840,"path_taken":["M","M","?","$","?","E","?","M","T","M","R","E","M","M","R","BOSS"],"items_purchased_type":["Relic","Card"],"build_version":"2020-12-22","purchased_purges":0,"victory":false,"max_hp_per_floor":[80,80,80,80,80,80,80,80,80,80,80,94,94,94,94,94,94],"card_choices":[{"not_picked":["Cleave","Perfected Strike"],"picked":"Dropkick","floor":1},{"not_picked":["Second Wind","Hemokinesis"],"picked":"Dropkick","floor":2},{"not_picked":["Entrench","Anger"],"picked":"Shockwave","floor":3},{"not_picked":["Thunderclap","Sentinel","Perfected Strike"],"picked":"SKIP","floor":6},{"not_picked":["Clothesline","Headbutt","Pommel Strike"],"picked":"SKIP","floor":8},{"not_picked":["ReplayTheSpireMod:Strike From Hell","Twin Strike"],"picked":"Cleave","floor":10},{"not_picked":["Pommel Strike","Thunderclap","Headbutt"],"picked":"SKIP","floor":12},{"not_picked":["True Grit","Replay:Undeath\u0027s Touch","Massacre"],"picked":"SKIP","floor":13},{"not_picked":["Headbutt","Reckless Charge"],"picked":"Armaments","floor":14}],"player_experience":729430,"relics_obtained":[{"floor":6,"key":"hubris:OldNail"},{"floor":9,"key":"Akabeko"},{"floor":12,"key":"Mango"}],"event_choices":[{"cards_removed":["Strike_R"],"damage_healed":0,"gold_gain":0,"player_choice":"Card Removal","damage_taken":7,"max_hp_gain":0,"max_hp_loss":0,"event_name":"Golden Wing","floor":5,"gold_loss":0}],"is_beta":false,"boss_relics":[],"items_purged_floors":[],"is_endless":false,"potions_floor_spawned":[3,6,8,14],"killed_by":"Hexaghost","ascension_level":12}}