{"host":"wbdly04l9mkn9nrc","time":1609057046,"event":{"mods":["AchievementEnabler","BaseMod","BetterRewards","Minty Spire (QoL Compilation)","StSLib","[IsaacMod]ÒÔÈö¼âËþ"],"gold_per_floor":[114,128,195,95,60,94,108,152,152,182,182,16,16,16,16,93,93,113,113,38,52,14,14,41,41,91,110,128,128,78,94,94,173,173,187,187,207,207,6,6,21,51,122,122,122],"floor_reached":44,"playtime":1556,"items_purged":["Defend_R","Injury","Strike_R"],"score":868,"play_id":"2519a313-f2cd-4f12-b14b-87f7cc707135","local_time":"20201227161726","is_ascension_mode":true,"campfire_choices":[{"data":"Apotheosis","floor":11.0,"key":"SMITH"},{"data":"True Grit","floor":13.0,"key":"SMITH"},{"floor":15.0,"key":"REST"},{"data":"Limit Break","floor":23.0,"key":"SMITH"},{"data":"Pommel Strike","floor":25.0,"key":"SMITH"},{"data":"Flame Barrier","floor":29.0,"key":"SMITH"},{"data":"Inflame","floor":32.0,"key":"SMITH"},{"data":"Enlightenment","floor":40.0,"key":"SMITH"}],"circlet_count":0,"master_deck":["AscendersBane","Strike_R","Strike_R","Strike_R","Strike_R","Defend_R","Defend_R","Defend_R","Bash","BloodyBrimstone","Apotheosis+1","Wild Strike","Pommel Strike","BettingIsNotGood","Twin Strike","True Grit+1","Flex","Twin Strike","Limit Break+1","Inflame+1","Pommel Strike+1","Flame Barrier+1","CurseOfTheBell","Enlightenment+1","Shame"],"relics":["Burning Blood","HushsDoor","BloodDonationMachine","StrikeDummy","GuppysPaw","BelialBook","Anchor","Art of War","GnawedLeaf","Mummified Hand","White Beast Statue","SteamSale","Cursed Key","BookOfRevelations","Gremlin Horn","Blood Vial","Calling Bell","BookofShadows","Bronze Scales","Ice Cream","Matryoshka","Vajra","DoctorsRemote"],"acts_visited":["Exordium","TheCity","TheBeyond"],"potions_floor_usage":[],"damage_taken":[{"damage":0.0,"enemies":"Cultist","floor":1.0,"turns":3.0},{"damage":0.0,"enemies":"Jaw Worm","floor":2.0,"turns":2.0},{"damage":12.0,"enemies":"3 Sentries","floor":6.0,"turns":4.0},{"damage":0.0,"enemies":"Small Slimes","floor":7.0,"turns":2.0},{"damage":18.0,"enemies":"Gremlin Nob","floor":8.0,"turns":3.0},{"damage":19.0,"enemies":"Lagavulin","floor":10.0,"turns":5.0},{"damage":37.0,"enemies":"Hexaghost","floor":16.0,"turns":6.0},{"damage":4.0,"enemies":"2 Thieves","floor":18.0,"turns":3.0},{"damage":18.0,"enemies":"Shell Parasite","floor":21.0,"turns":5.0},{"damage":0.0,"enemies":"Gremlin Leader","floor":24.0,"turns":3.0},{"damage":0.0,"enemies":"Shelled Parasite and Fungi","floor":27.0,"turns":2.0},{"damage":13.0,"enemies":"Centurion and Healer","floor":28.0,"turns":4.0},{"damage":4.0,"enemies":"Snake Plant","floor":31.0,"turns":2.0},{"damage":18.0,"enemies":"Automaton","floor":33.0,"turns":5.0},{"damage":37.0,"enemies":"3 Shapes","floor":35.0,"turns":3.0},{"damage":3.0,"enemies":"3 Darklings","floor":37.0,"turns":4.0},{"damage":18.0,"enemies":"4 Shapes","floor":41.0,"turns":3.0},{"damage":24.0,"enemies":"Writhing Mass","floor":42.0,"turns":4.0},{"damage":0,"enemies":"Nemesis","floor":44,"turns":2}],"seed_played":"-3903533050055364258","potions_obtained":[{"floor":8.0,"key":"Weak Potion"},{"floor":10.0,"key":"BlessingOfTheForge"},{"floor":16.0,"key":"Dexterity Potion"},{"floor":37.0,"key":"Explosive Potion"}],"is_trial":false,"path_per_floor":["M","M","?","$","?","E","M","E","T","E","R","$","R","$","R","B",null,"M","?","?","M","$","R","E","R","T","M","M","R","$","M","R","B",null,"M","?","M","?","$","R","M","M","T","E"],"character_chosen":"IRONCLAD","items_purchased":["Apotheosis","StrikeDummy","BelialBook","Anchor","Wild Strike","BettingIsNotGood","SteamSale","Matryoshka"],"campfire_rested":1,"item_purchase_floors":[0,0,0,0,0,4,12,39],"current_hp_per_floor":[39,45,45,45,63,57,63,51,51,38,38,38,38,38,60,29,64,66,66,66,54,54,54,60,60,60,68,63,63,63,67,67,67,69,38,38,53,53,53,53,43,27,27,29,29],"gold":122,"neow_bonus":"","is_daily":false,"chose_seed":false,"campfire_upgraded":7,"win_rate":0.0,"timestamp":1609057046,"path_taken":["M","?","?","$","?","E","M","E","T","E","R","?","R","$","R","BOSS","M","?","?","M","$","R","E","R","T","?","M","R","$","M","R","BOSS","M","?","M","?","$","R","M","M","T","E"],"items_purchased_type":["Card","Relic","Relic","Relic","Card","Card","Relic","Relic"],"build_version":"2020-12-22","purchased_purges":3,"victory":false,"max_hp_per_floor":[75,75,75,75,75,75,75,75,75,75,75,75,75,75,75,75,75,75,75,75,75,75,75,75,75,75,72,72,72,72,72,72,69,69,69,69,69,69,69,69,69,69,69,66,66],"card_choices":[{"not_picked":[],"picked":"BloodyBrimstone","floor":0.0},{"not_picked":["Carnage","Burning Pact"],"picked":"Pommel Strike","floor":1.0},{"not_picked":["Pummel","Sentinel"],"picked":"Bomb","floor":2.0},{"not_picked":["Anger","Dark Embrace"],"picked":"Twin Strike","floor":6.0},{"not_picked":["Cleave","Warcry"],"picked":"True Grit","floor":7.0},{"not_picked":["Headbutt","Juggernaut"],"picked":"Flex","floor":8.0},{"not_picked":["Clothesline","Body Slam"],"picked":"Twin Strike","floor":10.0},{"not_picked":["Corruption","Reaper"],"picked":"Limit Break","floor":16.0},{"not_picked":["Clothesline","Flex"],"picked":"Inflame","floor":18.0},{"not_picked":["Warcry","Metallicize","Berserk"],"picked":"SKIP","floor":21.0},{"not_picked":["Twin Strike","True Grit"],"picked":"Pommel Strike","floor":24.0},{"not_picked":["Warcry","Wild Strike"],"picked":"Flame Barrier","floor":27.0},{"not_picked":["Headbutt","Anger","Cleave"],"picked":"SKIP","floor":28.0},{"not_picked":["Body Slam","Thunderclap","Dropkick"],"picked":"SKIP","floor":31.0},{"not_picked":["Reckless Charge+1","Havoc","True Grit"],"picked":"SKIP","floor":35.0},{"not_picked":["Purity","Mind Blast"],"picked":"Enlightenment","floor":36.0},{"not_picked":["Headbutt","True Grit","Havoc+1"],"picked":"SKIP","floor":37.0},{"not_picked":["Sentinel","Wild Strike","Limit Break"],"picked":"SKIP","floor":41.0},{"not_picked":["Clash+1","Heavy Blade","Feel No Pain+1"],"picked":"SKIP","floor":42.0}],"player_experience":128879,"relics_obtained":[{"floor":6.0,"key":"Art of War"},{"floor":8.0,"key":"GnawedLeaf"},{"floor":9.0,"key":"Mummified Hand"},{"floor":10.0,"key":"White Beast Statue"},{"floor":24.0,"key":"Gremlin Horn"},{"floor":26.0,"key":"Blood Vial"},{"floor":34.0,"key":"BookofShadows"},{"floor":34.0,"key":"Bronze Scales"},{"floor":34.0,"key":"Ice Cream"},{"floor":43.0,"key":"Vajra"},{"floor":43.0,"key":"DoctorsRemote"}],"event_choices":[{"damage_healed":0.0,"max_hp_gain":0.0,"max_hp_loss":0.0,"gold_gain":67.0,"event_name":"Golden Wing","player_choice":"Gained Gold","floor":3.0,"gold_loss":0.0,"damage_taken":0.0},{"damage_healed":18.0,"max_hp_gain":0.0,"max_hp_loss":0.0,"gold_gain":0.0,"event_name":"The Cleric","player_choice":"Healed","floor":5.0,"gold_loss":35.0,"damage_taken":0.0},{"damage_healed":0.0,"max_hp_gain":0.0,"max_hp_loss":0.0,"gold_gain":0.0,"event_name":"The Mausoleum","player_choice":"Opened","floor":19.0,"gold_loss":0.0,"damage_taken":0.0,"relics_obtained":["BookOfRevelations"],"cards_obtained":["Writhe"]},{"cards_removed":["Writhe"],"damage_healed":0.0,"max_hp_gain":0.0,"max_hp_loss":0.0,"gold_gain":0.0,"event_name":"Beggar","player_choice":"Gave Gold","floor":20.0,"gold_loss":75.0,"damage_taken":0.0},{"damage_healed":0.0,"max_hp_gain":0.0,"max_hp_loss":0.0,"gold_gain":0.0,"event_name":"SensoryStone","player_choice":"Memory 1","floor":36.0,"gold_loss":0.0,"damage_taken":0.0},{"damage_healed":0.0,"max_hp_gain":0.0,"max_hp_loss":0.0,"gold_gain":0.0,"event_name":"Tomb of Lord Red Mask","player_choice":"Ignored","floor":38.0,"gold_loss":0.0,"damage_taken":0.0}],"is_beta":false,"boss_relics":[{"not_picked":["SlaversCollar","Runic Cube"],"picked":"Cursed Key"},{"not_picked":[]},{"not_picked":["Snecko Eye","Coffee Dripper"],"picked":"Calling Bell"},{"not_picked":[]}],"items_purged_floors":[22,30,39],"is_endless":false,"potions_floor_spawned":[8,10,16,18,21,24,27,28,31,33,35,37,41,42],"killed_by":"Nemesis","ascension_level":17}}