{"host":"fa96ppy4vc5r7pma","time":1609075707,"event":{"mods":["BaseMod","Best Route Mod","Bestiary","Block Reminder","Colored Map","Dota2Spire","Ekko","GungeonMod","Hermit","Highlight Path","Hubris","Minty Spire (QoL Compilation)","Permanent Neow","Quick Restart","Random Character Button","Relic Stats","Replay The Spire","StSLib","The Blue Laboratory","The Servant 0.9.4"],"gold_per_floor":[118,128,140,159,169,169,18,51,77,77,107,126,137,154,154,254,254,267,267,267,278,89,89,103,118,118,148,163,262,34,45,45,147,147,162,173,173,173,173,207,207,240,240,254,216,234,234,17,17,62],"floor_reached":51,"playtime":3622,"items_purged":["Normality","Normality"],"score":766,"play_id":"2a2d869d-e25a-4a74-bcbd-6ad5423e0388","local_time":"20201227082827","is_ascension_mode":false,"campfire_choices":[{"floor":6,"key":"REST"},{"floor":10,"key":"REST"},{"floor":15,"key":"REST"},{"data":"FlawlessForm","floor":23,"key":"SMITH"},{"floor":32,"key":"REST"},{"floor":41,"key":"REST"},{"floor":47,"key":"REST"},{"floor":49,"key":"REST"}],"circlet_count":0,"master_deck":["Strike_S","Strike_S","Strike_S","Strike_S","Defend_S","Defend_S","Defend_S","Defend_S","KidneyShot","Exchange","Sunlight","Rearm","FastForward","Luminosity","Moondial","Desolation","Barrier","ShiftingGears","PendulumOfEternity","Defy","Starlight","FlawlessForm+1","Hightail","Ricochet+1","Desolation","BottledTime+1","KillingDoll","GearUp","Secret Technique","Trip","Defy+1","TheWorld","hubris:Sloth","Defy+1","Hallucinations","ReplayTheSpireMod:Brewmster","ReplayTheSpireMod:Uncanny Aura","Sadistic Nature","DoubleEdge+1","Contraction","Shuttle+1","Spin","StarChef"],"relics":["Uniform","Membership Card","Dota2Spire:LotusOrb","Vajra","DemoMod:WeirdEgg","Busted Crown","DemoMod:SerJunkan","DemoMod:Junk","Pen Nib","Happy Flower","ReplayTheSpireMod:ShopPack","Replay:Ancient Bell","Boot","Pear","hubris:Potato","ReplayTheSpireMod:Ring of Addiction","SacredBark","Chameleon Ring","ReplayTheSpireMod:Ring of Challenge","DemoMod:Orange","DemoMod:MeatBun","Nunchaku"],"acts_visited":["Exordium","TheCity","TheBeyond"],"potions_floor_usage":[8,8,12,16,27,33,33,33,40,40,40,40,40,40,40,42,42,42,44,44,44,50,50,50,50,50,50],"damage_taken":[{"damage":0,"enemies":"Cultist","floor":1,"turns":3},{"damage":0,"enemies":"Small Slimes","floor":2,"turns":2},{"damage":6,"enemies":"2 Louse","floor":3,"turns":2},{"damage":8,"enemies":"2 Fungi Beasts","floor":4,"turns":3},{"damage":12,"enemies":"Large Slime","floor":5,"turns":6},{"damage":50,"enemies":"Gremlin Nob","floor":8,"turns":6},{"damage":10,"enemies":"3 Sentries","floor":11,"turns":3},{"damage":0,"enemies":"Exordium Wildlife","floor":12,"turns":2},{"damage":2,"enemies":"Red Slaver","floor":13,"turns":4},{"damage":4,"enemies":"Looter","floor":14,"turns":3},{"damage":1,"enemies":"The Guardian","floor":16,"turns":17},{"damage":4,"enemies":"3 Byrds","floor":18,"turns":4},{"damage":18,"enemies":"2 Thieves","floor":21,"turns":4},{"damage":1,"enemies":"3 Cultists","floor":24,"turns":7},{"damage":0,"enemies":"Snake Plant","floor":25,"turns":6},{"damage":15,"enemies":"Gremlin Leader","floor":27,"turns":9},{"damage":8,"enemies":"Shelled Parasite and Fungi","floor":28,"turns":7},{"damage":0,"enemies":"Chosen and Byrds","floor":31,"turns":7},{"damage":4,"enemies":"Automaton","floor":33,"turns":11},{"damage":0,"enemies":"3 Darklings","floor":35,"turns":6},{"damage":0,"enemies":"3 Shapes","floor":36,"turns":2},{"damage":36,"enemies":"Nemesis","floor":40,"turns":11},{"damage":0,"enemies":"R_Hoarder","floor":42,"turns":10},{"damage":3,"enemies":"Maw","floor":44,"turns":7},{"damage":53,"enemies":"Spire Growth","floor":46,"turns":7},{"damage":8,"enemies":"hubris:GrandSnecko","floor":50,"turns":16}],"seed_played":"-1165184077802513864","potions_obtained":[{"floor":2,"key":"SkillPotion"},{"floor":4,"key":"Regen Potion"},{"floor":11,"key":"Energy Potion"},{"floor":12,"key":"blueLaboratory:HeartbeatPotion"},{"floor":14,"key":"DistilledChaos"},{"floor":21,"key":"ColorlessPotion"},{"floor":27,"key":"Strength Potion"},{"floor":31,"key":"Elixir"},{"floor":33,"key":"blueLaboratory:BubblePotion"},{"floor":35,"key":"blueLaboratory:PhilterOfMotion"},{"floor":37,"key":"DemoMod:LeadSkinPotion"},{"floor":37,"key":"Weak Potion"},{"floor":42,"key":"BlessingOfTheForge"},{"floor":46,"key":"blueLaboratory:BottleOfVodka"}],"is_trial":false,"path_per_floor":["M","M","M","M","M","R","$","E","T","R","E","M","M","M","R","B",null,"M","?","?","M","$","R","M","M","T","E","M","?","$","M","R","B",null,"M","M","?","?","?","E","R","E","T","M","$","M","R","$","R","B",null],"character_chosen":"THE_SERVANT","items_purchased":["Membership Card","DemoMod:SerJunkan","Starlight","FlawlessForm","Happy Flower","KillingDoll","GearUp","ReplayTheSpireMod:ShopPack","DemoMod:MeatBun","Nunchaku","StarChef"],"campfire_rested":7,"item_purchase_floors":[7,22,22,22,30,30,30,30,48,48,48],"current_hp_per_floor":[59,59,53,45,33,50,50,15,15,32,22,22,20,16,33,32,59,55,55,59,41,41,41,40,40,40,25,17,17,17,17,34,30,69,69,69,69,69,59,35,55,67,67,64,64,11,35,49,72,85],"gold":62,"neow_bonus":"THREE_RARE_CARDS","is_daily":false,"chose_seed":false,"campfire_upgraded":1,"win_rate":0.0,"timestamp":1609075707,"path_taken":["M","M","M","M","M","R","$","E","T","R","E","M","?","M","R","BOSS","M","?","?","M","$","R","M","M","T","E","?","?","$","M","R","BOSS","M","M","?","?","?","E","R","E","T","M","$","M","R","$","R","BOSS"],"items_purchased_type":["Relic","Relic","Card","Card","Relic","Card","Card","Relic","Relic","Relic","Card"],"build_version":"2020-12-22","purchased_purges":2,"victory":true,"max_hp_per_floor":[59,59,59,59,59,59,59,59,59,59,59,59,59,59,59,59,59,59,59,59,59,59,59,59,59,59,59,59,59,59,59,59,59,69,69,69,69,69,69,69,69,81,81,81,81,81,81,79,79,85],"relic_stats":{"Nunchaku":[2],"Busted Crown":68,"Happy Flower":[26],"counters":[26,165],"Pen Nib":[11],"Boot":[40],"obtain_stats":[{"DemoMod:Junk":26,"Pear":34,"Happy Flower":30,"DemoMod:Orange":42,"DemoMod:WeirdEgg":11,"ReplayTheSpireMod:Ring of Addiction":37,"SacredBark":37,"Vajra":9,"DemoMod:GlassGuonStoneRelic":3,"Pen Nib":27,"Uniform":0,"Replay:Ancient Bell":34,"Boot":34,"Dota2Spire:LotusOrb":8,"Nunchaku":48,"Busted Crown":17,"Chameleon Ring":37,"DemoMod:MeatBun":48,"DemoMod:SerJunkan":22,"Membership Card":7,"ReplayTheSpireMod:Ring of Challenge":37,"hubris:Potato":34,"ReplayTheSpireMod:ShopPack":30},{"DemoMod:Junk":15,"Pear":19,"Happy Flower":17,"DemoMod:Orange":23,"DemoMod:WeirdEgg":7,"ReplayTheSpireMod:Ring of Addiction":21,"SacredBark":21,"Vajra":6,"DemoMod:GlassGuonStoneRelic":3,"Pen Nib":16,"Uniform":0,"Replay:Ancient Bell":19,"Boot":19,"Dota2Spire:LotusOrb":6,"Nunchaku":25,"Busted Crown":11,"Chameleon Ring":21,"DemoMod:MeatBun":25,"DemoMod:SerJunkan":13,"Membership Card":5,"ReplayTheSpireMod:Ring of Challenge":21,"hubris:Potato":19,"ReplayTheSpireMod:ShopPack":17},{"DemoMod:Junk":72,"Pear":106,"Happy Flower":88,"DemoMod:Orange":135,"DemoMod:WeirdEgg":25,"ReplayTheSpireMod:Ring of Addiction":114,"SacredBark":114,"Vajra":22,"DemoMod:GlassGuonStoneRelic":7,"Pen Nib":81,"Uniform":0,"Replay:Ancient Bell":106,"Boot":106,"Dota2Spire:LotusOrb":22,"Nunchaku":149,"Busted Crown":51,"Chameleon Ring":114,"DemoMod:MeatBun":149,"DemoMod:SerJunkan":59,"Membership Card":16,"ReplayTheSpireMod:Ring of Challenge":114,"hubris:Potato":106,"ReplayTheSpireMod:ShopPack":88}]},"card_choices":[{"not_picked":["Dilation","Duplication"],"picked":"Sunlight","floor":0},{"not_picked":["ShatteredReality","BottledTime"],"picked":"Rearm","floor":1},{"not_picked":["Alleviate","Gouge","WasteNot"],"picked":"SKIP","floor":2},{"not_picked":["Solidify","Rearm"],"picked":"FastForward","floor":3},{"not_picked":["Defy","BottledTime"],"picked":"Luminosity","floor":4},{"not_picked":["Potential","RealityMarble"],"picked":"Moondial","floor":5},{"not_picked":["Deny","Rewind"],"picked":"Desolation","floor":8},{"not_picked":["Collapse","BestPractice"],"picked":"Barrier","floor":11},{"not_picked":["Advance","Potential"],"picked":"Rearm","floor":12},{"not_picked":["Shuttle","Replace","Potential"],"picked":"SKIP","floor":13},{"not_picked":["FastForward","TimeWarp"],"picked":"ShiftingGears","floor":14},{"not_picked":["Solidify","ForgedInTime"],"picked":"PendulumOfEternity","floor":16},{"not_picked":["Rearm"],"picked":"SKIP","floor":18},{"not_picked":[],"picked":"Defy","floor":21},{"not_picked":[],"picked":"Hightail","floor":24},{"not_picked":[],"picked":"Ricochet+1","floor":25},{"not_picked":[],"picked":"Desolation","floor":27},{"not_picked":[],"picked":"BottledTime+1","floor":28},{"not_picked":[],"picked":"Secret Technique","floor":30},{"not_picked":[],"picked":"Trip","floor":30},{"not_picked":[],"picked":"Defy+1","floor":31},{"not_picked":[],"picked":"TheWorld","floor":33},{"not_picked":[],"picked":"Normality","floor":34},{"not_picked":[],"picked":"hubris:Sloth","floor":34},{"not_picked":[],"picked":"Normality","floor":34},{"not_picked":["Rewind"],"picked":"SKIP","floor":35},{"not_picked":[],"picked":"Defy+1","floor":36},{"not_picked":[],"picked":"ReplayTheSpireMod:Brewmster","floor":39},{"not_picked":[],"picked":"ReplayTheSpireMod:Uncanny Aura","floor":39},{"not_picked":[],"picked":"Sadistic Nature","floor":39},{"not_picked":[],"picked":"DoubleEdge+1","floor":40},{"not_picked":[],"picked":"Contraction","floor":42},{"not_picked":[],"picked":"Shuttle+1","floor":44},{"not_picked":[],"picked":"Spin","floor":46}],"player_experience":97480,"relics_obtained":[{"floor":8,"key":"Dota2Spire:LotusOrb"},{"floor":9,"key":"Vajra"},{"floor":11,"key":"DemoMod:WeirdEgg"},{"floor":26,"key":"DemoMod:Junk"},{"floor":27,"key":"Pen Nib"},{"floor":37,"key":"ReplayTheSpireMod:Ring of Addiction"},{"floor":37,"key":"SacredBark"},{"floor":37,"key":"Chameleon Ring"},{"floor":37,"key":"ReplayTheSpireMod:Ring of Challenge"},{"floor":40,"key":"DemoMod:Junk"},{"floor":42,"key":"DemoMod:Orange"},{"floor":43,"key":"DemoMod:Junk"}],"event_choices":[{"damage_healed":0,"gold_gain":0,"player_choice":"Ignored","damage_taken":0,"max_hp_gain":0,"max_hp_loss":0,"event_name":"Beggar","floor":19,"gold_loss":0},{"cards_removed":["Rearm"],"damage_healed":5,"gold_gain":0,"player_choice":"Offered Common","damage_taken":0,"max_hp_gain":0,"max_hp_loss":0,"event_name":"Bonfire Elementals","floor":20,"gold_loss":0},{"cards_removed":["Rearm"],"damage_healed":5,"gold_gain":0,"player_choice":"Offered Special","damage_taken":0,"max_hp_gain":0,"max_hp_loss":0,"event_name":"Bonfire Elementals","floor":20,"gold_loss":0},{"damage_healed":0,"gold_gain":99,"player_choice":"Stole From Cult","damage_taken":0,"max_hp_gain":0,"max_hp_loss":0,"event_name":"Nest","floor":29,"gold_loss":0},{"damage_healed":0,"gold_gain":0,"player_choice":"Ignored","damage_taken":0,"max_hp_gain":0,"max_hp_loss":0,"event_name":"Tomb of Lord Red Mask","floor":38,"gold_loss":0},{"damage_healed":0,"gold_gain":0,"player_choice":"Memory 3","damage_taken":10,"max_hp_gain":0,"max_hp_loss":0,"event_name":"SensoryStone","floor":39,"gold_loss":0}],"is_beta":false,"boss_relics":[{"not_picked":["Pandora\u0027s Box","ReplayTheSpireMod:DimensionalGlitch"],"picked":"Busted Crown"},{"not_picked":["hubris:CrackedHourglass","Calling Bell"],"picked":"Replay:Ancient Bell"},{"not_picked":["Centennial Puzzle","Pet Ghost"],"picked":"Boot"},{"not_picked":["DemoMod:MemoryAlloy","DemoMod:OrangeGuonStone"],"picked":"Pear"},{"not_picked":["DemoMod:ResourcefulSack","hubris:MedicalManual"],"picked":"hubris:Potato"}],"items_purged_floors":[45,48],"is_endless":false,"potions_floor_spawned":[2,4,11,12,14,21,27,31,33,35,42,46],"ascension_level":0}}