{"host":"dcj2yvrgcvh5dl2s","time":1609059185,"event":{"mods":["BaseMod","Better Note","Block Reminder","Colored Powertips","DeckTracker","Minty Spire (QoL Compilation)","Quick Restart","Rare Cards Sparkle","Relic Stats","StSLib"],"gold_per_floor":[119,44,44,57,132,164,184,218,241,252,252,252],"floor_reached":11,"playtime":239,"items_purged":[],"score":194,"play_id":"2299633e-aecc-47c5-a110-9c6a426ef495","local_time":"20201227185305","is_ascension_mode":true,"campfire_choices":[],"circlet_count":0,"master_deck":["AscendersBane","Strike_R","Strike_R","Strike_R","Strike_R","Defend_R","Defend_R","Defend_R","Defend_R","Bash","Sword Boomerang","Disarm","Body Slam","Heavy Blade","Infernal Blade"],"relics":["Burning Blood","NeowsBlessing","Toy Ornithopter","Strawberry","Ancient Tea Set"],"acts_visited":["Exordium"],"potions_floor_usage":[8],"damage_taken":[{"damage":0,"enemies":"Cultist","floor":1,"turns":1},{"damage":0,"enemies":"2 Louse","floor":4,"turns":1},{"damage":0,"enemies":"Lagavulin","floor":6,"turns":1},{"damage":15,"enemies":"Small Slimes","floor":7,"turns":4},{"damage":41,"enemies":"Gremlin Nob","floor":8,"turns":5},{"damage":19,"enemies":"Exordium Wildlife","floor":10,"turns":6},{"damage":31,"enemies":"Lagavulin","floor":11,"turns":7}],"seed_played":"5592869836454200430","potions_obtained":[{"floor":1,"key":"Fire Potion"},{"floor":7,"key":"GamblersBrew"}],"is_trial":false,"path_per_floor":["M","?","$","M","?","E","M","E","T","M","E"],"character_chosen":"IRONCLAD","items_purchased":[],"campfire_rested":0,"item_purchase_floors":[],"current_hp_per_floor":[74,74,74,75,64,70,61,38,38,25,0,0],"gold":252,"neow_bonus":"THREE_ENEMY_KILL","is_daily":false,"chose_seed":false,"campfire_upgraded":0,"win_rate":0.0,"timestamp":1609059185,"path_taken":["M","?","$","M","?","E","M","E","T","M","E"],"items_purchased_type":[],"build_version":"2020-12-22","purchased_purges":0,"victory":false,"max_hp_per_floor":[75,75,75,75,75,75,75,82,82,82,82,82],"relic_stats":{"counters":[7,25],"obtain_stats":[{"NeowsBlessing":0,"Strawberry":8,"Ancient Tea Set":9,"Burning Blood":0,"Toy Ornithopter":6},{"NeowsBlessing":0,"Strawberry":5,"Ancient Tea Set":5,"Burning Blood":0,"Toy Ornithopter":3},{"NeowsBlessing":0,"Strawberry":12,"Ancient Tea Set":12,"Burning Blood":0,"Toy Ornithopter":3}],"Burning Blood":31,"Toy Ornithopter":5},"card_choices":[{"not_picked":["Intimidate","Headbutt"],"picked":"Sword Boomerang","floor":1},{"not_picked":["Body Slam","Wild Strike"],"picked":"Disarm","floor":4},{"not_picked":["Searing Blow","Wild Strike"],"picked":"Body Slam","floor":6},{"not_picked":["Cleave","Dark Embrace","Wild Strike"],"picked":"SKIP","floor":7},{"not_picked":["Armaments","Hemokinesis"],"picked":"Heavy Blade","floor":8},{"not_picked":["Cleave","Iron Wave"],"picked":"Infernal Blade","floor":10}],"player_experience":2059033,"relics_obtained":[{"floor":6,"key":"Toy Ornithopter"},{"floor":8,"key":"Strawberry"},{"floor":9,"key":"Ancient Tea Set"}],"event_choices":[{"cards_removed":["Strike_R"],"damage_healed":0,"gold_gain":0,"player_choice":"Card Removal","damage_taken":0,"max_hp_gain":0,"max_hp_loss":0,"event_name":"The Cleric","floor":2,"gold_loss":75},{"damage_healed":0,"gold_gain":75,"player_choice":"Gather Gold","damage_taken":11,"max_hp_gain":0,"max_hp_loss":0,"event_name":"World of Goop","floor":5,"gold_loss":0}],"is_beta":false,"boss_relics":[],"items_purged_floors":[],"is_endless":false,"potions_floor_spawned":[1,7],"killed_by":"Lagavulin","ascension_level":16}}