{"host":"cv77zuuuekizn3ic","time":1609062057,"event":{"mods":["AchievementEnabler","BaseMod","Marisa£®ÏF”Í°°ƒß¿Ì…≥£©","Minty Spire (QoL Compilation)","StSLib","Waifu the Spire","everything is the same but u backflip on backflip","slay the spire mod where everything is the same but ironclad has a cowboy hat"],"gold_per_floor":[10,10,10,85,99,133,133,133,133,133,149,149,175,191,191,294,294,307,307,307,321,236,265,265,295,295,314,349,349,377,391,391,491,491,506,506,518,518,533,559,559,559,559,578,593,628,205,233,233,233],"floor_reached":51,"playtime":2678,"items_purged":["MasterSpark"],"score":1694,"play_id":"8fc624f5-d203-4dac-9295-64d3e5c3fee7","local_time":"20201227174057","is_ascension_mode":true,"campfire_choices":[{"data":"Strike_MRS","floor":7.0,"key":"PURGE"},{"data":"Strike_MRS","floor":10.0,"key":"PURGE"},{"data":"Strike_MRS","floor":12.0,"key":"PURGE"},{"data":"Strike_MRS","floor":15.0,"key":"PURGE"},{"data":"Defend_MRS","floor":24.0,"key":"PURGE"},{"data":"Acceleration","floor":29.0,"key":"SMITH"},{"data":"MilkyWay","floor":32.0,"key":"SMITH"},{"floor":41.0,"key":"DIG"},{"floor":49,"key":"DIG"}],"circlet_count":0,"master_deck":["UpSweep","LuminesStrike","Singularity","MilkyWay+1","GrandCross","LuminesStrike","TreasureHunter","FairyDestructionRay+1","Ghostly","Ghostly","Ghostly","Ghostly","Ghostly","IllusionStar","ChargeUpSpray+1","SporeBomb","Acceleration+1","JA","Acceleration+1","DeepEcoloBomb+1","PowerUp","PulseMagic","OortCloud","MeteoricShower","EventHorizon+1"],"relics":["MiniHakkero","Peace Pipe","Sundial","Strawberry","Ornamental Fan","Toy Ornithopter","Runic Pyramid","Mummified Hand","StrikeDummy","Regal Pillow","Pen Nib","Singing Bowl","Prayer Wheel","InkBottle","Omamori","Eternal Feather","Lizard Tail","Shovel","ExperimentalFamiliar","PreservedInsect","Potion Belt","HornCleat","Question Card","HandmadeGrimoire","Frozen Egg 2","Bottled Lightning","Medical Kit","Nunchaku","Molten Egg 2","Art of War","BreadOfAWashokuLover"],"acts_visited":["Exordium","TheCity","TheBeyond"],"potions_floor_usage":[],"damage_taken":[{"damage":1.0,"enemies":"Cultist","floor":1.0,"turns":4.0},{"damage":0.0,"enemies":"2 Louse","floor":5.0,"turns":2.0},{"damage":25.0,"enemies":"Lagavulin","floor":6.0,"turns":6.0},{"damage":0.0,"enemies":"Small Slimes","floor":11.0,"turns":2.0},{"damage":9.0,"enemies":"Gremlin Nob","floor":13.0,"turns":3.0},{"damage":1.0,"enemies":"Looter","floor":14.0,"turns":2.0},{"damage":13.0,"enemies":"Slime Boss","floor":16.0,"turns":8.0},{"damage":14.0,"enemies":"2 Thieves","floor":18.0,"turns":3.0},{"damage":0.0,"enemies":"Shell Parasite","floor":21.0,"turns":5.0},{"damage":9.0,"enemies":"Slavers","floor":23.0,"turns":5.0},{"damage":8.0,"enemies":"Book of Stabbing","floor":25.0,"turns":6.0},{"damage":2.0,"enemies":"Centurion and Healer","floor":27.0,"turns":5.0},{"damage":5.0,"enemies":"Gremlin Leader","floor":28.0,"turns":5.0},{"damage":3.0,"enemies":"Slavers","floor":30.0,"turns":3.0},{"damage":0.0,"enemies":"Sentry and Sphere","floor":31.0,"turns":2.0},{"damage":2.0,"enemies":"Automaton","floor":33.0,"turns":6.0},{"damage":0.0,"enemies":"Orb Walker","floor":35.0,"turns":2.0},{"damage":1.0,"enemies":"3 Shapes","floor":37.0,"turns":2.0},{"damage":0.0,"enemies":"Maw","floor":39.0,"turns":4.0},{"damage":0.0,"enemies":"Giant Head","floor":40.0,"turns":4.0},{"damage":0.0,"enemies":"Jaw Worm Horde","floor":44.0,"turns":3.0},{"damage":29.0,"enemies":"4 Shapes","floor":45.0,"turns":5.0},{"damage":0,"enemies":"Reptomancer","floor":46,"turns":3},{"damage":0,"enemies":"Giant Head","floor":48,"turns":4},{"damage":0,"enemies":"Awakened One","floor":50,"turns":4}],"seed_played":"-4795615747146811920","potions_obtained":[{"floor":5.0,"key":"BlessingOfTheForge"},{"floor":16.0,"key":"SpeedPotion"},{"floor":23.0,"key":"ColorlessPotion"},{"floor":28.0,"key":"SpeedPotion"},{"floor":35.0,"key":"Regen Potion"},{"floor":40.0,"key":"EssenceOfSteel"},{"floor":45,"key":"Energy Potion"},{"floor":46,"key":"Block Potion"},{"floor":48,"key":"ShroomBrew"}],"is_trial":false,"path_per_floor":["M","$","?","?","M","E","R","T","T","R","M","R","E","M","R","B",null,"M","?","?","M","?","E","R","E","T","M","E","R","E","M","R","B",null,"M","?","M","?","M","E","R","?","T","M","M","E","$","E","R","B",null],"character_chosen":"MARISA","items_purchased":["Medical Kit","EventHorizon+1","Nunchaku"],"campfire_rested":0,"item_purchase_floors":[47,47,47],"current_hp_per_floor":[67,67,60,49,49,24,24,31,31,31,31,31,22,21,21,8,64,50,41,41,41,41,32,32,29,29,29,26,26,30,34,43,41,49,49,49,52,52,56,56,59,59,59,59,49,51,51,53,65,65],"gold":233,"neow_bonus":"ONE_RARE_RELIC","is_daily":false,"chose_seed":false,"campfire_upgraded":2,"win_rate":0.0,"timestamp":1609062057,"path_taken":["M","?","?","?","M","E","R","?","T","R","M","R","E","?","R","BOSS","M","?","?","M","?","E","R","E","T","M","E","R","E","M","R","BOSS","M","?","M","?","?","E","R","?","T","M","M","E","$","E","R","BOSS"],"items_purchased_type":["Relic","Card","Relic"],"build_version":"2020-12-22","purchased_purges":1,"victory":true,"max_hp_per_floor":[75,75,75,75,75,75,75,82,82,82,82,82,82,82,82,82,82,82,41,41,41,41,41,41,41,41,43,45,45,47,51,51,51,51,51,51,55,55,59,59,59,59,59,59,61,63,63,65,65,65],"card_choices":[{"not_picked":["DoubleSpark","MagicChant"],"picked":"LuminesStrike","floor":1.0},{"not_picked":["6A","SporeBomb"],"picked":"Singularity","floor":5.0},{"not_picked":["PowerUp","UnstableBomb"],"picked":"MilkyWay","floor":6.0},{"not_picked":["PowerUp","DragonMeteor"],"picked":"GrandCross","floor":11.0},{"not_picked":["BlazingStar","OpenUniverse","BlazeAway"],"picked":"SKIP","floor":13.0},{"not_picked":["UnstableBomb","DoubleSpark"],"picked":"LuminesStrike","floor":14.0},{"not_picked":["FinalSpark","StarDustReverie"],"picked":"TreasureHunter","floor":16.0},{"not_picked":["Acceleration+1","SporeBomb"],"picked":"FairyDestructionRay+1","floor":18.0},{"not_picked":["StarBarrage","NonDirectionalLaser"],"picked":"IllusionStar","floor":21.0},{"not_picked":["PowerUp","GrandCross"],"picked":"ChargeUpSpray+1","floor":23.0},{"not_picked":["EscapeVelocity","MeteoricShower"],"picked":"SporeBomb","floor":25.0},{"not_picked":["DC","LuminesStrike+1"],"picked":"Acceleration","floor":27.0},{"not_picked":["MeteoricShower+1","GasGiant","EnergyFlow"],"picked":"Singing Bowl","floor":27.0},{"not_picked":["WitchLeyline","EscapeVelocity","AsteroidBelt"],"picked":"Singing Bowl","floor":28.0},{"not_picked":["MagicChant","GrandCross","UnstableBomb"],"picked":"Singing Bowl","floor":30.0},{"not_picked":["GalacticHalo","ShootingEcho","Orbital"],"picked":"Singing Bowl","floor":31.0},{"not_picked":["WitchOfGreed+1","NonDirectionalLaser","FinalSpark"],"picked":"Singing Bowl","floor":31.0},{"not_picked":["EscapeVelocity","SuperNova"],"picked":"JA","floor":33.0},{"not_picked":["Occultation","ShootTheMoon"],"picked":"Acceleration+1","floor":35.0},{"not_picked":["LuminesStrike","GalacticHalo"],"picked":"DeepEcoloBomb+1","floor":35.0},{"not_picked":["ShootingEcho+1","DarkSpark+1","GrandCross+1"],"picked":"Singing Bowl","floor":37.0},{"not_picked":["StarlightTyphoon+1","MeteoricShower+1","Robbery+1"],"picked":"Singing Bowl","floor":37.0},{"not_picked":["UnstableBomb","MagicChant","NonDirectionalLaser+1"],"picked":"Singing Bowl","floor":39.0},{"not_picked":["SporeBomb","AsteroidBelt","MagicAbsorber+1"],"picked":"Singing Bowl","floor":39.0},{"not_picked":["PropBag","Robbery"],"picked":"PowerUp","floor":40.0},{"not_picked":["EnergyRecoil","StarBarrage","Robbery+1"],"picked":"PulseMagic","floor":44.0},{"not_picked":["WitchOfGreed","LuminesStrike+1","UltimateShortwave"],"picked":"OortCloud","floor":44.0},{"not_picked":["WitchLeyline","Orbital","DoubleSpark","GalacticHalo"],"picked":"Singing Bowl","floor":45},{"not_picked":["SporeBomb+1","DC","Acceleration+1"],"picked":"MeteoricShower","floor":45},{"not_picked":["DeepEcoloBomb","Robbery","WitchOfGreed+1","PowerUp"],"picked":"Singing Bowl","floor":46},{"not_picked":["GrandCross+1","BlazeAway+1","BigCrunch","UnstableBomb+1"],"picked":"Singing Bowl","floor":48}],"player_experience":639951,"relics_obtained":[{"floor":6.0,"key":"Sundial"},{"floor":8.0,"key":"Strawberry"},{"floor":9.0,"key":"Ornamental Fan"},{"floor":13.0,"key":"Toy Ornithopter"},{"floor":23.0,"key":"StrikeDummy"},{"floor":23.0,"key":"Regal Pillow"},{"floor":25.0,"key":"Pen Nib"},{"floor":25.0,"key":"Singing Bowl"},{"floor":26.0,"key":"Prayer Wheel"},{"floor":28.0,"key":"InkBottle"},{"floor":28.0,"key":"Omamori"},{"floor":30.0,"key":"Eternal Feather"},{"floor":30.0,"key":"Lizard Tail"},{"floor":33.0,"key":"Shovel"},{"floor":40.0,"key":"PreservedInsect"},{"floor":40.0,"key":"Potion Belt"},{"floor":41.0,"key":"HornCleat"},{"floor":42.0,"key":"Question Card"},{"floor":43.0,"key":"HandmadeGrimoire"},{"floor":46,"key":"Frozen Egg 2"},{"floor":46,"key":"Bottled Lightning"},{"floor":48,"key":"Molten Egg 2"},{"floor":48,"key":"Art of War"},{"floor":49,"key":"BreadOfAWashokuLover"}],"event_choices":[{"cards_removed":["Defend_MRS"],"damage_healed":0.0,"max_hp_gain":0.0,"max_hp_loss":0.0,"gold_gain":0.0,"event_name":"Golden Wing","player_choice":"Card Removal","floor":3.0,"gold_loss":0.0,"damage_taken":7.0},{"damage_healed":0.0,"max_hp_gain":0.0,"max_hp_loss":0.0,"gold_gain":75.0,"event_name":"World of Goop","player_choice":"Gather Gold","floor":4.0,"gold_loss":0.0,"damage_taken":11.0},{"damage_healed":0.0,"max_hp_gain":0.0,"max_hp_loss":41.0,"gold_gain":0.0,"event_name":"Ghosts","player_choice":"Became a Ghost","floor":19.0,"gold_loss":0.0,"damage_taken":0.0,"cards_obtained":["Ghostly","Ghostly","Ghostly","Ghostly","Ghostly"]},{"cards_removed":["Defend_MRS"],"damage_healed":0.0,"max_hp_gain":0.0,"max_hp_loss":0.0,"gold_gain":0.0,"event_name":"Back to Basics","player_choice":"Elegance","floor":20.0,"gold_loss":0.0,"damage_taken":0.0},{"damage_healed":0.0,"max_hp_gain":0.0,"max_hp_loss":0.0,"gold_gain":0.0,"event_name":"Addict","player_choice":"Obtained Relic","floor":22.0,"gold_loss":85.0,"damage_taken":0.0,"relics_obtained":["Mummified Hand"]},{"damage_healed":0.0,"max_hp_gain":0.0,"max_hp_loss":0.0,"gold_gain":0.0,"event_name":"Tomb of Lord Red Mask","player_choice":"Ignored","floor":36.0,"gold_loss":0.0,"damage_taken":0.0},{"cards_removed":["Defend_MRS"],"damage_healed":0.0,"max_hp_gain":0.0,"max_hp_loss":0.0,"gold_gain":0.0,"event_name":"Falling","player_choice":"Removed Skill","floor":38.0,"gold_loss":0.0,"damage_taken":0.0},{"damage_healed":0.0,"max_hp_gain":0.0,"max_hp_loss":0.0,"gold_gain":0.0,"event_name":"Wheel of Change","player_choice":"Relic","floor":42.0,"gold_loss":0.0,"damage_taken":0.0}],"is_beta":false,"boss_relics":[{"not_picked":["Runic Dome","Astrolabe"],"picked":"Runic Pyramid"},{"not_picked":["Cursed Key","Tiny House"],"picked":"ExperimentalFamiliar"}],"items_purged_floors":[47],"is_endless":false,"potions_floor_spawned":[5,16,23,28,35,40,45,46,48],"ascension_level":8}}