{"host":"ek3xvuouaw6vk9if","time":1609032516,"event":{"mods":["BaseMod","BetterRewards","Downfall","Minty Spire (QoL Compilation)","Permanent Neow","Quick Restart","Replay The Spire","StSLib"],"gold_per_floor":[112,124,124,135,310,310,336,391,417,437,437,453,471,520,520,620,620,637,150,173,173,231,231,244,244,267,296,296,296,309,334,334,429,429,445,459,479,492,511,511,526,526,550,550,550,550,565,594,594,594],"floor_reached":51,"playtime":2526,"items_purged":[],"score":720,"play_id":"2e48a480-b2ee-4cfb-9605-0573a1fb8da7","local_time":"20201226202836","is_ascension_mode":true,"campfire_choices":[{"data":"Whirlwind","floor":6.0,"key":"SMITH"},{"floor":15.0,"key":"REST"},{"data":"Armaments","floor":23.0,"key":"SMITH"},{"floor":28.0,"key":"RECALL"},{"data":"Panache","floor":32.0,"key":"SMITH"},{"data":"Body Slam","floor":40,"key":"SMITH"},{"data":"Demonic Infusion","floor":42,"key":"SMITH"},{"data":"Battle Trance","floor":49,"key":"SMITH"}],"circlet_count":0,"master_deck":["Defend_R+1","Defend_R+1","Defend_R+1","Bash","Headbutt","Whirlwind+1","Exhume+1","Evolve","Disarm","Clothesline+1","Battle Trance+1","Iron Wave","Demonic Infusion+1","ReplayTheSpireMod:Stacked+1","Armaments+1","Corruption+1","Sword Boomerang+1","Panache+1","Armaments+1","Pommel Strike","Iron Wave+1","Reaper","CurseOfTheBell","Amnesia","CommonCold","Armaments+1","ReplayTheSpireMod:Stacked+1","Shrug It Off+1","Body Slam+1","Metallicize+1","Dual Wield","Rage+1"],"relics":["Painkiller Herb","Tiny Chest","Lantern","Blood Vial","PreservedInsect","Replay:Grab Bag","Runic Dome","Sozu","Astrolabe","Replay:Drink Me","Bag of Marbles","TheAbacus","Mirror","White Beast Statue","Simple Rune","Torii","Gremlin Food","Replay:Ancient Bell","Happy Flower","Letter Opener","Ice Cream","Replay:Rubber Ducky","ReplayTheSpireMod:Ring of Collecting","Bottled Lightning","Pear"],"acts_visited":["Exordium","TheCity","TheBeyond"],"potions_floor_usage":[50,50],"damage_taken":[{"damage":9.0,"enemies":"Small Slimes","floor":1.0,"turns":3.0},{"damage":6.0,"enemies":"Jaw Worm","floor":2.0,"turns":3.0},{"damage":1.0,"enemies":"2 Louse","floor":4.0,"turns":2.0},{"damage":26.0,"enemies":"3 Sentries","floor":7.0,"turns":4.0},{"damage":22.0,"enemies":"3 Sentries","floor":8.0,"turns":4.0},{"damage":9.0,"enemies":"Large Slime","floor":10.0,"turns":4.0},{"damage":3.0,"enemies":"Looter","floor":12.0,"turns":3.0},{"damage":1.0,"enemies":"3 Louse","floor":13.0,"turns":2.0},{"damage":33.0,"enemies":"Slime Boss","floor":16.0,"turns":8.0},{"damage":0.0,"enemies":"3 Byrds","floor":18.0,"turns":3.0},{"damage":0.0,"enemies":"Shell Parasite","floor":24.0,"turns":4.0},{"damage":20.0,"enemies":"Slavers","floor":27.0,"turns":4.0},{"damage":0.0,"enemies":"Centurion and Healer","floor":30.0,"turns":4.0},{"damage":0.0,"enemies":"Book of Stabbing","floor":31.0,"turns":5.0},{"damage":14.0,"enemies":"Collector","floor":33.0,"turns":12.0},{"damage":6.0,"enemies":"3 Darklings","floor":35.0,"turns":2.0},{"damage":0.0,"enemies":"3 Shapes","floor":36.0,"turns":2.0},{"damage":1,"enemies":"3 Darklings","floor":37,"turns":3},{"damage":15,"enemies":"4 Shapes","floor":38,"turns":1},{"damage":0,"enemies":"Writhing Mass","floor":39,"turns":5},{"damage":0,"enemies":"3 Darklings","floor":41,"turns":3},{"damage":0,"enemies":"Spire Growth","floor":47,"turns":4},{"damage":20,"enemies":"Giant Head","floor":48,"turns":6},{"damage":0,"enemies":"Replay:Hell Engine","floor":50,"turns":12}],"seed_played":"216209926967929730","potions_obtained":[{"floor":1.0,"key":"EssenceOfSteel"},{"floor":2.0,"key":"Venom Potion"},{"floor":4.0,"key":"BlessingOfTheForge"}],"is_trial":false,"path_per_floor":["?","?","?","?","?","T","E","?","T","?","?","?","?","T","T","B",null,"?","T","T","?","?","T","?","T","T","E","T","?","?","E","T","B",null,"?","?","?","?","?","T","?","T","T","?","?","T","?","E","T","B",null],"character_chosen":"IRONCLAD","items_purchased":["Bag of Marbles","Panache","TheAbacus"],"campfire_rested":1,"item_purchase_floors":[19,19,19],"current_hp_per_floor":[71,65,65,64,64,64,38,16,16,9,9,8,9,9,33,2,60,60,60,60,60,60,60,60,60,60,40,40,40,42,44,44,32,60,54,56,59,45,47,47,60,60,60,60,60,60,60,50,50,62],"gold":594,"neow_bonus":"BOSS_RELIC","is_daily":false,"chose_seed":false,"campfire_upgraded":6,"win_rate":0.0,"timestamp":1609032516,"path_taken":["?","?","?","?","?","T","E","?","T","?","?","?","?","?","T","BOSS","BOSS","?","T","?","?","?","T","?","?","T","E","T","?","?","E","T","BOSS","?","?","?","?","?","T","?","T","T","?","?","?","?","E","T","BOSS"],"items_purchased_type":["Relic","Card","Relic"],"build_version":"2020-12-22","purchased_purges":0,"victory":true,"max_hp_per_floor":[80,80,80,80,80,80,80,80,80,80,80,80,80,80,80,80,60,60,60,60,60,60,60,60,60,60,60,60,60,60,60,60,60,60,60,60,60,60,60,60,60,60,60,60,60,60,60,70,70,70],"card_choices":[{"not_picked":["Sentinel","Blood for Blood"],"picked":"Headbutt","floor":1.0},{"not_picked":["Reckless Charge","Evolve"],"picked":"Whirlwind","floor":2.0},{"not_picked":["Defy Death","Flex"],"picked":"Evolve","floor":4.0},{"not_picked":["Sword Boomerang","Wild Strike"],"picked":"Disarm","floor":7.0},{"not_picked":["Headbutt","Anger"],"picked":"Clothesline","floor":8.0},{"not_picked":["True Grit","Offering"],"picked":"Battle Trance","floor":10.0},{"not_picked":["Cleave","Twin Strike"],"picked":"Iron Wave","floor":12.0},{"not_picked":["ReplayTheSpireMod:Strike From Hell","Sword Boomerang","ReplayReversal"],"picked":"SKIP","floor":13.0},{"not_picked":["Corruption","Limit Break"],"picked":"Demonic Infusion","floor":16.0},{"not_picked":["Havoc","ReplayTheSpireMod:Muscle Training"],"picked":"Sword Boomerang+1","floor":18.0},{"not_picked":["Rupture+1","Blood for Blood"],"picked":"Armaments","floor":22.0},{"not_picked":["Uppercut","Flex"],"picked":"Pommel Strike","floor":24.0},{"not_picked":["Metallicize","Armaments"],"picked":"Iron Wave+1","floor":27.0},{"not_picked":["Massacre","True Grit","Replay:Many Hands"],"picked":"SKIP","floor":30.0},{"not_picked":["True Grit","Iron Wave","Blood for Blood"],"picked":"SKIP","floor":31.0},{"not_picked":["Fiend Fire","Eclipse"],"picked":"Reaper","floor":33.0},{"not_picked":["AbeCurse","Hallucinations"],"picked":"CurseOfTheBell","floor":34.0},{"not_picked":["ReplayTheSpireMod:Doomed","Hallucinations"],"picked":"Amnesia","floor":34.0},{"not_picked":["Pain","Writhe"],"picked":"CommonCold","floor":34.0},{"not_picked":["Eclipse","Reckless Charge+1","Heavy Blade"],"picked":"SKIP","floor":35.0},{"not_picked":["Flex","Perfected Strike"],"picked":"Armaments+1","floor":36.0},{"not_picked":["Flex+1","True Grit+1"],"picked":"ReplayTheSpireMod:Stacked+1","floor":37},{"not_picked":["Flame Barrier","Anger"],"picked":"Shrug It Off+1","floor":38},{"not_picked":["Eclipse","Havoc"],"picked":"Body Slam","floor":39},{"not_picked":["Cleave","Feel No Pain+1"],"picked":"Metallicize+1","floor":41},{"not_picked":["Thunderclap+1","Twin Strike"],"picked":"Dual Wield","floor":47},{"not_picked":["Defy Death+1","Wild Strike+1"],"picked":"Rage+1","floor":48}],"player_experience":709518,"relics_obtained":[{"floor":7.0,"key":"Tiny Chest"},{"floor":8.0,"key":"Lantern"},{"floor":9.0,"key":"Blood Vial"},{"floor":14.0,"key":"PreservedInsect"},{"floor":22.0,"key":"Mirror"},{"floor":25.0,"key":"White Beast Statue"},{"floor":26.0,"key":"Simple Rune"},{"floor":27.0,"key":"Torii"},{"floor":31.0,"key":"Gremlin Food"},{"floor":43,"key":"Replay:Rubber Ducky"},{"floor":44,"key":"ReplayTheSpireMod:Ring of Collecting"},{"floor":46,"key":"Bottled Lightning"},{"floor":48,"key":"Pear"}],"event_choices":[{"damage_healed":0.0,"max_hp_gain":0.0,"max_hp_loss":0.0,"gold_gain":175.0,"event_name":"Liars Game","player_choice":"AGREE","floor":5.0,"gold_loss":0.0,"damage_taken":0.0,"cards_obtained":["Doubt"]},{"damage_healed":0.0,"max_hp_gain":0.0,"max_hp_loss":0.0,"gold_gain":0.0,"event_name":"Dead Adventurer","player_choice":"Searched \u00272\u0027 times","floor":8.0,"gold_loss":0.0,"damage_taken":0.0},{"damage_healed":0.0,"max_hp_gain":0.0,"max_hp_loss":0.0,"gold_gain":0.0,"event_name":"Living Wall","player_choice":"Grow","floor":11.0,"gold_loss":0.0,"damage_taken":0.0,"cards_upgraded":["Clothesline"]},{"damage_healed":0.0,"max_hp_gain":0.0,"max_hp_loss":0.0,"gold_gain":0.0,"event_name":"Vampires","player_choice":"Ignored","floor":21.0,"gold_loss":0.0,"damage_taken":0.0},{"damage_healed":0.0,"max_hp_gain":0.0,"max_hp_loss":0.0,"gold_gain":0.0,"event_name":"Back to Basics","player_choice":"Simplicity","floor":29.0,"gold_loss":0.0,"damage_taken":0.0,"cards_upgraded":["Defend_R","Defend_R","Defend_R"]},{"damage_healed":0,"gold_gain":0,"player_choice":"Ignored","damage_taken":0,"max_hp_gain":0,"max_hp_loss":0,"event_name":"Tomb of Lord Red Mask","floor":45,"gold_loss":0}],"is_beta":false,"boss_relics":[{"not_picked":["Calling Bell","expansioncontent:StudyCardRelic"],"picked":"Replay:Grab Bag"},{"not_picked":["Ooze Armor","Fusion Hammer"],"picked":"Runic Dome"},{"not_picked":["Coffee Dripper","ReplayTheSpireMod:DimensionalGlitch"],"picked":"Sozu"},{"not_picked":["Runic Cube","Runic Pyramid"],"picked":"Astrolabe"},{"not_picked":["Black Star","Pandora\u0027s Box"],"picked":"Replay:Drink Me"},{"not_picked":["Tiny House","ChewingGum"],"picked":"Replay:Ancient Bell"},{"not_picked":["MealTicket","Akabeko"],"picked":"Happy Flower"},{"not_picked":["Ornamental Fan","Replay:Accelerometer"],"picked":"Letter Opener"},{"not_picked":["Girya","Mango"],"picked":"Ice Cream"}],"items_purged_floors":[],"is_endless":false,"potions_floor_spawned":[1,2,4,7,27,30,31,33,35,36,37,38,39,41,47,48],"ascension_level":1}}