{"host":"98ajcw3do3zsggh8","time":1609107691,"event":{"mods":["BaseMod","Minty Spire (QoL Compilation)","Replay The Spire","StSLib"],"gold_per_floor":[115,130,13,13,88,119,119,146,146,160,172,172,186,203,203,299,299,317,317,337,337,348,381,381,381],"floor_reached":24,"playtime":1697,"items_purged":[],"score":278,"play_id":"7ce136e6-dde2-4cd9-a4b7-0dab1cc93bed","local_time":"20201227232131","is_ascension_mode":true,"campfire_choices":[{"data":"Underhanded Strike","floor":7.0,"key":"SMITH"},{"data":"1","floor":15.0,"key":"LIFT"}],"circlet_count":0,"master_deck":["Strike_G","Strike_G","Strike_G","Strike_G","Strike_G","Defend_G+1","Defend_G+1","Defend_G","Defend_G","Defend_G","Survivor","Neutralize","Poisoned Stab","Underhanded Strike+1","Phantasmal Killer+1","Regret","Backstab+1","Slice","Deadly Poison","Accuracy"],"relics":["Ring of the Snake","NeowsBlessing","Golden Egg","Ginger","Girya","Ninja Scroll","Ring of Chaos","Toxic Egg 2"],"acts_visited":["Exordium","TheCity"],"potions_floor_usage":[23],"damage_taken":[{"damage":0.0,"enemies":"Jaw Worm","floor":1.0,"turns":1.0},{"damage":0.0,"enemies":"2 Louse","floor":2.0,"turns":1.0},{"damage":0.0,"enemies":"Replay:BlueRogue","floor":6.0,"turns":1.0},{"damage":19.0,"enemies":"3 Sentries","floor":8.0,"turns":11.0},{"damage":0.0,"enemies":"Small Slimes","floor":10.0,"turns":2.0},{"damage":1.0,"enemies":"Exordium Wildlife","floor":11.0,"turns":2.0},{"damage":0.0,"enemies":"Red Slaver","floor":13.0,"turns":2.0},{"damage":0.0,"enemies":"3 Louse","floor":14.0,"turns":2.0},{"damage":18.0,"enemies":"Slime Boss","floor":16.0,"turns":11.0},{"damage":22.0,"enemies":"Spheric Guardian","floor":18.0,"turns":4.0},{"damage":5.0,"enemies":"Chosen","floor":20.0,"turns":3.0},{"damage":16.0,"enemies":"Snake Plant","floor":22.0,"turns":3.0},{"damage":10,"enemies":"Replay:Snechameleon","floor":23,"turns":3},{"damage":17,"enemies":"Snecko","floor":24,"turns":3}],"seed_played":"-549307108280798393","potions_obtained":[{"floor":2.0,"key":"Block Potion"},{"floor":8.0,"key":"Poison Potion"},{"floor":13.0,"key":"Weak Potion"},{"floor":22.0,"key":"SteroidPotion"}],"is_trial":false,"path_per_floor":["M","M","$","?","?","E","R","E","T","M","M","?","M","M","R","B",null,"M","?","M","?","M","E","M"],"character_chosen":"THE_SILENT","items_purchased":["Phantasmal Killer+1"],"campfire_rested":0,"item_purchase_floors":[3],"current_hp_per_floor":[70,70,70,70,59,59,59,40,40,40,39,25,25,25,25,7,70,48,48,43,43,27,17,0,0],"gold":381,"neow_bonus":"THREE_ENEMY_KILL","is_daily":false,"chose_seed":false,"campfire_upgraded":1,"win_rate":0.0,"timestamp":1609107691,"path_taken":["M","M","$","?","?","E","R","E","T","M","M","?","M","M","R","BOSS","M","?","M","?","?","E","M"],"items_purchased_type":["Card"],"build_version":"2020-12-22","purchased_purges":0,"victory":false,"max_hp_per_floor":[70,70,70,70,70,70,70,70,70,70,70,70,70,70,70,70,70,70,70,70,70,70,70,70,70],"card_choices":[{"not_picked":["ReplayTheSpireMod:Tripwire","Quick Slash"],"picked":"Poisoned Stab","floor":1.0},{"not_picked":["Dagger Spray","Dodge and Roll"],"picked":"Underhanded Strike","floor":2.0},{"not_picked":["Dagger Spray","Well Laid Plans"],"picked":"Backstab","floor":6.0},{"not_picked":["Dash","Footwork"],"picked":"Slice","floor":8.0},{"not_picked":["Leg Sweep","Sucker Punch","Masterful Stab"],"picked":"SKIP","floor":10.0},{"not_picked":["Slice","Blade Dance","Dagger Spray"],"picked":"SKIP","floor":11.0},{"not_picked":["Acrobatics","Concentrate","Blade Dance"],"picked":"SKIP","floor":13.0},{"not_picked":["Deflect","Quick Slash"],"picked":"Deadly Poison","floor":14.0},{"not_picked":["Skewer","Quick Slash","Acrobatics"],"picked":"SKIP","floor":18.0},{"not_picked":["ReplayTheSpireMod:Scrap Shanks+1","Eviscerate","Backflip"],"picked":"SKIP","floor":20.0},{"not_picked":["Sucker Punch","Accuracy","Calculated Gamble"],"picked":"SKIP","floor":22.0},{"not_picked":["PiercingWail+1","Expertise+1","Terror+1"],"picked":"SKIP","floor":23}],"player_experience":279184,"relics_obtained":[{"floor":6.0,"key":"Ginger"},{"floor":8.0,"key":"Girya"},{"floor":9.0,"key":"Ninja Scroll"},{"floor":23,"key":"Toxic Egg 2"}],"event_choices":[{"damage_healed":0.0,"max_hp_gain":0.0,"max_hp_loss":0.0,"gold_gain":0.0,"event_name":"Big Fish","player_choice":"Box","floor":4.0,"gold_loss":0.0,"damage_taken":0.0,"relics_obtained":["Golden Egg"],"cards_obtained":["Regret"]},{"damage_healed":0.0,"max_hp_gain":0.0,"max_hp_loss":0.0,"gold_gain":75.0,"event_name":"World of Goop","player_choice":"Gather Gold","floor":5.0,"gold_loss":0.0,"damage_taken":11.0},{"damage_healed":0.0,"max_hp_gain":0.0,"max_hp_loss":0.0,"gold_gain":0.0,"event_name":"Shining Light","player_choice":"Entered Light","floor":12.0,"gold_loss":0.0,"damage_taken":14.0,"cards_upgraded":["Defend_G","Defend_G"]},{"damage_healed":0.0,"max_hp_gain":0.0,"max_hp_loss":0.0,"gold_gain":0.0,"event_name":"The Library","player_choice":"Read","floor":19.0,"gold_loss":0.0,"damage_taken":0.0,"cards_obtained":["Accuracy"]},{"damage_healed":0.0,"max_hp_gain":0.0,"max_hp_loss":0.0,"gold_gain":0.0,"event_name":"Upgrade Shrine","player_choice":"Upgraded","floor":21.0,"gold_loss":0.0,"damage_taken":0.0,"cards_upgraded":["Backstab"]}],"is_beta":false,"boss_relics":[{"not_picked":["Replay:Ancient Bell","Calling Bell"],"picked":"Ring of Chaos"}],"items_purged_floors":[],"is_endless":false,"potions_floor_spawned":[2,8,13,22],"killed_by":"Snecko","ascension_level":2}}