{"host":"xg9ie4wrtr2e8x9r","time":1609066622,"event":{"mods":["Aspiration","BaseMod","Bestiary","BetterRewards","CCEM","Clawfect","Colored Map","Colored Powertips","Conspire","DNKmod","Downfall","Friendly Minions","GifTheSpireLib","Hubris","Infinite Spire","Minty Spire (QoL Compilation)","Remove Card Discount Mod","Replay The Spire","StSLib","Stuff the Spire","The Construct","The Jungle","The Mystic"],"gold_per_floor":[1010,1010,2190,2210,2210,2238,2238,2238,2238,1532,1545,1555,611,622,622,726,726,736,736,736,736],"floor_reached":20,"playtime":1630,"items_purged":["Defend_B","Gash","Gash","Gash","Gash","Gash","Regret","Guardian:TwinSlam"],"score":272,"play_id":"c5159707-a670-4f98-b47f-88bf26be9374","local_time":"20201227115702","is_ascension_mode":false,"campfire_choices":[{"floor":7.0,"key":"RECALL"}],"circlet_count":0,"master_deck":["Defend_B","Defend_B","Defend_B","champ:Execute","ReplayRNGCard+1","StuffTheSpire:Synthwave","Storm","expansioncontent:DashGenerateEvil","Fission","Capacitor","Double Energy","Apotheosis","Static Discharge","Panic Button","Heatsinks","FIFO Queue+1","StuffTheSpire:Plugnplay","expansioncontent:DecasProtection","Master of Strategy","ReplaySort","Hologram","Reboot"],"relics":["Clawfect:DRClaw","ClockworkSouvenir","aspiration:StickyExplosives_weak","infinitespire:Bottled Soul","hubris:TenFootPole","Replay:Mystery Machine","StuffTheSpire:MayFlowers","hubris:BallOfYels","CCEMRelics:WrappedPresent","Anchor","conspire:Boomerang","aspiration:PoetsPen_weak"],"acts_visited":["Exordium","theJungle:Jungle"],"potions_floor_usage":[],"damage_taken":[{"damage":12.0,"enemies":"2 Louse","floor":1.0,"turns":3.0},{"damage":7.0,"enemies":"conspire:RoseBush","floor":4.0,"turns":3.0},{"damage":22.0,"enemies":"3 Sentries","floor":6.0,"turns":5.0},{"damage":8.0,"enemies":"Jaw Worm","floor":11.0,"turns":3.0},{"damage":5.0,"enemies":"Large Slime","floor":12.0,"turns":3.0},{"damage":11.0,"enemies":"3 Louse","floor":14.0,"turns":3.0},{"damage":32.0,"enemies":"The Guardian","floor":16.0,"turns":8.0},{"damage":16,"enemies":"theJungle:GiantWrat","floor":18,"turns":3},{"damage":0,"enemies":"Shell Parasite","floor":20,"turns":3}],"seed_played":"-8496297234786063308","potions_obtained":[{"floor":1.0,"key":"LiquidMemories"},{"floor":11.0,"key":"SkillPotion"},{"floor":14.0,"key":"EssenceOfDarkness"}],"is_trial":false,"path_per_floor":["M","?","$","M","?","E","R","?","T","$","M","M","$","M","R_BF","B",null,"M","?","M"],"character_chosen":"DEFECT","items_purchased":["ClockworkSouvenir","aspiration:StickyExplosives_weak","Storm","expansioncontent:DashGenerateEvil","Fission","Apotheosis","Replay:Mystery Machine","StuffTheSpire:MayFlowers","Static Discharge","hubris:BallOfYels","CCEMRelics:WrappedPresent","Anchor","FIFO Queue+1","StuffTheSpire:Plugnplay","expansioncontent:DecasProtection","Master of Strategy"],"campfire_rested":0,"item_purchase_floors":[3,3,3,3,3,10,10,10,10,13,13,13,13,13,13,13],"current_hp_per_floor":[88,88,88,86,86,69,69,69,69,69,66,66,76,65,65,39,105,99,99,99,99],"gold":736,"neow_bonus":"THREE_RARE_CARDS","is_daily":false,"chose_seed":false,"campfire_upgraded":0,"win_rate":0.0,"timestamp":1609066622,"path_taken":["M","?","$","M","?","E","R","?","T","?","M","M","$","M","R_BF","BOSS","M","?","?"],"items_purchased_type":["Relic","Relic","Card","Card","Card","Card","Relic","Relic","Card","Relic","Relic","Relic","Card","Card","Card","Card"],"build_version":"2020-12-22","purchased_purges":8,"victory":false,"max_hp_per_floor":[100,100,100,100,100,100,100,100,100,100,100,100,105,105,105,105,105,105,105,105,105],"card_choices":[{"not_picked":["StuffTheSpire:Purify","hubris:SpecializedCircuitry"],"picked":"ReplayRNGCard","floor":0.0},{"not_picked":["Redo","FTL"],"picked":"StuffTheSpire:Synthwave","floor":1.0},{"not_picked":["FTL","Leap"],"picked":"Capacitor","floor":4.0},{"not_picked":["Panic Button","Stack"],"picked":"Double Energy","floor":6.0},{"not_picked":["hubris:Ukulele","Gash"],"picked":"Panic Button","floor":11.0},{"not_picked":["Genetic Algorithm","Clawfect:ClawLightning"],"picked":"Heatsinks","floor":12.0},{"not_picked":["Clawfect:ClawingBeam","Hologram"],"picked":"ReplaySort","floor":14.0},{"not_picked":["ReplayRNGCard","StuffTheSpire:EventHorizon"],"picked":"Reboot","floor":16.0},{"not_picked":["Hologram","Chill","Panic Button"],"picked":"SKIP","floor":18}],"player_experience":339138,"relics_obtained":[{"floor":6.0,"key":"infinitespire:Bottled Soul"},{"floor":13.0,"key":"conspire:Boomerang"}],"event_choices":[{"damage_healed":0.0,"max_hp_gain":0.0,"max_hp_loss":0.0,"gold_gain":0.0,"event_name":"Living Wall","player_choice":"Grow","floor":2.0,"gold_loss":0.0,"damage_taken":0.0,"cards_upgraded":["ReplayRNGCard"]},{"damage_healed":0.0,"max_hp_gain":0.0,"max_hp_loss":0.0,"gold_gain":0.0,"event_name":"Golden Idol","player_choice":"Ignored","floor":5.0,"gold_loss":0.0,"damage_taken":0.0},{"damage_healed":0.0,"max_hp_gain":0.0,"max_hp_loss":0.0,"gold_gain":0.0,"event_name":"Big Fish","player_choice":"Box","floor":8.0,"gold_loss":0.0,"damage_taken":0.0,"relics_obtained":["hubris:TenFootPole"],"cards_obtained":["Regret"]},{"damage_healed":0,"gold_gain":0,"player_choice":"Got Potions","damage_taken":0,"max_hp_gain":0,"max_hp_loss":0,"event_name":"Lab","floor":19,"gold_loss":0}],"is_beta":false,"boss_relics":[{"not_picked":["ChewingGum","hubris:GrandSneckoEye"],"picked":"aspiration:PoetsPen_weak"}],"items_purged_floors":[3,10,10,10,13,13,13,13],"is_endless":false,"potions_floor_spawned":[1,11,14,16],"killed_by":"Shell Parasite","ascension_level":0}}