{"host":"bybgqjd8qfo8zazn","time":1609058815,"event":{"mods":["BaseMod","Marisa£®ÏF”Í°°ƒß¿Ì…≥£©","Minty Spire (QoL Compilation)","StSLib","The Gatherer"],"gold_per_floor":[118,118,118,143,143,181,181,206,233,233,203,153,7,31,31,151,151,166,166,179,179,200,200,200],"floor_reached":23,"playtime":967,"items_purged":[],"score":214,"play_id":"ad6b8a6d-b4cf-4fdd-9ced-3900afd1023e","local_time":"20201227164655","is_ascension_mode":false,"campfire_choices":[{"data":"Catalyst","floor":7,"key":"SMITH"},{"data":"Backflip","floor":10,"key":"SMITH"},{"data":"Neutralize","floor":15,"key":"SMITH"}],"circlet_count":0,"master_deck":["Strike_G","Strike_G","Strike_G","Strike_G","Defend_G","Defend_G","Defend_G","Defend_G","Survivor","Neutralize+1","Dagger Spray","Catalyst+1","Grand Finale","Reflex","Backflip+1","Bouncing Flask","Catalyst","Night Terror","Well Laid Plans","Acrobatics","Tactician"],"relics":["Ring of the Snake","NeowsBlessing","Golden Idol","Tiny Chest","Potion Belt","TwistedFunnel","WristBlade","Enchiridion","Bottled Flame"],"acts_visited":["Exordium","TheCity"],"potions_floor_usage":[16,16,23],"damage_taken":[{"damage":0,"enemies":"Small Slimes","floor":1,"turns":1},{"damage":0,"enemies":"Cultist","floor":4,"turns":1},{"damage":0,"enemies":"3 Sentries","floor":6,"turns":1},{"damage":3,"enemies":"Jaw Worm","floor":8,"turns":5},{"damage":0,"enemies":"Looter","floor":11,"turns":4},{"damage":5,"enemies":"3 Louse","floor":14,"turns":3},{"damage":19,"enemies":"Hexaghost","floor":16,"turns":9},{"damage":1,"enemies":"Chosen","floor":18,"turns":3},{"damage":0,"enemies":"3 Byrds","floor":20,"turns":4},{"damage":35,"enemies":"Centurion and Healer","floor":22,"turns":11},{"damage":21,"enemies":"Gremlin Leader","floor":23,"turns":3}],"seed_played":"7765027420907982714","potions_obtained":[{"floor":4,"key":"Regen Potion"},{"floor":6,"key":"CunningPotion"},{"floor":16,"key":"AttackPotion"},{"floor":18,"key":"SteroidPotion"}],"is_trial":false,"path_per_floor":["M","$","?","M","?","E","R","M","T","R","M","?","$","M","R","B",null,"M","?","M","T","M","E"],"character_chosen":"THE_SILENT","items_purchased":["TwistedFunnel"],"campfire_rested":0,"item_purchase_floors":[13],"current_hp_per_floor":[70,70,53,53,53,53,53,50,50,50,50,50,50,45,45,38,70,69,53,53,53,18,0,0],"gold":200,"neow_bonus":"THREE_ENEMY_KILL","is_daily":false,"chose_seed":false,"campfire_upgraded":3,"win_rate":0.0,"timestamp":1609058815,"path_taken":["M","$","?","M","?","E","R","M","T","R","?","?","$","M","R","BOSS","M","?","M","?","M","E"],"items_purchased_type":["Relic"],"build_version":"2020-12-22","purchased_purges":0,"victory":false,"max_hp_per_floor":[70,70,70,70,70,70,70,70,70,70,70,70,70,70,70,70,70,70,70,70,70,70,70,70],"card_choices":[{"not_picked":["Bane","Riddle With Holes"],"picked":"Dagger Spray","floor":1},{"not_picked":["Heel Hook","Blade Dance"],"picked":"Catalyst","floor":4},{"not_picked":["Doppelganger","Dagger Spray"],"picked":"Reflex","floor":6},{"not_picked":["Cloak And Dagger","Dagger Spray"],"picked":"Backflip","floor":8},{"not_picked":["Terror","Sucker Punch"],"picked":"Bouncing Flask","floor":11},{"not_picked":["Slice","Setup"],"picked":"Catalyst","floor":14},{"not_picked":["A Thousand Cuts","Grand Finale"],"picked":"Night Terror","floor":16},{"not_picked":["Choke","Crippling Poison"],"picked":"Well Laid Plans","floor":18},{"not_picked":["Underhanded Strike","Skewer"],"picked":"Acrobatics","floor":20},{"not_picked":["Quick Slash","Terror"],"picked":"Tactician","floor":22}],"player_experience":262906,"relics_obtained":[{"floor":6,"key":"Tiny Chest"},{"floor":9,"key":"Potion Belt"},{"floor":19,"key":"Enchiridion"},{"floor":21,"key":"Bottled Flame"}],"event_choices":[{"damage_healed":0,"gold_gain":0,"player_choice":"Take Damage","damage_taken":17,"relics_obtained":["Golden Idol"],"max_hp_gain":0,"max_hp_loss":0,"event_name":"Golden Idol","floor":3,"gold_loss":0},{"damage_healed":0,"gold_gain":0,"cards_transformed":["Strike_G"],"player_choice":"Transformed","damage_taken":0,"max_hp_gain":0,"max_hp_loss":0,"event_name":"Transmorgrifier","floor":5,"gold_loss":0,"cards_obtained":["Grand Finale"]},{"cards_removed":["Defend_G"],"damage_healed":0,"gold_gain":0,"player_choice":"Card Removal","damage_taken":0,"max_hp_gain":0,"max_hp_loss":0,"event_name":"The Cleric","floor":12,"gold_loss":50},{"damage_healed":0,"gold_gain":0,"player_choice":"Obtained Book","damage_taken":16,"max_hp_gain":0,"max_hp_loss":0,"event_name":"Cursed Tome","floor":19,"gold_loss":0}],"is_beta":false,"boss_relics":[{"not_picked":["Fusion Hammer","Busted Crown"],"picked":"WristBlade"}],"items_purged_floors":[],"is_endless":false,"potions_floor_spawned":[4,6,16,18],"killed_by":"Gremlin Leader","ascension_level":0}}