{"host":"uyrebrj0204enqpc","time":1609105794,"event":{"mods":["Act Like it!","Bard","BaseMod","Block Reminder","Challenge The Spire","Colored Map","Colored Powertips","DeckTracker","Downfall","GifTheSpireLib","HexUI Lib","Highlight Path","Hubris","Infinite Spire","Minty Spire (QoL Compilation)","Quick Restart","Random Character Button","Relic Sorter","Relic Stats","Replay The Spire","Shop Mod","StSLib","The Blue Laboratory","The Bug Knight","The Cursed","The Jungle","The Marked","Wandering Minibosses"],"gold_per_floor":[112,124,136,136,61,88,88,115,190,39,39,65,83,83,83,83,83],"floor_reached":16,"playtime":555,"items_purged":["Strike_R"],"score":113,"play_id":"d789bcdf-3bbf-41f8-b74f-2b4b74830d0c","local_time":"20201227164954","is_ascension_mode":true,"campfire_choices":[{"floor":7.0,"key":"REST"},{"floor":15,"key":"DIG"}],"circlet_count":0,"master_deck":["Strike_R","Strike_R","Strike_R","Strike_R","Defend_R","Defend_R","Defend_R","Defend_R","Bash","Searing Blow+1","ReplayTheSpireMod:??????????????????????","True Grit"],"relics":["Burning Blood","Pondfish Scales","hubris:Teleporter","Odd Mushroom","Replay:Bottled Flurry","Lee\u0027s Waffle","Replay:Accelerometer","Mummified Hand"],"acts_visited":["Exordium"],"potions_floor_usage":[16,16],"damage_taken":[{"damage":21.0,"enemies":"infinitespire:Voidling","floor":1.0,"turns":4.0},{"damage":0.0,"enemies":"Small Slimes","floor":2.0,"turns":3.0},{"damage":1.0,"enemies":"Cultist","floor":3.0,"turns":3.0},{"damage":48.0,"enemies":"3 Sentries","floor":6.0,"turns":11.0},{"damage":38.0,"enemies":"The Mushroom Lair","floor":8.0,"turns":6.0},{"damage":6.0,"enemies":"Gremlin Nob","floor":12.0,"turns":3.0},{"damage":5,"enemies":"Blue Slaver","floor":13,"turns":2},{"damage":80,"enemies":"Hexaghost","floor":16,"turns":11}],"seed_played":"-5723924910082573066","potions_obtained":[{"floor":2.0,"key":"Regen Potion"},{"floor":13,"key":"blueLaboratory:HorrorPotion"}],"is_trial":false,"path_per_floor":["M","M","M","?","$","E","R","?","T","$","?","E","M","$","R_BF","B"],"character_chosen":"IRONCLAD","items_purchased":["Lee\u0027s Waffle"],"campfire_rested":1,"item_purchase_floors":[10],"current_hp_per_floor":[48,54,59,59,59,17,41,9,9,87,67,67,68,68,68,0,0],"gold":83,"neow_bonus":"ONE_RARE_RELIC","is_daily":false,"chose_seed":false,"campfire_upgraded":0,"win_rate":0.0,"timestamp":1609105794,"path_taken":["M","?","M","?","?","E","R","?","T","$","?","E","M","?","R_BF","BOSS"],"items_purchased_type":["Relic"],"build_version":"2020-12-22","purchased_purges":1,"victory":false,"max_hp_per_floor":[80,80,80,80,80,80,80,80,80,87,87,87,87,87,87,87,87],"relic_stats":{"Lee\u0027s Waffle":78,"counters":[8,43],"Mummified Hand":[0],"obtain_stats":[{"Replay:Accelerometer":12,"Pondfish Scales":0,"Lee\u0027s Waffle":10,"hubris:Teleporter":6,"Mummified Hand":15,"Replay:Bottled Flurry":9,"Odd Mushroom":8,"Burning Blood":0},{"Replay:Accelerometer":6,"Pondfish Scales":0,"Lee\u0027s Waffle":5,"hubris:Teleporter":4,"Mummified Hand":7,"Replay:Bottled Flurry":5,"Odd Mushroom":5,"Burning Blood":0},{"Replay:Accelerometer":30,"Pondfish Scales":0,"Lee\u0027s Waffle":27,"hubris:Teleporter":21,"Mummified Hand":32,"Replay:Bottled Flurry":27,"Odd Mushroom":27,"Burning Blood":0}],"Burning Blood":42},"card_choices":[{"not_picked":["Anger","hubris:ReadiedAction"],"picked":"Searing Blow","floor":1.0},{"not_picked":["hubris:ReadiedAction","Spot Weakness","Clothesline"],"picked":"SKIP","floor":2.0},{"not_picked":["Anger","Clothesline","Thunderclap"],"picked":"SKIP","floor":3.0},{"not_picked":["Offering","Clash","True Grit"],"picked":"SKIP","floor":6.0},{"not_picked":["ReplayTheSpireMod:Echoes of Time","infinitespire:SevenWalls"],"picked":"ReplayTheSpireMod:??????????????????????","floor":11.0},{"not_picked":["Evolve","Carnage"],"picked":"True Grit","floor":12.0},{"not_picked":["Warcry","Clash","Exhume"],"picked":"SKIP","floor":13}],"player_experience":955018,"relics_obtained":[{"floor":6.0,"key":"hubris:Teleporter"},{"floor":8.0,"key":"Odd Mushroom"},{"floor":9.0,"key":"Replay:Bottled Flurry"},{"floor":12.0,"key":"Replay:Accelerometer"},{"floor":15,"key":"Mummified Hand"}],"event_choices":[{"damage_healed":0.0,"max_hp_gain":0.0,"max_hp_loss":0.0,"gold_gain":0.0,"event_name":"Upgrade Shrine","player_choice":"Upgraded","floor":4.0,"gold_loss":0.0,"damage_taken":0.0,"cards_upgraded":["Searing Blow"]},{"damage_healed":0.0,"max_hp_gain":0.0,"max_hp_loss":0.0,"gold_gain":0.0,"event_name":"Mushrooms","player_choice":"Fought Mushrooms","floor":8.0,"gold_loss":0.0,"damage_taken":0.0}],"is_beta":false,"boss_relics":[],"items_purged_floors":[5],"is_endless":false,"potions_floor_spawned":[2,13],"killed_by":"Hexaghost","ascension_level":1}}