{"host":"7elm0r5975gb9iir","time":1609028538,"event":{"mods":["AchievementEnabler","BaseMod","Colored Map","DeckTracker","Keyboard Shortcuts","Minty Spire (QoL Compilation)","Permanent Neow","Random Character Button","SuperFastMode"],"gold_per_floor":[118,138,138,157,168,202,233,245,305,317,329,368,396,373,385,493,505,531,543,567,591,603,650,676,688,700,712,738,776,788,812,824,934,946,978,1040,1052,1064,1130,1142,1154,1193,1287,1299,618,618,631,631,631,631],"floor_reached":51,"playtime":3363,"items_purged":["LessonLearned"],"score":765,"play_id":"b1af5e41-4834-4460-95d8-0b7812c39051","local_time":"20201227092218","is_ascension_mode":false,"campfire_choices":[{"floor":11,"key":"REST"},{"floor":15,"key":"REST"},{"floor":25,"key":"REST"},{"data":"WindmillStrike","floor":27,"key":"SMITH"},{"floor":32,"key":"REST"},{"data":"Vault","floor":40,"key":"SMITH"},{"data":"Adaptation","floor":44,"key":"SMITH"},{"data":"Eruption","floor":46,"key":"SMITH"},{"floor":49,"key":"REST"}],"circlet_count":0,"master_deck":["Strike_P","Strike_P","Strike_P","Strike_P+1","Defend_P","Defend_P","Defend_P","Eruption+1","Vigilance","WindmillStrike+1","Adaptation+1","Conclude","Crescendo","WheelKick","Protect","Blasphemy+1","JustLucky+1","Collect","FollowUp+1","BowlingBash+1","Protect","Wallop+1","Eruption+1","Indignation+1","SandsOfTime","Vault+1","Wallop+1","Transmutation+1","Evaluate+1"],"relics":["PureWater","MawBank","Shuriken","Tiny Chest","Art of War","Velvet Choker","FossilizedHelix","Lantern","Dream Catcher","Anchor","Busted Crown","WingedGreaves","Bottled Tornado","Prayer Wheel","Bronze Scales","Toxic Egg 2","Vajra","Damaru","Sling"],"acts_visited":["Exordium","TheCity","TheBeyond"],"potions_floor_usage":[7,23,23,24,24,24,33,48,50,50,50,50,50],"damage_taken":[{"damage":2,"enemies":"Cultist","floor":1,"turns":4},{"damage":2,"enemies":"Small Slimes","floor":2,"turns":2},{"damage":3,"enemies":"Jaw Worm","floor":4,"turns":2},{"damage":5,"enemies":"3 Louse","floor":5,"turns":2},{"damage":10,"enemies":"Lagavulin","floor":6,"turns":5},{"damage":34,"enemies":"Exordium Wildlife","floor":7,"turns":2},{"damage":8,"enemies":"Red Slaver","floor":13,"turns":4},{"damage":0,"enemies":"Slime Boss","floor":16,"turns":4},{"damage":8,"enemies":"Spheric Guardian","floor":18,"turns":4},{"damage":0,"enemies":"Shell Parasite","floor":20,"turns":3},{"damage":29,"enemies":"Centurion and Healer","floor":21,"turns":4},{"damage":0,"enemies":"Gremlin Leader","floor":23,"turns":3},{"damage":0,"enemies":"3 Cultists","floor":24,"turns":3},{"damage":0,"enemies":"Shelled Parasite and Fungi","floor":28,"turns":3},{"damage":7,"enemies":"Snake Plant","floor":31,"turns":2},{"damage":20,"enemies":"Automaton","floor":33,"turns":6},{"damage":0,"enemies":"3 Darklings","floor":35,"turns":4},{"damage":3,"enemies":"Mind Bloom Boss Battle","floor":36,"turns":4},{"damage":0,"enemies":"2 Orb Walkers","floor":39,"turns":3},{"damage":12,"enemies":"3 Shapes","floor":47,"turns":4},{"damage":0,"enemies":"Spire Growth","floor":48,"turns":1},{"damage":67,"enemies":"Time Eater","floor":50,"turns":9}],"seed_played":"-8784221714791388962","potions_obtained":[{"floor":1,"key":"AttackPotion"},{"floor":6,"key":"Strength Potion"},{"floor":7,"key":"Explosive Potion"},{"floor":13,"key":"EntropicBrew"},{"floor":18,"key":"Regen Potion"},{"floor":23,"key":"Ambrosia"},{"floor":33,"key":"Strength Potion"},{"floor":35,"key":"EntropicBrew"},{"floor":39,"key":"SneckoOil"},{"floor":47,"key":"SmokeBomb"}],"is_trial":false,"path_per_floor":["M","M","?","M","M","E","M","?","T","?","R","T","M","?","R","B",null,"M","T","M","M","?","E","M","R","T","R","M","T","?","M","R","B",null,"M","?","T","?","?","R","?","T","T","R","$","R","M","M","R","B",null],"character_chosen":"WATCHER","items_purchased":["Transmutation+1","Vajra","Damaru","Sling"],"campfire_rested":5,"item_purchase_floors":[45,45,45,45],"current_hp_per_floor":[70,68,68,65,60,50,16,9,9,9,30,30,22,40,61,61,72,64,64,64,35,35,44,44,65,65,65,65,65,65,58,72,52,72,72,69,69,69,69,69,69,69,69,69,69,69,57,57,72,5],"gold":631,"neow_bonus":"UPGRADE_CARD","is_daily":false,"chose_seed":false,"campfire_upgraded":4,"win_rate":0.0,"timestamp":1609028538,"path_taken":["M","M","?","M","?","E","M","?","T","?","R","?","M","?","R","BOSS","M","?","?","M","?","E","?","R","T","R","M","?","?","?","R","BOSS","M","?","?","?","?","R","?","?","T","R","?","R","?","M","R","BOSS"],"items_purchased_type":["Card","Relic","Relic","Relic"],"build_version":"2020-12-22","purchased_purges":1,"victory":true,"max_hp_per_floor":[72,72,72,72,72,72,72,72,72,72,72,72,72,72,72,72,72,72,72,72,72,72,72,72,72,72,72,72,72,72,72,72,72,72,72,72,72,72,72,72,72,72,72,72,72,72,72,72,72,72],"card_choices":[{"not_picked":["EmptyBody","BowlingBash"],"picked":"WindmillStrike","floor":1},{"not_picked":["DeceiveReality","Worship"],"picked":"Adaptation","floor":2},{"not_picked":["Consecrate","FlurryOfBlows"],"picked":"Conclude","floor":4},{"not_picked":["ClearTheMind","BowlingBash"],"picked":"Nirvana","floor":5},{"not_picked":["CutThroughFate","EmptyFist"],"picked":"Crescendo","floor":6},{"not_picked":["WaveOfTheHand","FlyingSleeves"],"picked":"WheelKick","floor":7},{"not_picked":["Evaluate","Crescendo"],"picked":"Protect","floor":13},{"not_picked":["Omniscience","ConjureBlade"],"picked":"Blasphemy","floor":16},{"not_picked":["PathToVictory","BowlingBash"],"picked":"JustLucky+1","floor":18},{"not_picked":["Prostrate","PathToVictory+1"],"picked":"Collect","floor":20},{"not_picked":["JustLucky","Study"],"picked":"FollowUp+1","floor":21},{"not_picked":["Swivel","Meditate"],"picked":"BowlingBash+1","floor":23},{"not_picked":["LikeWater","FlyingSleeves+1"],"picked":"Protect","floor":24},{"not_picked":["EmptyFist+1","BowlingBash"],"picked":"Wallop+1","floor":28},{"not_picked":["Weave","Vengeance"],"picked":"Indignation+1","floor":31},{"not_picked":["ThirdEye","CrushJoints"],"picked":"SandsOfTime","floor":32},{"not_picked":["Scrawl","Devotion"],"picked":"Vault","floor":33},{"not_picked":[],"picked":"Wallop+1","floor":35},{"not_picked":[],"picked":"Evaluate+1","floor":47},{"not_picked":["WheelKick"],"picked":"SKIP","floor":47}],"player_experience":68778,"relics_obtained":[{"floor":6,"key":"MawBank"},{"floor":9,"key":"Tiny Chest"},{"floor":12,"key":"Art of War"},{"floor":19,"key":"FossilizedHelix"},{"floor":23,"key":"Lantern"},{"floor":26,"key":"Dream Catcher"},{"floor":29,"key":"Anchor"},{"floor":36,"key":"WingedGreaves"},{"floor":37,"key":"Bottled Tornado"},{"floor":39,"key":"Prayer Wheel"},{"floor":42,"key":"Bronze Scales"},{"floor":43,"key":"Toxic Egg 2"}],"event_choices":[{"cards_removed":["Defend_P"],"damage_healed":0,"gold_gain":0,"player_choice":"Offered Basic","damage_taken":0,"max_hp_gain":0,"max_hp_loss":0,"event_name":"Bonfire Elementals","floor":3,"gold_loss":0},{"damage_healed":0,"gold_gain":0,"player_choice":"Success","damage_taken":7,"relics_obtained":["Shuriken"],"max_hp_gain":0,"max_hp_loss":0,"event_name":"Scrap Ooze","floor":8,"gold_loss":0},{"damage_healed":0,"gold_gain":0,"player_choice":"Ignored","damage_taken":0,"max_hp_gain":0,"max_hp_loss":0,"event_name":"Shining Light","floor":10,"gold_loss":0},{"damage_healed":18,"gold_gain":0,"player_choice":"Healed","damage_taken":0,"max_hp_gain":0,"max_hp_loss":0,"event_name":"The Cleric","floor":14,"gold_loss":35},{"damage_healed":0,"gold_gain":0,"player_choice":"Upgraded","damage_taken":0,"max_hp_gain":0,"max_hp_loss":0,"event_name":"Upgrade Shrine","floor":22,"gold_loss":0,"cards_upgraded":["Blasphemy"]},{"damage_healed":0,"gold_gain":0,"player_choice":"2 cards matched","damage_taken":0,"max_hp_gain":0,"max_hp_loss":0,"event_name":"Match and Keep!","floor":30,"gold_loss":0,"cards_obtained":["LessonLearned","Eruption"]},{"damage_healed":0,"gold_gain":0,"player_choice":"Fight","damage_taken":0,"max_hp_gain":0,"max_hp_loss":0,"event_name":"MindBloom","floor":36,"gold_loss":0},{"damage_healed":0,"gold_gain":0,"player_choice":"Memory 1","damage_taken":0,"max_hp_gain":0,"max_hp_loss":0,"event_name":"SensoryStone","floor":38,"gold_loss":0},{"damage_healed":0,"gold_gain":0,"player_choice":"Fight","damage_taken":0,"max_hp_gain":0,"max_hp_loss":0,"event_name":"Mysterious Sphere","floor":39,"gold_loss":0},{"cards_removed":["Nirvana"],"damage_healed":0,"gold_gain":0,"player_choice":"Removed Power","damage_taken":0,"max_hp_gain":0,"max_hp_loss":0,"event_name":"Falling","floor":41,"gold_loss":0}],"is_beta":false,"boss_relics":[{"not_picked":["Philosopher\u0027s Stone","Tiny House"],"picked":"Velvet Choker"},{"not_picked":["Snecko Eye","HolyWater"],"picked":"Busted Crown"}],"items_purged_floors":[45],"is_endless":false,"potions_floor_spawned":[1,6,7,13,18,23,33,35,39,47],"ascension_level":0}}