{"host":"wha9hktbkslqvblg","time":1609034222,"event":{"mods":["BaseMod","Colored Map","Minty Spire (QoL Compilation)","Relic Stats","SuperFastMode","everything is the same but u backflip on backflip"],"gold_per_floor":[118,118,193,204,204,235,251,268,268,268,75,75,94,108,108,179,179,191,206,219,144,105,105,105,105,128,28,428,428,441,459,459,530,530,545,561,572,572,572,572,607,607,634,660,673,706,706,731,731,731,731,731,731,67,96,96],"floor_reached":57,"playtime":1290,"items_purged":["Strike_R","Bash","Juggernaut"],"score":3480,"play_id":"bb532ae4-78c4-4246-8e59-9280f8efb8bd","local_time":"20201227105702","is_ascension_mode":true,"campfire_choices":[{"data":"Strike_R","floor":10.0,"key":"PURGE"},{"data":"Hemokinesis","floor":12.0,"key":"SMITH"},{"data":"Dark Embrace","floor":15.0,"key":"SMITH"},{"floor":23.0,"key":"REST"},{"data":"Body Slam","floor":25.0,"key":"SMITH"},{"floor":29.0,"key":"REST"},{"data":"Barricade","floor":32.0,"key":"SMITH"},{"data":"Second Wind","floor":40.0,"key":"SMITH"},{"data":"Injury","floor":47.0,"key":"PURGE"},{"floor":49.0,"key":"RECALL"},{"data":"Power Through","floor":53,"key":"SMITH"}],"circlet_count":0,"master_deck":["AscendersBane","Second Wind+1","Offering+1","Dark Embrace+1","Barricade+1","Power Through+1","Body Slam+1","Feel No Pain"],"relics":["Burning Blood","NeowsBlessing","Blue Candle","Ice Cream","Peace Pipe","Pandora\u0027s Box","Potion Belt","Old Coin","Singing Bowl","Cursed Key","Smiling Mask","Paper Frog","Nunchaku","TungstenRod","War Paint","Pen Nib","Blood Vial"],"acts_visited":["Exordium","TheCity","TheBeyond","TheEnding"],"potions_floor_usage":[56,56,56,56],"damage_taken":[{"damage":0.0,"enemies":"Jaw Worm","floor":1.0,"turns":1.0},{"damage":0.0,"enemies":"2 Louse","floor":4.0,"turns":1.0},{"damage":0.0,"enemies":"Gremlin Nob","floor":6.0,"turns":1.0},{"damage":7.0,"enemies":"Cultist","floor":7.0,"turns":4.0},{"damage":9.0,"enemies":"Large Slime","floor":8.0,"turns":3.0},{"damage":8.0,"enemies":"Looter","floor":13.0,"turns":2.0},{"damage":8.0,"enemies":"Blue Slaver","floor":14.0,"turns":2.0},{"damage":63.0,"enemies":"Hexaghost","floor":16.0,"turns":8.0},{"damage":35.0,"enemies":"Shell Parasite","floor":18.0,"turns":3.0},{"damage":14.0,"enemies":"Chosen","floor":19.0,"turns":6.0},{"damage":6.0,"enemies":"Sentry and Sphere","floor":20.0,"turns":5.0},{"damage":6.0,"enemies":"Colosseum Slavers","floor":28.0,"turns":3.0},{"damage":6.0,"enemies":"Colosseum Nobs","floor":28.0,"turns":6.0},{"damage":6.0,"enemies":"Centurion and Healer","floor":30.0,"turns":3.0},{"damage":6.0,"enemies":"3 Cultists","floor":31.0,"turns":4.0},{"damage":6.0,"enemies":"Automaton","floor":33.0,"turns":5.0},{"damage":6.0,"enemies":"Orb Walker","floor":35.0,"turns":2.0},{"damage":13.0,"enemies":"3 Darklings","floor":36.0,"turns":3.0},{"damage":7.0,"enemies":"Writhing Mass","floor":37.0,"turns":3.0},{"damage":6.0,"enemies":"Nemesis","floor":41.0,"turns":3.0},{"damage":7.0,"enemies":"Reptomancer","floor":44.0,"turns":2.0},{"damage":6.0,"enemies":"Maw","floor":45.0,"turns":4.0},{"damage":6.0,"enemies":"Giant Head","floor":46.0,"turns":4.0},{"damage":6.0,"enemies":"Mind Bloom Boss Battle","floor":48.0,"turns":3.0},{"damage":5.0,"enemies":"Time Eater","floor":50.0,"turns":8.0},{"damage":15,"enemies":"Awakened One","floor":51,"turns":5},{"damage":5,"enemies":"Shield and Spear","floor":55,"turns":3},{"damage":5,"enemies":"The Heart","floor":56,"turns":5}],"seed_played":"-337210179188651952","potions_obtained":[{"floor":7.0,"key":"Strength Potion"},{"floor":8.0,"key":"DuplicationPotion"},{"floor":14.0,"key":"Energy Potion"},{"floor":19.0,"key":"SneckoOil"},{"floor":28.0,"key":"Swift Potion"},{"floor":30.0,"key":"BloodPotion"},{"floor":41.0,"key":"PowerPotion"},{"floor":45.0,"key":"PowerPotion"}],"is_trial":false,"path_per_floor":["M","?","?","M","?","E","M","M","T","R","$","R","M","M","R","B",null,"M","M","M","?","$","R","?","R","T","$","?","R","M","M","R","B",null,"M","M","M","?","?","R","E","?","T","E","M","E","R","?","R","B","B",null,"R","$","E","B",null],"character_chosen":"IRONCLAD","items_purchased":["Hemokinesis","Dark Embrace","Feel No Pain","War Paint","Pen Nib","GamblersBrew","Weak Potion","Energy Potion","Juggernaut"],"campfire_rested":2,"item_purchase_floors":[11,11,22,54,54,54,54,54,54],"current_hp_per_floor":[74,63,52,58,75,75,74,71,71,71,71,71,69,67,67,10,59,30,22,22,22,22,44,23,23,23,23,25,49,51,53,53,55,80,82,77,78,74,74,74,76,76,76,77,79,81,81,83,83,84,75,98,98,98,101,107],"gold":96,"neow_bonus":"THREE_ENEMY_KILL","is_daily":false,"chose_seed":false,"campfire_upgraded":6,"win_rate":0.0,"timestamp":1609034222,"path_taken":["M","?","?","?","?","E","?","M","T","R","$","R","M","M","R","BOSS","M","M","M","?","$","R","?","R","T","$","?","R","?","M","R","BOSS","M","M","M","?","?","R","E","?","T","E","M","E","R","?","R","BOSS","BOSS","R","$","E","BOSS"],"items_purchased_type":["Card","Card","Card","Relic","Relic","Potion","Potion","Potion","Card"],"build_version":"2020-12-22","purchased_purges":3,"victory":true,"max_hp_per_floor":[75,75,75,75,75,75,75,75,75,75,75,75,75,75,75,75,75,75,75,75,75,75,75,80,80,80,80,82,82,84,86,86,88,88,90,92,94,100,100,100,102,97,97,99,101,103,103,105,105,105,105,105,105,105,107,107],"relic_stats":{"Singing Bowl":32,"counters":[28,102],"Blue Candle":[2],"Pen Nib":[1],"War Paint":["Offering"],"Cursed Key":1,"Smiling Mask":75,"Burning Blood":156,"Peace Pipe":2,"Blood Vial":2,"Nunchaku":[3],"Pandora\u0027s Box":["Seeing Red","Headbutt","Exhume","True Grit","Dual Wield","Dual Wield","Dark Embrace"],"obtain_stats":[{"Ice Cream":6,"Potion Belt":26,"NeowsBlessing":0,"Singing Bowl":28,"Blue Candle":2,"Pen Nib":54,"War Paint":54,"Cursed Key":34,"Smiling Mask":41,"Burning Blood":0,"Old Coin":28,"Peace Pipe":9,"Blood Vial":55,"Nunchaku":46,"Pandora\u0027s Box":17,"TungstenRod":48,"Paper Frog":44},{"Ice Cream":3,"Potion Belt":11,"NeowsBlessing":0,"Singing Bowl":13,"Blue Candle":1,"Pen Nib":26,"War Paint":26,"Cursed Key":16,"Smiling Mask":20,"Burning Blood":0,"Old Coin":13,"Peace Pipe":5,"Blood Vial":27,"Nunchaku":23,"Pandora\u0027s Box":8,"TungstenRod":24,"Paper Frog":21},{"Ice Cream":3,"Potion Belt":36,"NeowsBlessing":0,"Singing Bowl":45,"Blue Candle":1,"Pen Nib":94,"War Paint":94,"Cursed Key":57,"Smiling Mask":68,"Burning Blood":0,"Old Coin":45,"Peace Pipe":10,"Blood Vial":97,"Nunchaku":78,"Pandora\u0027s Box":22,"TungstenRod":81,"Paper Frog":70}],"TungstenRod":5},"card_choices":[{"not_picked":["Headbutt","Anger","Reckless Charge"],"picked":"SKIP","floor":1.0},{"not_picked":["Infernal Blade","Rage"],"picked":"Second Wind","floor":4.0},{"not_picked":["Headbutt","Rampage"],"picked":"Offering","floor":6.0},{"not_picked":["Iron Wave","Warcry","Thunderclap"],"picked":"SKIP","floor":7.0},{"not_picked":["Havoc","Armaments","Flex"],"picked":"SKIP","floor":8.0},{"not_picked":["Clothesline","Cleave","Perfected Strike"],"picked":"SKIP","floor":13.0},{"not_picked":["Anger","Flex","Sword Boomerang"],"picked":"SKIP","floor":14.0},{"not_picked":["Feed","Brutality"],"picked":"Barricade","floor":16.0},{"not_picked":["Thunderclap","Body Slam"],"picked":"Power Through","floor":18.0},{"not_picked":["Pummel","Anger"],"picked":"Body Slam","floor":19.0},{"not_picked":["Rampage","Fire Breathing","Clothesline"],"picked":"SKIP","floor":20.0},{"not_picked":["Iron Wave","Dark Embrace","Sever Soul"],"picked":"Singing Bowl","floor":28.0},{"not_picked":["Twin Strike","Shrug It Off","Clash"],"picked":"Singing Bowl","floor":30.0},{"not_picked":["Armaments","Twin Strike","Heavy Blade"],"picked":"Singing Bowl","floor":31.0},{"not_picked":["Reaper","Demon Form","Brutality"],"picked":"Singing Bowl","floor":33.0},{"not_picked":["Perfected Strike","Flame Barrier","Sword Boomerang"],"picked":"Singing Bowl","floor":35.0},{"not_picked":["Pommel Strike","Intimidate+1","Clash"],"picked":"Singing Bowl","floor":36.0},{"not_picked":["Rampage","Headbutt","Shrug It Off"],"picked":"Singing Bowl","floor":37.0},{"not_picked":["Blind","Violence","The Bomb"],"picked":"Singing Bowl","floor":38.0},{"not_picked":["Panacea","Finesse","Purity"],"picked":"Singing Bowl","floor":38.0},{"not_picked":["Purity","Good Instincts","Madness"],"picked":"Singing Bowl","floor":38.0},{"not_picked":["Body Slam+1","Disarm","Havoc"],"picked":"Singing Bowl","floor":41.0},{"not_picked":["Sever Soul+1","Headbutt","Twin Strike"],"picked":"Singing Bowl","floor":44.0},{"not_picked":["Power Through","Heavy Blade+1","Havoc"],"picked":"Singing Bowl","floor":45.0},{"not_picked":["Headbutt","Sword Boomerang","Dual Wield"],"picked":"Singing Bowl","floor":46.0},{"not_picked":["Sever Soul","Pommel Strike","Iron Wave"],"picked":"Singing Bowl","floor":48.0},{"not_picked":["Heavy Blade+1","Headbutt","Berserk"],"picked":"Singing Bowl","floor":55}],"player_experience":897868,"relics_obtained":[{"floor":6.0,"key":"Ice Cream"},{"floor":9.0,"key":"Peace Pipe"},{"floor":26.0,"key":"Potion Belt"},{"floor":28.0,"key":"Old Coin"},{"floor":28.0,"key":"Singing Bowl"},{"floor":41.0,"key":"Smiling Mask"},{"floor":44.0,"key":"Paper Frog"},{"floor":46.0,"key":"Nunchaku"},{"floor":48.0,"key":"TungstenRod"},{"floor":55,"key":"Blood Vial"}],"event_choices":[{"damage_healed":0.0,"max_hp_gain":0.0,"max_hp_loss":0.0,"gold_gain":0.0,"event_name":"Scrap Ooze","player_choice":"Success","floor":2.0,"gold_loss":0.0,"damage_taken":11.0,"relics_obtained":["Blue Candle"]},{"damage_healed":0.0,"max_hp_gain":0.0,"max_hp_loss":0.0,"gold_gain":75.0,"event_name":"World of Goop","player_choice":"Gather Gold","floor":3.0,"gold_loss":0.0,"damage_taken":11.0},{"damage_healed":17.0,"max_hp_gain":0.0,"max_hp_loss":0.0,"gold_gain":0.0,"event_name":"Wheel of Change","player_choice":"Full Heal","floor":5.0,"gold_loss":0.0,"damage_taken":0.0},{"cards_removed":["Hemokinesis"],"damage_healed":0.0,"max_hp_gain":0.0,"max_hp_loss":0.0,"gold_gain":0.0,"event_name":"Beggar","player_choice":"Gave Gold","floor":21.0,"gold_loss":75.0,"damage_taken":0.0},{"damage_healed":0.0,"max_hp_gain":5.0,"max_hp_loss":0.0,"gold_gain":0.0,"event_name":"Forgotten Altar","player_choice":"Shed Blood","floor":24.0,"gold_loss":0.0,"damage_taken":26.0},{"damage_healed":0.0,"max_hp_gain":0.0,"max_hp_loss":0.0,"gold_gain":0.0,"event_name":"Colosseum","player_choice":"Fight","floor":28.0,"gold_loss":0.0,"damage_taken":0.0},{"damage_healed":0.0,"max_hp_gain":0.0,"max_hp_loss":0.0,"gold_gain":0.0,"event_name":"Colosseum","player_choice":"Fought Nobs","floor":28.0,"gold_loss":0.0,"damage_taken":0.0},{"damage_healed":0.0,"max_hp_gain":0.0,"max_hp_loss":0.0,"gold_gain":0.0,"event_name":"SensoryStone","player_choice":"Memory 3","floor":38.0,"gold_loss":0.0,"damage_taken":10.0},{"damage_healed":0.0,"max_hp_gain":0.0,"max_hp_loss":0.0,"gold_gain":0.0,"event_name":"Tomb of Lord Red Mask","player_choice":"Ignored","floor":39.0,"gold_loss":0.0,"damage_taken":0.0},{"damage_healed":0.0,"max_hp_gain":0.0,"max_hp_loss":5.0,"gold_gain":0.0,"event_name":"Winding Halls","player_choice":"Max HP","floor":42.0,"gold_loss":0.0,"damage_taken":0.0},{"damage_healed":0.0,"max_hp_gain":0.0,"max_hp_loss":0.0,"gold_gain":0.0,"event_name":"MindBloom","player_choice":"Fight","floor":48.0,"gold_loss":0.0,"damage_taken":0.0}],"is_beta":false,"boss_relics":[{"not_picked":["SlaversCollar","Mark of Pain"],"picked":"Pandora\u0027s Box"},{"not_picked":["Black Blood","Fusion Hammer"],"picked":"Cursed Key"}],"items_purged_floors":[11,27,54],"is_endless":false,"potions_floor_spawned":[7,8,14,19,28,30,41,45,55],"ascension_level":20}}