{"host":"pf47v7h0307523iy","time":1609090444,"event":{"mods":["BaseMod","Minty Spire (QoL Compilation)"],"gold_per_floor":[112,187,187,28,28,28,28,2,2,2,36,55,84,101,101,176,176,189,203,203,203],"floor_reached":20,"playtime":1110,"items_purged":[],"score":410,"play_id":"bbae64e2-f69c-4818-a279-bb165505eeb5","local_time":"20201227193404","is_ascension_mode":true,"campfire_choices":[{"floor":6,"key":"REST"},{"data":"Dagger Spray","floor":10,"key":"SMITH"},{"data":"Noxious Fumes","floor":15,"key":"SMITH"}],"circlet_count":0,"master_deck":["AscendersBane","Survivor","Neutralize+1","Dagger Spray+1","Poisoned Stab","Cloak And Dagger","Cloak And Dagger","PiercingWail","Noxious Fumes+1","Finisher","Burst","Die Die Die","Die Die Die","Burst","Venomology","Dash","Calculated Gamble","Sucker Punch","Eviscerate","Skewer","Deflect","Dash+1"],"relics":["Ring of the Snake","NeowsBlessing","Ninja Scroll","Sundial","Boot","Matryoshka","Pandora\u0027s Box"],"acts_visited":["Exordium","TheCity"],"potions_floor_usage":[13,13,13,16,18],"damage_taken":[{"damage":0,"enemies":"Cultist","floor":1,"turns":1},{"damage":0,"enemies":"3 Sentries","floor":11,"turns":1},{"damage":0,"enemies":"2 Louse","floor":12,"turns":1},{"damage":6,"enemies":"Gremlin Nob","floor":13,"turns":3},{"damage":0,"enemies":"Small Slimes","floor":14,"turns":1},{"damage":16,"enemies":"Hexaghost","floor":16,"turns":11},{"damage":9,"enemies":"2 Thieves","floor":18,"turns":4},{"damage":23,"enemies":"Chosen","floor":19,"turns":4},{"damage":25,"enemies":"Snake Plant","floor":20,"turns":3}],"seed_played":"-1558564709547076061","potions_obtained":[{"floor":13,"key":"GamblersBrew"},{"floor":16,"key":"LiquidMemories"}],"is_trial":false,"path_per_floor":["M","?","?","$","?","R","?","$","T","R","E","M","E","M","R","B",null,"M","M","M"],"character_chosen":"THE_SILENT","items_purchased":["Poisoned Stab","EntropicBrew","Cloak And Dagger"],"campfire_rested":1,"item_purchase_floors":[4,4,8],"current_hp_per_floor":[59,48,37,37,17,36,36,36,36,36,36,36,30,30,30,14,53,44,21,0,0],"gold":203,"neow_bonus":"THREE_ENEMY_KILL","is_daily":false,"chose_seed":false,"campfire_upgraded":2,"win_rate":0.0,"timestamp":1609090444,"path_taken":["M","?","?","$","?","R","?","?","T","R","E","M","E","M","R","BOSS","M","M","M"],"items_purchased_type":["Card","Potion","Card"],"build_version":"2020-12-22","purchased_purges":0,"victory":false,"max_hp_per_floor":[66,66,66,66,66,66,66,66,66,66,66,66,66,66,66,66,66,66,66,66,66],"card_choices":[{"not_picked":["Quick Slash","Acrobatics"],"picked":"Dagger Spray","floor":1},{"not_picked":["Flechettes","Poisoned Stab"],"picked":"Cloak And Dagger","floor":11},{"not_picked":["Dagger Throw","Flechettes"],"picked":"PiercingWail","floor":12},{"not_picked":["PiercingWail","Escape Plan"],"picked":"Noxious Fumes","floor":13},{"not_picked":["Outmaneuver","Unload"],"picked":"Finisher","floor":14},{"not_picked":["Bullet Time","Die Die Die"],"picked":"Burst","floor":16},{"not_picked":["Bane","All Out Attack"],"picked":"Deflect","floor":18},{"not_picked":["Dagger Spray","Deflect"],"picked":"Dash+1","floor":19}],"player_experience":1539017,"relics_obtained":[{"floor":9,"key":"Sundial"},{"floor":11,"key":"Boot"},{"floor":13,"key":"Matryoshka"}],"event_choices":[{"damage_healed":0,"gold_gain":75,"player_choice":"Gather Gold","damage_taken":11,"max_hp_gain":0,"max_hp_loss":0,"event_name":"World of Goop","floor":2,"gold_loss":0},{"damage_healed":0,"gold_gain":0,"player_choice":"Success","damage_taken":11,"relics_obtained":["Ninja Scroll"],"max_hp_gain":0,"max_hp_loss":0,"event_name":"Scrap Ooze","floor":3,"gold_loss":0},{"damage_healed":0,"gold_gain":0,"player_choice":"Entered Light","damage_taken":20,"max_hp_gain":0,"max_hp_loss":0,"event_name":"Shining Light","floor":5,"gold_loss":0,"cards_upgraded":["Neutralize","Strike_G"]},{"cards_removed":["Strike_G"],"damage_healed":0,"gold_gain":0,"player_choice":"Forget","damage_taken":0,"max_hp_gain":0,"max_hp_loss":0,"event_name":"Living Wall","floor":7,"gold_loss":0}],"is_beta":false,"boss_relics":[{"not_picked":["Empty Cage","Calling Bell"],"picked":"Pandora\u0027s Box"}],"items_purged_floors":[],"is_endless":false,"potions_floor_spawned":[13,16],"killed_by":"Snake Plant","ascension_level":20}}