{"host":"ky7z67tg8zpdk0g7","time":1609045467,"event":{"mods":["Arknights The Spire","BaseMod","Beaked The Cultist","Better Third Choice","CapriCore","Displayed Cursed Tome","Energized Spire","Fireblade Mod","Hubris","Lobotomy","LobotomyExtend","Minty Spire (QoL Compilation)","Replay The Spire","SOS???????","Shop Mod","StSLib","Td1madao Mod","The Caster","The Dragon Tamer","The Hayseed","The Hierophant","The Immortal","The Marked","The Necromancer","TheBandit","TheWitcher"],"gold_per_floor":[114,114,126,126,126,126,156,156,227,244,244,259,259,259,259,361,361,373,388,488,159,194,226,226,237,237,248,8,8,27,38,38,140,140,160,160,173,73,89,89,124,124,150,150,185,185,185],"floor_reached":46,"playtime":2377,"items_purged":["Pain","ats:Defend"],"score":521,"play_id":"4e5a739c-059d-4cb2-94c9-83495698b070","local_time":"20201227120427","is_ascension_mode":false,"campfire_choices":[{"data":"ats:Emotion Absorption","floor":6.0,"key":"SMITH"},{"data":"ats:Ambush","floor":8.0,"key":"SMITH"},{"floor":11.0,"key":"RECALL"},{"data":"ats:Soul Absorption","floor":13.0,"key":"SMITH"},{"floor":15.0,"key":"REST"},{"floor":24.0,"key":"REST"},{"data":"ats:Healing Strengthening","floor":29.0,"key":"SMITH"},{"floor":32.0,"key":"REST"},{"floor":40.0,"key":"REST"},{"floor":42.0,"key":"REST"},{"floor":44.0,"key":"REST"}],"circlet_count":0,"master_deck":["ats:Strike C","ats:Strike G","ats:Strike S","ats:Strike V","ats:Armor Crushing Shot","ats:Defend+1","ats:Defend","ats:Defend","ats:Emotion Absorption+1","ats:Soul Absorption+1","ats:Explosion Area Strengthen","ats:Ambush+1","ats:Powerful Strike","ats:Assault Order","ats:Echo Reverb","ats:Hammer On","ats:Poison Spread","ats:LN2 Cannon+1","ats:Defend Order","ats:Very Hot Blade","ats:Healing Strengthening+1","ats:Apocalypse","ats:Soul Rend","ats:Sunburst","ats:Composite Medical Shells+1","ats:Sword Rain+1","ats:Dogmatic Field","ats:Red Shift+1"],"relics":["ats:Sanity","NeowsBlessing","LetterFromLob","WarpedTongs","ats:Originium","Garlic","InkBottle","InspiredRelic","Gaze_r","energizedSpire:DeadBattery","Gremlin Horn","Red Mask","ats:Originium","Bronze Scales","ats:Spiritual Recovery","Black Star","ats:Originium","HornCleat","Centennial Puzzle","MealTicket","ats:Originium","Blue Doll","Gambling Chip"],"acts_visited":["Exordium","TheCity","TheBeyond"],"potions_floor_usage":[],"damage_taken":[{"damage":0.0,"enemies":"2 Louse","floor":1.0,"turns":1.0},{"damage":0.0,"enemies":"Cultist","floor":3.0,"turns":1.0},{"damage":0.0,"enemies":"Gremlin Nob","floor":7.0,"turns":1.0},{"damage":3.0,"enemies":"Jaw Worm","floor":10.0,"turns":4.0},{"damage":3.0,"enemies":"Looter","floor":12.0,"turns":4.0},{"damage":12.0,"enemies":"Looter","floor":14.0,"turns":4.0},{"damage":36.0,"enemies":"Fading Forest","floor":16.0,"turns":11.0},{"damage":7.0,"enemies":"2 Thieves","floor":18.0,"turns":4.0},{"damage":0.0,"enemies":"3 Byrds","floor":19.0,"turns":6.0},{"damage":6.0,"enemies":"Masked Bandits","floor":22.0,"turns":6.0},{"damage":10.0,"enemies":"Book of Stabbing","floor":23.0,"turns":6.0},{"damage":0.0,"enemies":"Centurion and Healer","floor":25.0,"turns":5.0},{"damage":8.0,"enemies":"Snake Plant","floor":27.0,"turns":4.0},{"damage":16.0,"enemies":"Shelled Parasite and Fungi","floor":30.0,"turns":6.0},{"damage":0.0,"enemies":"Cultist and Chosen","floor":31.0,"turns":7.0},{"damage":16.0,"enemies":"Collector","floor":33.0,"turns":12.0},{"damage":5.0,"enemies":"3 Darklings","floor":35.0,"turns":4.0},{"damage":6.0,"enemies":"Orb Walker","floor":37.0,"turns":4.0},{"damage":10.0,"enemies":"3 Darklings","floor":39.0,"turns":6.0},{"damage":44.0,"enemies":"Nemesis","floor":41.0,"turns":9.0},{"damage":60.0,"enemies":"beaked:SuperParasite","floor":45.0,"turns":12.0},{"damage":8,"enemies":"Writhing Mass","floor":46,"turns":1}],"seed_played":"4062242381981384624","potions_obtained":[{"floor":3.0,"key":"DuplicationPotion"},{"floor":10.0,"key":"Swift Potion"},{"floor":16.0,"key":"Milkshake"},{"floor":22.0,"key":"DistilledChaos"},{"floor":23.0,"key":"Block Potion"},{"floor":30.0,"key":"CultistPotion"}],"is_trial":false,"path_per_floor":["M","$","M","?","?","R","E","R","T","M","R","M","R","?","R","B",null,"M","M","?","$","?","E","R","M","T","M","$","R","M","M","R","B",null,"M","?","M","$","M","R","E","R","T","R","E","M"],"character_chosen":"DOCTOR_CLASS","items_purchased":["Gremlin Horn","ats:Healing Strengthening","ats:Apocalypse","ats:Spiritual Recovery"],"campfire_rested":6,"item_purchase_floors":[21,28,28,28],"current_hp_per_floor":[72,72,72,72,72,72,72,72,72,69,69,66,66,54,67,59,67,60,60,60,60,54,44,64,64,64,56,56,56,45,48,67,57,67,62,62,56,56,46,64,23,42,42,61,6,0,0],"gold":185,"neow_bonus":"THREE_ENEMY_KILL","is_daily":false,"chose_seed":false,"campfire_upgraded":4,"win_rate":0.0,"timestamp":1609045467,"path_taken":["M","$","M","?","?","R","E","R","T","?","R","M","R","?","R","BOSS","M","M","?","?","?","E","R","?","T","M","$","R","M","M","R","BOSS","M","?","M","$","M","R","E","R","T","R","E","M"],"items_purchased_type":["Relic","Card","Card","Relic"],"build_version":"2020-12-22","purchased_purges":2,"victory":false,"max_hp_per_floor":[72,72,72,72,72,72,72,72,72,72,72,72,72,67,67,67,67,67,67,67,67,67,67,67,67,67,67,67,67,67,67,67,67,67,67,64,64,64,64,64,64,64,64,64,64,64,64],"card_choices":[{"not_picked":["ats:Curse Doll","ats:Childhood Dance"],"picked":"ats:Soul Absorption","floor":1.0},{"not_picked":["ats:Rapid Magazine","ats:Support Order"],"picked":"ats:Explosion Area Strengthen","floor":3.0},{"not_picked":["ats:Hammer On","ats:Red Shift"],"picked":"ats:Ambush","floor":7.0},{"not_picked":["ats:Explosion Area Strengthen","ats:Red Shift"],"picked":"ats:Powerful Strike","floor":10.0},{"not_picked":["ats:Blood Oath","ats:Chain Hook"],"picked":"ats:Assault Order","floor":12.0},{"not_picked":["ats:Durian","ats:Soul Rend"],"picked":"ats:Echo Reverb","floor":16.0},{"not_picked":["ats:Assault Order","ats:Steam Pump"],"picked":"ats:Hammer On","floor":18.0},{"not_picked":["ats:Automatic Cover","ats:Directed Diagnosis","ats:Assault Order"],"picked":"SKIP","floor":19.0},{"not_picked":["ats:Explosion Area Strengthen","ats:Defend Order"],"picked":"ats:Poison Spread","floor":22.0},{"not_picked":["ats:Revitalization","ats:Ignite+1"],"picked":"ats:LN2 Cannon+1","floor":23.0},{"not_picked":["ats:Curse Doll","ats:Shell Defense"],"picked":"ats:Defend Order","floor":25.0},{"not_picked":["ats:Childhood Dance","ats:Curse Doll"],"picked":"ats:Very Hot Blade","floor":27.0},{"not_picked":["ats:Childhood Dance","ats:Thermite Blade"],"picked":"ats:Soul Rend","floor":30.0},{"not_picked":["ats:Childhood Dance","ats:Shell Defense"],"picked":"ats:Sunburst","floor":31.0},{"not_picked":["ats:Shell Defense","ats:Powerful Strike"],"picked":"ats:Composite Medical Shells+1","floor":35.0},{"not_picked":["ats:Assault Order","ats:Hammer On+1","ats:Shadow Raid"],"picked":"SKIP","floor":37.0},{"not_picked":["ats:Collapsing Strike","ats:Defend Order"],"picked":"ats:Sword Rain+1","floor":39.0},{"not_picked":["ats:Hook Shot+1","ats:Childhood Dance"],"picked":"ats:Dogmatic Field","floor":41.0},{"not_picked":["ats:Thorns+1","ats:Rapid Magazine+1"],"picked":"ats:Red Shift+1","floor":45.0}],"player_experience":304727,"relics_obtained":[{"floor":1.0,"key":"LetterFromLob"},{"floor":7.0,"key":"ats:Originium"},{"floor":7.0,"key":"Garlic"},{"floor":9.0,"key":"InkBottle"},{"floor":22.0,"key":"Red Mask"},{"floor":23.0,"key":"ats:Originium"},{"floor":23.0,"key":"Bronze Scales"},{"floor":41.0,"key":"ats:Originium"},{"floor":41.0,"key":"HornCleat"},{"floor":41.0,"key":"Centennial Puzzle"},{"floor":43.0,"key":"MealTicket"},{"floor":45.0,"key":"ats:Originium"},{"floor":45.0,"key":"Blue Doll"},{"floor":45.0,"key":"Gambling Chip"}],"event_choices":[{"damage_healed":0.0,"max_hp_gain":0.0,"max_hp_loss":0.0,"gold_gain":0.0,"event_name":"Accursed Blacksmith","player_choice":"Rummage","floor":5.0,"gold_loss":0.0,"damage_taken":0.0,"relics_obtained":["WarpedTongs"],"cards_obtained":["Pain"]},{"damage_healed":0.0,"max_hp_gain":0.0,"max_hp_loss":0.0,"gold_gain":100.0,"event_name":"Golden Shrine","player_choice":"Pray","floor":20.0,"gold_loss":0.0,"damage_taken":0.0},{"damage_healed":0.0,"max_hp_gain":0.0,"max_hp_loss":0.0,"gold_gain":0.0,"event_name":"Masked Bandits","player_choice":"Fought Bandits","floor":22.0,"gold_loss":0.0,"damage_taken":0.0},{"damage_healed":0.0,"max_hp_gain":0.0,"max_hp_loss":3.0,"gold_gain":0.0,"event_name":"Winding Halls","player_choice":"Max HP","floor":36.0,"gold_loss":0.0,"damage_taken":0.0}],"is_beta":false,"boss_relics":[{"not_picked":["Astrolabe","hubris:VirtuousBlindfold"],"picked":"energizedSpire:DeadBattery"},{"not_picked":["Fusion Hammer","Velvet Choker"],"picked":"Black Star"}],"items_purged_floors":[21,38],"is_endless":false,"potions_floor_spawned":[3,10,16,22,23,30,33],"killed_by":"Writhing Mass","ascension_level":0}}