{"host":"1sep654oresgee70","time":1609064245,"event":{"mods":["2.2 Compatiblity","Aspiration","BaseMod","Better Altar","Better Match","Better Note","Better Sensory Stone","Better Skull","Better Third Choice","Better Vampires","Better-Laid Plans","BetterRewards","Block Reminder","Conspire","Curses Come First","Displayed Cursed Tome","Gold Saver","Hubris","Infinite Spire","Minty Spire (QoL Compilation)","Potion Indicator Mod","Quick Restart","Red Circlet Mod","Replay The Spire","Shop Mod","Spicy Shops","StSLib","The Blue Laboratory","Thieving Mod","Transform Curses","Unceasing Turn Reminder","UnlockEverythingMod"],"gold_per_floor":[769,784,799,40,140,170,185,12,12,12,27,27,42,57,57,157,157,172,172,172,152,167,197,197,236,261,285,285,309,333,357,357,466,493,517,517,526],"floor_reached":38,"playtime":11502,"items_purged":[],"score":768,"play_id":"5a045668-b8ec-48cc-9d78-8585a231b614","local_time":"20201227111725","daily_mods":["SealedDeck","Diverse","Binary"],"is_ascension_mode":false,"campfire_choices":[{"data":"Corpse Explosion","floor":10,"key":"SMITH"},{"data":"Masterful Stab","floor":12,"key":"SMITH"},{"data":"Glacier","floor":15,"key":"SMITH"},{"data":"1","floor":24,"key":"LIFT"},{"data":"2","floor":28,"key":"LIFT"},{"data":"3","floor":32,"key":"LIFT"}],"circlet_count":0,"master_deck":["Thunderclap","Inflame","Glacier+1","FlurryOfBlows","JustLucky","Slice","Leap","TalkToTheHand","Steam","Deflect","conspire:Charge","ReplayTheSpireMod:Strike From Hell","hubris:ReadiedAction","Masterful Stab+1","Replay:Battleflow","Corpse Explosion+1","Hologram","FollowUp","Whirlwind","Replay:BluntJabs","Warcry","Atom Bomb","ReplayTheSpireMod:Repulse+1","infinitespire:Punishment","Lockon+1","Dagger Spray","Melter","Coolheaded","Self Repair","Shrug It Off+1","Calculated Gamble+1","conspire:Purge","Regret","Delirium","ReplayTheSpireMod:Splinters","Stack","hubris:NaturalOne"],"relics":["Burning Blood","aspiration:HummingbirdHeart","Unceasing Top","aspiration:StickyExplosives_weak","Replay:Wax Seal","Membership Card","Iron Hammer","SacredBark","hubris:Icosahedron","hubris:GlazedTorus","Girya","CeramicFish","Blue Doll","Replay:Ancient Bell","King of Hearts","infinitespire:Broken Mirror","aspiration:AnachronicSnailShell"],"acts_visited":["Exordium","TheCity","TheBeyond"],"potions_floor_usage":[7,14,31,33,33,35,37],"damage_taken":[{"damage":0,"enemies":"conspire:RoseBush","floor":1,"turns":3},{"damage":0,"enemies":"Small Slimes","floor":2,"turns":3},{"damage":0,"enemies":"Cultist","floor":3,"turns":4},{"damage":10,"enemies":"3 Sentries","floor":6,"turns":6},{"damage":0,"enemies":"2 Fungi Beasts","floor":7,"turns":1},{"damage":0,"enemies":"Looter","floor":11,"turns":1},{"damage":0,"enemies":"Large Slime","floor":13,"turns":3},{"damage":0,"enemies":"Gremlin Gang","floor":14,"turns":1},{"damage":0,"enemies":"Slime Boss","floor":16,"turns":4},{"damage":4,"enemies":"2 Thieves","floor":18,"turns":3},{"damage":0,"enemies":"Chosen","floor":22,"turns":3},{"damage":0,"enemies":"Gremlin Leader","floor":23,"turns":3},{"damage":11,"enemies":"Book of Stabbing","floor":25,"turns":3},{"damage":5,"enemies":"Shelled Parasite and Fungi","floor":27,"turns":3},{"damage":2,"enemies":"Chosen and Byrds","floor":29,"turns":4},{"damage":0,"enemies":"Centurion and Healer","floor":30,"turns":3},{"damage":0,"enemies":"Shelled Parasite and Fungi","floor":31,"turns":2},{"damage":51,"enemies":"Champ","floor":33,"turns":9},{"damage":6,"enemies":"3 Darklings","floor":35,"turns":3},{"damage":58,"enemies":"infinitespire:MassOfShapes","floor":37,"turns":11}],"seed_played":"5451747836825439005","potions_obtained":[{"floor":3,"key":"blueLaboratory:Moonshine"},{"floor":6,"key":"FearPotion"},{"floor":11,"key":"blueLaboratory:BottleOfVodka"},{"floor":13,"key":"blueLaboratory:ImpenetrablePotion"},{"floor":21,"key":"blueLaboratory:PolymorphPotion"},{"floor":30,"key":"blueLaboratory:FruitPunch"},{"floor":31,"key":"FearPotion"},{"floor":33,"key":"Elixir"}],"is_trial":false,"path_per_floor":["M","M","M","$","?","E","M","$","T","R","M","R","M","M","R","B",null,"M","?","AVR","?","M","E","R","E","T","M","R","M","M","M","R","B",null,"M","?","B",null],"character_chosen":"IRONCLAD","items_purchased":["aspiration:HummingbirdHeart","Masterful Stab","Unceasing Top","aspiration:StickyExplosives_weak","Replay:Battleflow","Membership Card","FollowUp"],"campfire_rested":0,"item_purchase_floors":[4,4,4,4,4,8,8],"current_hp_per_floor":[80,80,80,80,80,76,80,80,80,80,80,80,80,80,80,80,80,80,80,80,80,80,80,80,75,75,76,76,80,80,84,84,49,84,84,84,32],"gold":526,"neow_bonus":"","is_daily":true,"chose_seed":false,"campfire_upgraded":3,"win_rate":0.0,"timestamp":1609064245,"path_taken":["M","?","M","$","?","E","M","?","T","R","M","R","M","M","R","BOSS","M","?","AVR","?","M","E","R","E","T","M","R","M","?","M","R","BOSS","M","?","BOSS"],"items_purchased_type":["Relic","Card","Relic","Relic","Card","Relic","Card"],"build_version":"2020-12-22","purchased_purges":0,"victory":true,"max_hp_per_floor":[80,80,80,80,80,80,80,80,80,80,80,80,80,80,80,80,80,80,80,80,80,80,80,80,80,80,80,80,80,80,84,84,84,84,84,84,84],"card_choices":[{"not_picked":["Consecrate"],"picked":"conspire:Charge","floor":1},{"not_picked":["Clash"],"picked":"ReplayTheSpireMod:Strike From Hell","floor":2},{"not_picked":["Pummel"],"picked":"hubris:ReadiedAction","floor":3},{"not_picked":["Coolheaded"],"picked":"Corpse Explosion","floor":6},{"not_picked":["EmptyBody"],"picked":"Hologram","floor":7},{"not_picked":["Run Through"],"picked":"Whirlwind","floor":11},{"not_picked":["Thunderclap"],"picked":"Replay:BluntJabs","floor":13},{"not_picked":["Iron Wave"],"picked":"Warcry","floor":14},{"not_picked":["Biased Cognition"],"picked":"Atom Bomb","floor":16},{"not_picked":["Replay:BluntJabs"],"picked":"ReplayTheSpireMod:Repulse+1","floor":18},{"not_picked":["MentalFortress+1"],"picked":"Lockon+1","floor":22},{"not_picked":["Gash"],"picked":"Dagger Spray","floor":23},{"not_picked":["hubris:Sniper"],"picked":"Melter","floor":25},{"not_picked":["Sucker Punch"],"picked":"Coolheaded","floor":27},{"not_picked":["CarveReality"],"picked":"Self Repair","floor":29},{"not_picked":["Iron Wave"],"picked":"Shrug It Off+1","floor":30},{"not_picked":["Consecrate"],"picked":"Calculated Gamble+1","floor":31},{"not_picked":["Blasphemy"],"picked":"conspire:Purge","floor":33},{"not_picked":["Shame"],"picked":"Regret","floor":34},{"not_picked":["Hallucinations"],"picked":"Delirium","floor":34},{"not_picked":["Regret"],"picked":"ReplayTheSpireMod:Splinters","floor":34},{"not_picked":["EmptyBody"],"picked":"Stack","floor":35}],"player_experience":2384575,"relics_obtained":[{"floor":6,"key":"Replay:Wax Seal"},{"floor":9,"key":"Iron Hammer"},{"floor":23,"key":"Girya"},{"floor":25,"key":"CeramicFish"},{"floor":26,"key":"Blue Doll"}],"event_choices":[{"damage_healed":0,"gold_gain":100,"player_choice":"Gold","damage_taken":0,"max_hp_gain":0,"max_hp_loss":0,"event_name":"Wheel of Change","floor":5,"gold_loss":0},{"damage_healed":0,"gold_gain":0,"player_choice":"Bought 1 Potion","damage_taken":0,"max_hp_gain":0,"max_hp_loss":0,"event_name":"The Woman in Blue","floor":21,"gold_loss":0},{"damage_healed":0,"gold_gain":0,"player_choice":"Portal","damage_taken":0,"max_hp_gain":0,"max_hp_loss":0,"event_name":"betterThird:BetterPortal","floor":36,"gold_loss":0}],"is_beta":false,"boss_relics":[{"not_picked":["hubris:Stopwatch","Kintsugi"],"picked":"SacredBark"},{"not_picked":["Runic Pyramid","Black Star"],"picked":"Replay:Ancient Bell"},{"not_picked":["Bag of Marbles","Smiling Mask"],"picked":"King of Hearts"},{"not_picked":["infinitespire:FocusingShard","White Beast Statue"],"picked":"infinitespire:Broken Mirror"},{"not_picked":["TungstenRod","WingedGreaves"],"picked":"aspiration:AnachronicSnailShell"}],"items_purged_floors":[],"is_endless":false,"potions_floor_spawned":[3,6,11,13,27,30,31,33],"ascension_level":0}}