{"host":"5m8gbqgvq32pf5bg","time":1609088358,"event":{"mods":["Act Like it!","Ascension Reborn","Aspiration","BaseMod","Beaked The Cultist","Better Altar","Better Match","BetterRewards","Clockwork Mod","Conspire","DeckTracker","Defuse TimeMaze Blight","Dio Mod","Downfall","Elementarium","Fiend Mod","Gremlin Mod","Halation","Hallownest","Hermit","Hubris","Infinite Spire","KomeijiMod","Lobotomy","Luminous","Minty Spire (QoL Compilation)","Pale of the Ancients","Rare Cards Sparkle","Replay The Spire","Robot Space Explorer","Shade Mod","Somnambulant","StSLib","The Animator","The Bladedancer","The Clintock","The Death Knight","The Dragon Tamer","The Elementalist","The Exalted","The Forsaken","The Hierophant","The Judge","The Necromancer","The Problem Sleuth","The Sage","The Saiyan","TheVacant","vexMod","??????REMEMod","????"],"gold_per_floor":[110,128,128,174,220,220,220,220,247,247,247,247],"floor_reached":10,"playtime":1177,"items_purged":[],"score":56,"play_id":"38a61477-95df-4226-a9f9-a03a4f084f8b","local_time":"20201228035918","is_ascension_mode":true,"campfire_choices":[{"data":"theSleuth:ThinkAhead","floor":6,"key":"SMITH"},{"data":"theSleuth:ForceDeck","floor":8,"key":"SMITH"}],"circlet_count":0,"master_deck":["theSleuth:Strike","theSleuth:Strike","theSleuth:Strike","theSleuth:Strike","theSleuth:Defend","theSleuth:Defend","theSleuth:Defend","theSleuth:KeyHandgun","theSleuth:TakeInventory","theSleuth:Diplomacy","theSleuth:BellyOTheWhale","theSleuth:ForceDeck+1","theSleuth:ThinkAhead+1","theSleuth:Taze","theSleuth:CharismaBlast"],"relics":["theSleuth:Typewriter","REME_ComplimentaryCards","aspiration:Nostalgia","PureWater","aspiration:HummingbirdHeart","hubris:TenFootPole"],"acts_visited":["Exordium"],"potions_floor_usage":[5],"damage_taken":[{"damage":2,"enemies":"conspire:RoseBush","floor":1,"turns":4},{"damage":11,"enemies":"infinitespire:Voidling","floor":2,"turns":7},{"damage":46,"enemies":"conspire:MimicChest","floor":4,"turns":10},{"damage":0,"enemies":"2 Louse","floor":5,"turns":3},{"damage":24,"enemies":"3 Sentries","floor":10,"turns":8}],"seed_played":"6767689181383885480","potions_obtained":[{"floor":2,"key":"Venom Potion"},{"floor":4,"key":"REME_GoldPotion"}],"is_trial":false,"path_per_floor":["M","M","?","?","M","R","?","R","T","E"],"character_chosen":"THE_sleuth","items_purchased":[],"campfire_rested":0,"item_purchase_floors":[],"current_hp_per_floor":[71,70,70,24,24,24,24,24,24,0,0,0],"gold":247,"neow_bonus":"NOSTALGIA","is_daily":false,"chose_seed":false,"campfire_upgraded":2,"win_rate":0.0,"timestamp":1609088358,"path_taken":["M","M","?","?","M","R","?","R","T","E"],"items_purchased_type":[],"build_version":"2020-12-22","purchased_purges":0,"victory":false,"max_hp_per_floor":[73,73,73,73,73,73,73,73,73,73,73,73],"card_choices":[{"not_picked":["theSleuth:Unscale","theSleuth:Ogle"],"picked":"theSleuth:BellyOTheWhale","floor":1},{"not_picked":["theSleuth:CandyLeather","theSleuth:WilsonBust"],"picked":"theSleuth:ThinkAhead","floor":2},{"not_picked":["theSleuth:Ogle","theSleuth:Distill"],"picked":"theSleuth:Taze","floor":4},{"not_picked":["theSleuth:WilsonBust","theSleuth:Taze"],"picked":"theSleuth:CharismaBlast","floor":5}],"player_experience":203353,"relics_obtained":[{"floor":4,"key":"aspiration:HummingbirdHeart"},{"floor":9,"key":"hubris:TenFootPole"}],"event_choices":[{"damage_healed":0,"gold_gain":0,"player_choice":"3","damage_taken":0,"max_hp_gain":0,"max_hp_loss":0,"event_name":"betterMatch:BetterMatch","floor":7,"gold_loss":0,"cards_obtained":[]}],"is_beta":false,"boss_relics":[],"items_purged_floors":[],"is_endless":false,"potions_floor_spawned":[2,4],"killed_by":"3 Sentries","ascension_level":0}}