{"host":"KYO","time":1609031514,"event":{"mods":["BaseMod","BetterRewards","Minty Spire (QoL Compilation)","Remove Card Discount Mod","Shop Mod","StSLib","SuperFastMode","[IsaacMod]ÒÔÈö¼âËþ","noobMod"],"gold_per_floor":[112,112,112,112,112,148,148,183,183,226,244,277,295,308,308,437,500,521,535,535,598,612,643,643,684,684,612,527,563,576,596,596,720,720,735,799,799,808,808,841,856,896,896,948,948,990,859,899,899,899,899,899,839,870,870],"floor_reached":56,"playtime":3311,"items_purged":["Defend_P","Strike_P","Strike_P","Defend_P","Defend_P","Strike_P","Defend_P","Strike_P","Eruption+1","Vigilance","SuicideKing","Madness","MentalFortress+1","Tantrum+1","InnerPeace+1","DevaForm+1"],"score":2629,"play_id":"922f0d99-93b1-40fe-9962-00f39ed7e5b8","local_time":"20201227091154","is_ascension_mode":true,"campfire_choices":[{"data":"Eruption","floor":7.0,"key":"SMITH"},{"data":"Ragnarok","floor":15.0,"key":"SMITH"},{"data":"DevaForm","floor":32.0,"key":"SMITH"},{"floor":49,"key":"RECALL"},{"data":"MentalFortress","floor":52,"key":"SMITH"}],"circlet_count":1,"master_deck":["AscendersBane","Prostrate+1","Ragnarok+1","Madness+1","Alpha+1","Madness+1"],"relics":["HolyWater","HushsDoor","ice","SteamSale","MerchantsRug","Bag of Marbles","Blue Candle","Medical Kit","Vajra","Meat on the Bone","BloodBag","BFFS","Golden Idol","Bronze Scales","White Beast Statue","Damaru","CloakClasp","DeadEye","TheBible","Juzu Bracelet","TuHaoJin","Necronomicon","Art of War","Anchor","TheAbacus","CeramicFish","Lizard Tail","Toxic Egg 2","CaptainsWheel","MealTicket","Pen Nib","Nunchaku","Regal Pillow","The Courier","Membership Card","SalivaCoin","Pantograph","Blood Vial","HowToJump","SatanicBible","BookOfRevelations","Akabeko","DeathBook","Shuriken","Bag of Preparation","Mercury Hourglass","Unceasing Top","Toy Ornithopter","YumHeart","War Paint","MoneyPower","Happy Flower","HornCleat","Orichalcum","Sundial","Incense Burner","Centennial Puzzle","BelialBook","TungstenRod","Strawberry","Oddly Smooth Stone","Yang","Void","InkBottle","TheBean","Mango","Eternal Feather","StoneCalendar","GuppysHead","Boot","AnarchistCookbook","PillsDrop","UnicornStump","SharpPlug","Bottled Flame","DoctorsRemote","BookofShadows","Bottled Lightning","Gremlin Horn","Ornamental Fan","Mummified Hand","TeardropLocket","Pocketwatch","EdensBlessing","PokeGo","GoldenEye","ForgetMeNow","BlankCard","Turnip","Leech","D6","Ice Cream","Du-Vu Doll","GuppysTail","Bird Faced Urn","PunchingBag","Torii","Thread and Needle","Calipers","GuppysPaw","Ginger","FossilizedHelix","Gambling Chip","D4","D6","Chemical X","Circlet"],"acts_visited":["Exordium","TheCity","TheBeyond","TheEnding"],"potions_floor_usage":[55,55],"damage_taken":[{"damage":0.0,"enemies":"2 Louse","floor":1.0,"turns":1.0},{"damage":16.0,"enemies":"3 Sentries","floor":6.0,"turns":4.0},{"damage":0.0,"enemies":"Lagavulin","floor":8.0,"turns":3.0},{"damage":6.0,"enemies":"3 Sentries","floor":10.0,"turns":3.0},{"damage":0.0,"enemies":"Small Slimes","floor":11.0,"turns":1.0},{"damage":0.0,"enemies":"Lagavulin","floor":12.0,"turns":3.0},{"damage":0.0,"enemies":"Cultist","floor":13.0,"turns":2.0},{"damage":1.0,"enemies":"3 Louse","floor":14.0,"turns":2.0},{"damage":13.0,"enemies":"The Guardian","floor":16.0,"turns":3.0},{"damage":0.0,"enemies":"3 Byrds","floor":18.0,"turns":3.0},{"damage":12.0,"enemies":"2 Thieves","floor":19.0,"turns":3.0},{"damage":0.0,"enemies":"Hiden Room Battle","floor":21.0,"turns":4.0},{"damage":0.0,"enemies":"Chosen and Byrds","floor":22.0,"turns":3.0},{"damage":6.0,"enemies":"Slavers","floor":23.0,"turns":4.0},{"damage":0.0,"enemies":"Book of Stabbing","floor":25.0,"turns":2.0},{"damage":28.0,"enemies":"Gremlin Leader","floor":29.0,"turns":3.0},{"damage":0.0,"enemies":"Sentry and Sphere","floor":30.0,"turns":1.0},{"damage":9.0,"enemies":"Snecko","floor":31.0,"turns":3.0},{"damage":16.0,"enemies":"Champ","floor":33.0,"turns":6.0},{"damage":0.0,"enemies":"Orb Walker","floor":35.0,"turns":1.0},{"damage":39,"enemies":"2 Orb Walkers","floor":36,"turns":3},{"damage":16,"enemies":"Giant Head","floor":40,"turns":4},{"damage":0,"enemies":"3 Shapes","floor":41,"turns":1},{"damage":19,"enemies":"Reptomancer","floor":42,"turns":4},{"damage":5,"enemies":"Nemesis","floor":46,"turns":3},{"damage":4,"enemies":"Reptomancer","floor":48,"turns":4},{"damage":46,"enemies":"Time Eater","floor":50,"turns":5},{"damage":0,"enemies":"Shield and Spear","floor":54,"turns":1},{"damage":0,"enemies":"The Heart","floor":55,"turns":3}],"seed_played":"7977359832551399979","potions_obtained":[{"floor":1.0,"key":"BlessingOfTheForge"},{"floor":8.0,"key":"Ancient Potion"},{"floor":10.0,"key":"Fire Potion"},{"floor":11.0,"key":"Explosive Potion"},{"floor":17.0,"key":"BottledMiracle"},{"floor":18.0,"key":"Fire Potion"},{"floor":29.0,"key":"ColorlessPotion"},{"floor":31.0,"key":"Block Potion"},{"floor":33.0,"key":"LiquidMemories"},{"floor":54,"key":"FearPotion"}],"is_trial":false,"path_per_floor":["M","?","?","?","?","E","R","E","T","E","M","E","M","M","R","B",null,"M","M","?","?","M","E","?","E","T","$","?","E","M","M","R","B",null,"M","?","?","?","?","E","M","E","T","T","?","E","$","E","R","B",null,"R","$","E","B",null],"character_chosen":"WATCHER","items_purchased":["SteamSale","MerchantsRug","Prostrate","Bag of Marbles","Blue Candle","Medical Kit","Vajra","Ragnarok","Meat on the Bone","Omamori","Lee\u0027s Waffle","Madness","BFFS","Anchor","TheAbacus","Nunchaku","Madness+1","Regal Pillow","Block Potion","Membership Card","SalivaCoin","Pantograph","Blood Vial","HowToJump","SatanicBible","BookOfRevelations","Akabeko","DeathBook","Shuriken","Bag of Preparation","Mercury Hourglass","Unceasing Top","Toy Ornithopter","YumHeart","War Paint","MoneyPower","Happy Flower","HornCleat","Orichalcum","Sundial","Incense Burner","Centennial Puzzle","BelialBook","TungstenRod","Strawberry","Oddly Smooth Stone","Yang","Void","InkBottle","TheBean","Mango","Eternal Feather","Pear","StoneCalendar","GuppysHead","Boot","AnarchistCookbook","PillsDrop","UnicornStump","SharpPlug","Bottled Flame","DoctorsRemote","BookofShadows","Bottled Lightning","Gremlin Horn","Ornamental Fan","Mummified Hand","TeardropLocket","Pocketwatch","EdensBlessing","PokeGo","GoldenEye","ForgetMeNow","BlankCard","Turnip","Leech","D6","Diplopia","Ice Cream","Du-Vu Doll","GuppysTail","Bird Faced Urn","PunchingBag","Torii","Thread and Needle","Calipers","GuppysPaw","Ginger","FossilizedHelix","Gambling Chip","D4","Chemical X"],"campfire_rested":0,"item_purchase_floors":[0,0,0,0,0,0,0,0,0,0,0,0,0,27,27,47,47,47,47,53,53,53,53,53,53,53,53,53,53,53,53,53,53,53,53,53,53,53,53,53,53,53,53,53,53,53,53,53,53,53,53,53,53,53,53,53,53,53,53,53,53,53,53,53,53,53,53,53,53,53,53,53,53,53,53,53,53,53,53,53,53,53,53,53,53,53,53,53,53,53,53,53],"current_hp_per_floor":[86,86,65,65,65,49,49,49,49,55,55,55,55,54,54,53,83,83,71,71,56,56,50,34,46,46,46,46,30,42,45,45,41,79,79,52,52,52,57,53,53,46,46,46,46,53,68,64,64,30,72,72,117,117,117],"gold":870,"neow_bonus":"","is_daily":false,"chose_seed":false,"campfire_upgraded":4,"win_rate":0.0,"timestamp":1609031514,"path_taken":["M","?","?","?","?","E","R","E","T","E","M","E","M","M","R","BOSS","M","?","?","?","M","E","?","E","T","$","?","E","M","M","R","BOSS","M","?","?","?","?","E","M","E","T","?","?","E","$","E","R","BOSS","R","$","E","BOSS"],"items_purchased_type":["Relic","Relic","Card","Relic","Relic","Relic","Relic","Card","Relic","Relic","Relic","Card","Relic","Relic","Relic","Relic","Card","Relic","Potion","Relic","Relic","Relic","Relic","Relic","Relic","Relic","Relic","Relic","Relic","Relic","Relic","Relic","Relic","Relic","Relic","Relic","Relic","Relic","Relic","Relic","Relic","Relic","Relic","Relic","Relic","Relic","Relic","Card","Relic","Relic","Relic","Relic","Relic","Relic","Relic","Relic","Relic","Relic","Relic","Relic","Relic","Relic","Relic","Relic","Relic","Relic","Relic","Relic","Relic","Relic","Relic","Relic","Relic","Relic","Relic","Relic","Relic","Relic","Relic","Relic","Relic","Relic","Relic","Relic","Relic","Relic","Relic","Relic","Relic","Relic","Relic","Relic"],"build_version":"2020-12-18","purchased_purges":16,"victory":true,"max_hp_per_floor":[86,86,86,86,86,86,86,86,86,86,86,86,86,86,86,86,91,91,91,91,91,91,91,91,91,91,91,91,91,91,91,91,91,91,91,91,91,91,91,91,91,91,91,91,86,86,86,86,86,86,86,86,117,117,117],"card_choices":[{"not_picked":[],"picked":"SuicideKing","floor":0.0},{"not_picked":["Evaluate","SignatureMove","ClearTheMind"],"picked":"SKIP","floor":1.0},{"not_picked":["Blasphemy","CarveReality"],"picked":"Halt","floor":6.0},{"not_picked":["SignatureMove","Prostrate"],"picked":"Devotion","floor":8.0},{"not_picked":["Worship","FlyingSleeves","Evaluate"],"picked":"SKIP","floor":10.0},{"not_picked":["Evaluate","WindmillStrike"],"picked":"InnerPeace","floor":11.0},{"not_picked":["Evaluate","Halt","Judgement"],"picked":"SKIP","floor":12.0},{"not_picked":["Sanctity","TalkToTheHand"],"picked":"Tantrum","floor":13.0},{"not_picked":["Protect","ReachHeaven","CarveReality"],"picked":"SKIP","floor":14.0},{"not_picked":["Judgement","ConjureBlade"],"picked":"DevaForm","floor":16.0},{"not_picked":["JustLucky","FlurryOfBlows"],"picked":"MentalFortress","floor":17.0},{"not_picked":["CutThroughFate","ThirdEye","SandsOfTime"],"picked":"SKIP","floor":18.0},{"not_picked":["EmptyMind","Prostrate","CarveReality"],"picked":"SKIP","floor":19.0},{"not_picked":["Tantrum+1","FlyingSleeves","Protect"],"picked":"SKIP","floor":22.0},{"not_picked":["ReachHeaven","FlurryOfBlows","Meditate"],"picked":"SKIP","floor":23.0},{"not_picked":["BowlingBash","EmptyMind","EmptyFist"],"picked":"SKIP","floor":25.0},{"not_picked":["Prostrate","ThirdEye","Fasting2"],"picked":"SKIP","floor":29.0},{"not_picked":["Consecrate+1","JustLucky+1","MentalFortress"],"picked":"SKIP","floor":30.0},{"not_picked":["SashWhip","WaveOfTheHand","EmptyMind"],"picked":"SKIP","floor":31.0},{"not_picked":["BowlingBash+1","CrushJoints","Evaluate"],"picked":"SKIP","floor":35.0},{"not_picked":["SuicideKing","Mind Blast"],"picked":"Madness","floor":38},{"not_picked":["Swivel","Devotion","FlurryOfBlows"],"picked":"SKIP","floor":40},{"not_picked":["BowlingBash","PathToVictory","CutThroughFate"],"picked":"SKIP","floor":41},{"not_picked":["EmptyFist","Blasphemy+1","EmptyBody+1"],"picked":"SKIP","floor":42},{"not_picked":["TalkToTheHand","CrushJoints"],"picked":"Alpha+1","floor":46},{"not_picked":["PathToVictory+1","SpiritShield+1","DevaForm"],"picked":"SKIP","floor":48},{"not_picked":["SashWhip","CutThroughFate","Nirvana"],"picked":"SKIP","floor":54}],"player_experience":550649,"relics_obtained":[{"floor":6.0,"key":"White Beast Statue"},{"floor":8.0,"key":"Damaru"},{"floor":10.0,"key":"CloakClasp"},{"floor":12.0,"key":"DeadEye"},{"floor":21.0,"key":"TheBible"},{"floor":21.0,"key":"Juzu Bracelet"},{"floor":23.0,"key":"TuHaoJin"},{"floor":24.0,"key":"Necronomicon"},{"floor":25.0,"key":"Art of War"},{"floor":26.0,"key":"Whetstone"},{"floor":36,"key":"Lizard Tail"},{"floor":40,"key":"StrikeDummy"},{"floor":42,"key":"Toxic Egg 2"},{"floor":43,"key":"CaptainsWheel"},{"floor":44,"key":"MealTicket"},{"floor":46,"key":"Pen Nib"},{"floor":48,"key":"The Courier"},{"floor":54,"key":"Circlet"}],"event_choices":[{"damage_healed":0.0,"max_hp_gain":0.0,"max_hp_loss":0.0,"gold_gain":0.0,"event_name":"Liars Game","player_choice":"Ignored","floor":2.0,"gold_loss":0.0,"damage_taken":0.0},{"damage_healed":0.0,"max_hp_gain":0.0,"max_hp_loss":0.0,"gold_gain":0.0,"event_name":"Golden Idol","player_choice":"Take Damage","floor":3.0,"gold_loss":0.0,"damage_taken":21.0,"relics_obtained":["Golden Idol"]},{"damage_healed":0.0,"max_hp_gain":0.0,"max_hp_loss":0.0,"gold_gain":0.0,"event_name":"Accursed Blacksmith","player_choice":"Forge","floor":4.0,"gold_loss":0.0,"damage_taken":0.0,"cards_upgraded":["Madness"]},{"damage_healed":0.0,"max_hp_gain":0.0,"max_hp_loss":0.0,"gold_gain":0.0,"event_name":"Big Fish","player_choice":"Box","floor":5.0,"gold_loss":0.0,"damage_taken":0.0,"relics_obtained":["Bronze Scales"],"cards_obtained":["Regret"]},{"damage_healed":0.0,"max_hp_gain":0.0,"max_hp_loss":0.0,"gold_gain":0.0,"event_name":"Ghosts","player_choice":"Ignored","floor":20.0,"gold_loss":0.0,"damage_taken":0.0},{"damage_healed":0.0,"max_hp_gain":0.0,"max_hp_loss":0.0,"gold_gain":0.0,"event_name":"HidenRoomEvent","player_choice":"Fight","floor":21.0,"gold_loss":0.0,"damage_taken":0.0},{"damage_healed":0.0,"max_hp_gain":0.0,"max_hp_loss":0.0,"gold_gain":0.0,"event_name":"Cursed Tome","player_choice":"Obtained Book","floor":24.0,"gold_loss":0.0,"damage_taken":16.0},{"damage_healed":0.0,"max_hp_gain":0.0,"max_hp_loss":0.0,"gold_gain":0.0,"event_name":"Addict","player_choice":"Obtained Relic","floor":28.0,"gold_loss":85.0,"damage_taken":0.0,"relics_obtained":["CeramicFish"]},{"damage_healed":0,"gold_gain":0,"player_choice":"Fight","damage_taken":0,"max_hp_gain":0,"max_hp_loss":0,"event_name":"Mysterious Sphere","floor":36,"gold_loss":0},{"cards_removed":["Devotion"],"damage_healed":0,"gold_gain":0,"player_choice":"Removed Power","damage_taken":0,"max_hp_gain":0,"max_hp_loss":0,"event_name":"Falling","floor":37,"gold_loss":0},{"damage_healed":0,"gold_gain":0,"player_choice":"Memory 1","damage_taken":0,"max_hp_gain":0,"max_hp_loss":0,"event_name":"SensoryStone","floor":38,"gold_loss":0},{"cards_removed":["Halt"],"damage_healed":5,"gold_gain":0,"player_choice":"Offered Common","damage_taken":0,"max_hp_gain":0,"max_hp_loss":0,"event_name":"Bonfire Elementals","floor":39,"gold_loss":0},{"cards_removed":["Halt"],"damage_healed":5,"gold_gain":0,"player_choice":"Offered Special","damage_taken":0,"max_hp_gain":0,"max_hp_loss":0,"event_name":"Bonfire Elementals","floor":39,"gold_loss":0},{"damage_healed":0,"gold_gain":0,"player_choice":"Max HP","damage_taken":0,"max_hp_gain":0,"max_hp_loss":5,"event_name":"Winding Halls","floor":45,"gold_loss":0}],"is_beta":true,"boss_relics":[{"not_picked":["Pandora\u0027s Box","Snecko Eye"],"picked":"Tiny House"},{"not_picked":[]},{"not_picked":["Sozu","Philosopher\u0027s Stone"],"picked":"HolyWater"},{"not_picked":[]}],"items_purged_floors":[0,0,0,0,0,0,0,0,27,27,27,47,53,53,53,53],"is_endless":false,"potions_floor_spawned":[1,8,10,11,12,13,14,16,18,19,21,22,23,25,29,30,31,33,35,36,40,41,42,46,48,54],"ascension_level":11}}