{"host":"5gc11emcm5chfr5t","time":1609034583,"event":{"mods":["2.2 Compatiblity","AchievementEnabler","BaseMod","Bestiary","Better Note","Colored Map","Colored Powertips","Downfall","Googly Eyes","Minty Spire (QoL Compilation)","Rare Cards Sparkle","StSLib"],"gold_per_floor":[99,99,99,99,99,130,130,55,55,55,86,105,119,132,144,144,144],"floor_reached":16,"playtime":501,"items_purged":[],"score":266,"play_id":"3f86beb0-0ca5-4b53-a88c-7c1970d02d60","local_time":"20201226210303","is_ascension_mode":true,"campfire_choices":[{"floor":1,"key":"RECALL"},{"floor":8,"key":"REST"}],"circlet_count":0,"master_deck":["AscendersBane","sneckomod:Strike+1","sneckomod:Strike+1","sneckomod:Strike+1","sneckomod:Defend","sneckomod:Defend","sneckomod:Defend","sneckomod:TailWhip","sneckomod:SnekBite","sneckomod:Unknown","sneckomod:Unknown","sneckomod:RainOfDice","Regret","sneckomod:QuickBite","sneckomod:SlitherStrike","sneckomod:UnknownRarePower+1","sneckomod:QuickMove","sneckomod:QuickMove","sneckomod:IronFang","sneckomod:UnknownVulnerable"],"relics":["sneckomod:SneckoSoul","downfall:HeartsMalice","Bronze Scales","Smiling Mask","downfall:HeartBlessingBlue","Frozen Egg 2","PreservedInsect"],"acts_visited":["Exordium"],"potions_floor_usage":[11,15,16,16,16,16],"damage_taken":[{"damage":0,"enemies":"Jaw Worm","floor":2,"turns":1},{"damage":0,"enemies":"Gremlin Nob","floor":6,"turns":1},{"damage":0,"enemies":"2 Louse","floor":9,"turns":1},{"damage":40,"enemies":"3 Sentries","floor":11,"turns":8},{"damage":0,"enemies":"Small Slimes","floor":12,"turns":1},{"damage":4,"enemies":"Red Slaver","floor":13,"turns":2},{"damage":0,"enemies":"2 Fungi Beasts","floor":14,"turns":2},{"damage":27,"enemies":"Gremlin Gang","floor":15,"turns":4},{"damage":26,"enemies":"downfall:Watcher","floor":16,"turns":5}],"seed_played":"4858773691960302797","potions_obtained":[{"floor":6,"key":"CultistPotion"},{"floor":11,"key":"Block Potion"},{"floor":13,"key":"GamblersBrew"},{"floor":15,"key":"EntropicBrew"}],"is_trial":false,"path_per_floor":["R","M","?","?","?","E","T","R","M","T","E","M","M","M","M","B"],"character_chosen":"THE_SNECKO","items_purchased":[],"campfire_rested":1,"item_purchase_floors":[],"current_hp_per_floor":[75,75,75,75,75,75,75,93,93,93,54,54,50,50,24,0,0],"gold":144,"neow_bonus":"THREE_ENEMY_KILL","is_daily":false,"chose_seed":false,"campfire_upgraded":0,"win_rate":0.0,"timestamp":1609034583,"path_taken":["R","M","?","?","?","E","T","R","M","?","E","M","M","M","M","BOSS"],"items_purchased_type":[],"build_version":"2020-12-22","purchased_purges":0,"victory":false,"max_hp_per_floor":[83,83,83,83,83,83,83,93,93,93,94,94,94,94,95,95,95],"card_choices":[{"not_picked":["sneckomod:SoulDraw","sneckomod:UnknownWeak"],"picked":"sneckomod:RainOfDice","floor":2},{"not_picked":["sneckomod:IronFang","sneckomod:UnknownVulnerable"],"picked":"sneckomod:QuickBite","floor":6},{"not_picked":["sneckomod:SoulCleanse","sneckomod:IronFang"],"picked":"sneckomod:SlitherStrike","floor":9},{"not_picked":["sneckomod:RainOfDice","sneckomod:SoulRoll"],"picked":"sneckomod:UnknownRarePower+1","floor":11},{"not_picked":["sneckomod:UnknownWeak","sneckomod:QuickBite"],"picked":"sneckomod:QuickMove","floor":12},{"not_picked":["sneckomod:Nope","sneckomod:UnknownBlock"],"picked":"sneckomod:QuickMove","floor":13},{"not_picked":["sneckomod:RainOfDice","sneckomod:UnknownBlock"],"picked":"sneckomod:IronFang","floor":14},{"not_picked":["sneckomod:UnknownWeak","sneckomod:UnknownStrike"],"picked":"sneckomod:UnknownVulnerable","floor":15}],"player_experience":499602,"relics_obtained":[{"floor":6,"key":"Smiling Mask"},{"floor":10,"key":"Frozen Egg 2"},{"floor":11,"key":"PreservedInsect"}],"event_choices":[{"damage_healed":0,"gold_gain":0,"player_choice":"Box","damage_taken":0,"relics_obtained":["Bronze Scales"],"max_hp_gain":0,"max_hp_loss":0,"event_name":"Big Fish","floor":3,"gold_loss":0,"cards_obtained":["Regret"]},{"cards_removed":["Regret"],"damage_healed":0,"gold_gain":0,"player_choice":"Forget","damage_taken":0,"max_hp_gain":0,"max_hp_loss":0,"event_name":"Living Wall","floor":5,"gold_loss":0}],"is_beta":false,"boss_relics":[],"items_purged_floors":[],"is_endless":false,"potions_floor_spawned":[6,11,13,15],"killed_by":"downfall:Watcher","ascension_level":20}}