{"host":"792mtbovsoa03nb3","time":1609043247,"event":{"mods":["BaseMod","Colored Map","Downfall","Infinite Spire","Minty Spire (QoL Compilation)","Spicy Shops","StSLib","The Blue Laboratory","The Jungle"],"gold_per_floor":[115,15,15,30,105,135,135,168,168,168,180,180,191,222,222,320,320,340,355,52,62,72,102,102,102,102],"floor_reached":25,"playtime":927,"items_purged":[],"score":314,"play_id":"cf4a8f62-34fd-4e05-af29-01c512801a33","local_time":"20201226202727","is_ascension_mode":true,"campfire_choices":[{"data":"Uppercut","floor":7,"key":"SMITH"},{"data":"Iron Wave","floor":10,"key":"SMITH"},{"data":"Pummel","floor":12,"key":"SMITH"},{"data":"Rampage","floor":15,"key":"SMITH"},{"data":"Fiend Fire","floor":24,"key":"SMITH"}],"circlet_count":0,"master_deck":["Strike_R","Strike_R","Strike_R","Strike_R","Strike_R","Defend_R","Defend_R","Defend_R","Defend_R","Bash","Pummel+1","Armaments+1","True Grit","Shrug It Off","Uppercut+1","Iron Wave+1","Blood for Blood","Rampage+1","Fiend Fire+1","Offering","Fire Breathing+1","Metallicize+1","Wild Strike"],"relics":["Burning Blood","Frozen Egg 2","Strawberry","Lantern","Lizard Tail","Busted Crown","Thread and Needle","HornCleat"],"acts_visited":["Exordium","TheCity"],"potions_floor_usage":[6,14,16,23,25,25],"damage_taken":[{"damage":0,"enemies":"Small Slimes","floor":1,"turns":3},{"damage":5,"enemies":"Jaw Worm","floor":4,"turns":4},{"damage":19,"enemies":"Gremlin Nob","floor":6,"turns":3},{"damage":30,"enemies":"Lagavulin","floor":8,"turns":9},{"damage":0,"enemies":"Cultist","floor":11,"turns":2},{"damage":16,"enemies":"Gremlin Gang","floor":13,"turns":5},{"damage":29,"enemies":"3 Sentries","floor":14,"turns":10},{"damage":24,"enemies":"The Guardian","floor":16,"turns":12},{"damage":18,"enemies":"Shell Parasite","floor":18,"turns":3},{"damage":1,"enemies":"Chosen","floor":19,"turns":3},{"damage":31,"enemies":"Snake Plant","floor":21,"turns":6},{"damage":15,"enemies":"Snecko","floor":22,"turns":6},{"damage":35,"enemies":"Book of Stabbing","floor":23,"turns":7},{"damage":33,"enemies":"Gremlin Leader","floor":25,"turns":5}],"seed_played":"-7023565841604021207","potions_obtained":[{"floor":4,"key":"ColorlessPotion"},{"floor":13,"key":"blueLaboratory:SavagePotion"},{"floor":14,"key":"AttackPotion"},{"floor":16,"key":"blueLaboratory:HorrorPotion"},{"floor":18,"key":"SteroidPotion"},{"floor":19,"key":"FearPotion"},{"floor":21,"key":"blueLaboratory:FrostheartPotion"}],"is_trial":false,"path_per_floor":["M","$","?","M","?","E","R","E","T","R","M","R","M","E","R","B",null,"M","M","$","M","M","E","R","E"],"character_chosen":"IRONCLAD","items_purchased":["Armaments","True Grit","Thread and Needle"],"campfire_rested":0,"item_purchase_floors":[2,2,20],"current_hp_per_floor":[88,88,88,88,80,67,67,50,50,50,56,56,46,23,23,75,95,83,88,88,63,54,25,25,0,0],"gold":102,"neow_bonus":"TEN_PERCENT_HP_BONUS","is_daily":false,"chose_seed":false,"campfire_upgraded":5,"win_rate":0.0,"timestamp":1609043247,"path_taken":["M","$","?","M","?","E","R","E","T","R","M","R","M","E","R","BOSS","M","?","$","M","M","E","R","E"],"items_purchased_type":["Card","Card","Relic"],"build_version":"2020-12-22","purchased_purges":0,"victory":false,"max_hp_per_floor":[88,88,88,88,88,88,88,95,95,95,95,95,95,95,95,95,95,95,95,95,95,95,95,95,95,95],"card_choices":[{"not_picked":["Heavy Blade","Sentinel"],"picked":"Pummel","floor":1},{"not_picked":["Evolve","Clothesline"],"picked":"Shrug It Off","floor":4},{"not_picked":["Evolve+1","Combust+1"],"picked":"Uppercut","floor":6},{"not_picked":["Shrug It Off","Headbutt"],"picked":"Iron Wave","floor":8},{"not_picked":["Thunderclap","Dark Embrace+1"],"picked":"Blood for Blood","floor":11},{"not_picked":["Uppercut","infinitespire:OneForAll"],"picked":"Rampage","floor":13},{"not_picked":["Evolve+1","Exhume"],"picked":"Fiend Fire","floor":14},{"not_picked":["Impervious","Brutality+1"],"picked":"Offering","floor":16},{"not_picked":[],"picked":"Fire Breathing+1","floor":18},{"not_picked":["Havoc"],"picked":"SKIP","floor":19},{"not_picked":[],"picked":"Metallicize+1","floor":21},{"not_picked":["Dropkick"],"picked":"SKIP","floor":22},{"not_picked":[],"picked":"Wild Strike","floor":23}],"player_experience":791723,"relics_obtained":[{"floor":6,"key":"Frozen Egg 2"},{"floor":8,"key":"Strawberry"},{"floor":9,"key":"Lantern"},{"floor":14,"key":"Lizard Tail"},{"floor":23,"key":"HornCleat"}],"event_choices":[{"damage_healed":0,"gold_gain":0,"player_choice":"Grow","damage_taken":0,"max_hp_gain":0,"max_hp_loss":0,"event_name":"Living Wall","floor":3,"gold_loss":0,"cards_upgraded":["Armaments"]},{"damage_healed":0,"gold_gain":75,"player_choice":"Touch","damage_taken":8,"max_hp_gain":0,"max_hp_loss":0,"event_name":"FaceTrader","floor":5,"gold_loss":0}],"is_beta":false,"boss_relics":[{"not_picked":["SacredBark","Runic Pyramid"],"picked":"Busted Crown"}],"items_purged_floors":[],"is_endless":false,"potions_floor_spawned":[4,13,14,16,18,19,21],"killed_by":"Gremlin Leader","ascension_level":4}}