{"host":"fa96ppy4vc5r7pma","time":1609068356,"event":{"mods":["BaseMod","Best Route Mod","Bestiary","Block Reminder","Colored Map","Dota2Spire","Ekko","GungeonMod","Hermit","Highlight Path","Hubris","Minty Spire (QoL Compilation)","Permanent Neow","Quick Restart","Random Character Button","Relic Stats","Replay The Spire","StSLib","The Blue Laboratory","The Servant 0.9.4"],"gold_per_floor":[114,129,139,154,169,169,195,195,222,236,236,269,285,303,303,401,401,416,416,416,436,7,7,42,42,122,33,43,43,43,59,59,59,59],"floor_reached":33,"playtime":1948,"items_purged":[],"score":306,"play_id":"f4e1135d-3249-4184-bd16-d3f2f63de2f1","local_time":"20201227062556","is_ascension_mode":false,"campfire_choices":[{"data":"hermit:CalledShot","floor":6,"key":"SMITH"},{"data":"hermit:BigShot","floor":8,"key":"SMITH"},{"data":"hermit:GoldenBullet","floor":11,"key":"SMITH"},{"data":"hermit:NoHoldsBarred","floor":15,"key":"SMITH"},{"data":"hermit:HeroicBravado","floor":23,"key":"SMITH"},{"floor":25,"key":"REST"},{"floor":30,"key":"REST"},{"floor":32,"key":"REST"}],"circlet_count":0,"master_deck":["hermit:Strike_Hermit","hermit:Strike_Hermit","hermit:Strike_Hermit","hermit:Strike_Hermit","hermit:Defend_Hermit","hermit:Defend_Hermit","hermit:Defend_Hermit","hermit:Defend_Hermit","hermit:Snapshot","hermit:Covet","hermit:NoHoldsBarred+1","hermit:GhostlyPresence","hermit:ShadowCloak","hermit:Headshot","hermit:CalledShot+1","hermit:BigShot+1","hermit:GoldenBullet+1","hermit:Spite","hermit:Vantage","hermit:BodyArmor","hermit:HeroicBravado+1","hermit:Horror","hermit:Snipe","hermit:PistolWhip","hermit:Feint","hermit:Malice","hermit:Quickdraw","hermit:BigShot","hermit:GoldenBullet+1","hermit:GhostlyPresence"],"relics":["hermit:ClaspedLocket","NeowsBlessing","DemoMod:ClearGuonStone","Dota2Spire:MaskOfMadness","Akabeko","Replay:Wax Seal","Strange Spoon","DemoMod:PinkGuonStone","Potion Belt","Bottled Tornado"],"acts_visited":["Exordium","TheCity"],"potions_floor_usage":[7,12,12,16,16,24,24,33],"damage_taken":[{"damage":0,"enemies":"2 Louse","floor":1,"turns":1},{"damage":0,"enemies":"Small Slimes","floor":2,"turns":1},{"damage":0,"enemies":"Cultist","floor":3,"turns":1},{"damage":0,"enemies":"Looter","floor":4,"turns":3},{"damage":6,"enemies":"2 Fungi Beasts","floor":5,"turns":4},{"damage":0,"enemies":"Replay:BlueRogue","floor":7,"turns":7},{"damage":5,"enemies":"Gremlin Gang","floor":10,"turns":4},{"damage":5,"enemies":"Lagavulin","floor":12,"turns":5},{"damage":12,"enemies":"Large Slime","floor":13,"turns":6},{"damage":7,"enemies":"Exordium Thugs","floor":14,"turns":4},{"damage":7,"enemies":"Slime Boss","floor":16,"turns":8},{"damage":9,"enemies":"2 Thieves","floor":18,"turns":3},{"damage":0,"enemies":"Chosen","floor":21,"turns":4},{"damage":17,"enemies":"Book of Stabbing","floor":24,"turns":5},{"damage":19,"enemies":"Snecko","floor":27,"turns":5},{"damage":21,"enemies":"Snake Plant","floor":28,"turns":5},{"damage":15,"enemies":"Centurion and Healer","floor":31,"turns":5},{"damage":99,"enemies":"Champ","floor":33,"turns":13}],"seed_played":"-7876404620502729829","potions_obtained":[{"floor":2,"key":"blueLaboratory:BottleOfVodka"},{"floor":3,"key":"blueLaboratory:BottledHope"},{"floor":5,"key":"blueLaboratory:PhilterOfMotion"},{"floor":10,"key":"blueLaboratory:BubblePotion"},{"floor":13,"key":"AttackPotion"},{"floor":18,"key":"Death Potion"},{"floor":21,"key":"Languid Potion"},{"floor":28,"key":"Dota2Spire:HealingSalve"}],"is_trial":false,"path_per_floor":["M","M","M","M","M","R","E","R","T","M","R","E","M","M","R_BF","B",null,"M","?","?","M","$","R","E","R","T","M","M","?","R","M","R","B"],"character_chosen":"HERMIT","items_purchased":["Replay:Wax Seal","Strange Spoon","DemoMod:PinkGuonStone","hermit:Feint","hermit:Malice"],"campfire_rested":3,"item_purchase_floors":[22,22,22,22,22],"current_hp_per_floor":[75,75,75,75,69,69,69,69,69,64,64,59,57,50,50,56,75,66,66,66,66,73,73,56,80,80,65,44,44,68,53,77,0,0],"gold":59,"neow_bonus":"THREE_ENEMY_KILL","is_daily":false,"chose_seed":false,"campfire_upgraded":5,"win_rate":0.0,"timestamp":1609068356,"path_taken":["M","M","M","M","M","R","E","R","T","M","R","E","M","M","R_BF","BOSS","M","?","?","M","$","R","E","R","T","M","M","?","R","M","R","BOSS"],"items_purchased_type":["Relic","Relic","Relic","Card","Card"],"build_version":"2020-12-22","purchased_purges":0,"victory":false,"max_hp_per_floor":[75,75,75,75,75,75,75,75,75,75,75,75,75,75,75,75,75,75,75,75,75,82,82,82,82,82,82,82,82,82,82,82,82,82],"relic_stats":{"Strange Spoon":[9],"counters":[18,84],"obtain_stats":[{"Potion Belt":24,"Dota2Spire:MaskOfMadness":12,"Strange Spoon":22,"hermit:ClaspedLocket":17,"NeowsBlessing":0,"DemoMod:GlassGuonStoneRelic":3,"DemoMod:PinkGuonStone":22,"DemoMod:ClearGuonStone":7,"Replay:Wax Seal":22,"Bottled Tornado":26,"hermit:Momento":0,"Akabeko":20},{"Potion Belt":14,"Dota2Spire:MaskOfMadness":8,"Strange Spoon":13,"hermit:ClaspedLocket":11,"NeowsBlessing":0,"DemoMod:GlassGuonStoneRelic":3,"DemoMod:PinkGuonStone":13,"DemoMod:ClearGuonStone":6,"Replay:Wax Seal":13,"Bottled Tornado":14,"hermit:Momento":0,"Akabeko":12},{"Potion Belt":56,"Dota2Spire:MaskOfMadness":26,"Strange Spoon":51,"hermit:ClaspedLocket":44,"NeowsBlessing":0,"DemoMod:GlassGuonStoneRelic":3,"DemoMod:PinkGuonStone":51,"DemoMod:ClearGuonStone":17,"Replay:Wax Seal":51,"Bottled Tornado":56,"hermit:Momento":0,"Akabeko":47}]},"card_choices":[{"not_picked":["hermit:SprayPray","hermit:Coalescence"],"picked":"hermit:NoHoldsBarred","floor":1},{"not_picked":["hermit:Determination","hermit:BodyArmor"],"picked":"hermit:GhostlyPresence","floor":2},{"not_picked":["hermit:LowProfile","hermit:LoneWolf"],"picked":"hermit:ShadowCloak","floor":3},{"not_picked":["hermit:Misfire","hermit:Adapt"],"picked":"hermit:Headshot","floor":4},{"not_picked":["hermit:Midnight","hermit:Desperado"],"picked":"hermit:CalledShot","floor":5},{"not_picked":["hermit:Headshot","hermit:LuckOfTheDraw"],"picked":"hermit:BigShot","floor":7},{"not_picked":["hermit:TrackingShot","hermit:BodyArmor"],"picked":"hermit:GoldenBullet","floor":10},{"not_picked":["hermit:HighCaliber","hermit:Gestalt"],"picked":"hermit:Spite","floor":12},{"not_picked":["hermit:HighCaliber","hermit:Glare"],"picked":"hermit:Vantage","floor":13},{"not_picked":["hermit:TrackingShot","hermit:CalledShot"],"picked":"hermit:BodyArmor","floor":14},{"not_picked":["hermit:FatalDesire","hermit:EternalForm"],"picked":"hermit:HeroicBravado","floor":16},{"not_picked":["hermit:Feint","hermit:LowProfile"],"picked":"hermit:Horror","floor":18},{"not_picked":["hermit:Glare","hermit:BodyArmor"],"picked":"hermit:PistolWhip","floor":21},{"not_picked":["hermit:HoleUp","hermit:HighCaliber"],"picked":"hermit:Quickdraw","floor":24},{"not_picked":["hermit:Misfire","hermit:Glare","hermit:Gestalt"],"picked":"SKIP","floor":27},{"not_picked":["hermit:Spite","hermit:Horror"],"picked":"hermit:BigShot","floor":28},{"not_picked":["hermit:Misfire","hermit:TrackingShot+1"],"picked":"hermit:GhostlyPresence","floor":31}],"player_experience":91933,"relics_obtained":[{"floor":7,"key":"DemoMod:ClearGuonStone"},{"floor":12,"key":"Dota2Spire:MaskOfMadness"},{"floor":24,"key":"Potion Belt"},{"floor":26,"key":"Bottled Tornado"}],"event_choices":[{"damage_healed":0,"gold_gain":0,"player_choice":"Read","damage_taken":0,"max_hp_gain":0,"max_hp_loss":0,"event_name":"The Library","floor":19,"gold_loss":0,"cards_obtained":["hermit:Snipe"]},{"damage_healed":0,"gold_gain":0,"player_choice":"Copied","damage_taken":0,"max_hp_gain":0,"max_hp_loss":0,"event_name":"Duplicator","floor":29,"gold_loss":0,"cards_obtained":["hermit:GoldenBullet"]}],"is_beta":false,"boss_relics":[{"not_picked":["ReplayTheSpireMod:DimensionalGlitch","hubris:VirtuousBlindfold"],"picked":"hermit:ClaspedLocket"}],"items_purged_floors":[],"is_endless":false,"potions_floor_spawned":[2,3,5,10,13,18,21,28],"killed_by":"Champ","ascension_level":0}}