{"host":"vin62evtek9meclw","time":1609102790,"event":{"mods":["BaseMod","Filter the Spire","Minty Spire (QoL Compilation)","Relic Stats","StSLib"],"gold_per_floor":[118,138,138,88,104,104,115,128,152,152,167,209,209,241,241,346,346,367,367,367,421,91,91,118,132,155,155,168,204,204,225,225,333,333,348,268,292,305,80,123,132,55,80,80,90,90,140,169,169,169,169,169,13,57,57],"floor_reached":56,"playtime":2947,"items_purged":["Strike_P","Defend_P","Defend_P"],"score":1210,"play_id":"e2bfe17f-8327-45b3-8a1d-d8269edd5752","local_time":"20201227145950","is_ascension_mode":false,"campfire_choices":[{"data":"BattleHymn","floor":6.0,"key":"SMITH"},{"data":"Adaptation","floor":10.0,"key":"SMITH"},{"data":"Meditate","floor":13.0,"key":"SMITH"},{"floor":15.0,"key":"REST"},{"data":"SpiritShield","floor":23.0,"key":"SMITH"},{"floor":27.0,"key":"REST"},{"data":"Tantrum","floor":30.0,"key":"SMITH"},{"floor":32.0,"key":"REST"},{"floor":44.0,"key":"RECALL"},{"data":"TalkToTheHand","floor":46.0,"key":"SMITH"},{"data":"Ragnarok","floor":49.0,"key":"SMITH"},{"data":"Meditate","floor":52.0,"key":"SMITH"}],"circlet_count":0,"master_deck":["Strike_P","Strike_P","Defend_P","Defend_P","Eruption","Vigilance","BattleHymn+1","Tantrum+1","Adaptation+1","BowlingBash","Meditate+1","Meditate+1","SpiritShield+1","ThirdEye","EmptyBody","FearNoEvil+1","CutThroughFate","FollowUp","Ragnarok+1","Evaluate+1","Wallop","Wallop+1","Evaluate","TalkToTheHand+1","Omniscience"],"relics":["SlaversCollar","Smiling Mask","Vajra","CeramicFish","CaptainsWheel","VioletLotus","Enchiridion","Gremlin Horn","Anchor","Ice Cream","Philosopher\u0027s Stone","Nunchaku","ClockworkSouvenir","White Beast Statue","Centennial Puzzle","Turnip","Bag of Marbles","Bronze Scales","Blue Candle"],"acts_visited":["Exordium","TheCity","TheBeyond","TheEnding"],"potions_floor_usage":[55,55,55],"damage_taken":[{"damage":6.0,"enemies":"Jaw Worm","floor":1.0,"turns":5.0},{"damage":0.0,"enemies":"2 Louse","floor":2.0,"turns":4.0},{"damage":0.0,"enemies":"Small Slimes","floor":5.0,"turns":2.0},{"damage":9.0,"enemies":"Gremlin Gang","floor":7.0,"turns":2.0},{"damage":11.0,"enemies":"Blue Slaver","floor":8.0,"turns":3.0},{"damage":2.0,"enemies":"Exordium Thugs","floor":11.0,"turns":3.0},{"damage":0.0,"enemies":"Lagavulin","floor":12.0,"turns":4.0},{"damage":16.0,"enemies":"Gremlin Nob","floor":14.0,"turns":3.0},{"damage":8.0,"enemies":"The Guardian","floor":16.0,"turns":7.0},{"damage":0.0,"enemies":"Chosen","floor":18.0,"turns":3.0},{"damage":3.0,"enemies":"Spheric Guardian","floor":24.0,"turns":3.0},{"damage":28.0,"enemies":"Centurion and Healer","floor":25.0,"turns":3.0},{"damage":4.0,"enemies":"Snake Plant","floor":28.0,"turns":3.0},{"damage":8.0,"enemies":"Book of Stabbing","floor":29.0,"turns":4.0},{"damage":0.0,"enemies":"Cultist and Chosen","floor":31.0,"turns":3.0},{"damage":3.0,"enemies":"Champ","floor":33.0,"turns":6.0},{"damage":1.0,"enemies":"Orb Walker","floor":35.0,"turns":3.0},{"damage":0.0,"enemies":"3 Darklings","floor":37.0,"turns":3.0},{"damage":0.0,"enemies":"Transient","floor":38.0,"turns":5.0},{"damage":4.0,"enemies":"Giant Head","floor":40.0,"turns":4.0},{"damage":0.0,"enemies":"4 Shapes","floor":45.0,"turns":3.0},{"damage":0.0,"enemies":"Mind Bloom Boss Battle","floor":47.0,"turns":2.0},{"damage":1.0,"enemies":"Nemesis","floor":48.0,"turns":3.0},{"damage":29.0,"enemies":"Time Eater","floor":50.0,"turns":9.0},{"damage":27.0,"enemies":"Shield and Spear","floor":54.0,"turns":5.0},{"damage":11,"enemies":"The Heart","floor":55,"turns":6}],"seed_played":"-8888867673575118221","potions_obtained":[{"floor":5.0,"key":"SteroidPotion"},{"floor":11.0,"key":"FearPotion"},{"floor":16.0,"key":"Swift Potion"},{"floor":24.0,"key":"SteroidPotion"},{"floor":28.0,"key":"BlessingOfTheForge"},{"floor":29.0,"key":"LiquidMemories"},{"floor":35.0,"key":"StancePotion"},{"floor":47.0,"key":"DuplicationPotion"}],"is_trial":false,"path_per_floor":["M","M","?","$","M","R","M","M","T","R","M","E","R","E","R","B",null,"M","?","?","T","$","R","M","M","T","R","M","E","R","M","R","B",null,"M","?","M","M","$","E","?","$","T","R","M","R","?","E","R","B",null,"R","$","E","B",null],"character_chosen":"WATCHER","items_purchased":["Gremlin Horn","EmptyBody","Wallop","ClockworkSouvenir","TalkToTheHand","Bronze Scales"],"campfire_rested":3,"item_purchase_floors":[22,22,39,39,42,53],"current_hp_per_floor":[66,66,54,54,54,54,45,34,34,34,32,32,32,16,37,29,72,72,72,56,56,56,56,53,25,25,46,42,34,34,34,55,52,72,71,71,71,71,71,67,67,67,67,67,67,67,67,66,66,37,72,72,72,45,34],"gold":57,"neow_bonus":"BOSS_RELIC","is_daily":false,"chose_seed":false,"campfire_upgraded":8,"win_rate":0.0,"timestamp":1609102790,"path_taken":["M","M","?","$","M","R","M","M","T","R","M","E","R","E","R","BOSS","M","?","?","?","$","R","?","M","T","R","M","E","R","M","R","BOSS","M","?","?","M","$","E","?","?","T","R","M","R","?","E","R","BOSS","R","$","E","BOSS"],"items_purchased_type":["Relic","Card","Card","Relic","Card","Relic"],"build_version":"2020-12-22","purchased_purges":3,"victory":true,"max_hp_per_floor":[72,72,72,72,72,72,72,72,72,72,72,72,72,72,72,72,72,72,72,72,72,72,72,72,72,72,72,72,72,72,72,72,72,72,72,72,72,72,72,72,72,72,72,72,72,72,72,72,72,72,72,72,72,72,72],"relic_stats":{"Nunchaku":[12],"Centennial Puzzle":[12],"Gremlin Horn":[8,8],"counters":[26,101],"CeramicFish":126,"Bronze Scales":[63],"Blue Candle":[0],"VioletLotus":[35],"Turnip":[2],"Smiling Mask":150,"obtain_stats":[{"Ice Cream":29,"Gremlin Horn":22,"CeramicFish":12,"Blue Candle":54,"Vajra":9,"Enchiridion":20,"Smiling Mask":3,"White Beast Statue":40,"ClockworkSouvenir":39,"SlaversCollar":0,"CaptainsWheel":14,"Anchor":26,"Nunchaku":36,"Centennial Puzzle":43,"Bronze Scales":53,"Philosopher\u0027s Stone":34,"VioletLotus":17,"Turnip":47,"Bag of Marbles":48,"PureWater":0},{"Ice Cream":14,"Gremlin Horn":10,"CeramicFish":7,"Blue Candle":25,"Vajra":5,"Enchiridion":10,"Smiling Mask":2,"White Beast Statue":20,"ClockworkSouvenir":19,"SlaversCollar":0,"CaptainsWheel":8,"Anchor":12,"Nunchaku":17,"Centennial Puzzle":20,"Bronze Scales":24,"Philosopher\u0027s Stone":16,"VioletLotus":9,"Turnip":22,"Bag of Marbles":23,"PureWater":0},{"Ice Cream":49,"Gremlin Horn":36,"CeramicFish":23,"Blue Candle":95,"Vajra":16,"Enchiridion":36,"Smiling Mask":9,"White Beast Statue":73,"ClockworkSouvenir":69,"SlaversCollar":0,"CaptainsWheel":26,"Anchor":42,"Nunchaku":61,"Centennial Puzzle":73,"Bronze Scales":90,"Philosopher\u0027s Stone":58,"VioletLotus":33,"Turnip":78,"Bag of Marbles":81,"PureWater":0}]},"card_choices":[{"not_picked":["CrushJoints","JustLucky"],"picked":"BattleHymn","floor":1.0},{"not_picked":["ForeignInfluence","WindmillStrike"],"picked":"Tantrum","floor":2.0},{"not_picked":["ThirdEye","Protect"],"picked":"Adaptation","floor":5.0},{"not_picked":["WreathOfFlame","Vengeance","Protect"],"picked":"SKIP","floor":7.0},{"not_picked":["ForeignInfluence","EmptyFist"],"picked":"BowlingBash","floor":8.0},{"not_picked":["ClearTheMind","CarveReality"],"picked":"Meditate","floor":11.0},{"not_picked":["WindmillStrike","DevaForm"],"picked":"Meditate","floor":12.0},{"not_picked":["InnerPeace","FlyingSleeves","Halt"],"picked":"SKIP","floor":14.0},{"not_picked":["Devotion","Judgement"],"picked":"SpiritShield","floor":16.0},{"not_picked":["WindmillStrike+1","JustLucky"],"picked":"ThirdEye","floor":18.0},{"not_picked":["PathToVictory+1","SashWhip"],"picked":"FearNoEvil+1","floor":24.0},{"not_picked":["Protect+1","FlyingSleeves","PathToVictory+1"],"picked":"SKIP","floor":25.0},{"not_picked":["FlyingSleeves","SashWhip","Crescendo"],"picked":"SKIP","floor":28.0},{"not_picked":["WreathOfFlame","LikeWater"],"picked":"CutThroughFate","floor":29.0},{"not_picked":["Prostrate","Tantrum"],"picked":"FollowUp","floor":31.0},{"not_picked":["Judgement","Devotion"],"picked":"Ragnarok","floor":33.0},{"not_picked":["Swivel+1","PathToVictory","Evaluate"],"picked":"SKIP","floor":35.0},{"not_picked":["JustLucky+1","WindmillStrike"],"picked":"Evaluate+1","floor":37.0},{"not_picked":["Evaluate","SashWhip","Protect+1"],"picked":"SKIP","floor":38.0},{"not_picked":["Perseverance+1","Blasphemy"],"picked":"Wallop+1","floor":40.0},{"not_picked":["Conclude","FlyingSleeves","CrushJoints"],"picked":"SKIP","floor":45.0},{"not_picked":["ClearTheMind","SignatureMove+1","WheelKick"],"picked":"SKIP","floor":48.0},{"not_picked":["SashWhip","CrushJoints"],"picked":"Omniscience","floor":54.0}],"player_experience":2214064,"relics_obtained":[{"floor":9.0,"key":"Vajra"},{"floor":12.0,"key":"CeramicFish"},{"floor":14.0,"key":"CaptainsWheel"},{"floor":20.0,"key":"Enchiridion"},{"floor":26.0,"key":"Anchor"},{"floor":29.0,"key":"Ice Cream"},{"floor":40.0,"key":"White Beast Statue"},{"floor":43.0,"key":"Centennial Puzzle"},{"floor":47.0,"key":"Turnip"},{"floor":48.0,"key":"Bag of Marbles"},{"floor":54.0,"key":"Blue Candle"}],"event_choices":[{"damage_healed":0.0,"max_hp_gain":0.0,"max_hp_loss":0.0,"gold_gain":0.0,"event_name":"Scrap Ooze","player_choice":"Success","floor":3.0,"gold_loss":0.0,"damage_taken":12.0,"relics_obtained":["Smiling Mask"]},{"damage_healed":0.0,"max_hp_gain":0.0,"max_hp_loss":0.0,"gold_gain":0.0,"event_name":"Vampires","player_choice":"Ignored","floor":19.0,"gold_loss":0.0,"damage_taken":0.0},{"damage_healed":0.0,"max_hp_gain":0.0,"max_hp_loss":0.0,"gold_gain":0.0,"event_name":"Cursed Tome","player_choice":"Obtained Book","floor":20.0,"gold_loss":0.0,"damage_taken":16.0},{"damage_healed":0.0,"max_hp_gain":0.0,"max_hp_loss":0.0,"gold_gain":0.0,"event_name":"WeMeetAgain","player_choice":"Paid Gold","floor":36.0,"gold_loss":80.0,"damage_taken":0.0,"relics_obtained":["Nunchaku"]},{"damage_healed":0.0,"max_hp_gain":0.0,"max_hp_loss":0.0,"gold_gain":0.0,"cards_transformed":["Strike_P"],"event_name":"Transmorgrifier","player_choice":"Transformed","floor":41.0,"gold_loss":0.0,"damage_taken":0.0,"cards_obtained":["Evaluate"]},{"damage_healed":0.0,"max_hp_gain":0.0,"max_hp_loss":0.0,"gold_gain":0.0,"event_name":"MindBloom","player_choice":"Fight","floor":47.0,"gold_loss":0.0,"damage_taken":0.0}],"is_beta":false,"boss_relics":[{"not_picked":["Snecko Eye","Astrolabe"],"picked":"VioletLotus"},{"not_picked":["Runic Pyramid","Black Star"],"picked":"Philosopher\u0027s Stone"}],"items_purged_floors":[4,22,42],"is_endless":false,"potions_floor_spawned":[5,11,16,24,28,29,35,37,45,47,48,54],"ascension_level":0}}