{"host":"6qo42zgaknezulyg","time":1609045202,"event":{"mods":["2.2 Compatiblity","BaseMod","Colored Map","Downfall","Highlight Path","Keyboard Shortcuts","Minty Spire (QoL Compilation)","Permanent Neow","Quick Restart","StSLib","SuperFastMode"],"gold_per_floor":[99,118,135,235,252,286,286,299,224,65,80,99,110,140,157,253,253,253,264,278,298,308,308,358,358,358,370,370,380,400,434,454,554,554,554,554,567,567,587,587,633,643,71,84,84,102,102,211,222,222],"floor_reached":51,"playtime":2199,"items_purged":["champ:Strike"],"score":1244,"play_id":"48fd481b-f5e6-4815-b2df-688f27b6d2f6","local_time":"20201227140002","is_ascension_mode":true,"campfire_choices":[{"data":"expansioncontent:QuickStudy","floor":1.0,"key":"SMITH"},{"data":"champ:FaceSlap","floor":9.0,"key":"SMITH"},{"data":"champ:Devastate","floor":18.0,"key":"SMITH"},{"floor":26.0,"key":"REST"},{"data":"champ:Devastate","floor":35.0,"key":"SMITH"},{"data":"champ:StrikeOfGenius","floor":40.0,"key":"SMITH"},{"data":"champ:BerserkerStyle","floor":45.0,"key":"SMITH"},{"data":"champ:Taunt","floor":47.0,"key":"SMITH"}],"circlet_count":0,"master_deck":["champ:Strike","champ:Strike","champ:Defend","champ:Defend","champ:Defend","champ:Defend","champ:Execute","champ:Taunt+1","expansioncontent:QuickStudy+1","champ:Haymaker","champ:FaceSlap+1","expansioncontent:QuickStudy+1","champ:Devastate+1","champ:StrikeOfGenius+1","champ:BerserkerStyle+1","champ:Devastate+1","Ghostly","Ghostly+1","Ghostly","Ghostly","Ghostly","champ:Encircle","champ:AdrenalArmor","champ:Aggression+1"],"relics":["champ:ChampionCrown","Pear","champ:SpectersHand","downfall:HeartBlessingGreen","DollysMirror","TungstenRod","Black Star","Anchor","Bottled Lightning","Kunai","Coffee Dripper","Akabeko","Bag of Preparation","Guardian:BottledAnomaly","Guardian:GemstoneGun","Art of War"],"acts_visited":["Exordium","TheCity","TheBeyond"],"potions_floor_usage":[50,50],"damage_taken":[{"damage":0.0,"enemies":"Small Slimes","floor":2.0,"turns":1.0},{"damage":5.0,"enemies":"Cultist","floor":3.0,"turns":3.0},{"damage":4.0,"enemies":"Jaw Worm","floor":5.0,"turns":2.0},{"damage":16.0,"enemies":"Lagavulin","floor":6.0,"turns":5.0},{"damage":5.0,"enemies":"Red Slaver","floor":8.0,"turns":4.0},{"damage":10.0,"enemies":"downfall:FleeingMerchant","floor":10.0,"turns":4.0},{"damage":3.0,"enemies":"Blue Slaver","floor":11.0,"turns":3.0},{"damage":5.0,"enemies":"Gremlin Gang","floor":12.0,"turns":4.0},{"damage":5.0,"enemies":"Blue Slaver","floor":13.0,"turns":2.0},{"damage":18.0,"enemies":"Gremlin Nob","floor":14.0,"turns":5.0},{"damage":0.0,"enemies":"3 Louse","floor":15.0,"turns":1.0},{"damage":30.0,"enemies":"downfall:Watcher","floor":16.0,"turns":7.0},{"damage":7.0,"enemies":"3 Byrds","floor":19.0,"turns":5.0},{"damage":14.0,"enemies":"Spheric Guardian","floor":20.0,"turns":4.0},{"damage":56.0,"enemies":"Cultist and Chosen","floor":21.0,"turns":8.0},{"damage":10.0,"enemies":"Snake Plant","floor":22.0,"turns":5.0},{"damage":4.0,"enemies":"Centurion and Healer","floor":27.0,"turns":8.0},{"damage":0.0,"enemies":"Snecko","floor":29.0,"turns":5.0},{"damage":4.0,"enemies":"3 Cultists","floor":30.0,"turns":6.0},{"damage":2.0,"enemies":"Slavers","floor":31.0,"turns":8.0},{"damage":3.0,"enemies":"Shelled Parasite and Fungi","floor":32.0,"turns":8.0},{"damage":3.0,"enemies":"downfall:Ironclad","floor":33.0,"turns":7.0},{"damage":7.0,"enemies":"3 Shapes","floor":37.0,"turns":12.0},{"damage":0.0,"enemies":"3 Darklings","floor":39.0,"turns":5.0},{"damage":8.0,"enemies":"Sphere and 2 Shapes","floor":42.0,"turns":7.0},{"damage":9.0,"enemies":"downfall:FleeingMerchant","floor":43.0,"turns":4.0},{"damage":8.0,"enemies":"Maw","floor":44.0,"turns":5.0},{"damage":0.0,"enemies":"Spire Growth","floor":46.0,"turns":3.0},{"damage":0.0,"enemies":"downfall:FleeingMerchant","floor":48.0,"turns":3.0},{"damage":1,"enemies":"Sphere and 2 Shapes","floor":49,"turns":2},{"damage":0,"enemies":"downfall:Defect","floor":50,"turns":4}],"seed_played":"1401111826998530948","potions_obtained":[{"floor":5.0,"key":"Swift Potion"},{"floor":11.0,"key":"DuplicationPotion"},{"floor":12.0,"key":"SkillPotion"},{"floor":13.0,"key":"SkillPotion"},{"floor":23.0,"key":"CultistPotion"},{"floor":27.0,"key":"Explosive Potion"},{"floor":31.0,"key":"AttackPotion"},{"floor":32.0,"key":"ColorlessPotion"}],"is_trial":false,"path_per_floor":["R","M","M","?","M","E","T","M","R","$","M","M","M","E","M","B",null,"R","M","M","M","M","?","T","?","R","M","?","M","M","E","M","B",null,"R","?","M","?","M","R","T","M","$","M","R","M","R","$","M","B",null],"character_chosen":"THE_CHAMP","items_purchased":["DollysMirror","Guardian:BottledAnomaly","Guardian:GemstoneGun","FairyPotion","Art of War"],"campfire_rested":1,"item_purchase_floors":[10,43,43,43,48],"current_hp_per_floor":[81,81,81,81,77,71,71,71,71,71,68,68,68,55,55,30,76,76,71,62,21,16,16,16,16,29,30,30,30,33,37,45,45,45,45,38,45,45,45,45,45,45,44,45,45,45,45,45,45,45],"gold":222,"neow_bonus":"RANDOM_COLORLESS_2","is_daily":false,"chose_seed":false,"campfire_upgraded":7,"win_rate":0.0,"timestamp":1609045202,"path_taken":["R","M","M","?","M","E","T","M","R","$","M","?","M","E","M","BOSS","R","M","M","?","M","?","T","?","R","M","?","M","?","E","M","BOSS","R","?","?","?","?","R","T","M","$","M","R","M","R","$","M","BOSS"],"items_purchased_type":["Relic","Relic","Relic","Potion","Relic"],"build_version":"2020-12-22","purchased_purges":1,"victory":true,"max_hp_per_floor":[81,81,81,81,81,91,91,91,91,91,91,91,91,91,91,91,91,91,91,91,91,91,91,91,45,45,45,45,45,45,45,45,45,45,45,45,45,45,45,45,45,45,45,45,45,45,45,45,45,45],"card_choices":[{"not_picked":["Sadistic Nature","The Bomb"],"picked":"expansioncontent:QuickStudy","floor":0.0},{"not_picked":["champ:PerfectedStrike","champ:FanOfKnives"],"picked":"champ:Haymaker","floor":2.0},{"not_picked":["champ:ShieldWall","champ:DefensiveStyle","champ:RageSigil"],"picked":"SKIP","floor":3.0},{"not_picked":["champ:RageSigil","champ:DefensiveShout","champ:TornadoPunch"],"picked":"SKIP","floor":5.0},{"not_picked":["champ:PerfectedStrike","champ:DefensiveShout","champ:EnGarde"],"picked":"SKIP","floor":6.0},{"not_picked":["champ:ShieldWall","champ:Backstep"],"picked":"champ:FaceSlap","floor":8.0},{"not_picked":["champ:BringItOn","champ:DefensiveStyle","champ:TornadoPunch"],"picked":"SKIP","floor":10.0},{"not_picked":["champ:BringItOn","champ:FlashCut","champ:RageSigil"],"picked":"SKIP","floor":11.0},{"not_picked":["champ:BladeFlurry","champ:BerserkersShout","champ:GladiatorsShout"],"picked":"SKIP","floor":12.0},{"not_picked":["champ:EndlessRage","champ:BringItOn"],"picked":"champ:Devastate","floor":13.0},{"not_picked":["champ:GladiatorStyle","champ:FlashCut"],"picked":"champ:StrikeOfGenius","floor":14.0},{"not_picked":["champ:RapidStrikes","champ:DeathBlow"],"picked":"champ:BerserkerStyle","floor":15.0},{"not_picked":["champ:IgnorePain","champ:EnchantCrown"],"picked":"champ:Devastate","floor":16.0},{"not_picked":["champ:Duel","champ:StanceDance","champ:BladeFlurry"],"picked":"SKIP","floor":19.0},{"not_picked":["champ:CrookedStrike+1","champ:DefensiveShout","champ:FanOfKnives"],"picked":"SKIP","floor":20.0},{"not_picked":["champ:BerserkersShout","champ:ViciousMockery","champ:TornadoPunch+1"],"picked":"SKIP","floor":21.0},{"not_picked":["champ:GladiatorsShout","champ:DefensiveShout","champ:Circumvent"],"picked":"SKIP","floor":22.0},{"not_picked":["champ:FocusedGladiator","champ:Backstep"],"picked":"champ:Encircle","floor":27.0},{"not_picked":["champ:Circumvent","champ:ShieldSlam","champ:BerserkersShout"],"picked":"SKIP","floor":29.0},{"not_picked":["champ:FaceSlap","champ:ShieldSigil"],"picked":"champ:AdrenalArmor","floor":30.0},{"not_picked":["champ:PreciseThrust+1","champ:Backstep"],"picked":"champ:Aggression+1","floor":31.0},{"not_picked":["champ:BerserkerStyle","champ:Haymaker","champ:PerfectedStrike"],"picked":"SKIP","floor":32.0},{"not_picked":["champ:DeathBlow+1","champ:GladiatorStyle+1","champ:GladiatorsShout+1"],"picked":"SKIP","floor":37.0},{"not_picked":["champ:PerfectedStrike+1","champ:Backstep","champ:GladiatorStyle+1"],"picked":"SKIP","floor":39.0},{"not_picked":["champ:PerfectedStrike+1","champ:Backstep","champ:GladiatorStyle+1"],"picked":"SKIP","floor":39.0},{"not_picked":["champ:CrookedStrike+1","champ:Encircle+1","champ:Balance"],"picked":"SKIP","floor":42.0},{"not_picked":["champ:BerserkerStyle+1","champ:GutPunch","champ:BringItOn+1"],"picked":"SKIP","floor":43.0},{"not_picked":["champ:FalseCounter","champ:GutPunch+1","champ:Lariat+1"],"picked":"SKIP","floor":44.0},{"not_picked":["champ:FocusedBerserking","champ:Shatter+1","champ:FlashCut"],"picked":"SKIP","floor":46.0},{"not_picked":["champ:HeartStrike+1","champ:CrookedStrike","champ:SwordSigil+1"],"picked":"SKIP","floor":49}],"player_experience":1061281,"relics_obtained":[{"floor":6.0,"key":"Pear"},{"floor":7.0,"key":"champ:SpectersHand"},{"floor":14.0,"key":"TungstenRod"},{"floor":24.0,"key":"Anchor"},{"floor":31.0,"key":"Bottled Lightning"},{"floor":31.0,"key":"Kunai"},{"floor":38.0,"key":"Akabeko"},{"floor":41.0,"key":"Bag of Preparation"}],"event_choices":[{"damage_healed":0.0,"max_hp_gain":0.0,"max_hp_loss":46.0,"gold_gain":0.0,"event_name":"Ghosts","player_choice":"Became a Ghost","floor":25.0,"gold_loss":0.0,"damage_taken":0.0,"cards_obtained":["Ghostly","Ghostly","Ghostly","Ghostly","Ghostly"]},{"damage_healed":0.0,"max_hp_gain":0.0,"max_hp_loss":0.0,"gold_gain":0.0,"event_name":"FaceTrader","player_choice":"Leave","floor":28.0,"gold_loss":0.0,"damage_taken":0.0},{"damage_healed":0.0,"max_hp_gain":0.0,"max_hp_loss":0.0,"gold_gain":0.0,"event_name":"Wheel of Change","player_choice":"Relic","floor":38.0,"gold_loss":0.0,"damage_taken":0.0}],"is_beta":false,"boss_relics":[{"not_picked":["Runic Pyramid","expansioncontent:StudyCardRelic"],"picked":"Black Star"},{"not_picked":["Tiny House","Snecko Eye"],"picked":"Coffee Dripper"}],"items_purged_floors":[48],"is_endless":false,"potions_floor_spawned":[5,11,12,13,16,27,31,32,39,44],"ascension_level":9}}