{"host":"7rbm8f2f6g6gk634","time":1609070225,"event":{"mods":["BaseMod","Colored Map","Filter the Spire","Minty Spire (QoL Compilation)","Relic Stats","StSLib"],"gold_per_floor":[112,124,124,141,151,180,192,231,243,287,299,323,354,393,405,520,532,502,502,102,12,12,12,12,12,12,12,12,12,12,12,12,12,12,12,12,12,12,12,12,12,12,12,12,12,12,12,12,12,12,12,12,12,12,12],"floor_reached":56,"playtime":3053,"items_purged":["Strike_R"],"score":1941,"play_id":"693ee5fa-f496-41a3-878d-cfa628ee3794","local_time":"20201227125705","is_ascension_mode":true,"campfire_choices":[{"data":"Whirlwind","floor":7.0,"key":"SMITH"},{"data":"Whirlwind","floor":15.0,"key":"SMITH"},{"data":"Heavy Blade","floor":29,"key":"SMITH"},{"data":"Sentinel","floor":32,"key":"SMITH"},{"floor":41,"key":"RECALL"},{"data":"Spot Weakness","floor":47,"key":"SMITH"},{"data":"Demon Form","floor":49,"key":"SMITH"},{"data":"Bash","floor":52,"key":"SMITH"}],"circlet_count":0,"master_deck":["Strike_R","Defend_R","Defend_R","Defend_R","Defend_R+1","Bash+1","True Grit","Whirlwind+1","Clothesline","Spot Weakness+1","Shrug It Off","Whirlwind+1","Corruption","Heavy Blade+1","Blood for Blood+1","Spot Weakness+1","Seeing Red","Armaments+1","Sentinel+1","Limit Break","Dual Wield+1","Armaments+1","Demon Form+1","Heavy Blade+1","Blood for Blood+1","Sever Soul+1"],"relics":["Snecko Eye","MawBank","Vajra","Paper Frog","Sundial","Nunchaku","Ectoplasm","Red Mask","Strange Spoon","War Paint","Tiny Chest","Bronze Scales","Bag of Preparation","Coffee Dripper","Pen Nib","Bag of Marbles","Frozen Egg 2","Dead Branch","Bottled Tornado","Mango","Red Skull"],"acts_visited":["Exordium","TheCity","TheBeyond","TheEnding"],"potions_floor_usage":[31,40,40,46,54,55],"damage_taken":[{"damage":0.0,"enemies":"Cultist","floor":1.0,"turns":3.0},{"damage":0.0,"enemies":"2 Louse","floor":2.0,"turns":3.0},{"damage":2.0,"enemies":"Jaw Worm","floor":4.0,"turns":3.0},{"damage":0.0,"enemies":"Lots of Slimes","floor":5.0,"turns":1.0},{"damage":0.0,"enemies":"Gremlin Nob","floor":6.0,"turns":2.0},{"damage":0.0,"enemies":"3 Sentries","floor":8.0,"turns":2.0},{"damage":6.0,"enemies":"Gremlin Nob","floor":10.0,"turns":3.0},{"damage":11.0,"enemies":"Looter","floor":12.0,"turns":2.0},{"damage":3.0,"enemies":"Gremlin Gang","floor":13.0,"turns":2.0},{"damage":0.0,"enemies":"Lagavulin","floor":14.0,"turns":3.0},{"damage":21.0,"enemies":"Slime Boss","floor":16.0,"turns":6.0},{"damage":0.0,"enemies":"2 Thieves","floor":18.0,"turns":2.0},{"damage":0.0,"enemies":"Masked Bandits","floor":19.0,"turns":2.0},{"damage":0.0,"enemies":"Spheric Guardian","floor":22.0,"turns":2.0},{"damage":1.0,"enemies":"Slavers","floor":23.0,"turns":3.0},{"damage":0.0,"enemies":"Snake Plant","floor":24.0,"turns":2.0},{"damage":8.0,"enemies":"Book of Stabbing","floor":27.0,"turns":3.0},{"damage":0,"enemies":"3 Cultists","floor":28,"turns":3},{"damage":9,"enemies":"Centurion and Healer","floor":30,"turns":3},{"damage":0,"enemies":"Slavers","floor":31,"turns":2},{"damage":0,"enemies":"Champ","floor":33,"turns":5},{"damage":0,"enemies":"3 Darklings","floor":35,"turns":2},{"damage":0,"enemies":"Orb Walker","floor":36,"turns":1},{"damage":0,"enemies":"Jaw Worm Horde","floor":37,"turns":2},{"damage":16,"enemies":"Sphere and 2 Shapes","floor":38,"turns":1},{"damage":5,"enemies":"Nemesis","floor":40,"turns":5},{"damage":0,"enemies":"Spire Growth","floor":42,"turns":2},{"damage":0,"enemies":"Mind Bloom Boss Battle","floor":44,"turns":3},{"damage":0,"enemies":"Giant Head","floor":45,"turns":1},{"damage":0,"enemies":"Transient","floor":46,"turns":5},{"damage":0,"enemies":"2 Orb Walkers","floor":48,"turns":2},{"damage":32,"enemies":"Time Eater","floor":50,"turns":3},{"damage":12,"enemies":"Shield and Spear","floor":54,"turns":2},{"damage":57,"enemies":"The Heart","floor":55,"turns":5}],"seed_played":"-7448431837994960586","potions_obtained":[{"floor":1.0,"key":"DuplicationPotion"},{"floor":5.0,"key":"SkillPotion"},{"floor":6.0,"key":"SteroidPotion"},{"floor":13.0,"key":"Strength Potion"},{"floor":14.0,"key":"SmokeBomb"},{"floor":16.0,"key":"GamblersBrew"},{"floor":22.0,"key":"EssenceOfSteel"},{"floor":23.0,"key":"Block Potion"},{"floor":30,"key":"Block Potion"},{"floor":33,"key":"PowerPotion"},{"floor":40,"key":"BlessingOfTheForge"},{"floor":42,"key":"Regen Potion"},{"floor":45,"key":"FairyPotion"},{"floor":48,"key":"FearPotion"}],"is_trial":false,"path_per_floor":["M","M","?","M","M","E","R","E","T","E","?","M","M","E","R","B",null,"M","?","$","?","M","E","M","?","T","E","M","R","M","E","R","B",null,"M","M","M","M","T","E","R","M","T","?","E","M","R","?","R","B",null,"R","$","E","B",null],"character_chosen":"IRONCLAD","items_purchased":["Strange Spoon","War Paint","Blood for Blood"],"campfire_rested":0,"item_purchase_floors":[20,20,20],"current_hp_per_floor":[80,80,80,78,78,78,78,78,78,72,72,61,58,58,58,37,80,80,80,80,80,80,79,79,79,79,71,71,71,62,62,62,62,80,80,80,80,64,64,59,59,59,59,59,59,73,73,87,87,55,94,94,94,82,25],"gold":12,"neow_bonus":"BOSS_RELIC","is_daily":false,"chose_seed":false,"campfire_upgraded":7,"win_rate":0.0,"timestamp":1609070225,"path_taken":["M","?","?","?","M","E","R","E","T","E","?","M","M","E","R","BOSS","M","?","$","?","?","E","M","?","T","E","M","R","M","E","R","BOSS","M","M","?","?","?","E","R","M","T","?","E","?","R","?","R","BOSS","R","$","E","BOSS"],"items_purchased_type":["Relic","Relic","Card"],"build_version":"2020-12-22","purchased_purges":1,"victory":true,"max_hp_per_floor":[80,80,80,80,80,80,80,80,80,80,80,80,80,80,80,80,80,80,80,80,80,80,80,80,80,80,80,80,80,80,80,80,80,80,80,80,80,80,80,80,80,80,80,80,80,80,80,94,94,94,94,94,94,94,94],"relic_stats":{"counters":[34,91],"Dead Branch":[39],"Pen Nib":[5],"Bag of Preparation":[28],"War Paint":["Spot Weakness","Defend_R"],"MawBank":132,"Strange Spoon":[63],"Nunchaku":[12],"Sundial":[12],"Bronze Scales":[126],"Snecko Eye":[163,166,160,147],"Tiny Chest":1,"Ectoplasm":686,"obtain_stats":[{"Dead Branch":44,"Vajra":8,"Mango":48,"Pen Nib":39,"Bag of Preparation":31,"War Paint":20,"Frozen Egg 2":43,"Bottled Tornado":45,"MawBank":6,"Burning Blood":0,"Strange Spoon":20,"Nunchaku":14,"Sundial":10,"Bronze Scales":27,"Snecko Eye":0,"Tiny Chest":23,"Ectoplasm":17,"Red Mask":19,"Coffee Dripper":34,"Bag of Marbles":40,"Red Skull":54,"Paper Frog":9},{"Dead Branch":28,"Vajra":6,"Mango":31,"Pen Nib":25,"Bag of Preparation":20,"War Paint":13,"Frozen Egg 2":27,"Bottled Tornado":29,"MawBank":5,"Burning Blood":0,"Strange Spoon":13,"Nunchaku":10,"Sundial":7,"Bronze Scales":17,"Snecko Eye":0,"Tiny Chest":15,"Ectoplasm":11,"Red Mask":13,"Coffee Dripper":21,"Bag of Marbles":26,"Red Skull":33,"Paper Frog":6},{"Dead Branch":73,"Vajra":14,"Mango":81,"Pen Nib":63,"Bag of Preparation":52,"War Paint":34,"Frozen Egg 2":70,"Bottled Tornado":74,"MawBank":12,"Burning Blood":0,"Strange Spoon":34,"Nunchaku":24,"Sundial":17,"Bronze Scales":44,"Snecko Eye":0,"Tiny Chest":39,"Ectoplasm":30,"Red Mask":34,"Coffee Dripper":57,"Bag of Marbles":68,"Red Skull":86,"Paper Frog":14}]},"card_choices":[{"not_picked":["Searing Blow","Wild Strike","Headbutt"],"picked":"SKIP","floor":1.0},{"not_picked":["Dropkick","Armaments"],"picked":"True Grit","floor":2.0},{"not_picked":["Bloodletting","Combust"],"picked":"Whirlwind","floor":4.0},{"not_picked":["Heavy Blade","True Grit"],"picked":"Clothesline","floor":5.0},{"not_picked":["Flex","Pommel Strike","Second Wind"],"picked":"SKIP","floor":6.0},{"not_picked":["Armaments","Fire Breathing","Battle Trance"],"picked":"SKIP","floor":8.0},{"not_picked":["Cleave","Pommel Strike"],"picked":"Spot Weakness","floor":10.0},{"not_picked":["Anger","Armaments","Rampage"],"picked":"SKIP","floor":12.0},{"not_picked":["Rampage","Entrench"],"picked":"Shrug It Off","floor":13.0},{"not_picked":["Ghostly Armor","Intimidate"],"picked":"Whirlwind","floor":14.0},{"not_picked":["Limit Break","Demon Form"],"picked":"Corruption","floor":16.0},{"not_picked":["Twin Strike","Infernal Blade"],"picked":"Heavy Blade","floor":18.0},{"not_picked":["Searing Blow","Body Slam"],"picked":"Spot Weakness","floor":22.0},{"not_picked":["Flex+1","Armaments+1","Clothesline"],"picked":"SKIP","floor":23.0},{"not_picked":["Iron Wave","Havoc","Berserk"],"picked":"SKIP","floor":24.0},{"not_picked":["True Grit+1","Headbutt"],"picked":"Seeing Red","floor":27},{"not_picked":["Clash","Pommel Strike+1"],"picked":"Armaments+1","floor":28},{"not_picked":["Thunderclap","Warcry","Fire Breathing"],"picked":"SKIP","floor":30},{"not_picked":["Second Wind","Inflame"],"picked":"Sentinel","floor":31},{"not_picked":["Corruption","Impervious"],"picked":"Limit Break","floor":33},{"not_picked":["Iron Wave+1","Power Through+1","Clash"],"picked":"SKIP","floor":35},{"not_picked":["Battle Trance","Inflame"],"picked":"Dual Wield+1","floor":36},{"not_picked":["Havoc","Clothesline"],"picked":"Armaments+1","floor":37},{"not_picked":["Burning Pact","Anger+1"],"picked":"Demon Form","floor":38},{"not_picked":["Iron Wave+1","Twin Strike+1","Intimidate"],"picked":"SKIP","floor":40},{"not_picked":["Metallicize","Rage","Battle Trance"],"picked":"SKIP","floor":42},{"not_picked":["Clothesline+1","Rupture+1"],"picked":"Heavy Blade+1","floor":44},{"not_picked":["Body Slam+1","Thunderclap+1"],"picked":"Blood for Blood+1","floor":45},{"not_picked":["Pommel Strike+1","Cleave","Blood for Blood+1"],"picked":"SKIP","floor":46},{"not_picked":["Fire Breathing+1","Body Slam+1"],"picked":"Sever Soul+1","floor":54}],"player_experience":331383,"relics_obtained":[{"floor":6.0,"key":"MawBank"},{"floor":8.0,"key":"Vajra"},{"floor":9.0,"key":"Paper Frog"},{"floor":10.0,"key":"Sundial"},{"floor":14.0,"key":"Nunchaku"},{"floor":19.0,"key":"Red Mask"},{"floor":23.0,"key":"Tiny Chest"},{"floor":27,"key":"Bronze Scales"},{"floor":31,"key":"Bag of Preparation"},{"floor":39,"key":"Pen Nib"},{"floor":40,"key":"Bag of Marbles"},{"floor":43,"key":"Frozen Egg 2"},{"floor":44,"key":"Dead Branch"},{"floor":45,"key":"Bottled Tornado"},{"floor":48,"key":"Mango"},{"floor":54,"key":"Red Skull"}],"event_choices":[{"damage_healed":0.0,"max_hp_gain":0.0,"max_hp_loss":0.0,"gold_gain":0.0,"event_name":"Match and Keep!","player_choice":"0 cards matched","floor":3.0,"gold_loss":0.0,"damage_taken":0.0,"cards_obtained":[]},{"cards_removed":["Strike_R"],"damage_healed":0.0,"max_hp_gain":0.0,"max_hp_loss":0.0,"gold_gain":0.0,"event_name":"Purifier","player_choice":"Purged","floor":11.0,"gold_loss":0.0,"damage_taken":0.0},{"damage_healed":0.0,"max_hp_gain":0.0,"max_hp_loss":0.0,"gold_gain":0.0,"event_name":"Masked Bandits","player_choice":"Fought Bandits","floor":19.0,"gold_loss":0.0,"damage_taken":0.0},{"cards_removed":["Strike_R"],"damage_healed":0.0,"max_hp_gain":0.0,"max_hp_loss":0.0,"gold_gain":0.0,"event_name":"Designer","player_choice":"Upgrade and Remove","floor":21.0,"gold_loss":90.0,"damage_taken":0.0,"cards_upgraded":["Blood for Blood"]},{"cards_removed":["Strike_R"],"damage_healed":0.0,"max_hp_gain":0.0,"max_hp_loss":0.0,"gold_gain":0.0,"event_name":"Bonfire Elementals","player_choice":"Offered Basic","floor":25.0,"gold_loss":0.0,"damage_taken":0.0},{"damage_healed":0,"gold_gain":0,"player_choice":"Fight","damage_taken":0,"max_hp_gain":0,"max_hp_loss":0,"event_name":"MindBloom","floor":44,"gold_loss":0},{"damage_healed":0,"gold_gain":0,"player_choice":"Fight","damage_taken":0,"max_hp_gain":0,"max_hp_loss":0,"event_name":"Mysterious Sphere","floor":48,"gold_loss":0}],"is_beta":false,"boss_relics":[{"not_picked":["Fusion Hammer","Busted Crown"],"picked":"Ectoplasm"},{"not_picked":["Runic Dome","Velvet Choker"],"picked":"Coffee Dripper"}],"items_purged_floors":[20],"is_endless":false,"potions_floor_spawned":[1,5,6,13,14,16,22,23,27,28,30,33,35,40,42,45,48],"ascension_level":3}}