{"host":"f5uumzf5hfexzk8l","time":1609112680,"event":{"mods":["BaseMod","Colored Map","Googly Eyes","Highlight Path","Minty Spire (QoL Compilation)","Permanent Neow","StSLib","SuperFastMode","Unceasing Turn Reminder"],"gold_per_floor":[113,25,25,25,25,25,54,108,108,165,165,180,180,49,49,124,124,140,190,105,14,14,39,39,74,74,9,42,60,75,89,89,162,162,175,200,212,132,146,171,187,58,84,114,22,22,53,71,71,71,71],"floor_reached":52,"playtime":1888,"items_purged":["Strike_G","Strike_G"],"score":1984,"play_id":"cf3e0812-b8c4-4687-967c-e34572e37f97","local_time":"20201227154440","is_ascension_mode":true,"campfire_choices":[{"data":"Neutralize","floor":6,"key":"SMITH"},{"floor":11,"key":"REST"},{"data":"Noxious Fumes","floor":13,"key":"SMITH"},{"data":"Noxious Fumes","floor":15,"key":"SMITH"},{"data":"Wraith Form v2","floor":24,"key":"SMITH"},{"floor":32,"key":"REST"},{"floor":46,"key":"REST"},{"floor":49,"key":"REST"}],"circlet_count":0,"master_deck":["AscendersBane","Strike_G","Defend_G+1","Defend_G+1","Defend_G","Defend_G","Defend_G+1","Survivor","Neutralize+1","PiercingWail+1","Noxious Fumes+1","Backstab+1","Dagger Spray","Noxious Fumes+1","Wraith Form v2+1","Footwork+1","Well Laid Plans+1","Dash+1","Footwork+1","Burst","CurseOfTheBell","Dodge and Roll","Footwork+1","Catalyst","Dodge and Roll","Acrobatics"],"relics":["Philosopher\u0027s Stone","Pantograph","Snake Skull","StrikeDummy","The Courier","SlaversCollar","Frozen Egg 2","Oddly Smooth Stone","Bronze Scales","CaptainsWheel","War Paint","Calling Bell","Omamori","Paper Crane","Bird Faced Urn","The Specimen","Du-Vu Doll","Bag of Preparation","Whetstone","Ornamental Fan","Nunchaku"],"acts_visited":["Exordium","TheCity","TheBeyond"],"potions_floor_usage":[16,18,23,31,40,44,47],"damage_taken":[{"damage":0,"enemies":"Cultist","floor":1,"turns":4},{"damage":20,"enemies":"Gremlin Nob","floor":7,"turns":4},{"damage":29,"enemies":"Lagavulin Event","floor":10,"turns":7},{"damage":0,"enemies":"2 Louse","floor":12,"turns":2},{"damage":12,"enemies":"The Guardian","floor":16,"turns":7},{"damage":17,"enemies":"Chosen","floor":18,"turns":6},{"damage":13,"enemies":"Gremlin Leader","floor":23,"turns":7},{"damage":21,"enemies":"Book of Stabbing","floor":25,"turns":7},{"damage":37,"enemies":"Slavers","floor":28,"turns":6},{"damage":16,"enemies":"Shell Parasite","floor":29,"turns":6},{"damage":21,"enemies":"Centurion and Healer","floor":30,"turns":7},{"damage":9,"enemies":"3 Cultists","floor":31,"turns":6},{"damage":11,"enemies":"Automaton","floor":33,"turns":14},{"damage":8,"enemies":"3 Darklings","floor":35,"turns":6},{"damage":21,"enemies":"Mind Bloom Boss Battle","floor":36,"turns":10},{"damage":16,"enemies":"3 Shapes","floor":37,"turns":7},{"damage":2,"enemies":"3 Darklings","floor":39,"turns":6},{"damage":17,"enemies":"Giant Head","floor":40,"turns":13},{"damage":29,"enemies":"Spire Growth","floor":41,"turns":9},{"damage":65,"enemies":"Reptomancer","floor":44,"turns":7},{"damage":14,"enemies":"Giant Head","floor":47,"turns":11},{"damage":36,"enemies":"Maw","floor":48,"turns":9},{"damage":39,"enemies":"Donu and Deca","floor":50,"turns":10},{"damage":47,"enemies":"Time Eater","floor":51,"turns":12}],"seed_played":"-3383638863948802394","potions_obtained":[{"floor":10,"key":"Energy Potion"},{"floor":12,"key":"SkillPotion"},{"floor":18,"key":"BlessingOfTheForge"},{"floor":23,"key":"Energy Potion"},{"floor":29,"key":"Fire Potion"},{"floor":31,"key":"Fruit Juice"},{"floor":35,"key":"Poison Potion"},{"floor":44,"key":"ColorlessPotion"}],"is_trial":false,"path_per_floor":["M","$","?","?","?","R","E","T","T","?","R","M","R","$","R","B",null,"M","?","?","$","?","E","R","E","T","$","E","M","M","M","R","B",null,"M","?","M","$","M","E","M","$","T","E","$","R","E","M","R","B","B",null],"character_chosen":"THE_SILENT","items_purchased":["Noxious Fumes","Noxious Fumes","Footwork+1","Well Laid Plans+1","Footwork+1","Bag of Preparation","Dodge and Roll","Acrobatics"],"campfire_rested":4,"item_purchase_floors":[2,14,21,21,27,42,45,45],"current_hp_per_floor":[59,59,52,52,32,32,12,12,12,13,32,32,32,32,32,45,61,44,44,44,44,44,31,31,10,10,10,23,7,19,15,36,50,66,63,52,46,46,56,53,38,38,38,7,7,28,28,2,23,21,13],"gold":71,"neow_bonus":"BOSS_RELIC","is_daily":false,"chose_seed":false,"campfire_upgraded":4,"win_rate":0.0,"timestamp":1609112680,"path_taken":["M","$","?","?","?","R","E","?","T","?","R","M","R","?","R","BOSS","M","?","?","$","?","E","R","E","T","?","E","?","M","M","R","BOSS","M","?","M","$","M","E","M","$","T","E","$","R","E","M","R","BOSS","BOSS"],"items_purchased_type":["Card","Card","Card","Card","Card","Relic","Card","Card"],"build_version":"2020-12-22","purchased_purges":2,"victory":true,"max_hp_per_floor":[66,66,66,66,66,66,66,66,66,66,66,66,66,66,66,66,66,66,66,66,66,66,66,66,66,66,66,66,66,66,71,71,71,71,71,71,71,71,71,71,71,71,71,71,71,71,71,71,71,71,71],"card_choices":[{"not_picked":["Quick Slash","Expertise"],"picked":"PiercingWail","floor":1},{"not_picked":["Underhanded Strike","PiercingWail"],"picked":"Backstab","floor":7},{"not_picked":["PiercingWail","Blade Dance"],"picked":"Dagger Spray","floor":10},{"not_picked":["Deflect","PiercingWail","Acrobatics"],"picked":"SKIP","floor":12},{"not_picked":["A Thousand Cuts","Bullet Time"],"picked":"Wraith Form v2","floor":16},{"not_picked":["Infinite Blades","Flying Knee","All Out Attack+1"],"picked":"SKIP","floor":18},{"not_picked":["Choke","Infinite Blades+1"],"picked":"Dash","floor":23},{"not_picked":["Terror","Blade Dance","Poisoned Stab"],"picked":"SKIP","floor":25},{"not_picked":["Noxious Fumes+1","Bane+1","Cloak And Dagger"],"picked":"SKIP","floor":28},{"not_picked":["Outmaneuver","Underhanded Strike","Dagger Throw"],"picked":"SKIP","floor":29},{"not_picked":["Tactician+1","Predator","Endless Agony"],"picked":"SKIP","floor":30},{"not_picked":["Slice","Caltrops+1","Concentrate"],"picked":"SKIP","floor":31},{"not_picked":["Adrenaline","A Thousand Cuts+1"],"picked":"Burst","floor":33},{"not_picked":["Poisoned Stab+1","Eviscerate","Caltrops+1"],"picked":"SKIP","floor":35},{"not_picked":["Skewer","Heel Hook"],"picked":"Dodge and Roll","floor":36},{"not_picked":["Cloak And Dagger","Deadly Poison"],"picked":"Footwork+1","floor":37},{"not_picked":["Distraction","Endless Agony","Dagger Throw"],"picked":"SKIP","floor":39},{"not_picked":["Blade Dance","Riddle With Holes","Well Laid Plans+1"],"picked":"SKIP","floor":40},{"not_picked":["Cloak And Dagger","Sucker Punch","Quick Slash"],"picked":"SKIP","floor":41},{"not_picked":["Cloak And Dagger","Eviscerate"],"picked":"Catalyst","floor":44},{"not_picked":["Blade Dance","Masterful Stab","Deflect"],"picked":"SKIP","floor":47},{"not_picked":["Bullet Time","Backstab","Flying Knee"],"picked":"SKIP","floor":48}],"player_experience":309058,"relics_obtained":[{"floor":7,"key":"Pantograph"},{"floor":8,"key":"Snake Skull"},{"floor":9,"key":"StrikeDummy"},{"floor":10,"key":"The Courier"},{"floor":23,"key":"Oddly Smooth Stone"},{"floor":25,"key":"Bronze Scales"},{"floor":26,"key":"CaptainsWheel"},{"floor":28,"key":"War Paint"},{"floor":34,"key":"Omamori"},{"floor":34,"key":"Paper Crane"},{"floor":34,"key":"Bird Faced Urn"},{"floor":36,"key":"The Specimen"},{"floor":40,"key":"Du-Vu Doll"},{"floor":43,"key":"Whetstone"},{"floor":44,"key":"Ornamental Fan"},{"floor":47,"key":"Nunchaku"}],"event_choices":[{"cards_removed":["Strike_G"],"damage_healed":0,"gold_gain":0,"player_choice":"Card Removal","damage_taken":7,"max_hp_gain":0,"max_hp_loss":0,"event_name":"Golden Wing","floor":3,"gold_loss":0},{"cards_removed":["Strike_G"],"damage_healed":0,"gold_gain":0,"player_choice":"Forget","damage_taken":0,"max_hp_gain":0,"max_hp_loss":0,"event_name":"Living Wall","floor":4,"gold_loss":0},{"damage_healed":0,"gold_gain":0,"player_choice":"Entered Light","damage_taken":20,"max_hp_gain":0,"max_hp_loss":0,"event_name":"Shining Light","floor":5,"gold_loss":0,"cards_upgraded":["Defend_G","Defend_G"]},{"damage_healed":0,"gold_gain":0,"player_choice":"Searched \u00271\u0027 times","damage_taken":0,"max_hp_gain":0,"max_hp_loss":0,"event_name":"Dead Adventurer","floor":10,"gold_loss":0},{"damage_healed":0,"gold_gain":50,"player_choice":"Stole From Cult","damage_taken":0,"max_hp_gain":0,"max_hp_loss":0,"event_name":"Nest","floor":19,"gold_loss":0},{"damage_healed":0,"gold_gain":0,"player_choice":"Obtained Relic","damage_taken":0,"relics_obtained":["Frozen Egg 2"],"max_hp_gain":0,"max_hp_loss":0,"event_name":"Addict","floor":20,"gold_loss":85},{"damage_healed":0,"gold_gain":0,"player_choice":"Ignored","damage_taken":0,"max_hp_gain":0,"max_hp_loss":0,"event_name":"Vampires","floor":22,"gold_loss":0},{"damage_healed":0,"gold_gain":0,"player_choice":"Fight","damage_taken":0,"max_hp_gain":0,"max_hp_loss":0,"event_name":"MindBloom","floor":36,"gold_loss":0}],"is_beta":false,"boss_relics":[{"not_picked":["Ectoplasm","Sozu"],"picked":"SlaversCollar"},{"not_picked":["Cursed Key","SacredBark"],"picked":"Calling Bell"}],"items_purged_floors":[14,38],"is_endless":false,"potions_floor_spawned":[10,12,18,23,29,31,35,37,40,44],"ascension_level":20}}