{"host":"wbjiqg83duq292na","time":1609091660,"event":{"mods":["BaseMod","Minty Spire (QoL Compilation)"],"gold_per_floor":[111,111,111,131,40,40,51,51,51,51,51,85,10,35,47,163,175,207,71,89,106,31,31,31,31,31,66,66,66,76,90,90,187,187,197,217,270,284,284,284,284],"floor_reached":40,"playtime":1968,"items_purged":["Strike_G"],"score":424,"play_id":"90d585c8-0522-486b-b1a6-4a6131aab943","local_time":"20201227155420","is_ascension_mode":true,"campfire_choices":[{"floor":6,"key":"RECALL"},{"data":"Caltrops","floor":8,"key":"SMITH"},{"data":"Infinite Blades","floor":11,"key":"SMITH"},{"floor":15,"key":"REST"},{"floor":23,"key":"REST"},{"floor":25,"key":"REST"},{"floor":28,"key":"REST"},{"floor":32,"key":"REST"}],"circlet_count":0,"master_deck":["Strike_G","Strike_G","Defend_G","Defend_G","Defend_G","Defend_G","Defend_G+1","Survivor","Neutralize","Predator+1","Expertise","Blade Dance","Infinite Blades+1","Caltrops+1","Prepared","Slice","A Thousand Cuts","Endless Agony+1","Acrobatics+1","Dagger Spray","Terror+1","Acrobatics+1","Cloak And Dagger+1","Night Terror","CurseOfTheBell","Flying Knee+1","Noxious Fumes","Underhanded Strike+1","Deep Breath"],"relics":["Ring of the Snake","Boot","MawBank","WristBlade","Happy Flower","Potion Belt","Shuriken","Calling Bell","Smiling Mask","Molten Egg 2","Tough Bandages","Torii"],"acts_visited":["Exordium","TheCity","TheBeyond"],"potions_floor_usage":[16,33,33,33,33],"damage_taken":[{"damage":0,"enemies":"2 Louse","floor":1,"turns":2},{"damage":10,"enemies":"Jaw Worm","floor":4,"turns":5},{"damage":0,"enemies":"Cultist","floor":7,"turns":3},{"damage":16,"enemies":"Gremlin Nob","floor":12,"turns":4},{"damage":2,"enemies":"3 Louse","floor":14,"turns":3},{"damage":21,"enemies":"The Guardian","floor":16,"turns":13},{"damage":21,"enemies":"Shell Parasite","floor":18,"turns":5},{"damage":0,"enemies":"Spheric Guardian","floor":20,"turns":3},{"damage":26,"enemies":"Chosen and Byrds","floor":21,"turns":5},{"damage":48,"enemies":"Gremlin Leader","floor":27,"turns":6},{"damage":18,"enemies":"Snake Plant","floor":30,"turns":3},{"damage":9,"enemies":"Centurion and Healer","floor":31,"turns":5},{"damage":2,"enemies":"Collector","floor":33,"turns":5},{"damage":7,"enemies":"3 Shapes","floor":35,"turns":6},{"damage":13,"enemies":"Orb Walker","floor":36,"turns":3},{"damage":30,"enemies":"2 Orb Walkers","floor":37,"turns":4},{"damage":0,"enemies":"Transient","floor":38,"turns":5},{"damage":34,"enemies":"Nemesis","floor":40,"turns":2}],"seed_played":"-5945950173983087307","potions_obtained":[{"floor":1,"key":"EssenceOfSteel"},{"floor":16,"key":"SpeedPotion"},{"floor":18,"key":"FearPotion"},{"floor":27,"key":"Explosive Potion"},{"floor":31,"key":"SpeedPotion"},{"floor":33,"key":"FearPotion"},{"floor":37,"key":"Weak Potion"},{"floor":38,"key":"SpeedPotion"}],"is_trial":false,"path_per_floor":["M","?","?","M","$","R","M","R","T","$","R","E","?","M","R","B",null,"M","$","M","M","$","R","?","R","T","E","R","?","M","M","R","B",null,"M","M","?","M","?","E"],"character_chosen":"THE_SILENT","items_purchased":["Blade Dance","Infinite Blades","Happy Flower"],"campfire_rested":5,"item_purchase_floors":[5,5,19],"current_hp_per_floor":[77,62,62,52,52,52,52,52,52,52,52,36,36,34,57,36,77,56,56,56,30,30,53,53,76,76,28,51,51,33,24,47,45,77,70,57,27,27,27,0,0],"gold":284,"neow_bonus":"TEN_PERCENT_HP_BONUS","is_daily":false,"chose_seed":false,"campfire_upgraded":2,"win_rate":0.0,"timestamp":1609091660,"path_taken":["M","?","?","?","$","R","M","R","T","$","R","E","?","M","R","BOSS","M","?","M","M","$","R","?","R","T","E","R","?","M","?","R","BOSS","M","M","?","M","?","E"],"items_purchased_type":["Card","Card","Relic"],"build_version":"2020-12-22","purchased_purges":1,"victory":false,"max_hp_per_floor":[77,77,77,77,77,77,77,77,77,77,77,77,77,77,77,77,77,77,77,77,77,77,77,77,77,77,77,77,77,77,77,77,77,77,77,77,77,77,77,77,77],"card_choices":[{"not_picked":["Cloak And Dagger","Deadly Poison"],"picked":"Predator","floor":1},{"not_picked":["Choke","Cloak And Dagger"],"picked":"Expertise","floor":4},{"not_picked":["Deflect","Deadly Poison"],"picked":"Caltrops","floor":7},{"not_picked":["Outmaneuver","Acrobatics"],"picked":"Prepared","floor":12},{"not_picked":["Doppelganger","All Out Attack"],"picked":"Slice","floor":14},{"not_picked":["After Image","Malaise"],"picked":"A Thousand Cuts","floor":16},{"not_picked":["Bane","All Out Attack+1"],"picked":"Endless Agony+1","floor":18},{"not_picked":["Outmaneuver","Bouncing Flask"],"picked":"Acrobatics+1","floor":20},{"not_picked":["Catalyst","Acrobatics"],"picked":"Dagger Spray","floor":21},{"not_picked":["Acrobatics+1","Flechettes+1"],"picked":"Terror+1","floor":27},{"not_picked":["Sucker Punch+1","Calculated Gamble"],"picked":"Acrobatics+1","floor":30},{"not_picked":["Dash","Predator"],"picked":"Cloak And Dagger+1","floor":31},{"not_picked":["Bullet Time","Doppelganger"],"picked":"Night Terror","floor":33},{"not_picked":["Dagger Throw+1","PiercingWail"],"picked":"Flying Knee+1","floor":35},{"not_picked":["Deflect+1","Expertise","Acrobatics"],"picked":"SKIP","floor":36},{"not_picked":["Distraction","Tactician+1"],"picked":"Noxious Fumes","floor":37},{"not_picked":["Calculated Gamble+1","Bane+1"],"picked":"Underhanded Strike+1","floor":38},{"not_picked":["Thinking Ahead","Panacea"],"picked":"Deep Breath","floor":39}],"player_experience":226791,"relics_obtained":[{"floor":12,"key":"Boot"},{"floor":26,"key":"Potion Belt"},{"floor":27,"key":"Shuriken"},{"floor":34,"key":"Smiling Mask"},{"floor":34,"key":"Molten Egg 2"},{"floor":34,"key":"Tough Bandages"},{"floor":37,"key":"Torii"}],"event_choices":[{"damage_healed":0,"gold_gain":0,"player_choice":"Entered Light","damage_taken":15,"max_hp_gain":0,"max_hp_loss":0,"event_name":"Shining Light","floor":2,"gold_loss":0,"cards_upgraded":["Defend_G","Predator"]},{"cards_removed":["Strike_G"],"damage_healed":0,"gold_gain":0,"player_choice":"Offered Basic","damage_taken":0,"max_hp_gain":0,"max_hp_loss":0,"event_name":"Bonfire Elementals","floor":3,"gold_loss":0},{"damage_healed":0,"gold_gain":0,"player_choice":"Paid Gold","damage_taken":0,"relics_obtained":["MawBank"],"max_hp_gain":0,"max_hp_loss":0,"event_name":"WeMeetAgain","floor":13,"gold_loss":75},{"damage_healed":0,"gold_gain":0,"player_choice":"Ignored","damage_taken":0,"max_hp_gain":0,"max_hp_loss":0,"event_name":"Vampires","floor":24,"gold_loss":0},{"cards_removed":["Strike_G"],"damage_healed":0,"gold_gain":0,"player_choice":"Purged","damage_taken":0,"max_hp_gain":0,"max_hp_loss":0,"event_name":"Purifier","floor":29,"gold_loss":0},{"damage_healed":0,"gold_gain":0,"player_choice":"Fight","damage_taken":0,"max_hp_gain":0,"max_hp_loss":0,"event_name":"Mysterious Sphere","floor":37,"gold_loss":0},{"damage_healed":0,"gold_gain":0,"player_choice":"Memory 1","damage_taken":0,"max_hp_gain":0,"max_hp_loss":0,"event_name":"SensoryStone","floor":39,"gold_loss":0}],"is_beta":false,"boss_relics":[{"not_picked":["Cursed Key","Ring of the Serpent"],"picked":"WristBlade"},{"not_picked":["Philosopher\u0027s Stone","SacredBark"],"picked":"Calling Bell"}],"items_purged_floors":[22],"is_endless":false,"potions_floor_spawned":[1,16,18,27,31,33,37,38],"killed_by":"Nemesis","ascension_level":1}}