{"host":"q9718omregw4er46","time":1609085488,"event":{"mods":["BaseMod","Bestiary","Colored Powertips","Minty Spire (QoL Compilation)","Quick Restart","Relic Stats"],"gold_per_floor":[113,113,129,129,144,144,173,173,173,183,201,201,201,214,214,214,214],"floor_reached":16,"playtime":369,"items_purged":[],"score":204,"play_id":"59a60c2c-e39a-4817-bf2a-c0de73d830a0","local_time":"20201227211128","is_ascension_mode":true,"campfire_choices":[{"data":"Cold Snap","floor":6,"key":"SMITH"},{"data":"Biased Cognition","floor":8,"key":"SMITH"},{"data":"Hologram","floor":12,"key":"SMITH"},{"data":"Recycle","floor":15,"key":"SMITH"}],"circlet_count":0,"master_deck":["AscendersBane","Strike_B","Strike_B","Defend_B","Defend_B","Defend_B","Defend_B","Zap","Dualcast","Cold Snap+1","BootSequence","Biased Cognition+1","Hologram+1","Go for the Eyes+1","Recycle+1"],"relics":["Cracked Core","Ice Cream","Molten Egg 2"],"acts_visited":["Exordium"],"potions_floor_usage":[7,16],"damage_taken":[{"damage":7,"enemies":"Jaw Worm","floor":1,"turns":5},{"damage":11,"enemies":"Small Slimes","floor":3,"turns":3},{"damage":0,"enemies":"2 Louse","floor":5,"turns":2},{"damage":50,"enemies":"Gremlin Nob","floor":7,"turns":5},{"damage":2,"enemies":"Red Slaver","floor":10,"turns":4},{"damage":0,"enemies":"3 Louse","floor":11,"turns":3},{"damage":4,"enemies":"2 Fungi Beasts","floor":14,"turns":4},{"damage":19,"enemies":"Slime Boss","floor":16,"turns":3}],"seed_played":"-1744418675160516001","potions_obtained":[{"floor":1,"key":"CultistPotion"},{"floor":5,"key":"FairyPotion"},{"floor":10,"key":"BlessingOfTheForge"},{"floor":14,"key":"DistilledChaos"}],"is_trial":false,"path_per_floor":["M","?","M","?","M","R","E","R","T","M","M","R","?","M","R","B"],"character_chosen":"DEFECT","items_purchased":[],"campfire_rested":0,"item_purchase_floors":[],"current_hp_per_floor":[64,57,46,46,46,46,23,23,23,21,21,21,21,17,17,0,0],"gold":214,"neow_bonus":"TEN_PERCENT_HP_BONUS","is_daily":false,"chose_seed":false,"campfire_upgraded":4,"win_rate":0.0,"timestamp":1609085488,"path_taken":["M","?","M","?","M","R","E","R","T","M","M","R","?","M","R","BOSS"],"items_purchased_type":[],"build_version":"2020-12-22","purchased_purges":0,"victory":false,"max_hp_per_floor":[78,78,78,78,78,78,78,78,78,78,78,78,78,78,78,78,78],"relic_stats":{"counters":[8,29],"obtain_stats":[{"Ice Cream":7,"Molten Egg 2":9,"Cracked Core":0},{"Ice Cream":4,"Molten Egg 2":4,"Cracked Core":0},{"Ice Cream":15,"Molten Egg 2":15,"Cracked Core":0}]},"card_choices":[{"not_picked":["Reinforced Body","Darkness"],"picked":"Cold Snap","floor":1},{"not_picked":["Rip and Tear","Stack"],"picked":"BootSequence","floor":3},{"not_picked":["Gash","Blizzard","Hologram"],"picked":"SKIP","floor":5},{"not_picked":["Sweeping Beam","FTL"],"picked":"Biased Cognition","floor":7},{"not_picked":["Skim","Coolheaded"],"picked":"Hologram","floor":10},{"not_picked":["Redo","Conserve Battery"],"picked":"Go for the Eyes+1","floor":11},{"not_picked":["Conserve Battery","Streamline+1"],"picked":"Recycle","floor":14}],"player_experience":1126800,"relics_obtained":[{"floor":7,"key":"Ice Cream"},{"floor":9,"key":"Molten Egg 2"}],"event_choices":[{"cards_removed":["Strike_B"],"damage_healed":0,"gold_gain":0,"player_choice":"Card Removal","damage_taken":7,"max_hp_gain":0,"max_hp_loss":0,"event_name":"Golden Wing","floor":2,"gold_loss":0},{"damage_healed":0,"gold_gain":0,"player_choice":"Ignored","damage_taken":0,"max_hp_gain":0,"max_hp_loss":0,"event_name":"Liars Game","floor":4,"gold_loss":0},{"cards_removed":["Strike_B"],"damage_healed":0,"gold_gain":0,"player_choice":"Purged","damage_taken":0,"max_hp_gain":0,"max_hp_loss":0,"event_name":"Purifier","floor":13,"gold_loss":0}],"is_beta":false,"boss_relics":[],"items_purged_floors":[],"is_endless":false,"potions_floor_spawned":[1,5,10,14],"killed_by":"Slime Boss","ascension_level":20}}