{"host":"qj91dvco5uhu9oti","time":1609102578,"event":{"mods":["BaseMod","Colored Map","Keyboard Shortcuts","Minty Spire (QoL Compilation)","Permanent Neow","Relic Stats","StSLib","SuperFastMode","everything is the same but u backflip on backflip"],"gold_per_floor":[114,114,22,32,52,52,64,98,124,124,153,162,190,221,221,305,305,324,339,353,362,386,723,732,352,401,424,424,89,104,133,133,133,133],"floor_reached":33,"playtime":845,"items_purged":["Strike_G","Strike_G"],"score":553,"play_id":"218f048b-5676-415c-b5f3-1e0dd6a4327f","local_time":"20201228055618","is_ascension_mode":true,"campfire_choices":[{"data":"Backflip","floor":6.0,"key":"SMITH"},{"data":"Bane","floor":10.0,"key":"SMITH"},{"floor":12.0,"key":"REST"},{"data":"Noxious Fumes","floor":15.0,"key":"SMITH"},{"floor":24.0,"key":"REST"},{"floor":32,"key":"REST"}],"circlet_count":0,"master_deck":["AscendersBane","Strike_G","Strike_G","Defend_G","Defend_G","Defend_G","Defend_G","Survivor","Neutralize","Parasite","PiercingWail","Noxious Fumes+1","Backflip+1","Dagger Throw","Finisher","Backstab","Bane+1","Crippling Poison","Dagger Spray","Adrenaline","Blade Dance+1","Eviscerate","Leg Sweep","Dagger Throw","Eviscerate","Escape Plan","Acrobatics","Blade Dance","Master of Strategy"],"relics":["Ring of the Snake","Du-Vu Doll","Dream Catcher","Bag of Marbles","CeramicFish","Turnip","Empty Cage","Old Coin","Nunchaku","Strawberry","FossilizedHelix"],"acts_visited":["Exordium","TheCity"],"potions_floor_usage":[31],"damage_taken":[{"damage":2.0,"enemies":"2 Louse","floor":1.0,"turns":3.0},{"damage":0.0,"enemies":"Cultist","floor":4.0,"turns":4.0},{"damage":0.0,"enemies":"Small Slimes","floor":5.0,"turns":2.0},{"damage":0.0,"enemies":"2 Fungi Beasts","floor":7.0,"turns":4.0},{"damage":11.0,"enemies":"3 Sentries","floor":8.0,"turns":8.0},{"damage":26.0,"enemies":"Gremlin Nob","floor":11.0,"turns":4.0},{"damage":0.0,"enemies":"Exordium Wildlife","floor":13.0,"turns":1.0},{"damage":4.0,"enemies":"3 Sentries","floor":14.0,"turns":5.0},{"damage":21.0,"enemies":"Hexaghost","floor":16.0,"turns":9.0},{"damage":0.0,"enemies":"Chosen","floor":18.0,"turns":3.0},{"damage":3.0,"enemies":"Spheric Guardian","floor":19.0,"turns":3.0},{"damage":8.0,"enemies":"3 Cultists","floor":20.0,"turns":4.0},{"damage":10.0,"enemies":"Snecko","floor":22.0,"turns":4.0},{"damage":20.0,"enemies":"Gremlin Leader","floor":23.0,"turns":4.0},{"damage":8.0,"enemies":"Chosen and Byrds","floor":27.0,"turns":2.0},{"damage":0.0,"enemies":"Sentry and Sphere","floor":30.0,"turns":3.0},{"damage":14,"enemies":"Slavers","floor":31,"turns":2},{"damage":43,"enemies":"Champ","floor":33,"turns":9}],"seed_played":"3630410670940789659","potions_obtained":[{"floor":5.0,"key":"LiquidMemories"},{"floor":11.0,"key":"Swift Potion"},{"floor":16.0,"key":"FearPotion"},{"floor":23.0,"key":"Explosive Potion"}],"is_trial":false,"path_per_floor":["M","?","$","M","M","R","M","E","T","R","E","R","M","E","R","B",null,"M","M","M","?","M","E","R","$","T","M","?","$","M","E","R","B"],"character_chosen":"THE_SILENT","items_purchased":["Noxious Fumes","Backflip","Eviscerate","Escape Plan","Nunchaku","Blade Dance","Master of Strategy"],"campfire_rested":3,"item_purchase_floors":[3,3,25,25,25,29,29],"current_hp_per_floor":[57,48,48,48,48,48,48,37,37,37,11,30,30,26,26,5,51,51,48,40,40,30,10,29,29,36,28,28,28,28,14,35,0,0],"gold":133,"neow_bonus":"ONE_RARE_RELIC","is_daily":false,"chose_seed":false,"campfire_upgraded":3,"win_rate":0.0,"timestamp":1609102578,"path_taken":["M","?","$","M","?","R","?","E","T","R","E","R","M","E","R","BOSS","M","M","M","?","M","E","R","$","T","M","?","$","?","E","R","BOSS"],"items_purchased_type":["Card","Card","Card","Card","Relic","Card","Card"],"build_version":"2020-12-22","purchased_purges":2,"victory":false,"max_hp_per_floor":[66,66,66,66,66,66,66,66,66,66,66,66,66,66,66,66,66,66,66,66,66,66,66,66,66,73,73,73,73,73,73,73,73,73],"relic_stats":{"Dream Catcher":3,"Nunchaku":[5],"counters":[18,74],"CeramicFish":108,"Turnip":[12],"obtain_stats":[{"Du-Vu Doll":0,"Dream Catcher":8,"Nunchaku":25,"CeramicFish":11,"Strawberry":26,"Turnip":14,"Bag of Marbles":9,"Empty Cage":17,"FossilizedHelix":31,"Ring of the Snake":0,"Old Coin":23},{"Du-Vu Doll":0,"Dream Catcher":5,"Nunchaku":14,"CeramicFish":6,"Strawberry":14,"Turnip":8,"Bag of Marbles":5,"Empty Cage":9,"FossilizedHelix":17,"Ring of the Snake":0,"Old Coin":14},{"Du-Vu Doll":0,"Dream Catcher":21,"Nunchaku":58,"CeramicFish":25,"Strawberry":58,"Turnip":31,"Bag of Marbles":21,"Empty Cage":40,"FossilizedHelix":65,"Ring of the Snake":0,"Old Coin":58}],"Ring of the Snake":[36]},"card_choices":[{"not_picked":["Dodge and Roll","Predator"],"picked":"PiercingWail","floor":1.0},{"not_picked":["Underhanded Strike","Acrobatics"],"picked":"Dagger Throw","floor":4.0},{"not_picked":["Dagger Throw","Backflip"],"picked":"Finisher","floor":5.0},{"not_picked":["Concentrate","Prepared"],"picked":"Backstab","floor":7.0},{"not_picked":["Caltrops","Bane","Outmaneuver"],"picked":"SKIP","floor":8.0},{"not_picked":["Caltrops","Outmaneuver"],"picked":"Bane","floor":8.0},{"not_picked":["Well Laid Plans","Masterful Stab","Endless Agony"],"picked":"SKIP","floor":11.0},{"not_picked":["Choke","Flying Knee"],"picked":"Crippling Poison","floor":12.0},{"not_picked":["Flying Knee","Predator"],"picked":"Dagger Spray","floor":13.0},{"not_picked":["Outmaneuver","Dagger Spray","Sucker Punch"],"picked":"SKIP","floor":14.0},{"not_picked":["Storm of Steel","Wraith Form v2"],"picked":"Adrenaline","floor":16.0},{"not_picked":["Sucker Punch","PiercingWail+1","Quick Slash"],"picked":"SKIP","floor":18.0},{"not_picked":["Bouncing Flask","Sucker Punch","Finisher"],"picked":"SKIP","floor":19.0},{"not_picked":["Bouncing Flask","Sucker Punch","Finisher"],"picked":"SKIP","floor":19.0},{"not_picked":["Slice+1","All Out Attack","Dodge and Roll"],"picked":"SKIP","floor":20.0},{"not_picked":["PiercingWail","Underhanded Strike+1"],"picked":"Eviscerate","floor":22.0},{"not_picked":["Underhanded Strike","Endless Agony"],"picked":"Leg Sweep","floor":23.0},{"not_picked":["Deadly Poison","Backstab"],"picked":"Dagger Throw","floor":24.0},{"not_picked":["Bouncing Flask","Flying Knee"],"picked":"Acrobatics","floor":27.0},{"not_picked":["Poisoned Stab","Deflect+1","Endless Agony"],"picked":"SKIP","floor":30.0},{"not_picked":["Leg Sweep","Crippling Poison","Catalyst"],"picked":"SKIP","floor":31}],"player_experience":312379,"relics_obtained":[{"floor":8.0,"key":"Dream Catcher"},{"floor":9.0,"key":"Bag of Marbles"},{"floor":11.0,"key":"CeramicFish"},{"floor":14.0,"key":"Turnip"},{"floor":23.0,"key":"Old Coin"},{"floor":26.0,"key":"Strawberry"},{"floor":31,"key":"FossilizedHelix"}],"event_choices":[{"damage_healed":0.0,"max_hp_gain":0.0,"max_hp_loss":0.0,"gold_gain":0.0,"event_name":"Wheel of Change","player_choice":"Damaged","floor":2.0,"gold_loss":0.0,"damage_taken":9.0},{"damage_healed":0.0,"max_hp_gain":0.0,"max_hp_loss":0.0,"gold_gain":0.0,"event_name":"The Library","player_choice":"Read","floor":21.0,"gold_loss":0.0,"damage_taken":0.0,"cards_obtained":["Blade Dance"]},{"damage_healed":0.0,"max_hp_gain":0.0,"max_hp_loss":0.0,"gold_gain":0.0,"event_name":"Upgrade Shrine","player_choice":"Upgraded","floor":28.0,"gold_loss":0.0,"damage_taken":0.0,"cards_upgraded":["Blade Dance"]}],"is_beta":false,"boss_relics":[{"not_picked":["Philosopher\u0027s Stone","Black Star"],"picked":"Empty Cage"}],"items_purged_floors":[25,29],"is_endless":false,"potions_floor_spawned":[5,11,13,16,18,19,23],"killed_by":"Champ","ascension_level":16}}