{"host":"qj91dvco5uhu9oti","time":1609081748,"event":{"mods":["BaseMod","Colored Map","Keyboard Shortcuts","Minty Spire (QoL Compilation)","Permanent Neow","Relic Stats","StSLib","SuperFastMode","everything is the same but u backflip on backflip"],"gold_per_floor":[116,135,135,135,135,161,193,219,219,246,246,276,290,290,290,369,369,369,369,369,369,122,153,153,183,232,232,263,278,278,278,278,352,352,352,352,352,277,277,307,307,307,307,307,307,307,307,307,307,307],"floor_reached":51,"playtime":491,"items_purged":["Dagger Throw+1"],"score":2338,"play_id":"f775ae63-58f9-4e45-83da-218f36c95eda","local_time":"20201228000908","is_ascension_mode":true,"campfire_choices":[{"floor":15,"key":"REST"},{"floor":27,"key":"REST"},{"floor":32,"key":"REST"},{"floor":41,"key":"REST"},{"floor":46,"key":"REST"},{"floor":49,"key":"REST"}],"circlet_count":0,"master_deck":["Whirlwind+1","Double Energy+1","Double Energy+1","Double Energy+1","Double Energy+1","Double Energy+1","Double Energy+1","Double Tap+1"],"relics":["Bottled Flame","Bag of Preparation","Bag of Preparation","Bag of Preparation","MutagenicStrength","MutagenicStrength","MutagenicStrength","Bag of Marbles","Sundial","Mango","StoneCalendar","Boot","Vajra","SacredBark","Lantern","Bronze Scales","Letter Opener","Centennial Puzzle","Happy Flower","Whetstone","Prayer Wheel","SlaversCollar","WingedGreaves","Anchor","Blue Candle"],"acts_visited":["Exordium","TheCity","TheBeyond"],"potions_floor_usage":[22],"damage_taken":[{"damage":0.0,"enemies":"Small Slimes","floor":1.0,"turns":1.0},{"damage":0.0,"enemies":"2 Louse","floor":2.0,"turns":1.0},{"damage":0.0,"enemies":"Jaw Worm","floor":3.0,"turns":1.0},{"damage":0.0,"enemies":"Gremlin Nob","floor":6.0,"turns":1.0},{"damage":0.0,"enemies":"Lagavulin","floor":7.0,"turns":1.0},{"damage":0.0,"enemies":"3 Sentries","floor":8.0,"turns":1.0},{"damage":0.0,"enemies":"Lagavulin","floor":10.0,"turns":1.0},{"damage":0.0,"enemies":"2 Fungi Beasts","floor":11.0,"turns":1.0},{"damage":0,"enemies":"Gremlin Nob","floor":12,"turns":1},{"damage":0,"enemies":"Exordium Wildlife","floor":13,"turns":1},{"damage":0,"enemies":"Red Slaver","floor":14,"turns":1},{"damage":0,"enemies":"Hexaghost","floor":16,"turns":1},{"damage":0,"enemies":"Chosen","floor":18,"turns":1},{"damage":0,"enemies":"Spheric Guardian","floor":19,"turns":1},{"damage":0,"enemies":"Shelled Parasite and Fungi","floor":21,"turns":1},{"damage":0,"enemies":"Book of Stabbing","floor":23,"turns":1},{"damage":0,"enemies":"Gremlin Leader","floor":25,"turns":1},{"damage":0,"enemies":"Book of Stabbing","floor":28,"turns":1},{"damage":0,"enemies":"Centurion and Healer","floor":29,"turns":1},{"damage":0,"enemies":"Slavers","floor":30,"turns":1},{"damage":0,"enemies":"3 Cultists","floor":31,"turns":1},{"damage":0,"enemies":"Collector","floor":33,"turns":1},{"damage":0,"enemies":"3 Darklings","floor":35,"turns":1},{"damage":0,"enemies":"Orb Walker","floor":37,"turns":1},{"damage":0,"enemies":"Giant Head","floor":40,"turns":1},{"damage":0,"enemies":"Jaw Worm Horde","floor":44,"turns":1},{"damage":0,"enemies":"Reptomancer","floor":45,"turns":1},{"damage":0,"enemies":"3 Darklings","floor":47,"turns":1},{"damage":0,"enemies":"Donu and Deca","floor":50,"turns":1}],"seed_played":"-2079291121848556476","potions_obtained":[{"floor":6.0,"key":"Weak Potion"},{"floor":7.0,"key":"SteroidPotion"},{"floor":23,"key":"SmokeBomb"}],"is_trial":false,"path_per_floor":["M","M","M","?","?","E","E","E","T","E","M","E","M","M","R","B",null,"M","M","?","M","$","E","T","E","T","R","E","M","E","M","R","B",null,"M","?","M","$","?","E","R","?","T","M","E","R","M","?","R","B",null],"character_chosen":"THE_SILENT","items_purchased":["Lantern","Fruit Juice"],"campfire_rested":6,"item_purchase_floors":[22,22],"current_hp_per_floor":[59,59,59,59,59,59,59,73,73,73,73,73,73,73,80,80,80,80,80,80,80,90,90,90,90,90,90,90,90,90,90,90,90,90,90,90,90,90,90,90,90,90,90,90,90,90,90,90,90,90],"gold":307,"neow_bonus":"BOSS_RELIC","is_daily":false,"chose_seed":false,"campfire_upgraded":0,"win_rate":0.0,"timestamp":1609081748,"path_taken":["M","M","M","?","?","E","E","E","T","E","M","E","M","M","R","BOSS","M","M","?","M","$","E","?","E","T","R","E","M","E","M","R","BOSS","M","?","M","$","?","E","R","?","T","?","E","R","M","?","R","BOSS"],"items_purchased_type":["Relic","Potion"],"build_version":"2020-12-22","purchased_purges":1,"victory":true,"max_hp_per_floor":[66,66,66,66,66,66,66,80,80,80,80,80,80,80,80,80,80,80,80,80,80,90,90,90,90,90,90,90,90,90,90,90,90,90,90,90,90,90,90,90,90,90,90,90,90,90,90,90,90,90],"relic_stats":{"Happy Flower":[4],"counters":[29,29],"Blue Candle":[0],"StoneCalendar":[0],"Bag of Preparation":[121],"Letter Opener":[240],"Whetstone":["Dagger Throw"],"Boot":[0],"Centennial Puzzle":[0],"Sundial":[4],"Bronze Scales":[0],"Prayer Wheel":5,"obtain_stats":[{"Lantern":22,"Happy Flower":26,"SacredBark":17,"Blue Candle":43,"Vajra":12,"Mango":8,"StoneCalendar":9,"Bag of Preparation":0,"Letter Opener":24,"Whetstone":28,"Boot":10,"SlaversCollar":34,"Bottled Flame":0,"Centennial Puzzle":25,"Anchor":40,"Sundial":7,"MutagenicStrength":0,"Bronze Scales":23,"Snecko Eye":0,"Prayer Wheel":30,"WingedGreaves":0,"Bag of Marbles":6,"Ring of the Snake":0},{"Lantern":15,"Happy Flower":17,"SacredBark":12,"Blue Candle":25,"Vajra":9,"Mango":6,"StoneCalendar":6,"Bag of Preparation":0,"Letter Opener":16,"Whetstone":18,"Boot":7,"SlaversCollar":22,"Bottled Flame":0,"Centennial Puzzle":17,"Anchor":25,"Sundial":5,"MutagenicStrength":0,"Bronze Scales":16,"Snecko Eye":0,"Prayer Wheel":20,"WingedGreaves":0,"Bag of Marbles":4,"Ring of the Snake":0},{"Lantern":15,"Happy Flower":17,"SacredBark":12,"Blue Candle":25,"Vajra":9,"Mango":6,"StoneCalendar":6,"Bag of Preparation":0,"Letter Opener":16,"Whetstone":18,"Boot":7,"SlaversCollar":22,"Bottled Flame":0,"Centennial Puzzle":17,"Anchor":25,"Sundial":5,"MutagenicStrength":0,"Bronze Scales":16,"Snecko Eye":0,"Prayer Wheel":20,"WingedGreaves":0,"Bag of Marbles":4,"Ring of the Snake":0}]},"card_choices":[{"not_picked":["Flying Knee","Deadly Poison","Backstab"],"picked":"SKIP","floor":1.0},{"not_picked":["Masterful Stab","Dash","Dagger Spray"],"picked":"SKIP","floor":2.0},{"not_picked":["Prepared","Deflect","Underhanded Strike"],"picked":"SKIP","floor":3.0},{"not_picked":["Expertise","Endless Agony","Quick Slash"],"picked":"SKIP","floor":6.0},{"not_picked":["Predator","Backflip","Underhanded Strike"],"picked":"SKIP","floor":7.0},{"not_picked":["Deflect","Sucker Punch","Noxious Fumes"],"picked":"SKIP","floor":8.0},{"not_picked":["Dodge and Roll","Dagger Throw","Caltrops"],"picked":"SKIP","floor":10.0},{"not_picked":["Poisoned Stab","Footwork","Bane"],"picked":"SKIP","floor":11},{"not_picked":["Deflect","Distraction","Adrenaline"],"picked":"SKIP","floor":12},{"not_picked":["Deflect","Distraction","Adrenaline"],"picked":"SKIP","floor":12},{"not_picked":["Backstab","Expertise","Cloak And Dagger"],"picked":"SKIP","floor":13},{"not_picked":["PiercingWail","Dagger Throw","Noxious Fumes"],"picked":"SKIP","floor":14},{"not_picked":["Dash","Acrobatics","Outmaneuver"],"picked":"SKIP","floor":18},{"not_picked":["Flying Knee","Eviscerate","Dagger Throw"],"picked":"SKIP","floor":19},{"not_picked":["Blur","Acrobatics","Endless Agony"],"picked":"SKIP","floor":21},{"not_picked":["Outmaneuver","Reflex+1","Finisher"],"picked":"SKIP","floor":23},{"not_picked":["After Image","Dagger Spray"],"picked":"Dagger Throw","floor":25},{"not_picked":["Blur","Dodge and Roll","Deflect"],"picked":"SKIP","floor":28},{"not_picked":["Blade Dance","Poisoned Stab","Leg Sweep"],"picked":"SKIP","floor":29},{"not_picked":["Poisoned Stab","Prepared+1","Well Laid Plans"],"picked":"SKIP","floor":30},{"not_picked":["Outmaneuver","Quick Slash","Wraith Form v2"],"picked":"SKIP","floor":31},{"not_picked":["Noxious Fumes","Blade Dance+1","Footwork"],"picked":"SKIP","floor":31},{"not_picked":["Dodge and Roll+1","Accuracy","Slice"],"picked":"SKIP","floor":35},{"not_picked":["Escape Plan+1","Outmaneuver+1","Terror+1"],"picked":"SKIP","floor":35},{"not_picked":["Flying Knee","Outmaneuver","Concentrate"],"picked":"SKIP","floor":37},{"not_picked":["Flying Knee","Backflip","Outmaneuver"],"picked":"SKIP","floor":37},{"not_picked":["Slice+1","Skewer","Sucker Punch"],"picked":"SKIP","floor":40},{"not_picked":["Dagger Spray+1","Concentrate+1","Cloak And Dagger+1"],"picked":"SKIP","floor":44},{"not_picked":["Grand Finale","Cloak And Dagger+1","Slice+1"],"picked":"SKIP","floor":44},{"not_picked":["Outmaneuver","Deflect+1","Backstab"],"picked":"SKIP","floor":45},{"not_picked":["Cloak And Dagger+1","Dagger Throw","Caltrops+1"],"picked":"SKIP","floor":47},{"not_picked":["Acrobatics","Slice","Blade Dance"],"picked":"SKIP","floor":47}],"player_experience":299531,"relics_obtained":[{"floor":6.0,"key":"Bag of Marbles"},{"floor":7.0,"key":"Sundial"},{"floor":8.0,"key":"Mango"},{"floor":9.0,"key":"StoneCalendar"},{"floor":10.0,"key":"Boot"},{"floor":12,"key":"Vajra"},{"floor":23,"key":"Bronze Scales"},{"floor":24,"key":"Letter Opener"},{"floor":25,"key":"Centennial Puzzle"},{"floor":26,"key":"Happy Flower"},{"floor":28,"key":"Whetstone"},{"floor":30,"key":"Prayer Wheel"},{"floor":40,"key":"Anchor"},{"floor":43,"key":"Blue Candle"}],"event_choices":[{"cards_removed":["Double Energy"],"damage_healed":0.0,"max_hp_gain":0.0,"max_hp_loss":0.0,"gold_gain":0.0,"event_name":"Living Wall","player_choice":"Forget","floor":4.0,"gold_loss":0.0,"damage_taken":0.0},{"damage_healed":0.0,"max_hp_gain":0.0,"max_hp_loss":0.0,"gold_gain":0.0,"event_name":"The Cleric","player_choice":"Leave","floor":5.0,"gold_loss":0.0,"damage_taken":0.0},{"damage_healed":16,"gold_gain":0,"player_choice":"Heal","damage_taken":0,"max_hp_gain":0,"max_hp_loss":0,"event_name":"The Library","floor":20,"gold_loss":0},{"damage_healed":0,"gold_gain":0,"player_choice":"Ignored","damage_taken":0,"max_hp_gain":0,"max_hp_loss":0,"event_name":"Tomb of Lord Red Mask","floor":36,"gold_loss":0},{"cards_removed":["Double Energy"],"damage_healed":0,"gold_gain":0,"player_choice":"Removed Skill","damage_taken":0,"max_hp_gain":0,"max_hp_loss":0,"event_name":"Falling","floor":39,"gold_loss":0},{"damage_healed":0,"gold_gain":0,"player_choice":"Ignored","damage_taken":0,"max_hp_gain":0,"max_hp_loss":0,"event_name":"Purifier","floor":42,"gold_loss":0},{"damage_healed":0,"gold_gain":0,"player_choice":"Ignored","damage_taken":0,"max_hp_gain":0,"max_hp_loss":0,"event_name":"Transmorgrifier","floor":48,"gold_loss":0}],"is_beta":false,"boss_relics":[{"not_picked":["Runic Pyramid","Empty Cage"],"picked":"SacredBark"},{"not_picked":["HoveringKite","Cursed Key"],"picked":"SlaversCollar"}],"items_purged_floors":[38],"is_endless":false,"potions_floor_spawned":[6,7,8,10,13,16,23,28,29,30,35,37,47],"ascension_level":15}}