{"host":"0cnf9zf1gia27zti","time":1609086043,"event":{"mods":["BaseMod","BetterRewards","Card Forge","Colored Map","Colored Powertips","Conspire","Downfall","Minty Spire (QoL Compilation)","Practice Mode","Quick Restart","Replay The Spire","Robot Space Explorer","Shade Mod","Spicy Shops","StSLib"],"gold_per_floor":[118,129,16,36,54,54,89,89,89,108,27,46,46,46,46,125,125,142,57,57,57,68,68,18,85,130,130,143,12,12,31,31,108,108,130,130,130],"floor_reached":36,"playtime":1339,"items_purged":["Strike_B","Strike_B","Defend_B","Writhe"],"score":688,"play_id":"21e19bee-2b13-43c3-aedc-05e3113ee077","local_time":"20201227162043","is_ascension_mode":true,"campfire_choices":[{"floor":6,"key":"DIG"},{"floor":8,"key":"DIG"},{"floor":13,"key":"REST"},{"floor":15,"key":"DIG"},{"floor":23,"key":"REST"},{"floor":32,"key":"REST"}],"circlet_count":0,"master_deck":["AscendersBane","Strike_B+2","Strike_B","Defend_B+1","Defend_B","Defend_B+1","Zap","Dualcast+1","Gash","Go for the Eyes+1","Sweeping Beam","Sweeping Beam+1","Echo Form+1","conspire:SpireCoStock","Gash","Fusion"],"relics":["Cracked Core","Hammer of Thor","Seething Fire","Anvil of the Gods","Shovel","Orichalcum","Membership Card","Pen Nib","Strawberry","HornCleat","Potion Belt","Dream Catcher","Gremlin Food","CultistMask","Bronze Scales","Busted Crown","Simple Rune","ReplayTheSpireMod:Lightbulb","Whetstone","Dead Branch","Ornamental Fan","Nuclear Battery"],"acts_visited":["Exordium","TheCity","TheBeyond"],"potions_floor_usage":[7,7,16,16,18,31,33,33,36],"damage_taken":[{"damage":0,"enemies":"Cultist","floor":1,"turns":3},{"damage":2,"enemies":"Small Slimes","floor":2,"turns":3},{"damage":0,"enemies":"Jaw Worm","floor":4,"turns":3},{"damage":4,"enemies":"2 Fungi Beasts","floor":5,"turns":3},{"damage":18,"enemies":"3 Sentries","floor":7,"turns":6},{"damage":0,"enemies":"Blue Slaver","floor":10,"turns":3},{"damage":3,"enemies":"Large Slime","floor":12,"turns":5},{"damage":68,"enemies":"Slime Boss","floor":16,"turns":12},{"damage":0,"enemies":"2 Thieves","floor":18,"turns":3},{"damage":14,"enemies":"Chosen","floor":22,"turns":6},{"damage":19,"enemies":"Sentry and Sphere","floor":28,"turns":4},{"damage":15,"enemies":"Centurion and Healer","floor":31,"turns":5},{"damage":26,"enemies":"Automaton","floor":33,"turns":8},{"damage":38,"enemies":"3 Darklings","floor":35,"turns":4},{"damage":26,"enemies":"3 Shapes","floor":36,"turns":1}],"seed_played":"7938333903668946562","potions_obtained":[{"floor":1,"key":"Fire Potion"},{"floor":7,"key":"Fruit Juice"},{"floor":10,"key":"SpeedPotion"},{"floor":12,"key":"Dexterity Potion"},{"floor":16,"key":"ColorlessPotion"},{"floor":25,"key":"SpeedPotion"},{"floor":25,"key":"PotionOfCapacity"},{"floor":28,"key":"SteroidPotion"},{"floor":31,"key":"BlessingOfTheForge"},{"floor":35,"key":"Adrenaline Potion"}],"is_trial":false,"path_per_floor":["M","M","$","M","M","R","E","R","T","M","$","M","R","?","R","B",null,"M","?","?","$","M","R","?","?","T","T","M","$","?","M","R","B",null,"M","M"],"character_chosen":"DEFECT","items_purchased":["Shovel","Gash","Orichalcum","Membership Card","Pen Nib","Go for the Eyes","Gremlin Food","Ornamental Fan"],"campfire_rested":3,"item_purchase_floors":[0,0,0,0,0,0,11,29],"current_hp_per_floor":[64,62,62,62,58,65,52,52,52,52,52,49,73,73,73,5,64,64,64,64,64,50,74,74,41,41,41,22,22,22,7,31,5,64,26,0,0],"gold":130,"neow_bonus":"","is_daily":false,"chose_seed":false,"campfire_upgraded":0,"win_rate":0.0,"timestamp":1609086043,"path_taken":["M","M","$","?","M","R","E","R","T","M","$","M","R","?","R","BOSS","M","?","?","$","M","R","?","?","T","?","M","?","?","M","R","BOSS","M","M"],"items_purchased_type":["Relic","Card","Relic","Relic","Relic","Card","Relic","Relic"],"build_version":"2020-12-22","purchased_purges":4,"victory":false,"max_hp_per_floor":[71,71,71,71,71,78,83,83,83,83,83,83,83,83,83,83,83,83,83,83,83,83,83,83,83,83,83,83,83,83,83,83,83,83,83,83,83],"card_choices":[{"not_picked":["BasicCrystalCard","Stack","Hologram"],"picked":"SKIP","floor":1},{"not_picked":["BasicCrystalCard","Chaos","Aggregate"],"picked":"SKIP","floor":2},{"not_picked":["Hello World","Compile Driver"],"picked":"Sweeping Beam","floor":4},{"not_picked":["Redo","Defragment","ReplayTheSpireMod:Repulse"],"picked":"SKIP","floor":5},{"not_picked":["Darkness","Steam"],"picked":"Sweeping Beam","floor":7},{"not_picked":["Tempest","Chaos","ReplayTheSpireMod:Calculation Training"],"picked":"SKIP","floor":10},{"not_picked":["Turbo","Undo","BasicCrystalCard"],"picked":"SKIP","floor":12},{"not_picked":["Rainbow","Meteor Strike"],"picked":"Echo Form","floor":16},{"not_picked":["FIFO Queue"],"picked":"SKIP","floor":18},{"not_picked":["Redo"],"picked":"SKIP","floor":22},{"not_picked":["Coolheaded+1"],"picked":"SKIP","floor":28},{"not_picked":[],"picked":"Gash","floor":31},{"not_picked":[],"picked":"Fusion","floor":35}],"player_experience":2524797,"relics_obtained":[{"floor":6,"key":"Strawberry"},{"floor":7,"key":"HornCleat"},{"floor":8,"key":"Potion Belt"},{"floor":9,"key":"Dream Catcher"},{"floor":15,"key":"Bronze Scales"},{"floor":25,"key":"ReplayTheSpireMod:Lightbulb"},{"floor":26,"key":"Whetstone"},{"floor":27,"key":"Dead Branch"}],"event_choices":[{"damage_healed":0,"gold_gain":0,"player_choice":"Trade","damage_taken":0,"relics_obtained":["CultistMask"],"max_hp_gain":0,"max_hp_loss":0,"event_name":"FaceTrader","floor":14,"gold_loss":0},{"damage_healed":0,"gold_gain":0,"player_choice":"Obtained Relic","damage_taken":0,"relics_obtained":["Simple Rune"],"max_hp_gain":0,"max_hp_loss":0,"event_name":"Addict","floor":19,"gold_loss":85},{"damage_healed":0,"gold_gain":0,"player_choice":"Ignored","damage_taken":0,"max_hp_gain":0,"max_hp_loss":0,"event_name":"Vampires","floor":20,"gold_loss":0},{"damage_healed":0,"gold_gain":0,"player_choice":"Invest 1","damage_taken":0,"max_hp_gain":0,"max_hp_loss":0,"event_name":"conspire:Investor","floor":24,"gold_loss":0},{"damage_healed":0,"gold_gain":0,"player_choice":"Ignored","damage_taken":0,"max_hp_gain":0,"max_hp_loss":0,"event_name":"Ghosts","floor":30,"gold_loss":0}],"is_beta":false,"boss_relics":[{"not_picked":["ChewingGum","Abe\u0027s Treasure"],"picked":"Busted Crown"},{"not_picked":["Cursed Key","SacredBark"],"picked":"Nuclear Battery"}],"items_purged_floors":[0,3,3,29],"is_endless":false,"potions_floor_spawned":[1,7,10,12,16,28,31,35],"killed_by":"3 Shapes","ascension_level":18}}