{"host":"toh0bbw446wnuexf","time":1609035755,"event":{"mods":["BaseMod","Downfall","Hermit","Minty Spire (QoL Compilation)","Random Character Button","StSLib"],"gold_per_floor":[118,131,192,267,284,284,206,206,274,224,250,270,285,297,297,398,398,368,368,467,495,527,527,538,538,538,556,556,556,585,619,619,619,619],"floor_reached":33,"playtime":2534,"items_purged":[],"score":253,"play_id":"67ad5622-4966-4bf4-a315-695a2b68ab08","local_time":"20201227152235","is_ascension_mode":true,"campfire_choices":[{"data":"hermit:Dive","floor":6,"key":"SMITH"},{"floor":15,"key":"REST"},{"floor":23,"key":"REST"},{"floor":25,"key":"REST"},{"floor":29,"key":"REST"},{"floor":32,"key":"REST"}],"circlet_count":0,"master_deck":["hermit:Strike_Hermit","hermit:Strike_Hermit","hermit:Strike_Hermit","hermit:Defend_Hermit","hermit:Defend_Hermit","hermit:Defend_Hermit","hermit:Defend_Hermit","hermit:Snapshot","hermit:Dive+1","hermit:BigShot","hermit:Enervate","hermit:DeadOrAlive","hermit:Headshot","hermit:Determination","hermit:Ricochet+1"],"relics":["hermit:ClaspedLocket","NeowsBlessing","Shuriken","Potion Belt","Incense Burner"],"acts_visited":["Exordium","TheCity"],"potions_floor_usage":[16,16,16],"damage_taken":[{"damage":0,"enemies":"Jaw Worm","floor":1,"turns":1},{"damage":0,"enemies":"Small Slimes","floor":2,"turns":1},{"damage":0,"enemies":"2 Louse","floor":5,"turns":1},{"damage":11,"enemies":"Large Slime","floor":12,"turns":7},{"damage":16,"enemies":"Gremlin Gang","floor":13,"turns":6},{"damage":7,"enemies":"Blue Slaver","floor":14,"turns":4},{"damage":22,"enemies":"Slime Boss","floor":16,"turns":12},{"damage":35,"enemies":"2 Thieves","floor":18,"turns":5},{"damage":3,"enemies":"Chosen","floor":21,"turns":4},{"damage":23,"enemies":"Shelled Parasite and Fungi","floor":22,"turns":6},{"damage":16,"enemies":"Snecko","floor":24,"turns":6},{"damage":43,"enemies":"Cultist and Chosen","floor":27,"turns":10},{"damage":11,"enemies":"3 Cultists","floor":30,"turns":5},{"damage":12,"enemies":"Centurion and Healer","floor":31,"turns":9},{"damage":46,"enemies":"Champ","floor":33,"turns":7}],"seed_played":"-2351734551876926604","potions_obtained":[{"floor":2,"key":"Fire Potion"},{"floor":13,"key":"Block Potion"},{"floor":14,"key":"Energy Potion"},{"floor":16,"key":"PowerPotion"},{"floor":22,"key":"SkillPotion"},{"floor":30,"key":"hermit:BlackBile"}],"is_trial":false,"path_per_floor":["M","M","?","?","M","R","$","?","T","?","T","M","M","M","R","B",null,"M","?","?","M","M","R","M","R","T","M","?","R","M","M","R","B"],"character_chosen":"HERMIT","items_purchased":["hermit:BigShot"],"campfire_rested":5,"item_purchase_floors":[7],"current_hp_per_floor":[75,75,75,64,64,64,64,69,69,69,69,58,42,35,59,37,80,45,45,45,42,19,43,27,51,51,8,8,32,21,9,33,0,0],"gold":619,"neow_bonus":"THREE_ENEMY_KILL","is_daily":false,"chose_seed":false,"campfire_upgraded":1,"win_rate":0.0,"timestamp":1609035755,"path_taken":["M","M","?","?","M","R","$","?","T","?","?","M","?","M","R","BOSS","M","?","?","M","M","R","M","R","T","M","?","R","?","M","R","BOSS"],"items_purchased_type":["Card"],"build_version":"2020-12-22","purchased_purges":0,"victory":false,"max_hp_per_floor":[75,75,75,75,75,75,75,80,80,80,80,80,80,80,80,80,80,80,80,80,80,80,80,80,80,80,80,80,80,80,80,80,80,80],"card_choices":[{"not_picked":["hermit:Coalescence","hermit:GoldenBullet"],"picked":"hermit:Dive","floor":1},{"not_picked":["hermit:SprayPray","hermit:HoleUp","hermit:LowProfile"],"picked":"SKIP","floor":2},{"not_picked":["hermit:Snipe","hermit:Cheat","hermit:Desperado"],"picked":"SKIP","floor":5},{"not_picked":["hermit:WideOpen","hermit:CalledShot"],"picked":"hermit:Enervate","floor":12},{"not_picked":["hermit:Feint","hermit:Desperado","hermit:Roulette"],"picked":"SKIP","floor":13},{"not_picked":["hermit:ItchyTrigger","hermit:Reprieve","hermit:Roulette"],"picked":"SKIP","floor":14},{"not_picked":["hermit:BlackWind","hermit:FinalCanter"],"picked":"hermit:DeadOrAlive","floor":16},{"not_picked":["hermit:Shortfuse+1","hermit:HoleUp+1"],"picked":"hermit:Headshot","floor":18},{"not_picked":["hermit:Enervate","hermit:Roulette","hermit:FullyLoaded+1"],"picked":"SKIP","floor":21},{"not_picked":["hermit:Manifest+1","hermit:Glare"],"picked":"hermit:Determination","floor":22},{"not_picked":["hermit:TrackingShot","hermit:Spite","hermit:Roulette"],"picked":"SKIP","floor":24},{"not_picked":["hermit:WideOpen","hermit:Determination"],"picked":"hermit:Ricochet+1","floor":27},{"not_picked":["hermit:WideOpen","hermit:EyeOfTheStorm","hermit:Spite"],"picked":"SKIP","floor":30},{"not_picked":["hermit:Glare","hermit:Desperado","hermit:FlashPowder"],"picked":"SKIP","floor":31}],"player_experience":533538,"relics_obtained":[{"floor":9,"key":"Shuriken"},{"floor":11,"key":"Potion Belt"},{"floor":26,"key":"Incense Burner"}],"event_choices":[{"damage_healed":0,"gold_gain":61,"player_choice":"Gained Gold","damage_taken":0,"max_hp_gain":0,"max_hp_loss":0,"event_name":"Golden Wing","floor":3,"gold_loss":0},{"damage_healed":0,"gold_gain":75,"player_choice":"Gather Gold","damage_taken":11,"max_hp_gain":0,"max_hp_loss":0,"event_name":"World of Goop","floor":4,"gold_loss":0},{"damage_healed":0,"gold_gain":0,"player_choice":"Donut","damage_taken":0,"max_hp_gain":5,"max_hp_loss":0,"event_name":"Big Fish","floor":8,"gold_loss":0},{"cards_removed":["hermit:Covet"],"damage_healed":0,"gold_gain":0,"player_choice":"Card Removal","damage_taken":0,"max_hp_gain":0,"max_hp_loss":0,"event_name":"The Cleric","floor":10,"gold_loss":50},{"damage_healed":0,"gold_gain":0,"player_choice":"Ignored","damage_taken":0,"max_hp_gain":0,"max_hp_loss":0,"event_name":"The Mausoleum","floor":19,"gold_loss":0},{"damage_healed":0,"gold_gain":99,"player_choice":"Stole From Cult","damage_taken":0,"max_hp_gain":0,"max_hp_loss":0,"event_name":"Nest","floor":20,"gold_loss":0},{"cards_removed":["hermit:Strike_Hermit"],"damage_healed":0,"gold_gain":0,"player_choice":"Elegance","damage_taken":0,"max_hp_gain":0,"max_hp_loss":0,"event_name":"Back to Basics","floor":28,"gold_loss":0}],"is_beta":false,"boss_relics":[{"not_picked":["Runic Dome","Velvet Choker"],"picked":"hermit:ClaspedLocket"}],"items_purged_floors":[],"is_endless":false,"potions_floor_spawned":[2,13,14,16,22,30],"killed_by":"Champ","ascension_level":1}}