{"host":"pf9sh7nh6rpu9sau","time":1609040408,"event":{"mods":["2.2 Compatiblity","BaseMod","BetterRewards","Downfall","Hermit","Hubris","Mad Scientist","Minty Spire (QoL Compilation)","Permanent Neow","Quick Restart","Replay The Spire","Somnambulant","StSLib","The Clintock","The Cursed","The Disciple","The Hierophant","The Necromancer","The Runesmith","The Servant 0.9.4","TheVacant"],"gold_per_floor":[99,114,133,143,79,79,104,6,16,16,26,26,59,73,89,188,188,188,205,215,227,227,238,238,256,256,106,136,152,152,172,190,287,287,287,307,323,337,337,372,372,372,45,56,82,82,95,109,125,125],"floor_reached":51,"playtime":4804,"items_purged":["champ:Strike"],"score":864,"play_id":"5aeb0f5c-f887-411a-ae3f-74053f446ea1","local_time":"20201226224008","is_ascension_mode":false,"campfire_choices":[{"data":"champ:Taunt","floor":10,"key":"SMITH"},{"data":"champ:Backstep","floor":12,"key":"SMITH"},{"floor":18,"key":"RECALL"},{"data":"champ:SwordThrow","floor":30,"key":"SMITH"},{"floor":35,"key":"DIG"},{"data":"champ:SwordThrow","floor":42,"key":"SMITH"}],"circlet_count":0,"master_deck":["champ:Defend","champ:Defend","champ:Defend","champ:Execute","champ:Taunt+1","champ:DeathBlow","champ:ArenaPreparation","champ:Encircle","champ:Backstep+1","champ:BringItOn","champ:SwordThrow+1","expansioncontent:ChargeUp","champ:GutPunch","champ:Lariat","champ:Devastate+1","champ:BerserkersShout","champ:AdrenalArmor","champ:AdrenalArmor","Ghostly","champ:EndlessRage","champ:SwordThrow+1","champ:EnragedBash","champ:Encircle+1","champ:Shatter","champ:Shatter","expansioncontent:DecasProtection","champ:CalledShot+1","champ:EndlessRage"],"relics":["champ:ChampionCrown","Blue Doll","Lantern","hubris:VirtuousBlindfold","Iron Hammer","Sozu","Bag of Marbles","Replay:Baseball","hubris:Spice","ClockworkSouvenir","FossilizedHelix","Singing Bowl"],"acts_visited":["Exordium","TheCity","TheBeyond"],"potions_floor_usage":[9,13,13,20,23,28,31,33,40,40],"damage_taken":[{"damage":0,"enemies":"Small Slimes","floor":2,"turns":6},{"damage":5,"enemies":"Jaw Worm","floor":3,"turns":4},{"damage":15,"enemies":"2 Louse","floor":4,"turns":2},{"damage":37,"enemies":"downfall:FleeingMerchant","floor":5,"turns":4},{"damage":40,"enemies":"downfall:FleeingMerchant","floor":8,"turns":4},{"damage":28,"enemies":"Exordium Thugs","floor":9,"turns":5},{"damage":27,"enemies":"Blue Slaver","floor":11,"turns":3},{"damage":4,"enemies":"Gremlin Nob","floor":13,"turns":2},{"damage":17,"enemies":"Red Slaver","floor":14,"turns":3},{"damage":20,"enemies":"Gremlin Gang","floor":15,"turns":2},{"damage":59,"enemies":"downfall:Ironclad","floor":16,"turns":7},{"damage":27,"enemies":"Shell Parasite","floor":19,"turns":4},{"damage":21,"enemies":"Chosen","floor":20,"turns":3},{"damage":34,"enemies":"Shelled Parasite and Fungi","floor":21,"turns":4},{"damage":42,"enemies":"Sentry and Sphere","floor":23,"turns":4},{"damage":46,"enemies":"Chosen and Byrds","floor":25,"turns":3},{"damage":53,"enemies":"Gremlin Leader","floor":28,"turns":7},{"damage":47,"enemies":"3 Cultists","floor":29,"turns":5},{"damage":18,"enemies":"Snake Plant","floor":31,"turns":4},{"damage":59,"enemies":"Centurion and Healer","floor":32,"turns":5},{"damage":72,"enemies":"downfall:Silent","floor":33,"turns":8},{"damage":53,"enemies":"3 Shapes","floor":36,"turns":4},{"damage":13,"enemies":"Orb Walker","floor":37,"turns":2},{"damage":41,"enemies":"Sphere and 2 Shapes","floor":38,"turns":3},{"damage":64,"enemies":"Reptomancer","floor":40,"turns":6},{"damage":61,"enemies":"downfall:FleeingMerchant","floor":43,"turns":4},{"damage":13,"enemies":"Jaw Worm Horde","floor":44,"turns":3},{"damage":78,"enemies":"Nemesis","floor":45,"turns":5},{"damage":38,"enemies":"Maw","floor":47,"turns":4},{"damage":6,"enemies":"Spire Growth","floor":48,"turns":2},{"damage":13,"enemies":"Writhing Mass","floor":49,"turns":3},{"damage":35,"enemies":"downfall:Defect","floor":50,"turns":4}],"seed_played":"4635153496884562461","potions_obtained":[{"floor":2,"key":"SkillPotion"},{"floor":3,"key":"SteroidPotion"},{"floor":11,"key":"DuplicationPotion"},{"floor":14,"key":"Languid Potion"},{"floor":16,"key":"Explosive Potion"},{"floor":19,"key":"Venom Potion"},{"floor":21,"key":"AttackPotion"},{"floor":29,"key":"BlessingOfTheForge"},{"floor":31,"key":"SpeedPotion"},{"floor":33,"key":"Energy Potion"}],"is_trial":false,"path_per_floor":["R","M","M","M","$","?","T","$","M","R","M","R","E","M","M","B",null,"R","M","M","M","?","M","T","M","?","?","E","M","R","M","M","B",null,"R","M","M","M","?","E","T","R","$","M","E","?","M","M","M","B",null],"character_chosen":"THE_CHAMP","items_purchased":["champ:BringItOn","expansioncontent:ChargeUp","ClockworkSouvenir","FossilizedHelix","champ:Shatter","expansioncontent:DecasProtection"],"campfire_rested":0,"item_purchase_floors":[5,8,43,43,43,43],"current_hp_per_floor":[63,63,63,58,58,58,58,58,55,55,55,55,55,52,52,40,90,90,90,90,95,95,86,86,86,86,86,94,86,86,86,74,48,95,95,95,95,95,95,86,94,94,91,103,82,82,90,92,101,107],"gold":125,"neow_bonus":"REMOVE_TWO","is_daily":false,"chose_seed":false,"campfire_upgraded":4,"win_rate":0.0,"timestamp":1609040408,"path_taken":["R","M","M","M","$","?","T","$","M","R","M","R","E","M","M","BOSS","R","M","M","M","?","M","T","M","?","?","E","M","R","?","M","BOSS","R","M","M","M","?","E","T","R","$","M","E","?","?","M","M","BOSS"],"items_purchased_type":["Card","Card","Relic","Relic","Card","Card"],"build_version":"2020-12-22","purchased_purges":1,"victory":true,"max_hp_per_floor":[90,90,90,90,90,90,90,90,90,90,90,90,90,90,90,90,90,90,90,90,95,95,95,95,95,95,95,95,95,95,95,95,95,95,95,95,95,95,95,95,103,103,103,103,105,105,107,107,107,107],"card_choices":[{"not_picked":["champ:Lariat","champ:Backstep"],"picked":"champ:DeathBlow","floor":2},{"not_picked":["champ:Backstep","champ:AdrenalArmor"],"picked":"champ:ArenaPreparation","floor":3},{"not_picked":["champ:GladiatorsShout","champ:TornadoPunch"],"picked":"champ:Encircle","floor":4},{"not_picked":["champ:FanOfKnives","champ:PerfectedStrike"],"picked":"champ:Backstep","floor":5},{"not_picked":["champ:FocusedDefense","champ:Control"],"picked":"champ:SwordThrow","floor":8},{"not_picked":["champ:FocusedDefense","champ:DefensiveShout","champ:FocusedGladiator"],"picked":"SKIP","floor":9},{"not_picked":["champ:IronFortress","champ:FlashCut"],"picked":"champ:GutPunch","floor":11},{"not_picked":["champ:PreciseThrust","champ:GladiatorsShout","champ:Circumvent"],"picked":"SKIP","floor":13},{"not_picked":["champ:Backstep","champ:StanceDance"],"picked":"champ:FightOn","floor":14},{"not_picked":["champ:Circumvent","champ:Balance"],"picked":"champ:Lariat","floor":15},{"not_picked":["champ:ShieldSlam","champ:SteelEdge"],"picked":"champ:Devastate","floor":16},{"not_picked":["champ:BladeFlurry","champ:DefensiveShout"],"picked":"champ:BerserkersShout","floor":19},{"not_picked":["champ:PerfectedStrike","champ:ShieldWall+1","champ:Circumvent+1"],"picked":"SKIP","floor":20},{"not_picked":["champ:Haymaker","champ:Devastate"],"picked":"champ:AdrenalArmor","floor":21},{"not_picked":["champ:StanceDance+1","champ:GutPunch"],"picked":"champ:AdrenalArmor","floor":23},{"not_picked":["champ:FocusedDefense","champ:StanceDance","champ:BringItOn+1"],"picked":"SKIP","floor":25},{"not_picked":["champ:CrookedStrike","champ:PerfectedStrike"],"picked":"champ:EndlessRage","floor":28},{"not_picked":["champ:StanceDance","champ:DefensiveStyle","champ:ShieldSlam"],"picked":"SKIP","floor":29},{"not_picked":["champ:StanceDance","champ:Haymaker","champ:BringItOn"],"picked":"SKIP","floor":31},{"not_picked":["champ:StanceDance","champ:BringItOn+1","champ:BladeFlurry"],"picked":"SKIP","floor":32},{"not_picked":["champ:DancingMaster","champ:Devastate"],"picked":"champ:SwordThrow","floor":33},{"not_picked":["champ:FanOfKnives","champ:Circumvent"],"picked":"champ:EnragedBash","floor":36},{"not_picked":["champ:FalseCounter+1","champ:Circumvent+1","champ:Balance"],"picked":"SKIP","floor":37},{"not_picked":["champ:Balance+1","champ:StanceDance"],"picked":"champ:Encircle+1","floor":38},{"not_picked":["champ:FanOfKnives+1","champ:Riposte+1","champ:DefensiveStyle+1"],"picked":"SKIP","floor":40},{"not_picked":["champ:FlashCut","champ:AdrenalArmor+1","champ:DefensiveShout+1"],"picked":"SKIP","floor":43},{"not_picked":["champ:DefensiveShout+1","champ:CrookedStrike+1","champ:StanceDance"],"picked":"SKIP","floor":44},{"not_picked":["champ:RapidStrikes+1","champ:GladiatorStyle","champ:DancingMaster"],"picked":"Singing Bowl","floor":45},{"not_picked":["champ:GutPunch","champ:Haymaker","champ:BladeFlurry+1"],"picked":"Singing Bowl","floor":47},{"not_picked":["champ:ShieldWall","champ:Lariat+1"],"picked":"champ:CalledShot+1","floor":48},{"not_picked":["champ:Haymaker","champ:BladeFlurry+1"],"picked":"champ:EndlessRage","floor":49}],"player_experience":757483,"relics_obtained":[{"floor":7,"key":"Blue Doll"},{"floor":13,"key":"Lantern"},{"floor":28,"key":"Iron Hammer"},{"floor":35,"key":"Bag of Marbles"},{"floor":40,"key":"Replay:Baseball"},{"floor":41,"key":"hubris:Spice"},{"floor":45,"key":"Singing Bowl"}],"event_choices":[{"cards_removed":["champ:Duel"],"damage_healed":0,"gold_gain":0,"player_choice":"Removed Attack","damage_taken":0,"max_hp_gain":0,"max_hp_loss":0,"event_name":"Falling","floor":39,"gold_loss":0}],"is_beta":false,"boss_relics":[{"not_picked":["Coffee Dripper","Abe\u0027s Treasure"],"picked":"hubris:VirtuousBlindfold"},{"not_picked":["Honey Jar","Runic Dome"],"picked":"Sozu"}],"items_purged_floors":[43],"is_endless":false,"potions_floor_spawned":[2,3,11,14,16,19,21,29,31,33,37,45,47,48],"ascension_level":0}}