{"host":"agbyy69nq62afhwx","time":1609048152,"event":{"mods":["BaseMod","Colored Map","DeckTracker","Highlight Path","Keyboard Shortcuts","Minty Spire (QoL Compilation)","Quick Restart","StSLib","SuperFastMode","everything is the same but u backflip on backflip"],"gold_per_floor":[15,30,47,47,47,47,34,50,50,70,40,40,53,63,63,135,135,150,168,168,12,12,12,45,45,45,45,65,82,82,93,93,165,165,185,28,44,44,61,61,73,73,73,83,118,129,129,161,161,161],"floor_reached":51,"playtime":1955,"items_purged":["Strike_G"],"score":1492,"play_id":"787cbb63-a8cc-4743-b1ce-d3ee079d281a","local_time":"20201227144912","is_ascension_mode":true,"campfire_choices":[{"data":"Adrenaline","floor":6.0,"key":"SMITH"},{"floor":15.0,"key":"REST"},{"data":"Venomology","floor":23.0,"key":"SMITH"},{"data":"Distraction","floor":25.0,"key":"SMITH"},{"floor":32.0,"key":"REST"},{"data":"Adrenaline","floor":40,"key":"SMITH"},{"data":"Calculated Gamble","floor":42,"key":"SMITH"},{"data":"Distraction","floor":47,"key":"SMITH"},{"data":"After Image","floor":49,"key":"SMITH"}],"circlet_count":0,"master_deck":["AscendersBane","Strike_G","Strike_G","Strike_G","Defend_G","Defend_G","Defend_G","Defend_G","Defend_G","Survivor","Neutralize","Adrenaline+1","Escape Plan","Deadly Poison","After Image+1","Backflip","Distraction+1","Footwork","Storm of Steel","Venomology+1","Crippling Poison","Distraction+1","PiercingWail","Cloak And Dagger+1","Adrenaline+1","Calculated Gamble+1","Blade Dance+1"],"relics":["Ring of the Snake","Dead Branch","Tough Bandages","HoveringKite","PreservedInsect","Sundial","InkBottle","Enchiridion","WristBlade","Meat on the Bone","Mercury Hourglass","Ninja Scroll"],"acts_visited":["Exordium","TheCity","TheBeyond"],"potions_floor_usage":[35],"damage_taken":[{"damage":0.0,"enemies":"2 Louse","floor":1.0,"turns":4.0},{"damage":12.0,"enemies":"Cultist","floor":2.0,"turns":6.0},{"damage":10.0,"enemies":"Jaw Worm","floor":3.0,"turns":7.0},{"damage":0.0,"enemies":"Exordium Thugs","floor":7.0,"turns":4.0},{"damage":2.0,"enemies":"Gremlin Gang","floor":8.0,"turns":9.0},{"damage":5.0,"enemies":"Blue Slaver","floor":10.0,"turns":5.0},{"damage":0.0,"enemies":"Looter","floor":11.0,"turns":4.0},{"damage":7.0,"enemies":"Exordium Thugs","floor":13.0,"turns":6.0},{"damage":18.0,"enemies":"3 Louse","floor":14.0,"turns":3.0},{"damage":2.0,"enemies":"The Guardian","floor":16.0,"turns":9.0},{"damage":9.0,"enemies":"Spheric Guardian","floor":18.0,"turns":6.0},{"damage":0.0,"enemies":"3 Byrds","floor":19.0,"turns":4.0},{"damage":4.0,"enemies":"Book of Stabbing","floor":24.0,"turns":5.0},{"damage":3.0,"enemies":"Sentry and Sphere","floor":28.0,"turns":4.0},{"damage":1.0,"enemies":"Chosen and Byrds","floor":29.0,"turns":4.0},{"damage":0.0,"enemies":"3 Cultists","floor":31.0,"turns":4.0},{"damage":0.0,"enemies":"Champ","floor":33.0,"turns":7.0},{"damage":0,"enemies":"Orb Walker","floor":35,"turns":3},{"damage":0,"enemies":"3 Shapes","floor":37,"turns":2},{"damage":0,"enemies":"Spire Growth","floor":39,"turns":2},{"damage":0,"enemies":"Sphere and 2 Shapes","floor":41,"turns":1},{"damage":0,"enemies":"3 Darklings","floor":44,"turns":2},{"damage":0,"enemies":"Reptomancer","floor":45,"turns":2},{"damage":0,"enemies":"Spire Growth","floor":46,"turns":1},{"damage":0,"enemies":"Giant Head","floor":48,"turns":1},{"damage":0,"enemies":"Donu and Deca","floor":50,"turns":5}],"seed_played":"3014526110364085504","potions_obtained":[{"floor":2.0,"key":"BlessingOfTheForge"},{"floor":3.0,"key":"EntropicBrew"},{"floor":10.0,"key":"CultistPotion"},{"floor":13.0,"key":"Weak Potion"},{"floor":28.0,"key":"DuplicationPotion"}],"is_trial":false,"path_per_floor":["M","M","M","?","$","R","M","M","T","M","M","?","M","M","R","B",null,"M","M","?","$","$","R","E","R","T","$","M","M","?","M","R","B",null,"M","$","M","$","M","R","M","R","T","M","E","M","R","E","R","B",null],"character_chosen":"THE_SILENT","items_purchased":["PreservedInsect","Calculated Gamble"],"campfire_rested":2,"item_purchase_floors":[21,36],"current_hp_per_floor":[59,47,37,66,66,66,66,64,64,59,59,59,52,34,53,51,62,53,53,53,53,53,53,49,49,49,49,46,45,29,29,48,48,62,62,62,62,62,62,62,62,62,62,62,62,62,62,62,62,62],"gold":161,"neow_bonus":"THREE_RARE_CARDS","is_daily":false,"chose_seed":false,"campfire_upgraded":7,"win_rate":0.0,"timestamp":1609048152,"path_taken":["M","M","M","?","$","R","M","M","T","M","?","?","M","M","R","BOSS","M","M","?","?","$","R","E","R","T","$","?","M","?","M","R","BOSS","M","$","M","$","M","R","M","R","T","M","E","M","R","E","R","BOSS"],"items_purchased_type":["Relic","Card"],"build_version":"2020-12-22","purchased_purges":1,"victory":true,"max_hp_per_floor":[66,66,66,66,66,66,66,66,66,66,66,66,66,66,66,66,66,66,66,66,66,66,66,66,66,66,66,66,66,66,66,66,66,66,66,66,66,66,66,66,66,66,66,66,66,66,66,66,66,66],"card_choices":[{"not_picked":["After Image","Burst"],"picked":"Adrenaline","floor":0.0},{"not_picked":["Blade Dance","Noxious Fumes"],"picked":"Accuracy","floor":1.0},{"not_picked":["Terror","Setup","Dagger Throw"],"picked":"SKIP","floor":2.0},{"not_picked":["Deadly Poison","Flechettes"],"picked":"Escape Plan","floor":3.0},{"not_picked":["Poisoned Stab","Quick Slash"],"picked":"Deadly Poison","floor":7.0},{"not_picked":["Quick Slash","Outmaneuver"],"picked":"After Image","floor":8.0},{"not_picked":["Sucker Punch","Acrobatics"],"picked":"Backflip","floor":10.0},{"not_picked":["Sucker Punch","Quick Slash"],"picked":"Distraction","floor":11.0},{"not_picked":["Dodge and Roll","Underhanded Strike"],"picked":"Footwork","floor":13.0},{"not_picked":["Acrobatics","Skewer"],"picked":"Storm of Steel","floor":14.0},{"not_picked":["Malaise","Phantasmal Killer"],"picked":"Venomology","floor":16.0},{"not_picked":["Deadly Poison","Blur","Prepared"],"picked":"SKIP","floor":18.0},{"not_picked":["Deflect","Expertise"],"picked":"Crippling Poison","floor":19.0},{"not_picked":["Skewer","Sucker Punch"],"picked":"Distraction","floor":24.0},{"not_picked":["Blade Dance","PiercingWail","Slice"],"picked":"SKIP","floor":28.0},{"not_picked":["Blade Dance","Slice"],"picked":"PiercingWail","floor":28.0},{"not_picked":["All Out Attack","Deadly Poison"],"picked":"Cloak And Dagger+1","floor":29.0},{"not_picked":["Night Terror","Slice","Footwork"],"picked":"SKIP","floor":31.0},{"not_picked":["Bullet Time","Wraith Form v2"],"picked":"Adrenaline","floor":33.0},{"not_picked":["Caltrops","Acrobatics","Bane"],"picked":"SKIP","floor":35},{"not_picked":["Backflip","Quick Slash"],"picked":"Blade Dance+1","floor":37},{"not_picked":["Setup","Cloak And Dagger+1","Blade Dance"],"picked":"SKIP","floor":39},{"not_picked":["Dagger Spray","Slice","PiercingWail"],"picked":"SKIP","floor":41},{"not_picked":["Crippling Poison","Slice","Heel Hook"],"picked":"SKIP","floor":44},{"not_picked":["Underhanded Strike+1","Cloak And Dagger+1","Bullet Time"],"picked":"SKIP","floor":45},{"not_picked":["Calculated Gamble","Reflex+1","Well Laid Plans"],"picked":"SKIP","floor":46},{"not_picked":["Eviscerate","Quick Slash","Endless Agony"],"picked":"SKIP","floor":48}],"player_experience":384992,"relics_obtained":[{"floor":9.0,"key":"Dead Branch"},{"floor":24.0,"key":"Sundial"},{"floor":26.0,"key":"InkBottle"},{"floor":30.0,"key":"Enchiridion"},{"floor":43,"key":"Meat on the Bone"},{"floor":45,"key":"Mercury Hourglass"},{"floor":48,"key":"Ninja Scroll"}],"event_choices":[{"cards_removed":["Accuracy"],"damage_healed":29.0,"max_hp_gain":0.0,"max_hp_loss":0.0,"gold_gain":0.0,"event_name":"Bonfire Elementals","player_choice":"Offered Uncommon","floor":4.0,"gold_loss":0.0,"damage_taken":0.0},{"damage_healed":0.0,"max_hp_gain":0.0,"max_hp_loss":0.0,"gold_gain":0.0,"event_name":"WeMeetAgain","player_choice":"Gave Potion","floor":12.0,"gold_loss":0.0,"damage_taken":0.0,"relics_obtained":["Tough Bandages"]},{"cards_removed":["Strike_G"],"damage_healed":0.0,"max_hp_gain":0.0,"max_hp_loss":0.0,"gold_gain":0.0,"event_name":"Back to Basics","player_choice":"Elegance","floor":20.0,"gold_loss":0.0,"damage_taken":0.0},{"damage_healed":0.0,"max_hp_gain":0.0,"max_hp_loss":0.0,"gold_gain":0.0,"event_name":"Cursed Tome","player_choice":"Obtained Book","floor":30.0,"gold_loss":0.0,"damage_taken":16.0}],"is_beta":false,"boss_relics":[{"not_picked":["Cursed Key","Snecko Eye"],"picked":"HoveringKite"},{"not_picked":["Velvet Choker","Empty Cage"],"picked":"WristBlade"}],"items_purged_floors":[36],"is_endless":false,"potions_floor_spawned":[2,3,8,10,13,24,28,29,31,41,45],"ascension_level":14}}