{"host":"873t0y8ybyo38pfq","time":1609033043,"event":{"mods":["BaseMod","Bestiary","Colored Map","Colored Powertips","Highlight Path","Minty Spire (QoL Compilation)","Quick Restart","RNG Fix","Rare Cards Sparkle","Relic Stats","StSLib"],"gold_per_floor":[118,118,193,210,226,226,226,245,245,245,275,275,11,29,29,103,103,120,120,92,15,15,15,35,35,59,86,114,114,140,160,160,160,160],"floor_reached":33,"playtime":1047,"items_purged":["Strike_G"],"score":566,"play_id":"4927eaa9-c24c-450b-b571-169fd1732618","local_time":"20201226203723","is_ascension_mode":true,"campfire_choices":[{"floor":6,"key":"REST"},{"floor":10,"key":"REST"},{"floor":12,"key":"REST"},{"floor":15,"key":"REST"},{"floor":23,"key":"REST"},{"floor":25,"key":"REST"},{"floor":29,"key":"REST"},{"floor":32,"key":"REST"}],"circlet_count":0,"master_deck":["AscendersBane","Strike_G","Strike_G","Strike_G","Defend_G","Defend_G","Defend_G","Defend_G","Defend_G","Survivor","Neutralize","Predator","Dagger Throw","Outmaneuver","Phantasmal Killer+1","Reflex+1","Chrysalis+1","Cloak And Dagger+1","Corpse Explosion+1","CurseOfTheBell","PiercingWail+1","Chrysalis+1","Blur+1","Escape Plan+1","Acrobatics+1","Leg Sweep+1"],"relics":["Ring of the Snake","Toxic Egg 2","Sundial","Vajra","Calling Bell","MealTicket","Ninja Scroll","Pocketwatch","Omamori","Oddly Smooth Stone","Ancient Tea Set","Orichalcum"],"acts_visited":["Exordium","TheCity"],"potions_floor_usage":[8,16,20,24,28,33],"damage_taken":[{"damage":0,"enemies":"2 Louse","floor":1,"turns":4},{"damage":1,"enemies":"Cultist","floor":4,"turns":3},{"damage":0,"enemies":"Small Slimes","floor":5,"turns":3},{"damage":19,"enemies":"Exordium Thugs","floor":8,"turns":5},{"damage":37,"enemies":"3 Sentries","floor":11,"turns":10},{"damage":29,"enemies":"Gremlin Gang","floor":14,"turns":3},{"damage":23,"enemies":"The Guardian","floor":16,"turns":11},{"damage":16,"enemies":"Spheric Guardian","floor":18,"turns":4},{"damage":25,"enemies":"2 Thieves","floor":20,"turns":4},{"damage":4,"enemies":"Snake Plant","floor":24,"turns":5},{"damage":34,"enemies":"Gremlin Leader","floor":28,"turns":7},{"damage":3,"enemies":"Slavers","floor":30,"turns":3},{"damage":6,"enemies":"Cultist and Chosen","floor":31,"turns":5},{"damage":75,"enemies":"Collector","floor":33,"turns":7}],"seed_played":"4110461907728317273","potions_obtained":[{"floor":1,"key":"Strength Potion"},{"floor":11,"key":"FearPotion"},{"floor":14,"key":"Block Potion"},{"floor":18,"key":"GamblersBrew"},{"floor":20,"key":"SteroidPotion"},{"floor":31,"key":"DistilledChaos"}],"is_trial":false,"path_per_floor":["M","?","?","M","M","R","?","M","T","R","E","R","$","M","R","B",null,"M","?","M","$","?","R","M","R","T","T","E","R","E","M","R","B"],"character_chosen":"THE_SILENT","items_purchased":["Chrysalis+1","Escape Plan+1"],"campfire_rested":8,"item_purchase_floors":[13,21],"current_hp_per_floor":[56,49,38,37,37,60,60,41,41,64,27,50,50,21,44,21,64,48,48,23,38,16,40,36,60,60,60,26,50,47,41,65,0,0],"gold":160,"neow_bonus":"TWENTY_PERCENT_HP_BONUS","is_daily":false,"chose_seed":false,"campfire_upgraded":0,"win_rate":0.0,"timestamp":1609033043,"path_taken":["M","?","?","M","M","R","?","M","T","R","E","R","$","M","R","BOSS","M","?","M","$","?","R","M","R","T","?","E","R","E","M","R","BOSS"],"items_purchased_type":["Card","Card"],"build_version":"2020-12-22","purchased_purges":1,"victory":false,"max_hp_per_floor":[78,78,78,78,78,78,78,78,78,78,78,78,78,78,78,78,78,78,78,78,78,83,83,83,83,83,83,83,83,83,83,83,83,83],"relic_stats":{"counters":[14,74],"Sundial":[8],"MealTicket":15,"Orichalcum":[12],"obtain_stats":[{"Calling Bell":17,"Sundial":9,"Ninja Scroll":17,"Vajra":11,"Oddly Smooth Stone":27,"MealTicket":17,"Omamori":26,"Toxic Egg 2":7,"Orichalcum":30,"Ancient Tea Set":28,"Ring of the Snake":0,"Pocketwatch":17},{"Calling Bell":7,"Sundial":4,"Ninja Scroll":7,"Vajra":5,"Oddly Smooth Stone":10,"MealTicket":7,"Omamori":10,"Toxic Egg 2":3,"Orichalcum":12,"Ancient Tea Set":11,"Ring of the Snake":0,"Pocketwatch":7},{"Calling Bell":39,"Sundial":15,"Ninja Scroll":39,"Vajra":25,"Oddly Smooth Stone":52,"MealTicket":39,"Omamori":52,"Toxic Egg 2":10,"Orichalcum":62,"Ancient Tea Set":59,"Ring of the Snake":0,"Pocketwatch":39}],"Ring of the Snake":[28],"Pocketwatch":[15]},"card_choices":[{"not_picked":["Quick Slash","Outmaneuver"],"picked":"Predator","floor":1},{"not_picked":["Acrobatics","Dodge and Roll"],"picked":"Dagger Throw","floor":4},{"not_picked":["Accuracy","Prepared"],"picked":"Outmaneuver","floor":5},{"not_picked":["Dagger Spray","Prepared+1"],"picked":"Phantasmal Killer+1","floor":8},{"not_picked":["Prepared+1","Masterful Stab"],"picked":"Reflex+1","floor":11},{"not_picked":["Distraction+1","All Out Attack"],"picked":"Cloak And Dagger+1","floor":14},{"not_picked":["Malaise+1","Bullet Time+1"],"picked":"Corpse Explosion+1","floor":16},{"not_picked":["Dagger Throw","Outmaneuver+1"],"picked":"PiercingWail+1","floor":18},{"not_picked":["Noxious Fumes+1","Prepared+1"],"picked":"Blur+1","floor":20},{"not_picked":["Quick Slash","Deflect+1"],"picked":"Acrobatics+1","floor":24},{"not_picked":["Sucker Punch","Flying Knee"],"picked":"Leg Sweep+1","floor":28},{"not_picked":["Grand Finale","Heel Hook","Dagger Throw"],"picked":"SKIP","floor":30},{"not_picked":["Deadly Poison+1","Catalyst+1","Outmaneuver+1"],"picked":"SKIP","floor":31}],"player_experience":1358342,"relics_obtained":[{"floor":9,"key":"Sundial"},{"floor":11,"key":"Vajra"},{"floor":17,"key":"MealTicket"},{"floor":17,"key":"Ninja Scroll"},{"floor":17,"key":"Pocketwatch"},{"floor":26,"key":"Omamori"},{"floor":27,"key":"Oddly Smooth Stone"},{"floor":28,"key":"Ancient Tea Set"},{"floor":30,"key":"Orichalcum"}],"event_choices":[{"cards_removed":["Strike_G"],"damage_healed":0,"gold_gain":0,"player_choice":"Card Removal","damage_taken":7,"max_hp_gain":0,"max_hp_loss":0,"event_name":"Golden Wing","floor":2,"gold_loss":0},{"damage_healed":0,"gold_gain":75,"player_choice":"Gather Gold","damage_taken":11,"max_hp_gain":0,"max_hp_loss":0,"event_name":"World of Goop","floor":3,"gold_loss":0},{"damage_healed":0,"gold_gain":0,"player_choice":"Searched \u00271\u0027 times","damage_taken":0,"relics_obtained":["Toxic Egg 2"],"max_hp_gain":0,"max_hp_loss":0,"event_name":"Dead Adventurer","floor":7,"gold_loss":0},{"damage_healed":0,"gold_gain":0,"player_choice":"Copied","damage_taken":0,"max_hp_gain":0,"max_hp_loss":0,"event_name":"Duplicator","floor":19,"gold_loss":0,"cards_obtained":["Chrysalis"]},{"damage_healed":0,"gold_gain":0,"player_choice":"Shed Blood","damage_taken":27,"max_hp_gain":5,"max_hp_loss":0,"event_name":"Forgotten Altar","floor":22,"gold_loss":0}],"is_beta":false,"boss_relics":[{"not_picked":["WristBlade","Busted Crown"],"picked":"Calling Bell"}],"items_purged_floors":[13],"is_endless":false,"potions_floor_spawned":[1,11,14,18,20,31],"killed_by":"Collector","ascension_level":20}}