{"host":"7krnriczr1b2ou5r","time":1609071206,"event":{"mods":["BaseMod","Keyboard Shortcuts","Minty Spire (QoL Compilation)","Relic Stats","StSLib"],"gold_per_floor":[366,366,383,401,420,420,446,446,471,487,514,514,530,568,568,645,645,672,690,268,280,159,197,209,234,234,184,219,219,243,265,265,340,340,359,93,93,0,0,329,329,329],"floor_reached":41,"playtime":1206,"items_purged":["Defend_P","Strike_P","Strike_P","BowlingBash"],"score":1141,"play_id":"08371f8c-7069-457d-b049-b1b118fdde4d","local_time":"20201227211326","is_ascension_mode":true,"campfire_choices":[{"data":"Halt","floor":6,"key":"SMITH"},{"data":"Vigilance","floor":8,"key":"SMITH"},{"data":"MasterReality","floor":12,"key":"SMITH"},{"data":"EmptyFist","floor":15,"key":"SMITH"},{"floor":29,"key":"REST"},{"floor":32,"key":"REST"}],"circlet_count":0,"master_deck":["AscendersBane","Defend_P+1","Eruption+1","Vigilance+1","Halt+1","Tantrum+1","MasterReality+1","FlurryOfBlows","Evaluate","EmptyFist+1","InnerPeace","MentalFortress","FlurryOfBlows","Deep Breath+1","CarveReality","WaveOfTheHand+1","MentalFortress","DevaForm","EmptyFist+1","ReachHeaven+1","Adaptation+1"],"relics":["PureWater","Strawberry","Smiling Mask","Oddly Smooth Stone","CeramicFish","Fusion Hammer","ClockworkSouvenir","War Paint","The Courier","StrikeDummy","SlaversCollar","Bottled Lightning","Red Mask","Old Coin"],"acts_visited":["Exordium","TheCity","TheBeyond"],"potions_floor_usage":[7,21,21,33,33],"damage_taken":[{"damage":0,"enemies":"2 Louse","floor":1,"turns":3},{"damage":0,"enemies":"Cultist","floor":3,"turns":3},{"damage":9,"enemies":"Jaw Worm","floor":4,"turns":3},{"damage":10,"enemies":"3 Louse","floor":5,"turns":3},{"damage":0,"enemies":"Lagavulin","floor":7,"turns":3},{"damage":6,"enemies":"Exordium Wildlife","floor":10,"turns":2},{"damage":2,"enemies":"3 Sentries","floor":11,"turns":3},{"damage":0,"enemies":"Looter","floor":13,"turns":1},{"damage":8,"enemies":"Lagavulin","floor":14,"turns":4},{"damage":0,"enemies":"Slime Boss","floor":16,"turns":4},{"damage":0,"enemies":"Spheric Guardian","floor":18,"turns":3},{"damage":0,"enemies":"3 Byrds","floor":19,"turns":4},{"damage":23,"enemies":"Snake Plant","floor":21,"turns":4},{"damage":27,"enemies":"Slavers","floor":23,"turns":4},{"damage":13,"enemies":"Cultist and Chosen","floor":24,"turns":4},{"damage":2,"enemies":"Sentry and Sphere","floor":25,"turns":3},{"damage":32,"enemies":"Book of Stabbing","floor":28,"turns":5},{"damage":2,"enemies":"Shelled Parasite and Fungi","floor":30,"turns":3},{"damage":35,"enemies":"Snake Plant","floor":31,"turns":3},{"damage":11,"enemies":"Champ","floor":33,"turns":6},{"damage":21,"enemies":"3 Darklings","floor":35,"turns":4},{"damage":13,"enemies":"Reptomancer","floor":40,"turns":4},{"damage":25,"enemies":"Orb Walker","floor":41,"turns":3}],"seed_played":"-3169579720291076130","potions_obtained":[{"floor":1,"key":"AttackPotion"},{"floor":4,"key":"SpeedPotion"},{"floor":10,"key":"Block Potion"},{"floor":18,"key":"AttackPotion"},{"floor":30,"key":"DuplicationPotion"},{"floor":31,"key":"SneckoOil"},{"floor":40,"key":"ColorlessPotion"}],"is_trial":false,"path_per_floor":["M","?","M","M","M","R","E","R","T","M","E","R","M","E","R","B",null,"M","M","$","M","$","E","M","M","T","$","E","R","M","M","R","B",null,"M","$","?","?","?","E","M"],"character_chosen":"WATCHER","items_purchased":["ClockworkSouvenir","MentalFortress","FlurryOfBlows","Deep Breath","CarveReality","Bottled Lightning"],"campfire_rested":2,"item_purchase_floors":[20,20,20,20,22,36],"current_hp_per_floor":[61,61,61,52,42,42,49,49,49,43,41,41,41,33,33,33,60,60,60,60,37,37,10,27,25,25,25,23,43,41,6,26,15,56,35,35,35,35,35,22,0,0],"gold":329,"neow_bonus":"TWO_FIFTY_GOLD","is_daily":false,"chose_seed":false,"campfire_upgraded":4,"win_rate":0.0,"timestamp":1609071206,"path_taken":["M","?","M","?","M","R","E","R","T","M","E","R","M","E","R","BOSS","M","M","$","M","$","E","M","?","T","$","E","R","M","M","R","BOSS","M","$","?","?","?","E","?"],"items_purchased_type":["Relic","Card","Card","Card","Card","Relic"],"build_version":"2020-12-22","purchased_purges":4,"victory":false,"max_hp_per_floor":[62,62,62,62,62,62,69,69,69,69,69,69,69,69,69,69,69,69,69,69,69,69,69,69,69,69,69,69,69,69,69,69,69,69,69,69,69,69,66,66,66,66],"relic_stats":{"counters":[23,79],"CeramicFish":108,"War Paint":["Deep Breath","Defend_P"],"Smiling Mask":195,"obtain_stats":[{"CeramicFish":14,"Oddly Smooth Stone":11,"The Courier":26,"War Paint":23,"Smiling Mask":9,"ClockworkSouvenir":20,"Old Coin":40,"SlaversCollar":34,"Strawberry":7,"Fusion Hammer":17,"Red Mask":38,"Bottled Lightning":36,"PureWater":0,"StrikeDummy":28},{"CeramicFish":9,"Oddly Smooth Stone":7,"The Courier":16,"War Paint":14,"Smiling Mask":5,"ClockworkSouvenir":12,"Old Coin":22,"SlaversCollar":20,"Strawberry":5,"Fusion Hammer":10,"Red Mask":21,"Bottled Lightning":21,"PureWater":0,"StrikeDummy":17},{"CeramicFish":25,"Oddly Smooth Stone":20,"The Courier":51,"War Paint":44,"Smiling Mask":15,"ClockworkSouvenir":36,"Old Coin":76,"SlaversCollar":68,"Strawberry":15,"Fusion Hammer":29,"Red Mask":72,"Bottled Lightning":72,"PureWater":0,"StrikeDummy":56}]},"card_choices":[{"not_picked":["Conclude","Indignation"],"picked":"BowlingBash","floor":1},{"not_picked":["BowlingBash","DeceiveReality"],"picked":"Halt","floor":3},{"not_picked":["Collect","Protect","CutThroughFate"],"picked":"SKIP","floor":4},{"not_picked":["SashWhip","Wireheading","Sanctity"],"picked":"SKIP","floor":5},{"not_picked":["Weave","Study","ThirdEye"],"picked":"SKIP","floor":7},{"not_picked":["Vengeance","ClearTheMind"],"picked":"MasterReality","floor":10},{"not_picked":["Study","Weave"],"picked":"FlurryOfBlows","floor":11},{"not_picked":["FlyingSleeves","Swivel"],"picked":"Evaluate","floor":13},{"not_picked":["Judgement","WindmillStrike"],"picked":"EmptyFist","floor":14},{"not_picked":["Prostrate","ClearTheMind"],"picked":"InnerPeace","floor":18},{"not_picked":["Pray","CutThroughFate","WindmillStrike"],"picked":"SKIP","floor":19},{"not_picked":["Indignation","ClearTheMind","BowlingBash"],"picked":"SKIP","floor":21},{"not_picked":["FlurryOfBlows","Tantrum"],"picked":"WaveOfTheHand+1","floor":23},{"not_picked":["EmptyFist","FollowUp","BowlingBash"],"picked":"SKIP","floor":24},{"not_picked":["Consecrate","CrushJoints"],"picked":"MentalFortress","floor":25},{"not_picked":["EmptyBody","Perseverance"],"picked":"DevaForm","floor":28},{"not_picked":["Crescendo","Prostrate+1"],"picked":"EmptyFist+1","floor":30},{"not_picked":["Crescendo","JustLucky"],"picked":"ReachHeaven+1","floor":31},{"not_picked":["Tantrum","Vengeance","Protect"],"picked":"SKIP","floor":35},{"not_picked":["Wireheading","Adaptation","SashWhip"],"picked":"SKIP","floor":40}],"player_experience":1052717,"relics_obtained":[{"floor":7,"key":"Strawberry"},{"floor":9,"key":"Smiling Mask"},{"floor":11,"key":"Oddly Smooth Stone"},{"floor":14,"key":"CeramicFish"},{"floor":23,"key":"War Paint"},{"floor":26,"key":"The Courier"},{"floor":28,"key":"StrikeDummy"},{"floor":40,"key":"Old Coin"}],"event_choices":[{"damage_healed":0,"gold_gain":0,"player_choice":"Upgraded","damage_taken":0,"max_hp_gain":0,"max_hp_loss":0,"event_name":"Upgrade Shrine","floor":2,"gold_loss":0,"cards_upgraded":["Eruption"]},{"damage_healed":0,"gold_gain":0,"player_choice":"Memory 1","damage_taken":0,"max_hp_gain":0,"max_hp_loss":0,"event_name":"SensoryStone","floor":37,"gold_loss":0},{"damage_healed":0,"gold_gain":0,"player_choice":"Paid","damage_taken":0,"relics_obtained":["Red Mask"],"max_hp_gain":0,"max_hp_loss":0,"event_name":"Tomb of Lord Red Mask","floor":38,"gold_loss":93},{"damage_healed":0,"gold_gain":0,"player_choice":"Max HP","damage_taken":0,"max_hp_gain":0,"max_hp_loss":3,"event_name":"Winding Halls","floor":39,"gold_loss":0}],"is_beta":false,"boss_relics":[{"not_picked":["SacredBark","Velvet Choker"],"picked":"Fusion Hammer"},{"not_picked":["Black Star","Empty Cage"],"picked":"SlaversCollar"}],"items_purged_floors":[20,22,27,36],"is_endless":false,"potions_floor_spawned":[1,4,5,10,16,18,19,30,31,40],"killed_by":"Orb Walker","ascension_level":20}}