{"host":"cjhtzh7tp54jdfyv","time":1609065321,"event":{"mods":["AchievementEnabler","BaseMod","Colored Map","Colored Powertips","Curses Come First","DeckTracker","Filter the Spire","Minty Spire (QoL Compilation)","RNG Fix","Relic Sorter","Relic Stats","StSLib","The Cursed","The Disciple","The Marked","UnlockEverythingMod","ojb\u0027s Better Paths Mod","ojb\u0027s Info Mod"],"gold_per_floor":[113,130,150,50,50,50,79,92,115,115,129,148,178,28,28,105,105,116,116,133,153,43,69,69,97,97,117,117,117,132,132,132,207,207,218,232,282,300,319,345,360,360,431,462,473,492,525,525,525,525,525,525,525,16,41,41],"floor_reached":57,"playtime":8582,"items_purged":["TheCursedMod:CircleOfCorruption","TheCursedMod:HellsGateOpen"],"score":2842,"play_id":"0a66cb75-591c-4bd2-906c-5f85021eaae2","local_time":"20201227053521","is_ascension_mode":true,"campfire_choices":[{"data":"TheCursedMod:AbyssShockwave","floor":6.0,"key":"SMITH"},{"data":"TheCursedMod:DarkBarrier","floor":15.0,"key":"SMITH"},{"data":"TheCursedMod:ManaBullet","floor":24.0,"key":"SMITH"},{"data":"TheCursedMod:DarkBarrier","floor":29.0,"key":"SMITH"},{"data":"TheCursedMod:CleanUpWorkshop","floor":32.0,"key":"SMITH"},{"floor":49.0,"key":"RECALL"},{"data":"TheCursedMod:PrepareRite","floor":53,"key":"SMITH"}],"circlet_count":0,"master_deck":["AscendersBane","TheCursedMod:CursedWand","TheCursedMod:CleanUpWorkshop+1","TheCursedMod:CircleOfBlood","TheCursedMod:CircleOfBlood","TheCursedMod:CursedSpellbook","TheCursedMod:AbyssShockwave+1","TheCursedMod:SpitefulStrike","TheCursedMod:RapidMovement","TheCursedMod:Wield","TheCursedMod:DarkBarrier+1","TheCursedMod:CircleOfBlood","TheCursedMod:SmokeScreen","TheCursedMod:DarkBarrier+1","TheCursedMod:FuryStrike","TheCursedMod:CursedArmor","TheCursedMod:CursedArmor","TheCursedMod:VitalStrike","TheCursedMod:Hemoplague","TheCursedMod:FleshFromBone","Ghostly","Ghostly","Ghostly","TheCursedMod:AbyssShockwave+1","TheCursedMod:LuckyCharm","TheCursedMod:ManaBullet+1","TheCursedMod:SoulReap","TheCursedMod:CursedSpellbook","TheCursedMod:Wield","TheCursedMod:ReleasedKnowledge","TheCursedMod:CollectTribute+1","TheCursedMod:AntiAging","TheCursedMod:CursedSpellbook+1","TheCursedMod:BlessingInDisguise","TheCursedMod:Hemoplague+1","TheCursedMod:PrepareRite+1","TheCursedMod:SaltUponWound","Clumsy","TheCursedMod:SpitefulPlan+1","TheCursedMod:Hemoplague+1","TheCursedMod:CursedSpellbook"],"relics":["Coffee Dripper","PreservedInsect","Smiling Mask","TheCursedMod:Tack","Blue Candle","The Courier","Lee\u0027s Waffle","Pandora\u0027s Box","Regal Pillow","Dream Catcher","Darkstone Periapt","Frozen Egg 2","Cursed Key","Calipers","Letter Opener","InkBottle","Shovel","Bronze Scales","TheCursedMod:PinkPellets","Thread and Needle"],"acts_visited":["Exordium","TheCity","TheBeyond","TheEnding"],"potions_floor_usage":[],"damage_taken":[{"damage":2.0,"enemies":"Small Slimes","floor":1.0,"turns":4.0},{"damage":19.0,"enemies":"Jaw Worm","floor":2.0,"turns":6.0},{"damage":12.0,"enemies":"2 Louse","floor":3.0,"turns":3.0},{"damage":7.0,"enemies":"Lagavulin","floor":7.0,"turns":5.0},{"damage":2.0,"enemies":"Looter","floor":8.0,"turns":3.0},{"damage":10.0,"enemies":"Large Slime","floor":11.0,"turns":3.0},{"damage":6.0,"enemies":"Lots of Slimes","floor":12.0,"turns":1.0},{"damage":8.0,"enemies":"3 Sentries","floor":13.0,"turns":4.0},{"damage":27.0,"enemies":"The Guardian","floor":16.0,"turns":14.0},{"damage":19.0,"enemies":"Spheric Guardian","floor":18.0,"turns":4.0},{"damage":15.0,"enemies":"3 Byrds","floor":20.0,"turns":3.0},{"damage":4.0,"enemies":"Centurion and Healer","floor":21.0,"turns":7.0},{"damage":5.0,"enemies":"Book of Stabbing","floor":23.0,"turns":5.0},{"damage":9.0,"enemies":"Slavers","floor":25.0,"turns":4.0},{"damage":1.0,"enemies":"Snecko","floor":27.0,"turns":6.0},{"damage":4.0,"enemies":"Snake Plant","floor":30.0,"turns":4.0},{"damage":26.0,"enemies":"Automaton","floor":33.0,"turns":14.0},{"damage":14.0,"enemies":"3 Darklings","floor":35.0,"turns":5.0},{"damage":0.0,"enemies":"3 Shapes","floor":36.0,"turns":5.0},{"damage":17.0,"enemies":"2 Orb Walkers","floor":37.0,"turns":6.0},{"damage":0.0,"enemies":"Jaw Worm Horde","floor":38.0,"turns":6.0},{"damage":4.0,"enemies":"Writhing Mass","floor":39.0,"turns":9.0},{"damage":10.0,"enemies":"Giant Head","floor":40.0,"turns":8.0},{"damage":11.0,"enemies":"Maw","floor":41.0,"turns":9.0},{"damage":18.0,"enemies":"Nemesis","floor":44.0,"turns":9.0},{"damage":6.0,"enemies":"Transient","floor":45.0,"turns":6.0},{"damage":3.0,"enemies":"4 Shapes","floor":46.0,"turns":6.0},{"damage":11.0,"enemies":"Reptomancer","floor":47.0,"turns":7.0},{"damage":12,"enemies":"Time Eater","floor":50,"turns":13},{"damage":14,"enemies":"Donu and Deca","floor":51,"turns":11},{"damage":16,"enemies":"Shield and Spear","floor":55,"turns":9},{"damage":62,"enemies":"The Heart","floor":56,"turns":10}],"seed_played":"228677929793533477","potions_obtained":[{"floor":1.0,"key":"ColorlessPotion"},{"floor":2.0,"key":"SteroidPotion"},{"floor":11.0,"key":"SteroidPotion"},{"floor":12.0,"key":"Swift Potion"},{"floor":20.0,"key":"Ancient Potion"},{"floor":27.0,"key":"Block Potion"},{"floor":30.0,"key":"TheCursedMod:DregsPotion"},{"floor":33.0,"key":"BlessingOfTheForge"},{"floor":36.0,"key":"FairyPotion"},{"floor":40.0,"key":"DistilledChaos"}],"is_trial":false,"path_per_floor":["M","M","M","$","?","R","E","M","T","T","M","M","E","$","R","B",null,"M","?","M","M","$","E","R","E","T","M","T","R","M","?","R","B",null,"M","M","?","M","M","E","M","?","T","E","M","M","E","?","R","B","B",null,"R","$","E","B",null],"character_chosen":"THE_CURSED","items_purchased":["TheCursedMod:AbyssShockwave","TheCursedMod:SpitefulStrike","Lee\u0027s Waffle","TheCursedMod:SmokeScreen","TheCursedMod:LuckyCharm","TheCursedMod:Hemoplague+1","TheCursedMod:CursedSpellbook","Bronze Scales","TheCursedMod:PinkPellets","LiquidMemories"],"campfire_rested":0,"item_purchase_floors":[4,4,14,14,22,54,54,54,54,54],"current_hp_per_floor":[62,49,43,43,43,43,42,48,48,48,50,50,50,78,78,51,71,64,39,24,20,20,25,25,20,20,29,29,29,33,33,33,16,33,34,43,37,45,45,41,47,47,53,44,63,64,63,63,63,63,62,69,69,69,64,9],"gold":41,"neow_bonus":"BOSS_RELIC","is_daily":false,"chose_seed":false,"campfire_upgraded":6,"win_rate":0.0,"timestamp":1609065321,"path_taken":["M","M","M","$","?","R","E","M","T","?","?","M","E","$","R","BOSS","M","?","M","M","$","E","R","E","T","M","?","R","M","?","R","BOSS","M","M","?","M","?","E","M","?","T","E","M","M","E","?","R","BOSS","BOSS","R","$","E","BOSS"],"items_purchased_type":["Card","Card","Relic","Card","Card","Card","Card","Relic","Relic","Potion"],"build_version":"2020-12-22","purchased_purges":2,"victory":true,"max_hp_per_floor":[71,71,71,71,71,71,71,71,71,71,71,71,71,78,78,78,78,78,39,39,39,39,39,39,39,39,39,39,39,39,39,39,39,39,41,43,45,47,49,51,53,53,59,61,63,65,67,67,67,69,71,71,71,71,73,75],"relic_stats":{"Darkstone Periapt":6,"Lee\u0027s Waffle":28,"Regal Pillow":0,"counters":[32,209],"Blue Candle":[99],"PreservedInsect":465,"Letter Opener":[222],"Smiling Mask":40,"Cursed Key":1,"Dream Catcher":0,"Shovel":0,"Bronze Scales":[168],"Pandora\u0027s Box":["TheCursedMod:FuryStrike","TheCursedMod:CursedArmor","TheCursedMod:CursedArmor","TheCursedMod:VitalStrike","TheCursedMod:CircleOfCorruption","TheCursedMod:Hemoplague","TheCursedMod:SpitefulPray","TheCursedMod:CircleOfFlame"],"obtain_stats":[{"Darkstone Periapt":26,"TheCursedMod:BlackMagic101":0,"Lee\u0027s Waffle":14,"Regal Pillow":23,"Calipers":37,"TheCursedMod:Tack":9,"Blue Candle":10,"TheCursedMod:PinkPellets":54,"Thread and Needle":55,"PreservedInsect":5,"The Courier":13,"Letter Opener":40,"Frozen Egg 2":28,"Smiling Mask":7,"Cursed Key":34,"Dream Catcher":25,"Shovel":47,"Bronze Scales":54,"Pandora\u0027s Box":17,"Coffee Dripper":0,"InkBottle":44},{"Darkstone Periapt":14,"TheCursedMod:BlackMagic101":0,"Lee\u0027s Waffle":8,"Regal Pillow":13,"Calipers":20,"TheCursedMod:Tack":5,"Blue Candle":5,"TheCursedMod:PinkPellets":30,"Thread and Needle":31,"PreservedInsect":3,"The Courier":8,"Letter Opener":23,"Frozen Egg 2":15,"Smiling Mask":4,"Cursed Key":17,"Dream Catcher":14,"Shovel":28,"Bronze Scales":30,"Pandora\u0027s Box":9,"Coffee Dripper":0,"InkBottle":25},{"Darkstone Periapt":66,"TheCursedMod:BlackMagic101":0,"Lee\u0027s Waffle":29,"Regal Pillow":62,"Calipers":106,"TheCursedMod:Tack":21,"Blue Candle":21,"TheCursedMod:PinkPellets":190,"Thread and Needle":199,"PreservedInsect":13,"The Courier":29,"Letter Opener":129,"Frozen Egg 2":72,"Smiling Mask":18,"Cursed Key":90,"Dream Catcher":66,"Shovel":166,"Bronze Scales":190,"Pandora\u0027s Box":43,"Coffee Dripper":0,"InkBottle":147}],"InkBottle":[34]},"card_choices":[{"not_picked":["TheCursedMod:SpitefulStrike","TheCursedMod:RavingStaff"],"picked":"TheCursedMod:CircleOfBlood","floor":1.0},{"not_picked":["TheCursedMod:CursedShiv","TheCursedMod:CircleOfFlame"],"picked":"TheCursedMod:CircleOfBlood","floor":2.0},{"not_picked":["TheCursedMod:Evocation","TheCursedMod:CircleOfFocus"],"picked":"TheCursedMod:CursedSpellbook","floor":3.0},{"not_picked":["TheCursedMod:RapidMovement","TheCursedMod:StingEye"],"picked":"TheCursedMod:HellsGateOpen","floor":7.0},{"not_picked":["TheCursedMod:SmokeScreen","TheCursedMod:BlessingInDisguise"],"picked":"TheCursedMod:RapidMovement","floor":8.0},{"not_picked":["TheCursedMod:Stigma","TheCursedMod:CursedArmor"],"picked":"TheCursedMod:Wield","floor":11.0},{"not_picked":["TheCursedMod:SmokeScreen","TheCursedMod:CircleOfAmplification"],"picked":"TheCursedMod:DarkBarrier","floor":12.0},{"not_picked":["TheCursedMod:CircleOfAmplification","TheCursedMod:Obscuration"],"picked":"TheCursedMod:CircleOfBlood","floor":13.0},{"not_picked":["TheCursedMod:NeowsMight","TheCursedMod:ParallelWorld"],"picked":"TheCursedMod:DarkBarrier","floor":16.0},{"not_picked":["TheCursedMod:Torture","TheCursedMod:CircleOfBlood"],"picked":"TheCursedMod:FleshFromBone","floor":18.0},{"not_picked":["TheCursedMod:Hemoplague","TheCursedMod:CircleOfWindfury","TheCursedMod:SpreadPlague"],"picked":"SKIP","floor":20.0},{"not_picked":["TheCursedMod:SmokeScreen","TheCursedMod:RapidMovement"],"picked":"TheCursedMod:AbyssShockwave+1","floor":21.0},{"not_picked":["TheCursedMod:CursedAmulet+1","TheCursedMod:SpitefulStrike"],"picked":"TheCursedMod:ManaBullet","floor":23.0},{"not_picked":["TheCursedMod:CursedBlade","TheCursedMod:CircleOfFlame"],"picked":"TheCursedMod:SoulReap","floor":25.0},{"not_picked":["TheCursedMod:WearCloak+1","TheCursedMod:FuryStrike+1"],"picked":"TheCursedMod:CursedSpellbook","floor":27.0},{"not_picked":["TheCursedMod:Stretching","TheCursedMod:CircleOfCorruption"],"picked":"TheCursedMod:Wield","floor":30.0},{"not_picked":["TheCursedMod:ForbiddenAlchemy","TheCursedMod:Neurasthenia"],"picked":"TheCursedMod:AntiAging","floor":33.0},{"not_picked":["TheCursedMod:CursedArmor","TheCursedMod:StingEye","TheCursedMod:CursedStaff"],"picked":"SKIP","floor":35.0},{"not_picked":["TheCursedMod:WearCloak+1","TheCursedMod:HellsGateOpen+1"],"picked":"TheCursedMod:CursedSpellbook+1","floor":36.0},{"not_picked":["TheCursedMod:StingEye","TheCursedMod:CursedAmulet+1"],"picked":"TheCursedMod:BlessingInDisguise","floor":38.0},{"not_picked":["TheCursedMod:ReleasedStrength","TheCursedMod:SmokeScreen"],"picked":"TheCursedMod:Hemoplague+1","floor":39.0},{"not_picked":["TheCursedMod:CircleOfCorruption+1","TheCursedMod:CursedMace"],"picked":"TheCursedMod:PrepareRite","floor":40.0},{"not_picked":["TheCursedMod:Wield","TheCursedMod:WearCloak"],"picked":"TheCursedMod:SaltUponWound","floor":41.0},{"not_picked":["TheCursedMod:AntiAging","TheCursedMod:CursedShiv+1"],"picked":"TheCursedMod:SpitefulPlan+1","floor":44.0},{"not_picked":["TheCursedMod:CursedMace","TheCursedMod:CircleOfCorruption","TheCursedMod:WearCloak+1"],"picked":"SKIP","floor":45.0},{"not_picked":["TheCursedMod:CursedMace","TheCursedMod:CircleOfCorruption","TheCursedMod:WearCloak+1"],"picked":"SKIP","floor":45.0},{"not_picked":["TheCursedMod:Stretching+1","TheCursedMod:WearCloak","TheCursedMod:CursedArmor"],"picked":"SKIP","floor":46.0},{"not_picked":["TheCursedMod:CursedBoomerang","TheCursedMod:CursedBlade","TheCursedMod:CursedRelics"],"picked":"SKIP","floor":47.0},{"not_picked":["TheCursedMod:SmokeScreen+1","TheCursedMod:Torture","TheCursedMod:DemonSword"],"picked":"SKIP","floor":55}],"player_experience":4416587,"relics_obtained":[{"floor":7.0,"key":"Smiling Mask"},{"floor":9.0,"key":"TheCursedMod:Tack"},{"floor":10.0,"key":"Blue Candle"},{"floor":13.0,"key":"The Courier"},{"floor":23.0,"key":"Regal Pillow"},{"floor":25.0,"key":"Dream Catcher"},{"floor":26.0,"key":"Darkstone Periapt"},{"floor":28.0,"key":"Frozen Egg 2"},{"floor":37.0,"key":"Calipers"},{"floor":40.0,"key":"Letter Opener"},{"floor":44.0,"key":"InkBottle"},{"floor":47.0,"key":"Shovel"},{"floor":55,"key":"Thread and Needle"}],"event_choices":[{"damage_healed":0.0,"max_hp_gain":0.0,"max_hp_loss":0.0,"gold_gain":0.0,"event_name":"WeMeetAgain","player_choice":"Gave Potion","floor":5.0,"gold_loss":0.0,"damage_taken":0.0,"relics_obtained":["PreservedInsect"]},{"damage_healed":0.0,"max_hp_gain":0.0,"max_hp_loss":39.0,"gold_gain":0.0,"event_name":"Ghosts","player_choice":"Became a Ghost","floor":19.0,"gold_loss":0.0,"damage_taken":0.0,"cards_obtained":["Ghostly","Ghostly","Ghostly"]},{"damage_healed":0.0,"max_hp_gain":0.0,"max_hp_loss":0.0,"gold_gain":0.0,"cards_transformed":["TheCursedMod:SpitefulPray","TheCursedMod:CircleOfFlame"],"event_name":"Drug Dealer","player_choice":"Became Test Subject","floor":31.0,"gold_loss":0.0,"damage_taken":0.0,"cards_obtained":["TheCursedMod:ReleasedKnowledge","TheCursedMod:CollectTribute"]},{"damage_healed":0.0,"max_hp_gain":0.0,"max_hp_loss":0.0,"gold_gain":0.0,"event_name":"Mysterious Sphere","player_choice":"Fight","floor":37.0,"gold_loss":0.0,"damage_taken":0.0},{"cards_removed":["TheCursedMod:Dregs"],"damage_healed":0.0,"max_hp_gain":0.0,"max_hp_loss":0.0,"gold_gain":0.0,"event_name":"Fountain of Cleansing","player_choice":"Removed Curses","floor":42.0,"gold_loss":0.0,"damage_taken":0.0},{"damage_healed":0.0,"max_hp_gain":0.0,"max_hp_loss":0.0,"gold_gain":0.0,"event_name":"Tomb of Lord Red Mask","player_choice":"Ignored","floor":48.0,"gold_loss":0.0,"damage_taken":0.0}],"is_beta":false,"boss_relics":[{"not_picked":["Busted Crown","Runic Dome"],"picked":"Pandora\u0027s Box"},{"not_picked":["Astrolabe","SacredBark"],"picked":"Cursed Key"}],"items_purged_floors":[22,54],"is_endless":false,"potions_floor_spawned":[1,2,11,12,20,27,30,33,36,39,40,44,46,47],"ascension_level":20}}