{"host":"yo9wwslrag05lh37","time":1609093477,"event":{"mods":["AchievementEnabler","BaseMod","Block Reminder","Colored Map","Colored Powertips","GifTheSpireLib","HexUI Lib","Highlight Path","Minty Spire (QoL Compilation)","Rare Cards Sparkle","Relic Stats","StSLib","everything is the same but u backflip on backflip"],"gold_per_floor":[116,131,150,161,161,161,190,202,202,235,34,34,58,68,68,146,146,157,175,175,15,15,15,15,40,40,66,66,66,66,84,84,159,159,173,191,191,207,232,265,265,291,291,323,22,32,32,58,58,58,58,58],"floor_reached":51,"playtime":2976,"items_purged":["Strike_G","Decay"],"score":1697,"play_id":"5addd127-f3a9-48f6-8c69-aec19ffadf11","local_time":"20201227192437","is_ascension_mode":true,"campfire_choices":[{"data":"Bouncing Flask","floor":6.0,"key":"SMITH"},{"floor":12.0,"key":"REST"},{"floor":15.0,"key":"REST"},{"data":"Catalyst","floor":23.0,"key":"SMITH"},{"floor":28.0,"key":"REST"},{"data":"Wraith Form v2","floor":30.0,"key":"SMITH"},{"data":"Acrobatics","floor":32.0,"key":"SMITH"},{"floor":49.0,"key":"RECALL"}],"circlet_count":0,"master_deck":["AscendersBane","Defend_G","Defend_G","Defend_G","Defend_G","Survivor","Neutralize","Acrobatics+1","Leg Sweep","Backstab","Bouncing Flask+1","Sucker Punch","Calculated Gamble","Noxious Fumes","Tools of the Trade","Catalyst+1","Ghostly","Ghostly","Ghostly","Wraith Form v2+1","Dagger Throw","Bite","Bite","Bite","Night Terror","Footwork","Backflip+1","Dodge and Roll+1","Malaise","Noxious Fumes","Noxious Fumes","Noxious Fumes","Calculated Gamble","Malaise"],"relics":["HoveringKite","Blue Candle","Matryoshka","Bottled Lightning","OrangePellets","Odd Mushroom","Cursed Key","The Courier","Empty Cage","Thread and Needle","Art of War","Lantern","Bag of Preparation","Boot","Mercury Hourglass"],"acts_visited":["Exordium","TheCity","TheBeyond"],"potions_floor_usage":[],"damage_taken":[{"damage":0.0,"enemies":"2 Louse","floor":1.0,"turns":3.0},{"damage":4.0,"enemies":"Small Slimes","floor":2.0,"turns":7.0},{"damage":1.0,"enemies":"Jaw Worm","floor":3.0,"turns":6.0},{"damage":1.0,"enemies":"Exordium Wildlife","floor":4.0,"turns":10.0},{"damage":22.0,"enemies":"Lagavulin","floor":7.0,"turns":5.0},{"damage":9.0,"enemies":"Looter","floor":8.0,"turns":4.0},{"damage":21.0,"enemies":"Gremlin Nob","floor":10.0,"turns":4.0},{"damage":12.0,"enemies":"The Mushroom Lair","floor":13.0,"turns":4.0},{"damage":11.0,"enemies":"2 Fungi Beasts","floor":14.0,"turns":3.0},{"damage":12.0,"enemies":"The Guardian","floor":16.0,"turns":9.0},{"damage":10.0,"enemies":"Spheric Guardian","floor":18.0,"turns":5.0},{"damage":17.0,"enemies":"2 Thieves","floor":19.0,"turns":5.0},{"damage":15.0,"enemies":"Slavers","floor":25.0,"turns":7.0},{"damage":11.0,"enemies":"Book of Stabbing","floor":27.0,"turns":6.0},{"damage":4.0,"enemies":"Snake Plant","floor":31.0,"turns":3.0},{"damage":6.0,"enemies":"Automaton","floor":33.0,"turns":10.0},{"damage":2.0,"enemies":"Orb Walker","floor":35.0,"turns":6.0},{"damage":4.0,"enemies":"3 Shapes","floor":36.0,"turns":7.0},{"damage":6.0,"enemies":"3 Darklings","floor":38.0,"turns":8.0},{"damage":1.0,"enemies":"Mind Bloom Boss Battle","floor":39.0,"turns":8.0},{"damage":16.0,"enemies":"Giant Head","floor":40.0,"turns":10.0},{"damage":0.0,"enemies":"Nemesis","floor":42.0,"turns":9.0},{"damage":2.0,"enemies":"Reptomancer","floor":44.0,"turns":10.0},{"damage":0.0,"enemies":"Spire Growth","floor":46.0,"turns":5.0},{"damage":0.0,"enemies":"Nemesis","floor":48.0,"turns":7.0},{"damage":11.0,"enemies":"Time Eater","floor":50.0,"turns":11.0},{"damage":21,"enemies":"Donu and Deca","floor":51,"turns":4}],"seed_played":"-1221547567800489813","potions_obtained":[{"floor":4.0,"key":"Poison Potion"},{"floor":7.0,"key":"FearPotion"},{"floor":8.0,"key":"Dexterity Potion"},{"floor":10.0,"key":"Fire Potion"},{"floor":13.0,"key":"GamblersBrew"},{"floor":25.0,"key":"EssenceOfSteel"},{"floor":27.0,"key":"SteroidPotion"},{"floor":31.0,"key":"Block Potion"},{"floor":35.0,"key":"PowerPotion"},{"floor":38.0,"key":"Fire Potion"},{"floor":42.0,"key":"DuplicationPotion"},{"floor":44.0,"key":"PowerPotion"}],"is_trial":false,"path_per_floor":["M","M","M","M","?","R","E","M","T","E","$","R","?","M","R","B",null,"M","M","?","$","?","R","$","E","T","E","R","?","R","M","R","B",null,"M","M","?","M","?","E","?","E","T","E","$","M","?","E","R","B","B"],"character_chosen":"THE_SILENT","items_purchased":["OrangePellets","Noxious Fumes","Wraith Form v2","Noxious Fumes","Noxious Fumes","Noxious Fumes","Calculated Gamble"],"campfire_rested":3,"item_purchase_floors":[11,11,21,45,45,45,45],"current_hp_per_floor":[59,55,54,53,58,58,36,27,27,6,6,27,15,4,25,13,57,47,30,30,30,30,30,30,15,15,4,14,14,14,14,14,24,24,23,24,24,24,24,12,12,24,24,24,24,24,23,23,23,18,0,0],"gold":58,"neow_bonus":"BOSS_RELIC","is_daily":false,"chose_seed":false,"campfire_upgraded":4,"win_rate":0.0,"timestamp":1609093477,"path_taken":["M","M","M","M","?","R","E","M","T","E","$","R","?","M","R","BOSS","M","M","?","$","?","R","?","E","T","E","R","?","R","M","R","BOSS","M","M","?","M","?","E","?","E","T","E","$","M","?","E","R","BOSS","BOSS"],"items_purchased_type":["Relic","Card","Card","Card","Card","Card","Card"],"build_version":"2020-12-22","purchased_purges":2,"victory":false,"max_hp_per_floor":[66,66,66,66,71,71,71,71,71,71,71,71,71,71,71,71,71,71,71,35,35,35,35,35,35,35,35,35,24,24,24,24,24,24,24,24,24,24,24,24,24,24,24,24,24,24,23,23,23,23,23,23],"relic_stats":{"OrangePellets":[20],"counters":[27,176],"Blue Candle":[1],"HoveringKite":[121],"Art of War":[13],"Bag of Preparation":[10],"Cursed Key":1,"Boot":[12],"obtain_stats":[{"Lantern":42,"Blue Candle":7,"HoveringKite":0,"Thread and Needle":39,"The Courier":27,"Bag of Preparation":43,"Odd Mushroom":13,"Cursed Key":17,"Empty Cage":34,"Boot":44,"Mercury Hourglass":48,"OrangePellets":11,"Matryoshka":9,"Art of War":40,"Bottled Lightning":10,"Ring of the Snake":0},{"Lantern":22,"Blue Candle":5,"HoveringKite":0,"Thread and Needle":20,"The Courier":14,"Bag of Preparation":22,"Odd Mushroom":8,"Cursed Key":10,"Empty Cage":16,"Boot":23,"Mercury Hourglass":25,"OrangePellets":7,"Matryoshka":6,"Art of War":21,"Bottled Lightning":7,"Ring of the Snake":0},{"Lantern":139,"Blue Candle":31,"HoveringKite":0,"Thread and Needle":120,"The Courier":78,"Bag of Preparation":139,"Odd Mushroom":43,"Cursed Key":55,"Empty Cage":91,"Boot":149,"Mercury Hourglass":161,"OrangePellets":39,"Matryoshka":35,"Art of War":130,"Bottled Lightning":39,"Ring of the Snake":0}],"Mercury Hourglass":[42]},"card_choices":[{"not_picked":["Dodge and Roll","Backflip"],"picked":"Acrobatics","floor":1.0},{"not_picked":["PiercingWail","Prepared"],"picked":"Leg Sweep","floor":2.0},{"not_picked":["Caltrops","Poisoned Stab"],"picked":"Backstab","floor":3.0},{"not_picked":["Endless Agony","Flying Knee"],"picked":"Bouncing Flask","floor":4.0},{"not_picked":["Slice","Tactician"],"picked":"Sucker Punch","floor":7.0},{"not_picked":["Backflip","Endless Agony","Slice"],"picked":"SKIP","floor":8.0},{"not_picked":["Flying Knee","Well Laid Plans"],"picked":"Calculated Gamble","floor":10.0},{"not_picked":["Distraction","Grand Finale","Dagger Spray"],"picked":"SKIP","floor":14.0},{"not_picked":["Die Die Die","Grand Finale"],"picked":"Tools of the Trade","floor":16.0},{"not_picked":["Outmaneuver","Flying Knee","Blade Dance"],"picked":"SKIP","floor":18.0},{"not_picked":["Bouncing Flask","Underhanded Strike"],"picked":"Catalyst","floor":19.0},{"not_picked":["Masterful Stab","Tactician"],"picked":"Dagger Throw","floor":25.0},{"not_picked":["Quick Slash","Outmaneuver","Dagger Throw"],"picked":"SKIP","floor":27.0},{"not_picked":["Slice+1","Bane","Prepared"],"picked":"SKIP","floor":31.0},{"not_picked":["Unload","Venomology"],"picked":"Night Terror","floor":33.0},{"not_picked":["Concentrate","Prepared+1"],"picked":"Footwork","floor":35.0},{"not_picked":["Reflex","Dagger Spray"],"picked":"Backflip+1","floor":36.0},{"not_picked":["Masterful Stab","Blade Dance","Dodge and Roll"],"picked":"SKIP","floor":38.0},{"not_picked":["Underhanded Strike","Slice","Distraction"],"picked":"SKIP","floor":40.0},{"not_picked":["Cloak And Dagger+1","Escape Plan"],"picked":"Dodge and Roll+1","floor":42.0},{"not_picked":["Deadly Poison","Flying Knee"],"picked":"Malaise","floor":44.0},{"not_picked":["Escape Plan","All Out Attack","Quick Slash"],"picked":"SKIP","floor":46.0},{"not_picked":["Deadly Poison+1","Dash+1"],"picked":"Malaise","floor":48.0}],"player_experience":1385062,"relics_obtained":[{"floor":7.0,"key":"Blue Candle"},{"floor":9.0,"key":"Matryoshka"},{"floor":10.0,"key":"Bottled Lightning"},{"floor":13.0,"key":"Odd Mushroom"},{"floor":27.0,"key":"The Courier"},{"floor":39.0,"key":"Thread and Needle"},{"floor":40.0,"key":"Art of War"},{"floor":42.0,"key":"Lantern"},{"floor":43.0,"key":"Bag of Preparation"},{"floor":44.0,"key":"Boot"},{"floor":48.0,"key":"Mercury Hourglass"}],"event_choices":[{"damage_healed":0.0,"max_hp_gain":5.0,"max_hp_loss":0.0,"gold_gain":0.0,"event_name":"Big Fish","player_choice":"Donut","floor":5.0,"gold_loss":0.0,"damage_taken":0.0},{"damage_healed":0.0,"max_hp_gain":0.0,"max_hp_loss":0.0,"gold_gain":0.0,"event_name":"Mushrooms","player_choice":"Fought Mushrooms","floor":13.0,"gold_loss":0.0,"damage_taken":0.0},{"damage_healed":0.0,"max_hp_gain":0.0,"max_hp_loss":36.0,"gold_gain":0.0,"event_name":"Ghosts","player_choice":"Became a Ghost","floor":20.0,"gold_loss":0.0,"damage_taken":0.0,"cards_obtained":["Ghostly","Ghostly","Ghostly"]},{"damage_healed":0.0,"max_hp_gain":0.0,"max_hp_loss":0.0,"gold_gain":0.0,"event_name":"Cursed Tome","player_choice":"Ignored","floor":22.0,"gold_loss":0.0,"damage_taken":0.0},{"damage_healed":0.0,"max_hp_gain":0.0,"max_hp_loss":11.0,"gold_gain":0.0,"event_name":"Vampires","player_choice":"Became a vampire","floor":29.0,"gold_loss":0.0,"damage_taken":0.0,"cards_obtained":["Bite","Bite","Bite","Bite","Bite"]},{"cards_removed":["Bite"],"damage_healed":0.0,"max_hp_gain":0.0,"max_hp_loss":0.0,"gold_gain":0.0,"event_name":"Falling","player_choice":"Removed Attack","floor":37.0,"gold_loss":0.0,"damage_taken":0.0},{"damage_healed":0.0,"max_hp_gain":0.0,"max_hp_loss":0.0,"gold_gain":0.0,"event_name":"MindBloom","player_choice":"Fight","floor":39.0,"gold_loss":0.0,"damage_taken":0.0},{"damage_healed":0.0,"max_hp_gain":0.0,"max_hp_loss":0.0,"gold_gain":0.0,"event_name":"Tomb of Lord Red Mask","player_choice":"Ignored","floor":41.0,"gold_loss":0.0,"damage_taken":0.0},{"damage_healed":0.0,"max_hp_gain":0.0,"max_hp_loss":1.0,"gold_gain":0.0,"event_name":"Winding Halls","player_choice":"Max HP","floor":47.0,"gold_loss":0.0,"damage_taken":0.0}],"is_beta":false,"boss_relics":[{"not_picked":["Black Star","Runic Pyramid"],"picked":"Cursed Key"},{"not_picked":["Philosopher\u0027s Stone","Velvet Choker"],"picked":"Empty Cage"}],"items_purged_floors":[21,45],"is_endless":false,"potions_floor_spawned":[4,7,8,10,13,25,27,31,35,38,42,44],"killed_by":"Donu and Deca","ascension_level":20}}