{"host":"l8lkgdumzpe3823a","time":1609109938,"event":{"mods":["Always Whale","Aspiration","BaseMod","Better Note","Clockwork Mod","Colored Powertips","Curses Come First","Custom Start","DeckTracker","Defuse TimeMaze Blight","Highlight Path","Hubris","Infinite Spire","Minty Spire (QoL Compilation)","Quick Restart","Replay The Spire","Shop Mod","StSLib","SuperFastMode","The Construct","The Dragon Tamer","vexMod"],"gold_per_floor":[109,123,123,48,68,68,68,68,68,84,95,114,142,160,160,261,927,942,852,852],"floor_reached":19,"playtime":618,"items_purged":["Strike_R"],"score":239,"play_id":"8d494946-ec10-4ba6-89a9-616bee73946f","local_time":"20201227165858","is_ascension_mode":true,"campfire_choices":[{"data":"Sword Boomerang","floor":6.0,"key":"SMITH"},{"data":"Reaper","floor":8.0,"key":"SMITH"},{"floor":15.0,"key":"REST"}],"circlet_count":0,"master_deck":["Strike_R","Strike_R","Strike_R","Strike_R","Defend_R","Defend_R","Defend_R","Defend_R","Bash","Sword Boomerang+1","Reaper+1","Limit Break","Battle Trance","Sword Boomerang"],"relics":["Burning Blood","NeowsBlessing","hubris:Towel","CultistMask","Question Card","Tiny Chest","Replay:Grab Bag","vexMod:RockOfEvil","Cursed Key","Black Star","SacredBark"],"acts_visited":["Exordium","TheCity"],"potions_floor_usage":[],"damage_taken":[{"damage":0.0,"enemies":"Cultist","floor":1.0,"turns":1.0},{"damage":0.0,"enemies":"Small Slimes","floor":2.0,"turns":1.0},{"damage":0.0,"enemies":"Jaw Worm","floor":5.0,"turns":1.0},{"damage":46.0,"enemies":"Gremlin Gang","floor":10.0,"turns":5.0},{"damage":20.0,"enemies":"Exordium Wildlife","floor":11.0,"turns":5.0},{"damage":4.0,"enemies":"3 Louse","floor":12.0,"turns":4.0},{"damage":32.0,"enemies":"Gremlin Nob","floor":13.0,"turns":4.0},{"damage":16.0,"enemies":"Blue Slaver","floor":14.0,"turns":5.0},{"damage":104.0,"enemies":"Fading Forest","floor":16.0,"turns":11.0},{"damage":33.0,"enemies":"Spheric Guardian","floor":18.0,"turns":4.0},{"damage":61,"enemies":"2 Thieves","floor":19,"turns":3}],"seed_played":"5330286966247528447","potions_obtained":[{"floor":1.0,"key":"CultistPotion"},{"floor":11.0,"key":"Fire Potion"},{"floor":14.0,"key":"Fire Potion"},{"floor":16.0,"key":"SkillPotion"}],"is_trial":false,"path_per_floor":["M","M","?","$","M","R","?","R","T","M","M","M","E","M","R","B",null,"M","M"],"character_chosen":"IRONCLAD","items_purchased":[],"campfire_rested":1,"item_purchase_floors":[],"current_hp_per_floor":[78,80,80,80,80,80,80,80,80,55,53,62,41,36,60,8,62,35,0,0],"gold":852,"neow_bonus":"THREE_ENEMY_KILL","is_daily":false,"chose_seed":false,"campfire_upgraded":2,"win_rate":0.0,"timestamp":1609109938,"path_taken":["M","?","?","$","M","R","?","R","T","M","M","?","E","?","R","BOSS","M","M"],"items_purchased_type":[],"build_version":"2020-12-22","purchased_purges":1,"victory":false,"max_hp_per_floor":[80,80,80,80,80,80,80,80,80,80,80,80,80,80,80,80,80,80,80,80],"card_choices":[{"not_picked":["Anger","hubris:ReadiedAction"],"picked":"Sword Boomerang","floor":1.0},{"not_picked":["Ghostly Armor","Body Slam"],"picked":"Reaper","floor":2.0},{"not_picked":["Armaments","Run Through","hubris:ReadiedAction"],"picked":"SKIP","floor":5.0},{"not_picked":["Uppercut","Anger","ReplayTheSpireMod:Strike From Hell"],"picked":"Limit Break","floor":10.0},{"not_picked":["Headbutt","Rampage","Clothesline"],"picked":"Battle Trance","floor":11.0},{"not_picked":["Run Through","Thunderclap","Shrug It Off","Impervious"],"picked":"SKIP","floor":12.0},{"not_picked":["Pommel Strike","Replay:Many Hands","Replay:Undeath\u0027s Touch","Feed"],"picked":"SKIP","floor":13.0},{"not_picked":["hubris:SharpeningStone","ReplayTheSpireMod:Strike From Hell","Searing Blow","Blood for Blood"],"picked":"SKIP","floor":14.0},{"not_picked":["Body Slam","Run Through","Rampage"],"picked":"Sword Boomerang","floor":18.0}],"player_experience":645324,"relics_obtained":[{"floor":9.0,"key":"Question Card"},{"floor":13.0,"key":"Tiny Chest"}],"event_choices":[{"damage_healed":0.0,"max_hp_gain":0.0,"max_hp_loss":0.0,"gold_gain":0.0,"event_name":"FaceTrader","player_choice":"Trade","floor":7.0,"gold_loss":0.0,"damage_taken":0.0,"relics_obtained":["CultistMask"]}],"is_beta":false,"boss_relics":[{"not_picked":["hubris:CrackedHourglass","construct:WeddingRing"],"picked":"Replay:Grab Bag"},{"not_picked":["Replay:Wanted Poster","ReplayTheSpireMod:DimensionalGlitch"],"picked":"vexMod:RockOfEvil"},{"not_picked":["infinitespire:Cupcake","Fusion Hammer"],"picked":"Cursed Key"},{"not_picked":["vexMod:MysteryBossChallenge","infinitespire:Burning Sword"],"picked":"Black Star"},{"not_picked":["Replay:Drink Me","aspiration:RunicSpoon"],"picked":"SacredBark"}],"items_purged_floors":[4],"is_endless":false,"potions_floor_spawned":[1,11,14,16],"killed_by":"2 Thieves","ascension_level":8}}