{"host":"6qo42zgaknezulyg","time":1609055549,"event":{"mods":["2.2 Compatiblity","BaseMod","Colored Map","Downfall","Highlight Path","Keyboard Shortcuts","Minty Spire (QoL Compilation)","Permanent Neow","Quick Restart","StSLib","SuperFastMode"],"gold_per_floor":[349,369,392,411,153,188,188,125,170,197,209,371,383,207,220,324,324,324,338,338,350,350,56,56,71,71,101,117,149,74,90,106,211,211,211,229,241,291,43,43,43,57,82,82,82,82,82,94,114,114],"floor_reached":51,"playtime":2241,"items_purged":["champ:Strike","Slimebound:Icky","Pain","champ:Strike"],"score":1276,"play_id":"07031d9d-c3a1-4774-b8da-f0ec0b0643a1","local_time":"20201227165229","is_ascension_mode":true,"campfire_choices":[{"data":"champ:Taunt","floor":1.0,"key":"SMITH"},{"data":"expansioncontent:DashGenerateEvil","floor":8.0,"key":"SMITH"},{"data":"champ:Aggression","floor":11.0,"key":"SMITH"},{"floor":13.0,"key":"REST"},{"floor":18.0,"key":"RECALL"},{"floor":30.0,"key":"REST"},{"floor":35.0,"key":"REST"},{"floor":40,"key":"REST"},{"floor":45,"key":"REST"}],"circlet_count":0,"master_deck":["AscendersBane","champ:Defend","champ:Defend","champ:Defend","champ:Defend","champ:Execute","champ:Taunt+1","champ:Backstep","expansioncontent:DashGenerateEvil+1","champ:Aggression+1","champ:Control","champ:ArenaPreparation","champ:BerserkerStyle","champ:IgnorePain","champ:Haymaker","champ:BringItOn","champ:EnchantCrown","champ:CrookedStrike+1","champ:Encircle","champ:ArenaPreparation+1","champ:IgnorePain","champ:Devastate","champ:AdrenalArmor+1","expansioncontent:QuickStudy","Shame","champ:FocusedBerserking+1","expansioncontent:BronzeBeam","expansioncontent:Hexaburn","champ:ViciousMockery+1"],"relics":["champ:ChampionCrown","Anchor","Question Card","MawBank","downfall:HeartBlessingGreen","Bag of Marbles","Fusion Hammer","Bottled Lightning","Nunchaku","Letter Opener","Turnip","champ:DuelingGlove","downfall:HeartBlessingRed","Cursed Key","Incense Burner","Matryoshka","Art of War","StrikeDummy","The Courier"],"acts_visited":["Exordium","TheCity","TheBeyond"],"potions_floor_usage":[50],"damage_taken":[{"damage":18.0,"enemies":"Cultist","floor":2.0,"turns":4.0},{"damage":5.0,"enemies":"2 Louse","floor":4.0,"turns":3.0},{"damage":15.0,"enemies":"downfall:FleeingMerchant","floor":5.0,"turns":4.0},{"damage":33.0,"enemies":"3 Sentries","floor":6.0,"turns":12.0},{"damage":10.0,"enemies":"Gremlin Nob","floor":9.0,"turns":4.0},{"damage":3.0,"enemies":"Small Slimes","floor":10.0,"turns":3.0},{"damage":41.0,"enemies":"downfall:FleeingMerchant","floor":14.0,"turns":4.0},{"damage":11.0,"enemies":"3 Louse","floor":15.0,"turns":2.0},{"damage":60.0,"enemies":"downfall:Defect","floor":16.0,"turns":5.0},{"damage":28.0,"enemies":"Shell Parasite","floor":19.0,"turns":3.0},{"damage":32.0,"enemies":"3 Byrds","floor":21.0,"turns":5.0},{"damage":22.0,"enemies":"downfall:FleeingMerchant","floor":23.0,"turns":4.0},{"damage":8.0,"enemies":"3 Cultists","floor":25.0,"turns":4.0},{"damage":19.0,"enemies":"Book of Stabbing","floor":27.0,"turns":5.0},{"damage":45.0,"enemies":"Centurion and Healer","floor":28.0,"turns":3.0},{"damage":26.0,"enemies":"Slavers","floor":29.0,"turns":3.0},{"damage":26.0,"enemies":"Snake Plant","floor":31.0,"turns":3.0},{"damage":0.0,"enemies":"3 Cultists","floor":32.0,"turns":1.0},{"damage":85.0,"enemies":"downfall:Ironclad","floor":33.0,"turns":7.0},{"damage":31.0,"enemies":"Orb Walker","floor":36.0,"turns":3.0},{"damage":52.0,"enemies":"3 Darklings","floor":37.0,"turns":6.0},{"damage":76.0,"enemies":"Mind Bloom Boss Battle","floor":38.0,"turns":6.0},{"damage":10,"enemies":"downfall:FleeingMerchant","floor":39,"turns":3},{"damage":7,"enemies":"Spire Growth","floor":42,"turns":2},{"damage":33,"enemies":"Giant Head","floor":43,"turns":5},{"damage":28,"enemies":"Sphere and 2 Shapes","floor":48,"turns":3},{"damage":31,"enemies":"3 Darklings","floor":49,"turns":2},{"damage":77,"enemies":"downfall:Watcher","floor":50,"turns":6}],"seed_played":"-341033412935998531","potions_obtained":[{"floor":2.0,"key":"FearPotion"},{"floor":6.0,"key":"Fire Potion"},{"floor":10.0,"key":"AttackPotion"},{"floor":15.0,"key":"BlessingOfTheForge"},{"floor":21.0,"key":"DistilledChaos"},{"floor":38.0,"key":"DuplicationPotion"}],"is_trial":false,"path_per_floor":["R","M","T","M","$","E","T","R","E","M","R","?","R","$","M","B",null,"R","M","?","M","?","$","T","M","?","E","M","E","R","M","M","B",null,"R","M","M","?","$","R","T","M","E","$","R","?","?","M","M","B",null],"character_chosen":"THE_CHAMP","items_purchased":["expansioncontent:DashGenerateEvil","champ:BerserkerStyle","Nunchaku","Matryoshka","expansioncontent:QuickStudy"],"campfire_rested":5,"item_purchase_floors":[5,14,23,39,39],"current_hp_per_floor":[81,73,73,73,63,45,45,45,40,40,40,40,64,61,61,61,76,76,76,76,71,71,67,67,67,81,81,81,81,81,81,81,63,77,81,76,71,70,70,81,81,81,75,75,81,71,71,71,65,52],"gold":114,"neow_bonus":"TWO_FIFTY_GOLD","is_daily":false,"chose_seed":false,"campfire_upgraded":3,"win_rate":0.0,"timestamp":1609055549,"path_taken":["R","M","?","M","$","E","T","R","E","M","R","?","R","$","M","BOSS","R","M","?","?","?","$","T","M","?","E","M","E","R","M","M","BOSS","R","M","M","?","$","R","T","M","E","$","R","?","?","M","M","BOSS"],"items_purchased_type":["Card","Card","Relic","Relic","Card"],"build_version":"2020-12-22","purchased_purges":4,"victory":true,"max_hp_per_floor":[81,81,81,81,81,81,81,81,81,81,81,81,81,81,81,81,81,81,81,81,81,81,81,81,81,81,81,81,81,81,81,81,81,81,81,81,81,81,81,81,81,81,81,81,81,81,81,81,81,81],"card_choices":[{"not_picked":["champ:EnragedBash","champ:Riposte"],"picked":"champ:Backstep","floor":2.0},{"not_picked":["champ:Circumvent","champ:DefensiveShout","champ:CalledShot"],"picked":"SKIP","floor":4.0},{"not_picked":["champ:PerfectForm","champ:FlashCut","champ:SwordSigil"],"picked":"SKIP","floor":5.0},{"not_picked":["champ:AdrenalArmor","champ:TornadoPunch"],"picked":"champ:Aggression","floor":6.0},{"not_picked":["champ:RageSigil","champ:HeartStrike","champ:BladeFlurry"],"picked":"champ:Control","floor":9.0},{"not_picked":["champ:BladeFlurry","champ:GutPunch","champ:DefensiveShout"],"picked":"champ:ArenaPreparation","floor":10.0},{"not_picked":["champ:BladeFlurry","champ:DefensiveStyle","champ:GutPunch","champ:FlashCut"],"picked":"SKIP","floor":14.0},{"not_picked":["champ:Shatter","champ:BerserkerStyle","champ:ShieldSigil","champ:RapidStrikes"],"picked":"SKIP","floor":15.0},{"not_picked":["champ:ShieldSlam","champ:VampiricStrike","champ:ShieldThrow"],"picked":"champ:IgnorePain","floor":16.0},{"not_picked":["champ:BringItOn+1","champ:StanceDance","champ:ShieldSigil"],"picked":"champ:Haymaker","floor":19.0},{"not_picked":["champ:RageSigil","champ:PerfectedStrike","champ:FlashCut","champ:DefensiveShout"],"picked":"SKIP","floor":21.0},{"not_picked":["champ:TornadoPunch","champ:HeartStrike","champ:DeathBlow"],"picked":"champ:CrookedStrike+1","floor":23.0},{"not_picked":["champ:BerserkerStyle","champ:AdrenalArmor","champ:ViciousMockery"],"picked":"champ:Encircle","floor":25.0},{"not_picked":["champ:FocusedDefense+1","champ:DefensiveStyle","champ:LastStand"],"picked":"champ:ArenaPreparation+1","floor":27.0},{"not_picked":["champ:Circumvent","champ:EnragedBash+1","champ:Aggression","champ:CalledShot"],"picked":"SKIP","floor":28.0},{"not_picked":["champ:EndlessRage","champ:Shatter","champ:GutPunch+1","champ:Aggression"],"picked":"SKIP","floor":29.0},{"not_picked":["champ:ShieldSigil+1","champ:Shatter","champ:CalledShot","champ:ShieldWall"],"picked":"SKIP","floor":31.0},{"not_picked":["champ:GladiatorsShout","champ:RageSigil","champ:ShieldSigil"],"picked":"champ:IgnorePain","floor":32.0},{"not_picked":["champ:PerfectForm","champ:EnchantCrown","champ:VampiricStrike"],"picked":"champ:Devastate","floor":33.0},{"not_picked":["champ:BerserkersShout","champ:Lariat+1","champ:RisingSlash"],"picked":"champ:AdrenalArmor+1","floor":36.0},{"not_picked":["champ:ShieldSigil","champ:CalledShot","champ:PerfectedStrike","champ:GutPunch"],"picked":"SKIP","floor":37.0},{"not_picked":["champ:DeathBlow+1","champ:StanceDance+1","champ:CheapShot","champ:Lariat+1"],"picked":"SKIP","floor":39},{"not_picked":["champ:TornadoPunch+1","champ:FightOn","champ:HeartStrike","champ:PerfectedStrike+1"],"picked":"SKIP","floor":42},{"not_picked":["champ:TornadoPunch","champ:Haymaker","champ:FlashCut"],"picked":"champ:FocusedBerserking+1","floor":43},{"not_picked":["expansioncontent:ChargeUp","expansioncontent:AwakenDeath","expansioncontent:PolyBeam"],"picked":"expansioncontent:BronzeBeam","floor":46},{"not_picked":["expansioncontent:DefensiveMode","expansioncontent:GuardianWhirl","expansioncontent:FaceSlap"],"picked":"expansioncontent:Hexaburn","floor":46},{"not_picked":["champ:IronFortress+1","champ:FocusedDefense","champ:TornadoPunch+1"],"picked":"champ:ViciousMockery+1","floor":48},{"not_picked":["champ:Circumvent","champ:BerserkersShout","champ:StanceDance","champ:VampiricStrike"],"picked":"SKIP","floor":49}],"player_experience":1065460,"relics_obtained":[{"floor":3.0,"key":"Anchor"},{"floor":6.0,"key":"Question Card"},{"floor":7.0,"key":"MawBank"},{"floor":9.0,"key":"Bag of Marbles"},{"floor":24.0,"key":"Letter Opener"},{"floor":27.0,"key":"Turnip"},{"floor":29.0,"key":"champ:DuelingGlove"},{"floor":38.0,"key":"Incense Burner"},{"floor":41,"key":"Art of War"},{"floor":41,"key":"StrikeDummy"},{"floor":43,"key":"The Courier"}],"event_choices":[{"damage_healed":0.0,"max_hp_gain":0.0,"max_hp_loss":0.0,"gold_gain":0.0,"cards_transformed":["champ:Strike","champ:Strike"],"event_name":"Drug Dealer","player_choice":"Became Test Subject","floor":22.0,"gold_loss":0.0,"damage_taken":0.0,"cards_obtained":["champ:BringItOn","champ:EnchantCrown"]},{"damage_healed":27.0,"max_hp_gain":0.0,"max_hp_loss":0.0,"gold_gain":0.0,"event_name":"The Library","player_choice":"Heal","floor":26.0,"gold_loss":0.0,"damage_taken":0.0}],"is_beta":false,"boss_relics":[{"not_picked":["Pandora\u0027s Box","champ:ChampionCrownUpgraded"],"picked":"Fusion Hammer"},{"not_picked":["Philosopher\u0027s Stone","Coffee Dripper"],"picked":"Cursed Key"}],"items_purged_floors":[5,14,23,39],"is_endless":false,"potions_floor_spawned":[2,6,10,15,21,25,27,32,37,38,42],"ascension_level":11}}