{"host":"cgv4xfjbrthxr81g","time":1609113452,"event":{"mods":["2.2 Compatiblity","Act Like it!","BaseMod","Bestiary","Better Altar","Better Match","Better Note","Better Sensory Stone","Better Skull","Better Third Choice","BetterRewards","Block Reminder","Card Forge","Clawfect","Colored Map","Colored Powertips","Curses Come First","DeckTracker","Defuse TimeMaze Blight","Downfall","Energized Spire","Friendly Minions","Hallownest","Highlight Path","Hubris","Infinite Spire","Mimic Mod","Minty Spire (QoL Compilation)","Permanent Neow","Quick Restart","Rare Cards Sparkle","Relic Sorter","Relic Stats","Replay The Spire","Robot Space Explorer","Shop Mod","Spicy Shops","StSLib","SuperFastMode","The Bug Knight","The Caster","The Construct","The Jungle","TheVacant","Uncapped","Wandering Minibosses"],"gold_per_floor":[99,111,111,7,17,17,17,17,48,76,102,131,131,9,9,113,113,125,125,136,83,94,94,94,142,142,142,142,174,174,174],"floor_reached":30,"playtime":963,"items_purged":["construct:Defend_Gold","construct:Defend_Gold"],"score":298,"play_id":"c4b11ebc-a9e4-4774-be15-a8601427f954","local_time":"20201227185732","daily_mods":["Vintage","Colorless Cards","Flight","DeadlyEvents","Elite Swarm"],"is_ascension_mode":true,"campfire_choices":[{"data":"construct:Autoturret","floor":6,"key":"SMITH"},{"data":"construct:AttackMode","floor":7,"key":"SMITH"},{"data":"construct:DefenseMode","floor":8,"key":"SMITH"},{"floor":13,"key":"REST"},{"floor":15,"key":"REST"},{"floor":23,"key":"REST"},{"floor":27,"key":"REST"},{"floor":28,"key":"REST"}],"circlet_count":0,"master_deck":["construct:Strike_Gold","construct:Strike_Gold","construct:Strike_Gold","construct:Strike_Gold","construct:Defend_Gold+1","construct:AttackMode+1","construct:DefenseMode+1","Thinking Ahead+1","construct:Autoturret+1","construct:BatteryCore+1","construct:ShieldGenerator","construct:Autoturret","Panache","construct:Autoturret","infinitespire:Fortify","ReplayUltimateDefense"],"relics":["Unceasing Top","HornCleat","Pantograph","Replay:Kaleidoscope","Letter Opener","Tiny Chest","sneckomod:BlankCard","Empty Cage","Ancient Tea Set","War Paint","Sundial","Mummified Hand","HollowMod:PaleOreRelic","HollowMod:LifeEnderRelic","FossilizedHelix"],"acts_visited":["Hallownest:Greenpath","TheCity"],"potions_floor_usage":[],"damage_taken":[{"damage":1,"enemies":"Hallownest:monsterHuskWarrior","floor":2,"turns":3},{"damage":4,"enemies":"Hallownest:2_Tiktiks_and_1_Crawlid","floor":5,"turns":3},{"damage":9,"enemies":"Hallownest:2_Baldur","floor":9,"turns":6},{"damage":8,"enemies":"Hallownest:eliteMossKnight","floor":10,"turns":5},{"damage":22,"enemies":"Hallownest:eliteCrystalGuardian","floor":11,"turns":4},{"damage":11,"enemies":"Hallownest:eliteVengeflyKing","floor":12,"turns":5},{"damage":60,"enemies":"Hallownest:BossBrokenVessel","floor":16,"turns":7},{"damage":24,"enemies":"Chosen","floor":18,"turns":5},{"damage":17,"enemies":"3 Byrds","floor":20,"turns":4},{"damage":24,"enemies":"Snecko","floor":22,"turns":5},{"damage":0,"enemies":"Gremlin Leader","floor":29,"turns":6},{"damage":78,"enemies":"Slavers","floor":30,"turns":4}],"seed_played":"-4906563015810773540","potions_obtained":[{"floor":11,"key":"champ:CounterPotion"},{"floor":12,"key":"Swift Potion"},{"floor":16,"key":"Swift Potion"},{"floor":18,"key":"LifebloodPotion"},{"floor":22,"key":"Adrenaline Potion"}],"is_trial":true,"path_per_floor":["?","M","T","$","M","R","R","R","MIM","E","E","E","R","$","R","B",null,"M","AVR","M","$","M","R","?","T","T","R","R","E","E"],"character_chosen":"THE_CONSTRUCT_MOD","items_purchased":["construct:Autoturret","construct:Autoturret","construct:Autoturret"],"campfire_rested":5,"item_purchase_floors":[4,14,21],"current_hp_per_floor":[85,84,84,84,80,80,80,80,71,63,41,30,55,55,80,25,85,61,61,44,44,20,45,24,24,24,49,74,74,0,0],"gold":174,"neow_bonus":"","is_daily":false,"chose_seed":false,"campfire_upgraded":3,"win_rate":0.0,"timestamp":1609113452,"path_taken":["?","?","?","?","M","R","R","R","MIM","E","E","?","R","$","R","BOSS","M","AVR","?","$","M","R","?","?","T","R","R","E","?"],"items_purchased_type":["Card","Card","Card"],"build_version":"2020-12-22","purchased_purges":2,"victory":false,"max_hp_per_floor":[85,85,85,85,85,85,85,85,85,85,85,85,85,85,85,85,85,85,85,85,85,85,85,85,85,85,85,85,85,85,85],"relic_stats":{"counters":[12,54],"Sundial":[6],"Mummified Hand":[10],"Pantograph":5,"Tiny Chest":1,"Letter Opener":[43],"War Paint":["construct:BatteryCore","construct:Defend_Gold"],"obtain_stats":[{"HollowMod:LifeEnderRelic":26,"sneckomod:BlankCard":12,"Replay:Kaleidoscope":5,"Letter Opener":10,"War Paint":19,"Empty Cage":17,"Ancient Tea Set":18,"HornCleat":2,"Sundial":20,"Mummified Hand":22,"Pantograph":3,"Tiny Chest":11,"HollowMod:PaleOreRelic":25,"Unceasing Top":0,"FossilizedHelix":29},{"HollowMod:LifeEnderRelic":10,"sneckomod:BlankCard":6,"Replay:Kaleidoscope":2,"Letter Opener":4,"War Paint":8,"Empty Cage":7,"Ancient Tea Set":8,"HornCleat":1,"Sundial":9,"Mummified Hand":10,"Pantograph":1,"Tiny Chest":5,"HollowMod:PaleOreRelic":10,"Unceasing Top":0,"FossilizedHelix":11},{"HollowMod:LifeEnderRelic":44,"sneckomod:BlankCard":25,"Replay:Kaleidoscope":6,"Letter Opener":16,"War Paint":37,"Empty Cage":32,"Ancient Tea Set":37,"HornCleat":3,"Sundial":40,"Mummified Hand":44,"Pantograph":3,"Tiny Chest":20,"HollowMod:PaleOreRelic":44,"Unceasing Top":0,"FossilizedHelix":50}],"Unceasing Top":[1]},"card_choices":[{"not_picked":["Transmutation","Mayhem","construct:PanicFire"],"picked":"SKIP","floor":10},{"not_picked":["construct:ShieldGenerator","Panache"],"picked":"construct:BatteryCore","floor":11},{"not_picked":["construct:MassProduction","HandOfGreed"],"picked":"construct:ShieldGenerator","floor":12},{"not_picked":["construct:PanicFire","construct:Reserves"],"picked":"Panache","floor":16},{"not_picked":["hubris:Fate","Replay:Fractal Strike"],"picked":"infinitespire:Fortify","floor":24},{"not_picked":["Violence","expansioncontent:Corrupt"],"picked":"ReplayUltimateDefense","floor":29}],"player_experience":83955,"relics_obtained":[{"floor":2,"key":"HornCleat"},{"floor":3,"key":"Pantograph"},{"floor":5,"key":"Replay:Kaleidoscope"},{"floor":10,"key":"Letter Opener"},{"floor":11,"key":"Tiny Chest"},{"floor":12,"key":"sneckomod:BlankCard"},{"floor":18,"key":"Ancient Tea Set"},{"floor":20,"key":"Sundial"},{"floor":22,"key":"Mummified Hand"},{"floor":25,"key":"HollowMod:PaleOreRelic"},{"floor":26,"key":"HollowMod:LifeEnderRelic"},{"floor":29,"key":"FossilizedHelix"}],"event_choices":[],"is_beta":false,"boss_relics":[{"not_picked":["Calling Bell","energizedSpire:RedRose"],"picked":"Empty Cage"}],"items_purged_floors":[14,19],"is_endless":false,"potions_floor_spawned":[11,12,16,18,22,29],"killed_by":"Slavers","ascension_level":1}}