{"host":"zekcc3vicrep0och","time":1609106927,"event":{"mods":["AchievementEnabler","BaseMod","Colored Map","Colored Powertips","Displayed Cursed Tome","Minty Spire (QoL Compilation)","Relic Stats","StSLib"],"gold_per_floor":[366,43,61,61,77,77,88,106,132,132,163,163,163,192,192,298,325,344,369,369,329,41,77,77,102,126,170,195,219,245,264,264,368,368,396,396,1,1018,1028,1028,592,609,609,626,626,30,30,39,39,39],"floor_reached":51,"playtime":3415,"items_purged":["Strike_G","Strike_G","Normality","Strike_G"],"score":1166,"play_id":"456026c3-2f5e-4cbc-8c41-e3eec0e4cc40","local_time":"20201228010847","is_ascension_mode":true,"campfire_choices":[{"data":"Neutralize","floor":6.0,"key":"SMITH"},{"floor":10.0,"key":"REST"},{"floor":12.0,"key":"REST"},{"data":"Footwork","floor":15.0,"key":"SMITH"},{"floor":24.0,"key":"REST"},{"data":"Footwork","floor":32.0,"key":"SMITH"},{"data":"Adrenaline","floor":40,"key":"SMITH"},{"data":"Chrysalis","floor":45,"key":"SMITH"},{"data":"Noxious Fumes","floor":47,"key":"SMITH"},{"data":"Backflip","floor":49,"key":"SMITH"}],"circlet_count":0,"master_deck":["AscendersBane","Defend_G","Defend_G+1","Defend_G+1","Defend_G","Survivor","Neutralize+1","Calculated Gamble","Blur+1","Backflip+1","Slice","Envenom+1","Footwork+1","Venomology","Outmaneuver+1","Dagger Spray+1","Escape Plan+1","PiercingWail+1","Footwork+1","Quick Slash","Crippling Poison","Poisoned Stab","Bane","Leg Sweep","Escape Plan","Adrenaline+1","Backflip+1","Normality","Chrysalis+1","Blur+1","Noxious Fumes+1","Violence"],"relics":["Ring of the Snake","Sling","CeramicFish","Vajra","Astrolabe","Blood Vial","War Paint","Akabeko","Toy Ornithopter","Kunai","Philosopher\u0027s Stone","PreservedInsect","HandDrill","Omamori","Calipers","DollysMirror","Blue Candle"],"acts_visited":["TheCity","TheBeyond"],"potions_floor_usage":[39,42,42,50,50],"damage_taken":[{"damage":6.0,"enemies":"Small Slimes","floor":1.0,"turns":5.0},{"damage":2.0,"enemies":"Jaw Worm","floor":3.0,"turns":5.0},{"damage":2.0,"enemies":"Cultist","floor":5.0,"turns":7.0},{"damage":0.0,"enemies":"Exordium Wildlife","floor":7.0,"turns":9.0},{"damage":15.0,"enemies":"Lots of Slimes","floor":8.0,"turns":10.0},{"damage":23.0,"enemies":"Gremlin Nob","floor":11.0,"turns":5.0},{"damage":0.0,"enemies":"2 Fungi Beasts","floor":14.0,"turns":4.0},{"damage":15.0,"enemies":"Hexaghost","floor":16.0,"turns":16.0},{"damage":15.0,"enemies":"3 Byrds","floor":18.0,"turns":7.0},{"damage":15.0,"enemies":"Chosen","floor":19.0,"turns":9.0},{"damage":30.0,"enemies":"Slavers","floor":23.0,"turns":11.0},{"damage":0.0,"enemies":"Gremlin Leader","floor":25.0,"turns":6.0},{"damage":8.0,"enemies":"Book of Stabbing","floor":27.0,"turns":10.0},{"damage":3.0,"enemies":"Shelled Parasite and Fungi","floor":28.0,"turns":8.0},{"damage":13.0,"enemies":"Snecko","floor":29.0,"turns":6.0},{"damage":16.0,"enemies":"Snake Plant","floor":30.0,"turns":5.0},{"damage":1.0,"enemies":"Chosen and Byrds","floor":31.0,"turns":10.0},{"damage":39.0,"enemies":"Automaton","floor":33.0,"turns":10.0},{"damage":0.0,"enemies":"3 Darklings","floor":35.0,"turns":6.0},{"damage":3,"enemies":"Orb Walker","floor":39,"turns":5},{"damage":9,"enemies":"Transient","floor":42,"turns":5},{"damage":0,"enemies":"Writhing Mass","floor":44,"turns":10},{"damage":20,"enemies":"Time Eater","floor":50,"turns":20}],"seed_played":"-5065715791223274490","potions_obtained":[{"floor":3.0,"key":"Explosive Potion"},{"floor":11.0,"key":"Ancient Potion"},{"floor":13.0,"key":"Fire Potion"},{"floor":16.0,"key":"EssenceOfSteel"},{"floor":23.0,"key":"Weak Potion"}],"is_trial":false,"path_per_floor":["M","$","M","?","M","R","M","M","T","R","E","R","?","M","R","B",null,"M","M","?","?","$","E","R","E","T","E","M","M","M","M","R","B",null,"M","?","$","?","M","R","$","M","T","M","R","$","R","?","R","B",null],"character_chosen":"THE_SILENT","items_purchased":["Sling","FairyPotion","Blood Vial","Footwork","Fire Potion","Quick Slash","PreservedInsect","HandDrill","Omamori","Chrysalis","DollysMirror","Blue Candle","Noxious Fumes"],"campfire_rested":3,"item_purchase_floors":[2,2,22,22,22,22,37,37,41,41,46,46,46],"current_hp_per_floor":[39,39,37,23,21,21,21,6,6,27,4,25,25,25,25,10,55,40,25,25,25,25,21,42,44,44,43,47,41,32,38,38,11,55,57,57,57,57,61,61,61,57,57,59,59,59,59,59,59,46],"gold":39,"neow_bonus":"TWO_FIFTY_GOLD","is_daily":false,"chose_seed":false,"campfire_upgraded":7,"win_rate":0.0,"timestamp":1609106927,"path_taken":["M","$","M","?","M","R","M","M","T","R","E","R","?","M","R","BOSS","M","M","?","?","$","E","R","E","T","E","M","M","M","?","R","BOSS","M","?","$","?","M","R","$","M","T","M","R","$","R","?","R","BOSS"],"items_purchased_type":["Relic","Potion","Relic","Card","Potion","Card","Relic","Relic","Relic","Card","Relic","Relic","Card"],"build_version":"2020-12-22","purchased_purges":4,"victory":true,"max_hp_per_floor":[70,70,70,70,70,70,70,70,70,70,70,70,70,70,70,70,70,70,70,70,70,70,70,70,70,70,70,70,70,70,70,70,70,70,70,66,66,66,66,66,66,66,66,66,66,66,66,66,66,66],"relic_stats":{"Blood Vial":26,"counters":[23,189],"CeramicFish":189,"Astrolabe":["Outmaneuver","Dagger Spray","Escape Plan"],"Blue Candle":[1],"PreservedInsect":0,"HandDrill":[16],"Kunai":[14],"War Paint":["Defend_G","Backflip"],"obtain_stats":[{"Calipers":43,"CeramicFish":9,"Astrolabe":17,"Blue Candle":46,"Vajra":11,"PreservedInsect":37,"Omamori":41,"War Paint":23,"Sling":2,"Akabeko":25,"Blood Vial":22,"DollysMirror":46,"Philosopher\u0027s Stone":34,"HandDrill":37,"Kunai":27,"Toy Ornithopter":26,"Ring of the Snake":0},{"Calipers":21,"CeramicFish":5,"Astrolabe":8,"Blue Candle":22,"Vajra":6,"PreservedInsect":19,"Omamori":20,"War Paint":11,"Sling":1,"Akabeko":12,"Blood Vial":10,"DollysMirror":22,"Philosopher\u0027s Stone":18,"HandDrill":19,"Kunai":13,"Toy Ornithopter":12,"Ring of the Snake":0},{"Calipers":159,"CeramicFish":36,"Astrolabe":61,"Blue Candle":169,"Vajra":41,"PreservedInsect":149,"Omamori":154,"War Paint":88,"Sling":5,"Akabeko":94,"Blood Vial":77,"DollysMirror":169,"Philosopher\u0027s Stone":143,"HandDrill":149,"Kunai":104,"Toy Ornithopter":94,"Ring of the Snake":0}],"Toy Ornithopter":48,"Ring of the Snake":[46]},"card_choices":[{"not_picked":["Outmaneuver","Dagger Throw"],"picked":"Calculated Gamble","floor":1.0},{"not_picked":["Slice","Quick Slash"],"picked":"Blur","floor":3.0},{"not_picked":["Outmaneuver","Concentrate"],"picked":"Backflip","floor":5.0},{"not_picked":["Expertise","Underhanded Strike"],"picked":"Slice","floor":7.0},{"not_picked":["Acrobatics","Blade Dance"],"picked":"Envenom","floor":8.0},{"not_picked":["Choke","Slice","Blade Dance"],"picked":"SKIP","floor":11.0},{"not_picked":["Masterful Stab","Outmaneuver"],"picked":"Footwork","floor":14.0},{"not_picked":["Malaise","Die Die Die"],"picked":"Venomology","floor":16.0},{"not_picked":["Slice","Quick Slash","Blade Dance"],"picked":"SKIP","floor":18.0},{"not_picked":["Slice","Flying Knee"],"picked":"PiercingWail+1","floor":19.0},{"not_picked":["Blade Dance","Outmaneuver+1"],"picked":"Crippling Poison","floor":23.0},{"not_picked":["Dagger Spray","Backflip","Slice+1"],"picked":"SKIP","floor":25.0},{"not_picked":["Unload","Dagger Throw"],"picked":"Poisoned Stab","floor":27.0},{"not_picked":["Outmaneuver","Dodge and Roll"],"picked":"Bane","floor":28.0},{"not_picked":["Dagger Spray","Crippling Poison"],"picked":"Leg Sweep","floor":29.0},{"not_picked":["Distraction","Flying Knee"],"picked":"Escape Plan","floor":30.0},{"not_picked":["Caltrops","Flying Knee","Acrobatics"],"picked":"SKIP","floor":31.0},{"not_picked":["Unload","Glass Knife"],"picked":"Adrenaline","floor":33.0},{"not_picked":["Tactician+1","Flechettes"],"picked":"Backflip","floor":35.0},{"not_picked":["Riddle With Holes","Calculated Gamble","Concentrate"],"picked":"SKIP","floor":39},{"not_picked":["Dagger Spray","Flying Knee","Tactician"],"picked":"SKIP","floor":42},{"not_picked":["Calculated Gamble","Prepared","PiercingWail"],"picked":"SKIP","floor":44},{"not_picked":["Blind","Madness"],"picked":"Violence","floor":48}],"player_experience":471452,"relics_obtained":[{"floor":9.0,"key":"CeramicFish"},{"floor":11.0,"key":"Vajra"},{"floor":23.0,"key":"War Paint"},{"floor":25.0,"key":"Akabeko"},{"floor":26.0,"key":"Toy Ornithopter"},{"floor":27.0,"key":"Kunai"},{"floor":43,"key":"Calipers"}],"event_choices":[{"damage_healed":0.0,"max_hp_gain":0.0,"max_hp_loss":0.0,"gold_gain":0.0,"event_name":"Shining Light","player_choice":"Entered Light","floor":4.0,"gold_loss":0.0,"damage_taken":14.0,"cards_upgraded":["Defend_G","Blur"]},{"damage_healed":0.0,"max_hp_gain":0.0,"max_hp_loss":0.0,"gold_gain":0.0,"event_name":"Lab","player_choice":"Got Potions","floor":13.0,"gold_loss":0.0,"damage_taken":0.0},{"damage_healed":0.0,"max_hp_gain":0.0,"max_hp_loss":0.0,"gold_gain":0.0,"event_name":"Cursed Tome","player_choice":"Ignored","floor":20.0,"gold_loss":0.0,"damage_taken":0.0},{"damage_healed":0.0,"max_hp_gain":0.0,"max_hp_loss":0.0,"gold_gain":0.0,"event_name":"Designer","player_choice":"Upgrade","floor":21.0,"gold_loss":40.0,"damage_taken":0.0,"cards_upgraded":["Envenom"]},{"damage_healed":0.0,"max_hp_gain":0.0,"max_hp_loss":4.0,"gold_gain":0.0,"event_name":"Winding Halls","player_choice":"Max HP","floor":36.0,"gold_loss":0.0,"damage_taken":0.0},{"damage_healed":0.0,"max_hp_gain":0.0,"max_hp_loss":0.0,"gold_gain":999.0,"event_name":"MindBloom","player_choice":"Gold","floor":38.0,"gold_loss":0.0,"damage_taken":0.0,"cards_obtained":["Normality","Normality"]},{"damage_healed":0,"gold_gain":0,"player_choice":"Memory 1","damage_taken":0,"max_hp_gain":0,"max_hp_loss":0,"event_name":"SensoryStone","floor":48,"gold_loss":0}],"is_beta":false,"boss_relics":[{"not_picked":["Tiny House","Black Star"],"picked":"Astrolabe"},{"not_picked":["Cursed Key","Coffee Dripper"],"picked":"Philosopher\u0027s Stone"}],"items_purged_floors":[2,37,41,46],"is_endless":false,"potions_floor_spawned":[3,5,11,16,23,27,30,31,44],"ascension_level":12}}