{"host":"fne7yx97fnz7kq05","time":1609104692,"event":{"mods":["BaseMod","Colored Map","Colored Powertips","Highlight Path","Minty Spire (QoL Compilation)","Relic Stats"],"gold_per_floor":[114,114,132,152,117,148,148,148,148],"floor_reached":8,"playtime":475,"items_purged":[],"score":109,"play_id":"e99cf01e-fcfe-42c0-b9d5-f3999bc51582","local_time":"20201227153132","is_ascension_mode":true,"campfire_choices":[{"data":"Dagger Spray","floor":7,"key":"SMITH"}],"circlet_count":0,"master_deck":["AscendersBane","Strike_G","Strike_G","Strike_G","Strike_G","Strike_G","Defend_G","Defend_G","Defend_G","Defend_G","Defend_G","Survivor","Neutralize","Poisoned Stab","Well Laid Plans","Dagger Spray+1","Deadly Poison"],"relics":["Ring of the Snake","The Courier"],"acts_visited":["Exordium"],"potions_floor_usage":[6,6,6,6],"damage_taken":[{"damage":24,"enemies":"Jaw Worm","floor":1,"turns":9},{"damage":0,"enemies":"2 Louse","floor":3,"turns":3},{"damage":1,"enemies":"Small Slimes","floor":4,"turns":5},{"damage":14,"enemies":"Gremlin Nob","floor":6,"turns":4},{"damage":43,"enemies":"Lagavulin","floor":8,"turns":7}],"seed_played":"4036310985199281843","potions_obtained":[{"floor":0,"key":"EntropicBrew"},{"floor":0,"key":"CultistPotion"}],"is_trial":false,"path_per_floor":["M","?","M","M","?","E","R","E"],"character_chosen":"THE_SILENT","items_purchased":[],"campfire_rested":0,"item_purchase_floors":[],"current_hp_per_floor":[35,35,35,34,50,36,36,0,0],"gold":148,"neow_bonus":"THREE_SMALL_POTIONS","is_daily":false,"chose_seed":false,"campfire_upgraded":1,"win_rate":0.0,"timestamp":1609104692,"path_taken":["M","?","M","M","?","E","R","E"],"items_purchased_type":[],"build_version":"2020-12-22","purchased_purges":0,"victory":false,"max_hp_per_floor":[66,66,66,66,66,66,66,66,66],"relic_stats":{"counters":[5,28],"obtain_stats":[{"The Courier":6,"Ring of the Snake":0},{"The Courier":4,"Ring of the Snake":0},{"The Courier":21,"Ring of the Snake":0}],"Ring of the Snake":[10]},"card_choices":[{"not_picked":["Bane","Backflip"],"picked":"Poisoned Stab","floor":1},{"not_picked":["Backflip","PiercingWail"],"picked":"Well Laid Plans","floor":3},{"not_picked":["Caltrops","Underhanded Strike"],"picked":"Dagger Spray","floor":4},{"not_picked":["Blur","Setup"],"picked":"Deadly Poison","floor":6}],"player_experience":251851,"relics_obtained":[{"floor":6,"key":"The Courier"}],"event_choices":[{"damage_healed":0,"gold_gain":0,"player_choice":"Ignored","damage_taken":0,"max_hp_gain":0,"max_hp_loss":0,"event_name":"Shining Light","floor":2,"gold_loss":0},{"damage_healed":16,"gold_gain":0,"player_choice":"Healed","damage_taken":0,"max_hp_gain":0,"max_hp_loss":0,"event_name":"The Cleric","floor":5,"gold_loss":35}],"is_beta":false,"boss_relics":[],"items_purged_floors":[],"is_endless":false,"potions_floor_spawned":[3],"killed_by":"Lagavulin","ascension_level":19}}