{"host":"4lebci84u2l5u89t","time":1609038806,"event":{"mods":["AchievementEnabler","Aspiration","Bard","BaseMod","Beaked The Cultist","Better Altar","Better Match","Better Note","Better Sensory Stone","Better Skull","Better Third Choice","BetterRewards","CCEM","Colored Map","Conspire","GifTheSpireLib","Googly Eyes","Halation","Hermit","Highlight Path","Hubris","Jedi Mod","Jorbs\u0027s Wanderer Trilogy","Lobotomy","LobotomyExtend","Mad Scientist","Marisa????????","Mimic Mod","Minty Spire (QoL Compilation)","Permanent Neow","Replay The Spire","Shade Mod","Spicy Shops","StSLib","Stuff the Spire","The Administrix","The Mystic","Unceasing Turn Reminder"],"gold_per_floor":[117,130,147,157,157,187,201,45,124,124,124,143,143,153,153,248,248,265,265,265],"floor_reached":19,"playtime":977,"items_purged":[],"score":246,"play_id":"34901413-ec22-4257-93f8-f9ce819c3494","local_time":"20201227041326","is_ascension_mode":false,"campfire_choices":[{"floor":10,"key":"REST"},{"floor":15,"key":"REST"}],"circlet_count":0,"master_deck":["SpecialBullet","SpecialBullet","SpecialBullet","SpecialBullet","SpecialBullet","SpecialBullet","SpecialBullet","InformationCode","SecurityCode","TrainingCode","Harvest","Ecstasy+1","OSAHOGD","Logging","SwordSharpenedByTears","DaCapo+1","MagicBullet","Wellcheers","TheSmile","Scarecrow","Porccubus","BloodyDesire+1"],"relics":["CogitoBucket","LetterFromLob","CCEMRelics:Sandal","SkinProphecy","Replay:Baseball","Fusion Hammer"],"acts_visited":["Exordium","TheCity"],"potions_floor_usage":[19],"damage_taken":[{"damage":11,"enemies":"Jaw Worm","floor":1,"turns":2},{"damage":0,"enemies":"Small Slimes","floor":2,"turns":2},{"damage":6,"enemies":"Cultist","floor":3,"turns":3},{"damage":12,"enemies":"2 Fungi Beasts","floor":4,"turns":3},{"damage":12,"enemies":"Gremlin Nob","floor":6,"turns":4},{"damage":60,"enemies":"Exordium Wildlife","floor":7,"turns":9},{"damage":8,"enemies":"Gremlin Gang","floor":12,"turns":4},{"damage":11,"enemies":"Lots of Slimes","floor":14,"turns":2},{"damage":0,"enemies":"Slime Boss","floor":16,"turns":5},{"damage":10,"enemies":"Chosen","floor":18,"turns":3},{"damage":82,"enemies":"2 Thieves","floor":19,"turns":4}],"seed_played":"6623206366597961290","potions_obtained":[{"floor":12,"key":"SpeedPotion"},{"floor":14,"key":"Weak Potion"},{"floor":16,"key":"SpeedPotion"}],"is_trial":false,"path_per_floor":["M","M","M","M","?","E","M","$","T","R","?","M","?","M","R","B",null,"M","M"],"character_chosen":"Angela","items_purchased":["Replay:Baseball"],"campfire_rested":2,"item_purchase_floors":[8],"current_hp_per_floor":[67,70,70,66,66,62,10,10,10,31,31,27,27,24,47,58,84,82,0,0],"gold":265,"neow_bonus":"TRANSFORM_CARD","is_daily":false,"chose_seed":false,"campfire_upgraded":0,"win_rate":0.0,"timestamp":1609038806,"path_taken":["M","M","M","M","?","E","M","$","T","R","?","M","?","M","R","BOSS","M","?"],"items_purchased_type":["Relic"],"build_version":"2020-12-22","purchased_purges":0,"victory":false,"max_hp_per_floor":[70,70,70,70,70,70,70,70,70,70,70,72,72,78,78,84,84,90,94,94],"card_choices":[{"not_picked":["SomewhereSpear"],"picked":"Ecstasy","floor":1},{"not_picked":["BeautyBeast","Scorched"],"picked":"OSAHOGD","floor":1},{"not_picked":["Penitence","Regret_ego"],"picked":"SKIP","floor":2},{"not_picked":["Moonlight"],"picked":"Logging","floor":3},{"not_picked":["Tough"],"picked":"Christmas","floor":4},{"not_picked":["InTheNameOfLoveAndHate"],"picked":"SwordSharpenedByTears","floor":6},{"not_picked":["Christmas"],"picked":"DaCapo","floor":7},{"not_picked":["Penitence"],"picked":"MagicBullet","floor":12},{"not_picked":["NakedNest","MeltingLove"],"picked":"Wellcheers","floor":14},{"not_picked":["Galaxy","Harvest"],"picked":"SKIP","floor":14},{"not_picked":["Pinks"],"picked":"TheSmile","floor":16},{"not_picked":["WhitesApple","SnowQueen"],"picked":"Scarecrow","floor":16},{"not_picked":["Murderer","SilentOrchestra"],"picked":"Porccubus","floor":18},{"not_picked":["Loneliness+1"],"picked":"BloodyDesire+1","floor":18}],"player_experience":248396,"relics_obtained":[{"floor":1,"key":"LetterFromLob"},{"floor":6,"key":"CCEMRelics:Sandal"}],"event_choices":[{"damage_healed":0,"gold_gain":0,"player_choice":"Grow","damage_taken":0,"max_hp_gain":0,"max_hp_loss":0,"event_name":"Living Wall","floor":11,"gold_loss":0,"cards_upgraded":["DaCapo"]},{"cards_removed":["Christmas"],"damage_healed":0,"gold_gain":0,"player_choice":"Purged","damage_taken":0,"max_hp_gain":0,"max_hp_loss":0,"event_name":"Purifier","floor":13,"gold_loss":0}],"is_beta":false,"boss_relics":[{"not_picked":["ReplayTheSpireMod:DimensionalGlitch","jedi:paperlyon"],"picked":"Fusion Hammer"}],"items_purged_floors":[],"is_endless":false,"potions_floor_spawned":[12,14,16],"killed_by":"2 Thieves","ascension_level":0}}