{"host":"nqllw3bmurg6dhm8","time":1609084340,"event":{"mods":["Act Like it!","BaseMod","Conspire","Gensokyo","Hallownest","Hubris","Infinite Spire","Jorbs\u0027s Wanderer Trilogy","Minty Spire (QoL Compilation)","Replay The Spire","StSLib","The Animator","Wandering Minibosses"],"gold_per_floor":[117,133,150,150,150,183,183,208,231,247,247,279,298,318,318,417,417,431,442,457,457,475,509,509,542,542,542,553,584,584,584,584,584,584],"floor_reached":33,"playtime":1880,"items_purged":[],"score":410,"play_id":"613f113c-7960-40ce-9139-8d0c71929055","local_time":"20201227155220","daily_mods":["Heirloom"],"is_ascension_mode":true,"campfire_choices":[{"data":"Pommel Strike","floor":7,"key":"SMITH"},{"data":"Perfected Strike","floor":11,"key":"SMITH"},{"data":"Defend_R","floor":15,"key":"PURGE"},{"data":"Barricade","floor":24,"key":"SMITH"},{"data":"Entrench","floor":30,"key":"SMITH"},{"floor":32,"key":"DIG"}],"circlet_count":0,"master_deck":["Strike_R","Strike_R","Strike_R","Strike_R","Strike_R","Defend_R","Defend_R","Bash","Pommel Strike+1","Perfected Strike+1","Cleave","Wild Strike","Shrug It Off","Shockwave","Twin Strike","Flame Barrier","Barricade+1","Power Through","Entrench+1","Ghostly Armor","ReplayTheSpireMod:Limb From Limb+1"],"relics":["Burning Blood","infinitespire:Golems Mask","hubris:Towel","Bag of Marbles","Kunai","Ancient Tea Set","Replay:Ringing Soul","hubris:TerracottaHorce","Anchor","Replay:Baseball","Art of War","Gensokyo:RedStar","White Beast Statue","Gensokyo:ChorusOfJoy","Potion Belt"],"acts_visited":["Exordium","Exordium"],"potions_floor_usage":[6,8,12,23,25,29],"damage_taken":[{"damage":6,"enemies":"Cultist","floor":1,"turns":3},{"damage":4,"enemies":"Jaw Worm","floor":2,"turns":3},{"damage":0,"enemies":"2 Louse","floor":3,"turns":2},{"damage":25,"enemies":"3 Sentries","floor":6,"turns":6},{"damage":21,"enemies":"Lagavulin","floor":8,"turns":5},{"damage":6,"enemies":"Looter","floor":10,"turns":2},{"damage":1,"enemies":"3 Sentries","floor":12,"turns":4},{"damage":6,"enemies":"Red Slaver","floor":13,"turns":4},{"damage":7,"enemies":"Exordium Wildlife","floor":14,"turns":3},{"damage":38,"enemies":"The Guardian","floor":16,"turns":7},{"damage":3,"enemies":"Gensokyo:CosmicMonolith","floor":18,"turns":4},{"damage":13,"enemies":"Gensokyo:3_Dogs","floor":19,"turns":4},{"damage":16,"enemies":"Gensokyo:Wraith","floor":20,"turns":6},{"damage":15,"enemies":"Gensokyo:Monolith_and_Dog","floor":22,"turns":5},{"damage":35,"enemies":"Gensokyo:Koishi","floor":23,"turns":7},{"damage":0,"enemies":"Gensokyo:Reisen","floor":25,"turns":3},{"damage":0,"enemies":"Gensokyo:Swordslinger","floor":28,"turns":2},{"damage":12,"enemies":"Nightmare","floor":29,"turns":8},{"damage":55,"enemies":"Gensokyo:Eternal_Rivals","floor":33,"turns":3}],"seed_played":"8979697384300912934","potions_obtained":[{"floor":2,"key":"Adrenaline Potion"},{"floor":3,"key":"ColorlessPotion"},{"floor":8,"key":"PowerPotion"},{"floor":18,"key":"Explosive Potion"},{"floor":20,"key":"FearPotion"},{"floor":22,"key":"Regen Potion"},{"floor":29,"key":"EssenceOfSteel"}],"is_trial":true,"path_per_floor":["M","M","M","?","?","E","R","E","T","M","R","E","M","M","R","B",null,"M","M","M","?","M","E","R","E","T","?","M","NM","R","?","R","B"],"character_chosen":"IRONCLAD","items_purchased":[],"campfire_rested":0,"item_purchase_floors":[],"current_hp_per_floor":[80,80,80,80,80,61,61,46,46,46,46,54,57,59,59,30,77,83,79,72,72,63,52,52,58,58,58,64,58,58,58,58,0,0],"gold":584,"neow_bonus":"","is_daily":false,"chose_seed":false,"campfire_upgraded":4,"win_rate":0.0,"timestamp":1609084340,"path_taken":["M","M","?","?","?","E","R","E","T","M","R","E","M","M","R","BOSS","M","M","M","?","?","E","R","E","T","?","M","NM","R","?","R","BOSS"],"items_purchased_type":[],"build_version":"2020-12-22","purchased_purges":0,"victory":false,"max_hp_per_floor":[80,80,80,80,80,80,80,80,80,80,80,83,86,89,89,92,92,95,98,101,101,101,104,104,104,104,104,104,104,104,104,104,52,52],"card_choices":[{"not_picked":["ReplayTheSpireMod:Limb From Limb","Twin Strike"],"picked":"Pommel Strike","floor":1},{"not_picked":["Havoc","Headbutt"],"picked":"Perfected Strike","floor":2},{"not_picked":["Sentinel","ReplayTheSpireMod:Strike From Hell","Abandon"],"picked":"SKIP","floor":3},{"not_picked":["Burning Pact","Rupture"],"picked":"Cleave","floor":6},{"not_picked":["Exhume","Disarm"],"picked":"Wild Strike","floor":8},{"not_picked":["Defy Death","Anger"],"picked":"Shrug It Off","floor":10},{"not_picked":["Life Link","Burning Pact"],"picked":"Shockwave","floor":12},{"not_picked":["Fire Breathing","Warcry"],"picked":"Twin Strike","floor":13},{"not_picked":["Second Wind","Clothesline"],"picked":"Flame Barrier","floor":14},{"not_picked":["Offering","Fiend Fire"],"picked":"Barricade","floor":16},{"not_picked":["Headbutt","conspire:Purge"],"picked":"Power Through","floor":18},{"not_picked":["Dual Wield","Metallicize"],"picked":"Entrench","floor":19},{"not_picked":["Headbutt","ReplayTheSpireMod:LeadingStrike"],"picked":"Ghostly Armor","floor":20},{"not_picked":["Exhume","True Grit","Life Link"],"picked":"SKIP","floor":22},{"not_picked":["Fire Breathing+1","Flex"],"picked":"ReplayTheSpireMod:Limb From Limb+1","floor":23},{"not_picked":["Wild Strike","Clothesline","ReplayReversal"],"picked":"SKIP","floor":25},{"not_picked":["Heavy Blade","Dark Embrace","Replay:Undeath\u0027s Touch"],"picked":"SKIP","floor":28},{"not_picked":["Heavy Blade","Headbutt+1","Combust+1"],"picked":"SKIP","floor":29},{"not_picked":["Heavy Blade","Headbutt+1","Combust+1"],"picked":"SKIP","floor":29}],"player_experience":1214467,"relics_obtained":[{"floor":6,"key":"Bag of Marbles"},{"floor":8,"key":"Kunai"},{"floor":9,"key":"Ancient Tea Set"},{"floor":12,"key":"Replay:Ringing Soul"},{"floor":23,"key":"Anchor"},{"floor":25,"key":"Replay:Baseball"},{"floor":26,"key":"Art of War"},{"floor":29,"key":"White Beast Statue"},{"floor":32,"key":"Potion Belt"}],"event_choices":[{"damage_healed":0,"gold_gain":0,"player_choice":"Leave","damage_taken":0,"max_hp_gain":0,"max_hp_loss":0,"event_name":"conspire:Investor","floor":5,"gold_loss":0}],"is_beta":false,"boss_relics":[{"not_picked":["Ectoplasm","Replay:Bronze Core"],"picked":"hubris:TerracottaHorce"}],"items_purged_floors":[],"is_endless":true,"potions_floor_spawned":[2,3,8,18,20,22,29],"killed_by":"Gensokyo:Eternal_Rivals","ascension_level":4}}