{"host":"r53pw7z744tg3fxg","time":1609030373,"event":{"mods":["AchievementEnabler","BaseMod","Colored Map","Colored Powertips","Highlight Path","Minty Spire (QoL Compilation)","Quick Restart","Transform Curses"],"gold_per_floor":[117,117,134,134,151,179,179,199,199,227,227,246,246,271,271,366,366,383,399,414,430,67,67,67,100,125,62,94,94,107,207,207,311,311,329,329,343,116,131,131,145,145,145,145,171,187,198,212,212,212],"floor_reached":51,"playtime":3635,"items_purged":[],"score":1160,"play_id":"d0ec8bb0-050f-43b3-a319-b0f6c9cdea08","local_time":"20201226175253","is_ascension_mode":true,"campfire_choices":[{"floor":7.0,"key":"REST"},{"floor":15.0,"key":"REST"},{"floor":23.0,"key":"REST"},{"floor":29.0,"key":"REST"},{"floor":32.0,"key":"REST"},{"floor":40.0,"key":"REST"},{"data":"ForeignInfluence","floor":42.0,"key":"SMITH"},{"data":"Judgement","floor":44.0,"key":"SMITH"},{"floor":49,"key":"REST"}],"circlet_count":0,"master_deck":["Strike_P","Strike_P","Strike_P","Strike_P","Defend_P","Defend_P","Defend_P","Defend_P+1","Eruption+1","Vigilance+1","Wallop","ForeignInfluence+1","CutThroughFate","PathToVictory","Consecrate","ClearTheMind","ReachHeaven","BowlingBash","Judgement+1","WindmillStrike+1","Nirvana+1","EmptyMind","Evaluate","MasterReality","LessonLearned","WreathOfFlame","Protect","DeusExMachina","Worship+1","SandsOfTime","Adaptation+1","Perseverance","Fasting2"],"relics":["PureWater","Bag of Preparation","HornCleat","Dead Branch","Yang","Pear","Snecko Eye","Omamori","MutagenicStrength","Bottled Flame","War Paint","Bag of Marbles","Blue Candle","Mango","Mummified Hand","VioletLotus","Art of War","Centennial Puzzle","Orichalcum"],"acts_visited":["Exordium","TheCity","TheBeyond"],"potions_floor_usage":[47,47,48,48,50],"damage_taken":[{"damage":0.0,"enemies":"Small Slimes","floor":1.0,"turns":5.0},{"damage":0.0,"enemies":"Cultist","floor":3.0,"turns":2.0},{"damage":0.0,"enemies":"Jaw Worm","floor":5.0,"turns":3.0},{"damage":19.0,"enemies":"3 Sentries","floor":6.0,"turns":12.0},{"damage":17.0,"enemies":"Large Slime","floor":8.0,"turns":6.0},{"damage":12.0,"enemies":"Gremlin Nob","floor":10.0,"turns":4.0},{"damage":6.0,"enemies":"Exordium Thugs","floor":12.0,"turns":4.0},{"damage":0.0,"enemies":"Lagavulin","floor":14.0,"turns":1.0},{"damage":13.0,"enemies":"The Guardian","floor":16.0,"turns":9.0},{"damage":8.0,"enemies":"Shell Parasite","floor":18.0,"turns":5.0},{"damage":0.0,"enemies":"2 Thieves","floor":19.0,"turns":3.0},{"damage":14.0,"enemies":"3 Cultists","floor":20.0,"turns":5.0},{"damage":12.0,"enemies":"Snake Plant","floor":21.0,"turns":3.0},{"damage":22.0,"enemies":"Gremlin Leader","floor":25.0,"turns":8.0},{"damage":18.0,"enemies":"Book of Stabbing","floor":28.0,"turns":6.0},{"damage":10.0,"enemies":"Snecko","floor":30.0,"turns":5.0},{"damage":1.0,"enemies":"Colosseum Slavers","floor":31.0,"turns":4.0},{"damage":23.0,"enemies":"Colosseum Nobs","floor":31.0,"turns":6.0},{"damage":57.0,"enemies":"Champ","floor":33.0,"turns":10.0},{"damage":10.0,"enemies":"3 Shapes","floor":35.0,"turns":6.0},{"damage":2.0,"enemies":"3 Darklings","floor":37.0,"turns":3.0},{"damage":14.0,"enemies":"Writhing Mass","floor":39.0,"turns":5.0},{"damage":3.0,"enemies":"4 Shapes","floor":41.0,"turns":7.0},{"damage":12.0,"enemies":"Reptomancer","floor":45.0,"turns":4.0},{"damage":20.0,"enemies":"Spire Growth","floor":46.0,"turns":6.0},{"damage":0,"enemies":"Sphere and 2 Shapes","floor":47,"turns":3},{"damage":26,"enemies":"Transient","floor":48,"turns":5},{"damage":54,"enemies":"Time Eater","floor":50,"turns":10}],"seed_played":"8180811498344548625","potions_obtained":[{"floor":3.0,"key":"PowerPotion"},{"floor":5.0,"key":"Block Potion"},{"floor":12.0,"key":"SteroidPotion"},{"floor":19.0,"key":"LiquidMemories"},{"floor":20.0,"key":"SpeedPotion"},{"floor":25.0,"key":"SpeedPotion"},{"floor":31.0,"key":"Strength Potion"},{"floor":35.0,"key":"PowerPotion"},{"floor":41.0,"key":"Regen Potion"},{"floor":45.0,"key":"EntropicBrew"},{"floor":46.0,"key":"ColorlessPotion"},{"floor":48,"key":"SmokeBomb"}],"is_trial":false,"path_per_floor":["M","?","M","?","M","E","R","M","T","E","?","M","?","E","R","B",null,"M","M","M","M","$","R","?","E","T","?","E","R","M","?","R","B",null,"M","?","M","$","M","R","M","R","T","R","E","M","M","M","R","B",null],"character_chosen":"WATCHER","items_purchased":["Omamori","MasterReality","Regen Potion","SandsOfTime","Art of War"],"campfire_rested":7,"item_purchase_floors":[22,22,22,38,38],"current_hp_per_floor":[65,65,65,65,65,46,67,50,50,38,26,20,20,30,54,41,72,64,64,50,38,38,62,62,55,55,55,37,61,51,41,69,12,75,65,65,63,63,49,77,74,74,74,74,74,54,54,28,56,2],"gold":212,"neow_bonus":"THREE_CARDS","is_daily":false,"chose_seed":false,"campfire_upgraded":2,"win_rate":0.0,"timestamp":1609030373,"path_taken":["M","?","M","?","M","E","R","M","T","E","?","M","?","E","R","BOSS","M","M","?","M","$","R","?","E","T","?","E","R","?","?","R","BOSS","M","?","M","$","M","R","M","R","T","R","E","M","M","M","R","BOSS"],"items_purchased_type":["Relic","Card","Potion","Card","Relic"],"build_version":"2020-12-22","purchased_purges":0,"victory":true,"max_hp_per_floor":[72,72,72,72,72,72,72,72,72,72,72,72,72,82,82,82,82,82,82,82,82,82,82,82,82,82,82,82,82,82,96,96,96,96,96,96,96,96,96,96,96,96,96,96,96,96,96,96,96,96],"card_choices":[{"not_picked":["EmptyFist","FlyingSleeves"],"picked":"Wallop","floor":0.0},{"not_picked":["FlyingSleeves","Fasting2"],"picked":"ForeignInfluence","floor":1.0},{"not_picked":["Meditate","MentalFortress"],"picked":"CutThroughFate","floor":3.0},{"not_picked":["Halt","CutThroughFate"],"picked":"PathToVictory","floor":5.0},{"not_picked":["Nirvana","CutThroughFate"],"picked":"Consecrate","floor":6.0},{"not_picked":["ForeignInfluence","Worship","Ragnarok"],"picked":"SKIP","floor":8.0},{"not_picked":["ForeignInfluence","Sanctity"],"picked":"ClearTheMind","floor":10.0},{"not_picked":["SashWhip","PathToVictory"],"picked":"ReachHeaven","floor":12.0},{"not_picked":["CutThroughFate","Pray"],"picked":"BowlingBash","floor":14.0},{"not_picked":["DeusExMachina","Omniscience"],"picked":"Judgement","floor":16.0},{"not_picked":["JustLucky","Consecrate"],"picked":"WindmillStrike","floor":18.0},{"not_picked":["BowlingBash","WindmillStrike"],"picked":"Nirvana+1","floor":19.0},{"not_picked":["Indignation","Vengeance"],"picked":"EmptyMind","floor":20.0},{"not_picked":["Halt","PathToVictory"],"picked":"Evaluate","floor":21.0},{"not_picked":["Prostrate","CarveReality+1"],"picked":"LessonLearned","floor":25.0},{"not_picked":["JustLucky","CrushJoints"],"picked":"WreathOfFlame","floor":28.0},{"not_picked":["Evaluate","BowlingBash","CutThroughFate"],"picked":"SKIP","floor":30.0},{"not_picked":["Wireheading","Evaluate"],"picked":"Protect","floor":31.0},{"not_picked":["Blasphemy","MasterReality"],"picked":"DeusExMachina","floor":33.0},{"not_picked":["BattleHymn","Prostrate","ClearTheMind"],"picked":"SKIP","floor":35.0},{"not_picked":["EmptyMind","ThirdEye+1"],"picked":"Worship","floor":37.0},{"not_picked":["FlurryOfBlows+1","FlyingSleeves","CrushJoints"],"picked":"SKIP","floor":39.0},{"not_picked":["Crescendo","BowlingBash+1"],"picked":"Adaptation+1","floor":41.0},{"not_picked":["Nirvana+1","BowlingBash"],"picked":"Perseverance","floor":45.0},{"not_picked":["PathToVictory","ClearTheMind+1"],"picked":"Fasting2","floor":46.0},{"not_picked":["Halt","Prostrate+1","ReachHeaven+1"],"picked":"SKIP","floor":47},{"not_picked":["Nirvana+1","Wireheading+1","WaveOfTheHand"],"picked":"SKIP","floor":48}],"player_experience":1154761,"relics_obtained":[{"floor":6.0,"key":"Bag of Preparation"},{"floor":9.0,"key":"HornCleat"},{"floor":10.0,"key":"Dead Branch"},{"floor":14.0,"key":"Pear"},{"floor":25.0,"key":"Bottled Flame"},{"floor":26.0,"key":"War Paint"},{"floor":28.0,"key":"Blue Candle"},{"floor":31.0,"key":"Mango"},{"floor":31.0,"key":"Mummified Hand"},{"floor":43.0,"key":"Centennial Puzzle"},{"floor":45.0,"key":"Orichalcum"}],"event_choices":[{"damage_healed":0.0,"max_hp_gain":0.0,"max_hp_loss":0.0,"gold_gain":0.0,"event_name":"Liars Game","player_choice":"Ignored","floor":2.0,"gold_loss":0.0,"damage_taken":0.0},{"damage_healed":0.0,"max_hp_gain":0.0,"max_hp_loss":0.0,"gold_gain":0.0,"event_name":"Golden Wing","player_choice":"Ignored","floor":4.0,"gold_loss":0.0,"damage_taken":0.0},{"damage_healed":0.0,"max_hp_gain":0.0,"max_hp_loss":0.0,"gold_gain":0.0,"event_name":"Scrap Ooze","player_choice":"Success","floor":11.0,"gold_loss":0.0,"damage_taken":12.0,"relics_obtained":["Yang"]},{"damage_healed":0.0,"max_hp_gain":0.0,"max_hp_loss":0.0,"gold_gain":0.0,"event_name":"Accursed Blacksmith","player_choice":"Forge","floor":13.0,"gold_loss":0.0,"damage_taken":0.0,"cards_upgraded":["Eruption"]},{"damage_healed":0.0,"max_hp_gain":0.0,"max_hp_loss":0.0,"gold_gain":0.0,"event_name":"Drug Dealer","player_choice":"Inject Mutagens","floor":24.0,"gold_loss":0.0,"damage_taken":0.0,"relics_obtained":["MutagenicStrength"]},{"damage_healed":0.0,"max_hp_gain":0.0,"max_hp_loss":0.0,"gold_gain":0.0,"event_name":"WeMeetAgain","player_choice":"Paid Gold","floor":27.0,"gold_loss":63.0,"damage_taken":0.0,"relics_obtained":["Bag of Marbles"]},{"damage_healed":0.0,"max_hp_gain":0.0,"max_hp_loss":0.0,"gold_gain":0.0,"event_name":"Colosseum","player_choice":"Fight","floor":31.0,"gold_loss":0.0,"damage_taken":0.0},{"damage_healed":0.0,"max_hp_gain":0.0,"max_hp_loss":0.0,"gold_gain":0.0,"event_name":"Colosseum","player_choice":"Fought Nobs","floor":31.0,"gold_loss":0.0,"damage_taken":0.0},{"damage_healed":0.0,"max_hp_gain":0.0,"max_hp_loss":0.0,"gold_gain":0.0,"event_name":"Tomb of Lord Red Mask","player_choice":"Ignored","floor":36.0,"gold_loss":0.0,"damage_taken":0.0}],"is_beta":false,"boss_relics":[{"not_picked":["Cursed Key","Tiny House"],"picked":"Snecko Eye"},{"not_picked":["Empty Cage","Coffee Dripper"],"picked":"VioletLotus"}],"items_purged_floors":[],"is_endless":false,"potions_floor_spawned":[3,5,12,19,20,25,31,31,35,41,45,46,48],"ascension_level":9}}