{"host":"2461dio7vetlq1z3","time":1609086039,"event":{"mods":["2.2 Compatiblity","AchievementEnabler","Aspiration","BaseMod","Better Third Choice","Friendly Minions","Hermit","Minty Spire (QoL Compilation)","Relic Stats","Spicy Shops","StSLib","The Animator","Waifu the Spire"],"gold_per_floor":[116,131,143,143,31,31,65,77,113,170,182,205,217,304,316,440,452,484,507,519,563,595,607,115,157,157,157,177,203,203,203,203,302,302,318,318,337,387,387,422,422,451,451,49,49,67,67,87,87,87],"floor_reached":51,"playtime":3875,"items_purged":["animator:Strike","animator:Strike","Clumsy"],"score":1221,"play_id":"a1396364-b2fe-4504-975c-d4301634e29e","local_time":"20201227172039","is_ascension_mode":true,"campfire_choices":[{"data":"animator:AcuraTooru","floor":6,"key":"SMITH"},{"data":"animator:MamiTomoe","floor":8,"key":"SMITH"},{"floor":11,"key":"REST"},{"data":"animator:Bozes","floor":13,"key":"SMITH"},{"data":"animator:MamiTomoe","floor":15,"key":"SMITH"},{"floor":23,"key":"REST"},{"data":"animator:SuzuneAmano","floor":27,"key":"SMITH"},{"data":"animator:Hitei","floor":30,"key":"SMITH"},{"data":"animator:Kyubey","floor":32,"key":"SMITH"},{"data":"animator:Togame","floor":41,"key":"SMITH"},{"floor":45,"key":"RECALL"},{"floor":47,"key":"REST"},{"data":"animator:Biyorigo","floor":49,"key":"SMITH"}],"circlet_count":0,"master_deck":["animator:Strike_MadokaMagica","animator:Defend","animator:Defend","animator:Defend","animator:IrohaTamaki","animator:YuiTsuruno","animator:AcuraTooru+1","animator:IrohaTamaki","animator:IrohaTamaki","animator:MamiTomoe+1","animator:MamiTomoe+1","animator:Bozes+1","animator:Kyubey","animator:KyokoSakura","animator:SuzuneAmano+1","animator:Kyubey+1","animator:Hitei+1","animator:Yuuichirou","animator:Togame+1","animator:KyokoSakura","animator:Togame+1","animator:MisaKurobane","animator:TakanashiRikka","animator:Mikaela","animator:OrikoMikuni","animator:Kyubey","animator:Mikaela+1","animator:Biyorigo+1"],"relics":["animator:TheMissingPiece","Black Star","aspiration:ChemicalBlood","MawBank","aspiration:HiddenCompartment","Boot","Regal Pillow","Philosopher\u0027s Stone","Sundial","Shuriken","Strawberry","Torii","Charon\u0027s Ashes","Ancient Tea Set","Nunchaku","Cursed Key","Prayer Wheel","Calipers","Bottled Flame","animator:WizardHat","aspiration:FetidBarrel","Membership Card","Ice Cream"],"acts_visited":["Exordium","TheCity","TheBeyond","TheEnding"],"potions_floor_usage":[7,10,18,21,25,29,33,38,38,48,50],"damage_taken":[{"damage":9,"enemies":"Jaw Worm","floor":1,"turns":5},{"damage":0,"enemies":"2 Louse","floor":2,"turns":4},{"damage":1,"enemies":"Cultist","floor":3,"turns":3},{"damage":15,"enemies":"Gremlin Nob","floor":7,"turns":5},{"damage":18,"enemies":"3 Sentries","floor":10,"turns":7},{"damage":8,"enemies":"Blue Slaver","floor":12,"turns":3},{"damage":10,"enemies":"Slime Boss","floor":16,"turns":9},{"damage":4,"enemies":"Chosen","floor":18,"turns":2},{"damage":0,"enemies":"Spheric Guardian","floor":19,"turns":1},{"damage":8,"enemies":"Cultist and Chosen","floor":21,"turns":4},{"damage":10,"enemies":"3 Cultists","floor":22,"turns":4},{"damage":6,"enemies":"animator:HornedBat","floor":25,"turns":4},{"damage":7,"enemies":"Snecko","floor":28,"turns":3},{"damage":15,"enemies":"Gremlin Leader","floor":29,"turns":4},{"damage":8,"enemies":"Automaton","floor":33,"turns":4},{"damage":8,"enemies":"3 Shapes","floor":35,"turns":4},{"damage":0,"enemies":"3 Darklings","floor":37,"turns":2},{"damage":2,"enemies":"Mind Bloom Boss Battle","floor":38,"turns":3},{"damage":7,"enemies":"Giant Head","floor":40,"turns":4},{"damage":1,"enemies":"Nemesis","floor":42,"turns":3},{"damage":0,"enemies":"Sphere and 2 Shapes","floor":46,"turns":1},{"damage":7,"enemies":"4 Shapes","floor":48,"turns":2},{"damage":56,"enemies":"Time Eater","floor":50,"turns":3}],"seed_played":"-236030038279288846","potions_obtained":[{"floor":1,"key":"ColorlessPotion"},{"floor":7,"key":"Explosive Potion"},{"floor":16,"key":"LiquidMemories"},{"floor":18,"key":"DuplicationPotion"},{"floor":22,"key":"Block Potion"},{"floor":25,"key":"Swift Potion"},{"floor":33,"key":"animator:FalseLifePotion"},{"floor":37,"key":"Regen Potion"},{"floor":38,"key":"EntropicBrew"},{"floor":42,"key":"Fire Potion"},{"floor":50,"key":"LiquidMemories"}],"is_trial":false,"path_per_floor":["M","M","M","?","$","R","E","R","T","E","R","M","R","?","R","B",null,"M","M","?","M","M","R","$","E","T","R","M","E","R","?","R","B",null,"M","?","M","?","?","E","R","E","T","$","R","M","R","M","R","B",null],"character_chosen":"THE_ANIMATOR","items_purchased":["animator:MamiTomoe","Shuriken","animator:Hitei","animator:Yuuichirou","Membership Card","Ice Cream"],"campfire_rested":3,"item_purchase_floors":[5,24,24,24,44,44],"current_hp_per_floor":[50,50,49,49,49,49,34,34,34,16,50,42,42,31,31,21,55,51,52,52,44,34,67,67,68,68,68,61,46,46,46,46,38,65,57,47,47,50,50,44,44,43,43,43,43,43,75,69,69,13],"gold":87,"neow_bonus":"BOSS_RELIC","is_daily":false,"chose_seed":false,"campfire_upgraded":9,"win_rate":0.0,"timestamp":1609086039,"path_taken":["M","M","M","?","$","R","E","R","T","E","R","M","R","?","R","BOSS","M","M","?","?","M","R","$","E","T","R","M","E","R","?","R","BOSS","M","?","M","?","?","E","R","E","T","$","R","M","R","M","R","BOSS"],"items_purchased_type":["Card","Relic","Card","Card","Relic","Relic"],"build_version":"2020-12-22","purchased_purges":3,"victory":true,"max_hp_per_floor":[66,66,66,66,66,66,66,66,66,66,66,66,66,66,66,66,66,66,67,67,67,67,67,67,74,74,74,74,74,74,74,74,74,74,74,74,74,74,74,75,75,75,75,75,75,75,75,76,76,76],"relic_stats":{"Regal Pillow":38,"Torii":13,"counters":[23,84],"Charon\u0027s Ashes":[366],"MawBank":204,"Boot":[166],"Cursed Key":1,"Nunchaku":[12],"Sundial":[8],"Shuriken":[42],"Prayer Wheel":2,"Black Star":6,"obtain_stats":[{"Ice Cream":44,"Regal Pillow":10,"animator:WizardHat":42,"Calipers":40,"Torii":25,"aspiration:FetidBarrel":42,"animator:TheMissingPiece":0,"Charon\u0027s Ashes":26,"MawBank":7,"aspiration:HiddenCompartment":9,"Boot":10,"Ancient Tea Set":29,"Cursed Key":34,"Nunchaku":29,"Bottled Flame":40,"Sundial":20,"Shuriken":24,"Strawberry":25,"Philosopher\u0027s Stone":17,"Prayer Wheel":38,"animator:LivingPicture":0,"Black Star":0,"Membership Card":44,"aspiration:ChemicalBlood":7},{"Ice Cream":20,"Regal Pillow":5,"animator:WizardHat":20,"Calipers":19,"Torii":12,"aspiration:FetidBarrel":20,"animator:TheMissingPiece":0,"Charon\u0027s Ashes":12,"MawBank":4,"aspiration:HiddenCompartment":4,"Boot":5,"Ancient Tea Set":14,"Cursed Key":15,"Nunchaku":14,"Bottled Flame":19,"Sundial":9,"Shuriken":11,"Strawberry":12,"Philosopher\u0027s Stone":7,"Prayer Wheel":18,"animator:LivingPicture":0,"Black Star":0,"Membership Card":20,"aspiration:ChemicalBlood":4},{"Ice Cream":78,"Regal Pillow":24,"animator:WizardHat":78,"Calipers":75,"Torii":51,"aspiration:FetidBarrel":78,"animator:TheMissingPiece":0,"Charon\u0027s Ashes":51,"MawBank":17,"aspiration:HiddenCompartment":17,"Boot":24,"Ancient Tea Set":58,"Cursed Key":62,"Nunchaku":58,"Bottled Flame":75,"Sundial":39,"Shuriken":47,"Strawberry":51,"Philosopher\u0027s Stone":36,"Prayer Wheel":71,"animator:LivingPicture":0,"Black Star":0,"Membership Card":78,"aspiration:ChemicalBlood":17}]},"card_choices":[{"not_picked":["animator:Hitei","animator:RinTohsaka"],"picked":"animator:AcuraTooru","floor":1},{"not_picked":["animator:Arpeggio","animator:Illya"],"picked":"animator:IrohaTamaki","floor":2},{"not_picked":["animator:AcuraTooru","animator:RoryMercury"],"picked":"animator:IrohaTamaki","floor":3},{"not_picked":["animator:IrohaTamaki","animator:YachiyoNanami"],"picked":"animator:MamiTomoe","floor":7},{"not_picked":["animator:Konayuki","animator:Shinoa"],"picked":"animator:Bozes","floor":10},{"not_picked":["animator:RoryMercury","animator:EmiyaShirou","animator:OrikoMikuni"],"picked":"SKIP","floor":12},{"not_picked":["animator:HomuraAkemi","animator:Saber"],"picked":"animator:Kyubey","floor":16},{"not_picked":["animator:ShinjiMatou","animator:KyokoSakura","animator:Rider"],"picked":"SKIP","floor":18},{"not_picked":["animator:YuiTsuruno","animator:OrikoMikuni"],"picked":"animator:KyokoSakura","floor":19},{"not_picked":["animator:ZankiKiguchi","animator:RoryMercury"],"picked":"animator:SuzuneAmano","floor":21},{"not_picked":["animator:Azekura","animator:Tet"],"picked":"animator:Kyubey","floor":22},{"not_picked":["animator:Mikaela","animator:LeleiLaLalena+1"],"picked":"animator:Togame+1","floor":25},{"not_picked":["animator:SuzuneAmano","animator:IrohaTamaki"],"picked":"animator:KyokoSakura","floor":28},{"not_picked":["animator:YuiTsuruno","animator:HiiragiShinya"],"picked":"animator:Togame","floor":29},{"not_picked":["animator:EmiyaShirou","animator:Shinoa+1","animator:Berserker"],"picked":"SKIP","floor":35},{"not_picked":["animator:Emilia","animator:Cirno"],"picked":"animator:MisaKurobane","floor":36},{"not_picked":["animator:Shimakaze","animator:Kagari"],"picked":"animator:TakanashiRikka","floor":36},{"not_picked":["animator:DolaSchwi","animator:Layla","animator:LeleiLaLalena"],"picked":"SKIP","floor":37},{"not_picked":["animator:YaoHaDucy+1","animator:DolaStephanie+1"],"picked":"animator:Mikaela","floor":38},{"not_picked":["animator:YuiTsuruno","animator:IrohaTamaki"],"picked":"animator:OrikoMikuni","floor":40},{"not_picked":["animator:Guy","animator:Yoichi+1"],"picked":"animator:Kyubey","floor":42},{"not_picked":["animator:Hitei","animator:ChaikaBohdan+1"],"picked":"animator:Mikaela+1","floor":46},{"not_picked":["animator:ShinjiMatou+1","animator:Assassin+1","animator:Gillette+1"],"picked":"SKIP","floor":46},{"not_picked":["animator:Assassin+1","animator:Caster+1"],"picked":"animator:Biyorigo","floor":48},{"not_picked":["animator:IrohaTamaki","animator:Kuribayashi","animator:DolaRiku+1"],"picked":"SKIP","floor":48}],"player_experience":1015063,"relics_obtained":[{"floor":7,"key":"aspiration:ChemicalBlood"},{"floor":7,"key":"MawBank"},{"floor":9,"key":"aspiration:HiddenCompartment"},{"floor":10,"key":"Boot"},{"floor":10,"key":"Regal Pillow"},{"floor":25,"key":"Strawberry"},{"floor":25,"key":"Torii"},{"floor":26,"key":"Charon\u0027s Ashes"},{"floor":29,"key":"Ancient Tea Set"},{"floor":29,"key":"Nunchaku"},{"floor":38,"key":"Prayer Wheel"},{"floor":40,"key":"Calipers"},{"floor":40,"key":"Bottled Flame"},{"floor":42,"key":"animator:WizardHat"},{"floor":42,"key":"aspiration:FetidBarrel"}],"event_choices":[{"cards_removed":["animator:Strike"],"damage_healed":0,"gold_gain":0,"player_choice":"Forget","damage_taken":0,"max_hp_gain":0,"max_hp_loss":0,"event_name":"Living Wall","floor":4,"gold_loss":0},{"damage_healed":0,"gold_gain":75,"player_choice":"Gold","damage_taken":11,"max_hp_gain":0,"max_hp_loss":0,"event_name":"betterThird:BetterGoop","floor":14,"gold_loss":0},{"damage_healed":0,"gold_gain":0,"player_choice":"Gave Potion","damage_taken":0,"relics_obtained":["Sundial"],"max_hp_gain":0,"max_hp_loss":0,"event_name":"WeMeetAgain","floor":20,"gold_loss":0},{"damage_healed":0,"gold_gain":0,"player_choice":"Ignored","damage_taken":0,"max_hp_gain":0,"max_hp_loss":0,"event_name":"Vampires","floor":31,"gold_loss":0},{"damage_healed":0,"gold_gain":0,"player_choice":"Memory 3","damage_taken":10,"max_hp_gain":0,"max_hp_loss":0,"event_name":"SensoryStone","floor":36,"gold_loss":0},{"damage_healed":0,"gold_gain":0,"player_choice":"Fight","damage_taken":0,"max_hp_gain":0,"max_hp_loss":0,"event_name":"MindBloom","floor":38,"gold_loss":0},{"cards_removed":["animator:Defend_MadokaMagica"],"damage_healed":0,"gold_gain":0,"player_choice":"Removed Skill","damage_taken":0,"max_hp_gain":0,"max_hp_loss":0,"event_name":"Falling","floor":39,"gold_loss":0}],"is_beta":false,"boss_relics":[{"not_picked":["aspiration:RunicSpoon","Mark of Pain"],"picked":"Philosopher\u0027s Stone"},{"not_picked":["Velvet Choker","aspiration:RitualDagger"],"picked":"Cursed Key"}],"items_purged_floors":[24,44,44],"is_endless":false,"potions_floor_spawned":[1,7,16,22,25,29,33,35,38,42],"ascension_level":7}}