{"host":"newqdrzxfhh2im9e","time":1609092431,"event":{"mods":["AchievementEnabler","BaseMod","BetterRewards","Block Reminder","Colored Map","Jorbs\u0027s Wanderer Trilogy","Minty Spire (QoL Compilation)","Rare Cards Sparkle","Shop Mod","StSLib"],"gold_per_floor":[111,123,139,153,153,153,163,195,220,232,256,302,334,357,369,483,495,527,557,21,21,41,41,41,41,67,67,80,105,105,9,9,108,108,122,122,122,142,158,187,187,222,222,222,272,282,301,349,349,349],"floor_reached":51,"playtime":1956,"items_purged":[],"score":873,"play_id":"a2695008-c18c-4f4b-887c-5d2a77bb498e","local_time":"20201227100711","is_ascension_mode":true,"campfire_choices":[{"data":"Storm","floor":6,"key":"SMITH"},{"data":"Fission","floor":10,"key":"SMITH"},{"floor":15,"key":"REST"},{"floor":23,"key":"REST"},{"data":"Creative AI","floor":25,"key":"SMITH"},{"data":"Self Repair","floor":27,"key":"SMITH"},{"floor":32,"key":"REST"},{"data":"Rainbow","floor":41,"key":"SMITH"},{"data":"Lockon","floor":44,"key":"SMITH"},{"data":"Heatsinks","floor":49,"key":"SMITH"}],"circlet_count":0,"master_deck":["Strike_B","Strike_B","Strike_B","Strike_B+1","Defend_B","Defend_B","Defend_B","Defend_B","Zap","Dualcast","Auto Shields","Storm+1","Ball Lightning","Buffer+1","Consume","Fission+1","Tempest","Lockon+1","Streamline","Double Energy","Creative AI+1","Chill","Self Repair+1","White Noise","Skim","White Noise","Melter+1","RitualDagger+1","Rainbow+1","Impatience","White Noise+1","Storm","BootSequence","Blizzard","Auto Shields+1","Heatsinks+1","Conserve Battery+1"],"relics":["Cracked Core","NeowsBlessing","Omamori","MawBank","Orichalcum","Nuclear Battery","Incense Burner","PreservedInsect","Bronze Scales","Lantern","Red Mask","Black Star","TungstenRod","Potion Belt","MealTicket","Juzu Bracelet","Bottled Flame","Peace Pipe","Whetstone"],"acts_visited":["Exordium","TheCity","TheBeyond"],"potions_floor_usage":[7,8,8,16,28,29,33,42,46,47],"damage_taken":[{"damage":0,"enemies":"2 Louse","floor":1,"turns":1},{"damage":0,"enemies":"Small Slimes","floor":2,"turns":1},{"damage":0,"enemies":"Jaw Worm","floor":3,"turns":1},{"damage":0,"enemies":"3 Louse","floor":4,"turns":3},{"damage":0,"enemies":"Large Slime","floor":7,"turns":5},{"damage":12,"enemies":"Gremlin Nob","floor":8,"turns":4},{"damage":0,"enemies":"Blue Slaver","floor":11,"turns":2},{"damage":40,"enemies":"3 Sentries","floor":12,"turns":10},{"damage":10,"enemies":"3 Louse","floor":13,"turns":3},{"damage":6,"enemies":"Large Slime","floor":14,"turns":4},{"damage":22,"enemies":"Hexaghost","floor":16,"turns":8},{"damage":5,"enemies":"2 Thieves","floor":18,"turns":4},{"damage":15,"enemies":"3 Byrds","floor":19,"turns":4},{"damage":14,"enemies":"Shelled Parasite and Fungi","floor":22,"turns":2},{"damage":14,"enemies":"3 Cultists","floor":28,"turns":4},{"damage":20,"enemies":"Masked Bandits","floor":29,"turns":5},{"damage":16,"enemies":"Champ","floor":33,"turns":9},{"damage":33,"enemies":"3 Darklings","floor":35,"turns":4},{"damage":4,"enemies":"3 Shapes","floor":38,"turns":4},{"damage":0,"enemies":"Writhing Mass","floor":39,"turns":5},{"damage":0,"enemies":"Giant Head","floor":40,"turns":6},{"damage":13,"enemies":"Nemesis","floor":42,"turns":4},{"damage":0,"enemies":"Mind Bloom Boss Battle","floor":45,"turns":4},{"damage":24,"enemies":"3 Darklings","floor":46,"turns":6},{"damage":5,"enemies":"4 Shapes","floor":47,"turns":3},{"damage":29,"enemies":"Donu and Deca","floor":50,"turns":7}],"seed_played":"-3364374935328423050","potions_obtained":[{"floor":2,"key":"EssenceOfSteel"},{"floor":4,"key":"AttackPotion"},{"floor":7,"key":"BlessingOfTheForge"},{"floor":14,"key":"Fire Potion"},{"floor":22,"key":"FocusPotion"},{"floor":28,"key":"Fruit Juice"},{"floor":29,"key":"Swift Potion"},{"floor":35,"key":"SpeedPotion"},{"floor":40,"key":"Explosive Potion"},{"floor":45,"key":"AttackPotion"},{"floor":46,"key":"LiquidMemories"}],"is_trial":false,"path_per_floor":["M","M","M","M","?","R","M","E","T","R","M","E","M","M","R","B",null,"M","M","$","?","M","R","?","R","T","R","M","?","?","$","R","B",null,"M","?","?","M","M","E","R","E","T","R","?","M","M","T","R","B",null],"character_chosen":"DEFECT","items_purchased":["Incense Burner","PreservedInsect","Self Repair","White Noise","FairyPotion"],"campfire_rested":3,"item_purchase_floors":[20,20,20,20,31],"current_hp_per_floor":[75,75,75,75,75,75,75,63,63,63,63,23,13,7,29,7,75,70,55,55,41,27,51,51,51,51,51,47,42,36,36,61,65,85,62,62,62,68,78,81,81,68,68,68,78,64,59,59,59,40],"gold":349,"neow_bonus":"THREE_ENEMY_KILL","is_daily":false,"chose_seed":false,"campfire_upgraded":7,"win_rate":0.0,"timestamp":1609092431,"path_taken":["M","M","M","M","?","R","M","E","T","R","M","E","M","M","R","BOSS","M","M","$","?","M","R","?","R","T","R","M","?","?","$","R","BOSS","M","?","?","M","M","E","R","E","T","R","?","M","M","?","R","BOSS"],"items_purchased_type":["Relic","Relic","Card","Card","Potion"],"build_version":"2020-12-22","purchased_purges":0,"victory":true,"max_hp_per_floor":[75,75,75,75,75,75,75,75,75,75,75,75,75,75,75,75,75,75,75,75,80,80,80,80,80,80,80,80,85,85,85,85,85,85,85,81,81,81,81,81,81,81,81,81,81,81,81,81,81,81],"card_choices":[{"not_picked":["Steam","Redo"],"picked":"Auto Shields","floor":1},{"not_picked":["Fusion","Rip and Tear"],"picked":"Storm","floor":2},{"not_picked":["Rebound","Stack"],"picked":"Ball Lightning","floor":3},{"not_picked":["Coolheaded","Sweeping Beam"],"picked":"Buffer","floor":4},{"not_picked":["Barrage","Rebound"],"picked":"Consume","floor":7},{"not_picked":["Self Repair","Beam Cell"],"picked":"Fission","floor":8},{"not_picked":["Cold Snap","Aggregate"],"picked":"Tempest","floor":11},{"not_picked":["Compile Driver","Go for the Eyes"],"picked":"Lockon","floor":12},{"not_picked":["Rebound","Turbo"],"picked":"Streamline","floor":13},{"not_picked":["Storm","Sweeping Beam"],"picked":"Double Energy","floor":14},{"not_picked":["Machine Learning","Reboot"],"picked":"Creative AI","floor":16},{"not_picked":["Ball Lightning+1","Barrage"],"picked":"Chill","floor":18},{"not_picked":["Sweeping Beam","Beam Cell","Compile Driver+1"],"picked":"SKIP","floor":19},{"not_picked":["Conserve Battery+1","Sweeping Beam"],"picked":"Skim","floor":22},{"not_picked":["Streamline","Chill"],"picked":"White Noise","floor":28},{"not_picked":["Barrage","Redo"],"picked":"Melter+1","floor":29},{"not_picked":["Creative AI","Hyperbeam"],"picked":"Rainbow","floor":33},{"not_picked":["Streamline+1","Go for the Eyes+1","Leap+1"],"picked":"SKIP","floor":35},{"not_picked":["Panache","Secret Technique"],"picked":"Impatience","floor":37},{"not_picked":["Stack+1","Streamline+1"],"picked":"White Noise+1","floor":38},{"not_picked":["Chaos+1","Beam Cell"],"picked":"Storm","floor":39},{"not_picked":["Leap","Sweeping Beam"],"picked":"BootSequence","floor":40},{"not_picked":["Beam Cell+1","Rebound+1"],"picked":"Blizzard","floor":42},{"not_picked":["Barrage+1","Compile Driver+1"],"picked":"Auto Shields+1","floor":45},{"not_picked":["Scrape+1","Biased Cognition"],"picked":"Heatsinks","floor":46},{"not_picked":["Streamline+1","Sweeping Beam+1"],"picked":"Conserve Battery+1","floor":47}],"player_experience":649604,"relics_obtained":[{"floor":8,"key":"Omamori"},{"floor":9,"key":"MawBank"},{"floor":12,"key":"Orichalcum"},{"floor":26,"key":"Lantern"},{"floor":29,"key":"Red Mask"},{"floor":40,"key":"TungstenRod"},{"floor":40,"key":"Potion Belt"},{"floor":42,"key":"MealTicket"},{"floor":42,"key":"Juzu Bracelet"},{"floor":43,"key":"Bottled Flame"},{"floor":45,"key":"Peace Pipe"},{"floor":48,"key":"Whetstone"}],"event_choices":[{"damage_healed":0,"gold_gain":0,"player_choice":"Grow","damage_taken":0,"max_hp_gain":0,"max_hp_loss":0,"event_name":"Living Wall","floor":5,"gold_loss":0,"cards_upgraded":["Buffer"]},{"damage_healed":0,"gold_gain":0,"player_choice":"Shed Blood","damage_taken":19,"max_hp_gain":5,"max_hp_loss":0,"event_name":"Forgotten Altar","floor":21,"gold_loss":0},{"damage_healed":0,"gold_gain":0,"player_choice":"Opened","damage_taken":0,"relics_obtained":["Bronze Scales"],"max_hp_gain":0,"max_hp_loss":0,"event_name":"The Mausoleum","floor":24,"gold_loss":0,"cards_obtained":["Writhe"]},{"damage_healed":0,"gold_gain":0,"player_choice":"Fought Bandits","damage_taken":0,"max_hp_gain":0,"max_hp_loss":0,"event_name":"Masked Bandits","floor":29,"gold_loss":0},{"damage_healed":0,"gold_gain":0,"player_choice":"Joined the Cult","damage_taken":6,"max_hp_gain":0,"max_hp_loss":0,"event_name":"Nest","floor":30,"gold_loss":0,"cards_obtained":["RitualDagger"]},{"damage_healed":0,"gold_gain":0,"player_choice":"Max HP","damage_taken":0,"max_hp_gain":0,"max_hp_loss":4,"event_name":"Winding Halls","floor":36,"gold_loss":0},{"damage_healed":0,"gold_gain":0,"player_choice":"Memory 1","damage_taken":0,"max_hp_gain":0,"max_hp_loss":0,"event_name":"SensoryStone","floor":37,"gold_loss":0},{"damage_healed":0,"gold_gain":0,"player_choice":"Fight","damage_taken":0,"max_hp_gain":0,"max_hp_loss":0,"event_name":"MindBloom","floor":45,"gold_loss":0}],"is_beta":false,"boss_relics":[{"not_picked":["FrozenCore","Busted Crown"],"picked":"Nuclear Battery"},{"not_picked":["SlaversCollar","Pandora\u0027s Box"],"picked":"Black Star"}],"items_purged_floors":[],"is_endless":false,"potions_floor_spawned":[2,4,7,14,22,28,29,35,40,45,46],"ascension_level":3}}