{"host":"g6wgg887tlpgelr3","time":1609030115,"event":{"mods":["BaseMod","Bestiary","Colored Map","Colored Powertips","Googly Eyes","Highlight Path","Minty Spire (QoL Compilation)","Permanent Neow","StSLib"],"gold_per_floor":[113,113,113,134,134,134,149,149,149,168,168,183,219,233,233,356,419,444,462,462,10,24,24,37,37,37,37,56,56,70,91,91,91,91],"floor_reached":33,"playtime":2388,"items_purged":[],"score":251,"play_id":"b92d2837-bb02-48d7-a5e9-8635db156fec","local_time":"20201226184835","is_ascension_mode":false,"campfire_choices":[{"data":"Neutralize","floor":6,"key":"SMITH"},{"floor":15,"key":"REST"},{"floor":23,"key":"REST"},{"floor":29,"key":"REST"},{"floor":32,"key":"REST"}],"circlet_count":0,"master_deck":["Strike_G","Strike_G","Strike_G","Strike_G","Strike_G","Defend_G","Defend_G","Defend_G+1","Defend_G","Defend_G","Survivor","Neutralize+1","Slice","Slice","Crippling Poison","Finisher","Blade Dance+1","Dagger Spray","Die Die Die","Outmaneuver","Choke","Flying Knee","Blade Dance","Sucker Punch+1","Dash","Backflip","Quick Slash+1","Corpse Explosion"],"relics":["Philosopher\u0027s Stone","Golden Idol","Paper Crane","Toy Ornithopter","Tiny House","Sling","Matryoshka","Meat on the Bone","HornCleat"],"acts_visited":["Exordium","TheCity"],"potions_floor_usage":[11,16,16,19,30,31],"damage_taken":[{"damage":0,"enemies":"Small Slimes","floor":1,"turns":4},{"damage":0,"enemies":"Jaw Worm","floor":4,"turns":4},{"damage":0,"enemies":"Cultist","floor":7,"turns":4},{"damage":5,"enemies":"Exordium Wildlife","floor":10,"turns":4},{"damage":1,"enemies":"Looter","floor":12,"turns":3},{"damage":6,"enemies":"Gremlin Nob","floor":13,"turns":4},{"damage":3,"enemies":"Lots of Slimes","floor":14,"turns":4},{"damage":46,"enemies":"The Guardian","floor":16,"turns":9},{"damage":25,"enemies":"3 Byrds","floor":18,"turns":4},{"damage":0,"enemies":"Chosen","floor":19,"turns":4},{"damage":22,"enemies":"Shelled Parasite and Fungi","floor":22,"turns":4},{"damage":14,"enemies":"Snake Plant","floor":24,"turns":5},{"damage":19,"enemies":"Centurion and Healer","floor":28,"turns":7},{"damage":9,"enemies":"Snecko","floor":30,"turns":5},{"damage":18,"enemies":"Shelled Parasite and Fungi","floor":31,"turns":5},{"damage":133,"enemies":"Automaton","floor":33,"turns":12}],"seed_played":"4340724349201898403","potions_obtained":[{"floor":4,"key":"SteroidPotion"},{"floor":7,"key":"EssenceOfSteel"},{"floor":11,"key":"Fruit Juice"},{"floor":11,"key":"LiquidMemories"},{"floor":13,"key":"AttackPotion"},{"floor":17,"key":"LiquidMemories"},{"floor":18,"key":"Weak Potion"},{"floor":19,"key":"FairyPotion"},{"floor":24,"key":"PowerPotion"}],"is_trial":false,"path_per_floor":["M","?","?","M","?","R","M","$","T","M","?","M","E","M","R","B",null,"M","M","?","$","M","R","M","$","T","?","M","R","M","M","R","B"],"character_chosen":"THE_SILENT","items_purchased":["Blade Dance","Sling","Matryoshka"],"campfire_rested":4,"item_purchase_floors":[21,21,21],"current_hp_per_floor":[70,65,65,65,65,65,65,65,65,60,65,64,58,55,70,34,75,50,55,55,55,33,55,41,41,41,41,34,56,52,39,61,0,0],"gold":91,"neow_bonus":"BOSS_RELIC","is_daily":false,"chose_seed":false,"campfire_upgraded":1,"win_rate":0.0,"timestamp":1609030115,"path_taken":["M","?","?","?","?","R","M","$","T","M","?","M","E","M","R","BOSS","M","?","?","$","M","R","M","?","T","?","M","R","M","?","R","BOSS"],"items_purchased_type":["Card","Relic","Relic"],"build_version":"2020-12-22","purchased_purges":0,"victory":false,"max_hp_per_floor":[70,65,65,65,65,65,65,65,65,65,70,70,70,70,70,70,75,75,75,75,75,75,75,75,75,75,75,75,75,75,75,75,75,75],"card_choices":[{"not_picked":["Deflect","Backflip"],"picked":"Slice","floor":1},{"not_picked":["Bane","Backflip"],"picked":"Slice","floor":4},{"not_picked":["Unload","Predator"],"picked":"Crippling Poison","floor":7},{"not_picked":["Crippling Poison","Reflex"],"picked":"Quick Slash","floor":10},{"not_picked":["Poisoned Stab","Heel Hook"],"picked":"Finisher","floor":12},{"not_picked":["Eviscerate","Acrobatics"],"picked":"Blade Dance","floor":13},{"not_picked":["Quick Slash","PiercingWail"],"picked":"Dagger Spray","floor":14},{"not_picked":["Wraith Form v2","Night Terror"],"picked":"Die Die Die","floor":16},{"not_picked":["Underhanded Strike","Dagger Spray"],"picked":"Outmaneuver","floor":17},{"not_picked":["Backflip","Noxious Fumes"],"picked":"Choke","floor":18},{"not_picked":["Dagger Throw","Bane"],"picked":"Flying Knee","floor":19},{"not_picked":["Dagger Throw","Quick Slash+1"],"picked":"Sucker Punch+1","floor":22},{"not_picked":["Burst","Blur"],"picked":"Dash","floor":24},{"not_picked":["Outmaneuver+1","Dagger Spray"],"picked":"Backflip","floor":28},{"not_picked":["Flechettes","Underhanded Strike"],"picked":"Quick Slash+1","floor":30},{"not_picked":["Caltrops+1","Bane"],"picked":"Corpse Explosion","floor":31}],"player_experience":7033,"relics_obtained":[{"floor":9,"key":"Paper Crane"},{"floor":13,"key":"Toy Ornithopter"},{"floor":26,"key":"Meat on the Bone"},{"floor":26,"key":"HornCleat"}],"event_choices":[{"damage_healed":0,"gold_gain":0,"player_choice":"Lose Max HP","damage_taken":0,"relics_obtained":["Golden Idol"],"max_hp_gain":0,"max_hp_loss":5,"event_name":"Golden Idol","floor":2,"gold_loss":0},{"damage_healed":0,"gold_gain":0,"player_choice":"Bought 0 Potions","damage_taken":0,"max_hp_gain":0,"max_hp_loss":0,"event_name":"The Woman in Blue","floor":3,"gold_loss":0},{"damage_healed":0,"gold_gain":0,"player_choice":"Ignored","damage_taken":0,"max_hp_gain":0,"max_hp_loss":0,"event_name":"Liars Game","floor":5,"gold_loss":0},{"damage_healed":0,"gold_gain":0,"player_choice":"Got Potions","damage_taken":0,"max_hp_gain":0,"max_hp_loss":0,"event_name":"Lab","floor":11,"gold_loss":0},{"cards_removed":["Quick Slash"],"damage_healed":0,"gold_gain":0,"player_choice":"Purged","damage_taken":0,"max_hp_gain":0,"max_hp_loss":0,"event_name":"Purifier","floor":20,"gold_loss":0},{"damage_healed":0,"gold_gain":0,"player_choice":"Upgraded","damage_taken":0,"max_hp_gain":0,"max_hp_loss":0,"event_name":"Upgrade Shrine","floor":27,"gold_loss":0,"cards_upgraded":["Blade Dance"]}],"is_beta":false,"boss_relics":[{"not_picked":["Fusion Hammer","Velvet Choker"],"picked":"Tiny House"}],"items_purged_floors":[],"is_endless":false,"potions_floor_spawned":[4,7,13,18,19,24],"killed_by":"Automaton","ascension_level":0}}