{"host":"u3jctbsl7uavviuy","time":1609052067,"event":{"mods":["BaseMod","BetterRewards","GungeonMod","HololiveMod","Luminous","Marisa（F雨　魔理沙）","Minty Spire (QoL Compilation)","Relic Stats","Replay The Spire","Shop Mod","Spicy Shops","StSLib","TestMod","The Animator","The Cursed","The Gatherer","The Servant 0.9.4","WarShipGirlsR/战舰少女R mod","vexMod","篝火指南"],"gold_per_floor":[119,130,130,140,140,174,174,200,200,223,258,273,273,31,31,107,107,120,138,138,188,201,236,252,279,305,335,335,8,8,24,24,100,100,121,138,52,107,128,159,159,185,185,214,214,254,254,272,272,276],"floor_reached":51,"playtime":1925,"items_purged":["Strike_R","Defend_R","Strike_R"],"score":2463,"play_id":"8be96a6d-ac77-470a-8560-cf2391d0307c","local_time":"20201227155427","is_ascension_mode":true,"campfire_choices":[{"data":"Flex","floor":7.0,"key":"SMITH"},{"data":"Exhume","floor":13.0,"key":"SMITH"},{"data":"Inflame","floor":15.0,"key":"SMITH"},{"data":"Limit Break","floor":32.0,"key":"SMITH"},{"data":"Barricade","floor":41,"key":"SMITH"},{"data":"Offering","floor":49,"key":"SMITH"}],"circlet_count":0,"master_deck":["AscendersBane","Strike_R","Strike_R","Defend_R+1","Defend_R","Bash","Metallicize+1","Metallicize+1","Flex+1","Pummel+1","Inflame+1","Dark Embrace+1","ReplayTheSpireMod:Private Reserves+1","Feel No Pain","Burning Pact","Thunderclap","Exhume+1","Offering+1","Inflame+1","Sword Boomerang","Heavy Blade","Sever Soul+1","Berserk","Whirlwind","Battle Trance","Limit Break+1","True Grit","Exhume","Massacre+1","Barricade+1","Clash"],"relics":["Burning Blood","testmod-TestBox","testmod-ChristmasGift","Shuriken","Omamori","Magic Flower","Blue Candle","DollysMirror","testmod-IndustrialRevolution","Medical Kit","testmod-Justice","Replay:Mystery Machine","Oddly Smooth Stone","Replay:Accelerometer","Prayer Wheel","ReplayTheSpireMod:Lightbulb","testmod-Alchemist","Snack Pack","vexMod:Dragonfruit","War Paint","DemoMod:WhiteGuonStone","Chemical X","testmod-ArcanaOfDestiny","testmod-DeterminationOfClimber","Toolbox","Ice Cream","Pet Ghost","ReplayTheSpireMod:Spearhead","Centennial Puzzle"],"acts_visited":["Exordium","TheCity","TheBeyond"],"potions_floor_usage":[50],"damage_taken":[{"damage":0.0,"enemies":"Jaw Worm","floor":1.0,"turns":3.0},{"damage":0.0,"enemies":"2 Louse","floor":2.0,"turns":2.0},{"damage":9.0,"enemies":"Small Slimes","floor":4.0,"turns":2.0},{"damage":11.0,"enemies":"Gremlin Nob","floor":6.0,"turns":6.0},{"damage":4.0,"enemies":"3 Sentries","floor":8.0,"turns":6.0},{"damage":1.0,"enemies":"Replay:BlueRogue","floor":11.0,"turns":5.0},{"damage":13.0,"enemies":"Red Slaver","floor":12.0,"turns":2.0},{"damage":25.0,"enemies":"The Guardian","floor":16.0,"turns":9.0},{"damage":6.0,"enemies":"Shell Parasite","floor":18.0,"turns":4.0},{"damage":12.0,"enemies":"Chosen","floor":19.0,"turns":2.0},{"damage":0.0,"enemies":"Snecko","floor":22.0,"turns":1.0},{"damage":12.0,"enemies":"Gremlin Leader","floor":23.0,"turns":3.0},{"damage":12.0,"enemies":"3 Cultists","floor":24.0,"turns":3.0},{"damage":62.0,"enemies":"Slavers","floor":25.0,"turns":4.0},{"damage":12.0,"enemies":"Replay:Snechameleon","floor":27.0,"turns":3.0},{"damage":15.0,"enemies":"Shelled Parasite and Fungi","floor":31.0,"turns":2.0},{"damage":22,"enemies":"Pondfish","floor":33,"turns":2},{"damage":1,"enemies":"3 Darklings","floor":35,"turns":2},{"damage":12,"enemies":"3 Shapes","floor":36,"turns":1},{"damage":15,"enemies":"2 Orb Walkers","floor":38,"turns":2},{"damage":12,"enemies":"Maw","floor":39,"turns":2},{"damage":18,"enemies":"R_Hoarder","floor":40,"turns":2},{"damage":30,"enemies":"3 Darklings","floor":42,"turns":3},{"damage":0,"enemies":"Reptomancer","floor":44,"turns":1},{"damage":15,"enemies":"R_Hoarder","floor":46,"turns":4},{"damage":1,"enemies":"Writhing Mass","floor":48,"turns":2},{"damage":26,"enemies":"Time Eater","floor":50,"turns":4}],"seed_played":"4425818628554821950","potions_obtained":[{"floor":6.0,"key":"Strength Potion"},{"floor":8.0,"key":"Elixir"}],"is_trial":false,"path_per_floor":["M","M","?","M","?","E","R","E","T","?","E","M","R","$","R","B",null,"M","M","$","?","M","E","M","E","T","E","?","$","T","M","R","B",null,"M","M","$","?","M","E","R","M","T","E","?","E","?","M","R","B",null],"character_chosen":"IRONCLAD","items_purchased":["Shuriken","Omamori","Magic Flower","Blue Candle","Metallicize+1","DollysMirror","Flex","Pummel","testmod-IndustrialRevolution","Inflame","Medical Kit","testmod-Justice","Dark Embrace+1","ReplayTheSpireMod:Private Reserves","testmod-Alchemist","Chemical X","Limit Break","Toolbox"],"campfire_rested":0,"item_purchase_floors":[0,0,0,0,0,0,0,0,0,0,0,0,0,0,14,29,29,37],"current_hp_per_floor":[35,48,48,52,52,58,58,75,75,51,65,63,63,63,63,59,71,75,75,75,75,75,75,75,54,54,67,67,67,67,73,73,70,78,80,80,80,80,80,80,80,77,77,80,80,80,80,80,80,73],"gold":276,"neow_bonus":"","is_daily":false,"chose_seed":false,"campfire_upgraded":6,"win_rate":0.0,"timestamp":1609052067,"path_taken":["M","M","?","M","?","E","R","E","T","?","E","?","R","$","R","BOSS","M","M","$","?","M","E","M","E","T","E","?","$","?","M","R","BOSS","M","M","$","?","M","E","R","M","T","E","?","E","?","M","R","BOSS"],"items_purchased_type":["Relic","Relic","Relic","Relic","Card","Relic","Card","Card","Relic","Card","Relic","Relic","Card","Card","Relic","Relic","Card","Relic"],"build_version":"2020-12-22","purchased_purges":3,"victory":true,"max_hp_per_floor":[75,75,75,75,75,75,75,75,75,75,75,75,75,75,75,75,75,75,75,75,75,75,75,75,80,80,80,80,80,80,80,80,80,80,80,80,80,80,80,80,80,80,80,80,80,80,80,80,80,80],"relic_stats":{"Centennial Puzzle":[9],"counters":[113,448],"Shuriken":[85],"Blue Candle":[0],"Magic Flower":[166],"Prayer Wheel":11,"Chemical X":[56],"War Paint":["ReplayTheSpireMod:Private Reserves","Defend_R"],"Medical Kit":[3],"obtain_stats":[{"DemoMod:GreenGuonStone":28,"Ice Cream":38,"Divine Protection":23,"Replay:Accelerometer":9,"vexMod:MemoryStick":12,"Tiny House":34,"Calipers":13,"Vajra":23,"testmod-IWantAll":0,"DemoMod:GlassGuonStoneRelic":8,"Whetstone":49,"Sling":0,"Centennial Puzzle":44,"testmod-Prudence":17,"Sundial":28,"DollysMirror":0,"vexMod:EndlessSickness":34,"Honey Jar":17,"DemoMod:LamentConfigurum":0,"Prayer Wheel":10,"Fusion Hammer":34,"testmod-ChristmasGift":0,"testmod-TestBox":0,"Pear":45,"Happy Flower":40,"Blue Candle":0,"Oddly Smooth Stone":53,"Eternal Feather":0,"Pen Nib":25,"Charon\u0027s Ashes":26,"War Paint":26,"vexMod:GhostlyGear":0,"testmod-RealStoneCalender":47,"Replay:Baseball":32,"ReplayTheSpireMod:Spearhead":43,"DemoMod:MeatBun":53,"Shuriken":0,"testmod-Acrobat":8,"MutagenicStrength":22,"Onion Ring":6,"Molten Egg 2":0,"DemoMod:SerJunkan":26,"Grinning Jar":53,"Mirror":9,"Lantern":29,"Regal Pillow":7,"Magic Flower":0,"Blue Doll":31,"King of Hearts":0,"Incense Burner":25,"testmod-Nyarlathotep":47,"Replay:Mystery Machine":6,"DemoMod:WhiteGuonStone":27,"Empty Cage":31,"testmod-BouquetWithThorns":46,"Burning Blood":0,"testmod-CasingShield":32,"testmod-Charity":39,"Pet Ghost":40,"Replay:Rubber Ducky":19,"ClockworkSouvenir":39,"Replay:Bandana":11,"testmod-Alchemist":14,"testmod-Motorcycle":0,"Toolbox":37,"testmod-DeterminationOfClimber":34,"Chemical X":0,"Replay:Bottled Eggs":21,"testmod-ArcanaOfDestiny":30,"DemoMod:Junk":31,"ReplayTheSpireMod:Ninjato":42,"Replay:WaspNest":24,"DemoMod:PinkGuonStone":49,"Omamori":0,"Frozen Egg 2":0,"testmod-ConstraintPeriapt":6,"testmod-Justice":0,"MawBank":40,"testmod-IndustrialRevolution":0,"Medical Kit":0,"White Beast Statue":49,"vexMod:Dragonfruit":25,"Anchor":0,"vexMod:BarristanHead":6,"testmod-AssaultLearning":47,"testmod-Hope":43,"Orrery":20,"Another Sword":0,"Bag of Marbles":12,"Garlic":30,"Snack Pack":23,"Bottled Lightning":8,"Membership Card":32,"DemoMod:RingOfEthereal":10,"ReplayTheSpireMod:Lightbulb":11,"Toy Ornithopter":27},{"DemoMod:GreenGuonStone":72,"Ice Cream":106,"Divine Protection":69,"Replay:Accelerometer":91,"vexMod:MemoryStick":6,"Tiny House":17,"Calipers":63,"Vajra":12,"testmod-IWantAll":0,"DemoMod:GlassGuonStoneRelic":5,"Whetstone":23,"Sling":56,"Centennial Puzzle":110,"testmod-Prudence":65,"Sundial":72,"DollysMirror":86,"vexMod:EndlessSickness":43,"Honey Jar":33,"DemoMod:LamentConfigurum":56,"Prayer Wheel":91,"Fusion Hammer":75,"testmod-ChristmasGift":86,"testmod-TestBox":0,"Pear":50,"Happy Flower":46,"Blue Candle":86,"Oddly Smooth Stone":54,"Eternal Feather":56,"Pen Nib":13,"Charon\u0027s Ashes":13,"War Paint":100,"vexMod:GhostlyGear":56,"testmod-RealStoneCalender":22,"Replay:Baseball":16,"ReplayTheSpireMod:Spearhead":109,"DemoMod:MeatBun":54,"Shuriken":86,"testmod-Acrobat":29,"MutagenicStrength":68,"Onion Ring":4,"Molten Egg 2":24,"DemoMod:SerJunkan":71,"Grinning Jar":84,"Mirror":60,"Lantern":42,"Regal Pillow":60,"Magic Flower":86,"Blue Doll":16,"King of Hearts":56,"Incense Burner":71,"testmod-Nyarlathotep":83,"Replay:Mystery Machine":90,"DemoMod:WhiteGuonStone":101,"Empty Cage":42,"testmod-BouquetWithThorns":83,"Burning Blood":0,"testmod-CasingShield":16,"testmod-Charity":18,"Pet Ghost":108,"Replay:Rubber Ducky":10,"ClockworkSouvenir":18,"Replay:Bandana":62,"testmod-Alchemist":93,"testmod-Motorcycle":0,"Toolbox":105,"testmod-DeterminationOfClimber":103,"Chemical X":0,"Replay:Bottled Eggs":68,"testmod-ArcanaOfDestiny":101,"DemoMod:Junk":74,"ReplayTheSpireMod:Ninjato":20,"Replay:WaspNest":38,"DemoMod:PinkGuonStone":83,"Omamori":56,"Frozen Egg 2":0,"testmod-ConstraintPeriapt":28,"testmod-Justice":86,"MawBank":19,"testmod-IndustrialRevolution":86,"Medical Kit":86,"White Beast Statue":23,"vexMod:Dragonfruit":100,"Anchor":24,"vexMod:BarristanHead":28,"testmod-AssaultLearning":52,"testmod-Hope":20,"Orrery":35,"Another Sword":0,"Bag of Marbles":32,"Garlic":42,"Snack Pack":98,"Bottled Lightning":5,"Membership Card":16,"DemoMod:RingOfEthereal":61,"ReplayTheSpireMod:Lightbulb":92,"Toy Ornithopter":40},{"DemoMod:GreenGuonStone":306,"Ice Cream":430,"Divine Protection":295,"Replay:Accelerometer":385,"vexMod:MemoryStick":25,"Tiny House":71,"Calipers":258,"Vajra":51,"testmod-IWantAll":0,"DemoMod:GlassGuonStoneRelic":22,"Whetstone":96,"Sling":232,"Centennial Puzzle":438,"testmod-Prudence":270,"Sundial":308,"DollysMirror":366,"vexMod:EndlessSickness":180,"Honey Jar":132,"DemoMod:LamentConfigurum":232,"Prayer Wheel":385,"Fusion Hammer":323,"testmod-ChristmasGift":366,"testmod-TestBox":0,"Pear":207,"Happy Flower":190,"Blue Candle":366,"Oddly Smooth Stone":222,"Eternal Feather":232,"Pen Nib":56,"Charon\u0027s Ashes":56,"War Paint":418,"vexMod:GhostlyGear":232,"testmod-RealStoneCalender":91,"Replay:Baseball":65,"ReplayTheSpireMod:Spearhead":437,"DemoMod:MeatBun":222,"Shuriken":366,"testmod-Acrobat":113,"MutagenicStrength":292,"Onion Ring":17,"Molten Egg 2":98,"DemoMod:SerJunkan":305,"Grinning Jar":358,"Mirror":244,"Lantern":173,"Regal Pillow":244,"Magic Flower":366,"Blue Doll":65,"King of Hearts":232,"Incense Burner":305,"testmod-Nyarlathotep":352,"Replay:Mystery Machine":379,"DemoMod:WhiteGuonStone":421,"Empty Cage":173,"testmod-BouquetWithThorns":352,"Burning Blood":0,"testmod-CasingShield":65,"testmod-Charity":78,"Pet Ghost":434,"Replay:Rubber Ducky":40,"ClockworkSouvenir":78,"Replay:Bandana":255,"testmod-Alchemist":392,"testmod-Motorcycle":0,"Toolbox":428,"testmod-DeterminationOfClimber":425,"Chemical X":0,"Replay:Bottled Eggs":292,"testmod-ArcanaOfDestiny":421,"DemoMod:Junk":315,"ReplayTheSpireMod:Ninjato":86,"Replay:WaspNest":151,"DemoMod:PinkGuonStone":352,"Omamori":232,"Frozen Egg 2":0,"testmod-ConstraintPeriapt":107,"testmod-Justice":366,"MawBank":82,"testmod-IndustrialRevolution":366,"Medical Kit":366,"White Beast Statue":96,"vexMod:Dragonfruit":418,"Anchor":98,"vexMod:BarristanHead":109,"testmod-AssaultLearning":214,"testmod-Hope":86,"Orrery":139,"Another Sword":0,"Bag of Marbles":125,"Garlic":173,"Snack Pack":411,"Bottled Lightning":22,"Membership Card":65,"DemoMod:RingOfEthereal":249,"ReplayTheSpireMod:Lightbulb":390,"Toy Ornithopter":164}],"Burning Blood":498},"card_choices":[{"not_picked":["Entrench","Anger"],"picked":"Feel No Pain","floor":1.0},{"not_picked":["Evolve","Combust"],"picked":"Burning Pact","floor":2.0},{"not_picked":["Blood for Blood","Anger","Wild Strike"],"picked":"SKIP","floor":4.0},{"not_picked":["Run Through","Feel No Pain"],"picked":"Thunderclap","floor":6.0},{"not_picked":["True Grit","Sever Soul"],"picked":"Exhume","floor":8.0},{"not_picked":["Sever Soul","Spot Weakness","Replay:Undeath\u0027s Touch"],"picked":"SKIP","floor":11.0},{"not_picked":["Combust","Clothesline","Shrug It Off"],"picked":"SKIP","floor":12.0},{"not_picked":["Reckless Charge","Perfected Strike","Warcry"],"picked":"SKIP","floor":12.0},{"not_picked":["Eclipse","Feed"],"picked":"Offering","floor":16.0},{"not_picked":["Cleave","Havoc"],"picked":"Inflame+1","floor":18.0},{"not_picked":["True Grit","Flex"],"picked":"Sword Boomerang","floor":18.0},{"not_picked":["Cleave","ReplayTheSpireMod:Strike From Hell"],"picked":"Heavy Blade","floor":19.0},{"not_picked":["Body Slam","Warcry"],"picked":"Sever Soul+1","floor":19.0},{"not_picked":["Shockwave","Wild Strike"],"picked":"Berserk","floor":22.0},{"not_picked":["Sword Boomerang","Abandon","Havoc"],"picked":"SKIP","floor":22.0},{"not_picked":["Searing Blow","Sever Soul","Heavy Blade"],"picked":"SKIP","floor":23.0},{"not_picked":["Rampage","Life Link","Clothesline+1"],"picked":"SKIP","floor":24.0},{"not_picked":["ReplayTheSpireMod:Muscle Training","Combust","ReplayTheSpireMod:Limb From Limb"],"picked":"SKIP","floor":24.0},{"not_picked":["Wild Strike","Warcry"],"picked":"Whirlwind","floor":25.0},{"not_picked":["Perfected Strike+1","Thunderclap"],"picked":"Battle Trance","floor":27.0},{"not_picked":["Heavy Blade","Headbutt"],"picked":"True Grit","floor":31.0},{"not_picked":["ReplayTheSpireMod:Corrosion Curse","Entrench","Body Slam"],"picked":"SKIP","floor":31.0},{"not_picked":["Eclipse","Demon Form"],"picked":"Exhume","floor":33},{"not_picked":["Disarm","Shrug It Off+1"],"picked":"Massacre+1","floor":35},{"not_picked":["Burning Pact+1","Disarm","Run Through"],"picked":"SKIP","floor":35},{"not_picked":["ReplayTheSpireMod:Muscle Training","Perfected Strike","Spot Weakness"],"picked":"SKIP","floor":36},{"not_picked":["Anger+1","Armaments+1","Massacre"],"picked":"SKIP","floor":36},{"not_picked":["Perfected Strike+1","Massacre","Anger"],"picked":"SKIP","floor":39},{"not_picked":["Clothesline","Abandon+1","Inflame"],"picked":"SKIP","floor":39},{"not_picked":["Rupture","Metallicize"],"picked":"Barricade","floor":40},{"not_picked":["Havoc+1","Sever Soul","Whirlwind"],"picked":"SKIP","floor":42},{"not_picked":["Clothesline","Sever Soul","Perfected Strike"],"picked":"SKIP","floor":42},{"not_picked":["Run Through+1","Fire Breathing"],"picked":"Clash","floor":44},{"not_picked":["Demonic Infusion","Dark Embrace+1","Ghostly Armor+1"],"picked":"SKIP","floor":46},{"not_picked":["Shrug It Off","Clothesline+1","Sword Boomerang"],"picked":"SKIP","floor":48},{"not_picked":["Heavy Blade","Perfected Strike","Warcry+1"],"picked":"SKIP","floor":48}],"player_experience":400994,"relics_obtained":[{"floor":6.0,"key":"Replay:Mystery Machine"},{"floor":8.0,"key":"Oddly Smooth Stone"},{"floor":9.0,"key":"Replay:Accelerometer"},{"floor":10.0,"key":"Prayer Wheel"},{"floor":11.0,"key":"ReplayTheSpireMod:Lightbulb"},{"floor":23.0,"key":"Snack Pack"},{"floor":25.0,"key":"vexMod:Dragonfruit"},{"floor":26.0,"key":"War Paint"},{"floor":27.0,"key":"DemoMod:WhiteGuonStone"},{"floor":30.0,"key":"testmod-ArcanaOfDestiny"},{"floor":38,"key":"Ice Cream"},{"floor":40,"key":"Pet Ghost"},{"floor":43,"key":"ReplayTheSpireMod:Spearhead"},{"floor":44,"key":"Centennial Puzzle"}],"event_choices":[{"damage_healed":0.0,"max_hp_gain":0.0,"max_hp_loss":0.0,"gold_gain":0.0,"event_name":"Living Wall","player_choice":"Grow","floor":5.0,"gold_loss":0.0,"damage_taken":0.0,"cards_upgraded":["Pummel"]},{"damage_healed":0.0,"max_hp_gain":0.0,"max_hp_loss":0.0,"gold_gain":50.0,"event_name":"Nest","player_choice":"Stole From Cult","floor":21.0,"gold_loss":0.0,"damage_taken":0.0},{"cards_removed":["Strike_R"],"damage_healed":0.0,"max_hp_gain":0.0,"max_hp_loss":0.0,"gold_gain":0.0,"event_name":"Back to Basics","player_choice":"Elegance","floor":28.0,"gold_loss":0.0,"damage_taken":0.0},{"damage_healed":0,"gold_gain":0,"player_choice":"Fight","damage_taken":0,"max_hp_gain":0,"max_hp_loss":0,"event_name":"Mysterious Sphere","floor":38,"gold_loss":0},{"damage_healed":0,"gold_gain":0,"player_choice":"0 cards matched","damage_taken":0,"max_hp_gain":0,"max_hp_loss":0,"event_name":"Match and Keep!","floor":47,"gold_loss":0,"cards_obtained":[]}],"is_beta":false,"boss_relics":[{"not_picked":["testmod-PortableAltar","Runic Pyramid","testmod-StringDisintegrator"]},{"not_picked":["Velvet Choker","Replay:Wanted Poster"],"picked":"testmod-DeterminationOfClimber"}],"items_purged_floors":[0,0,14],"is_endless":false,"potions_floor_spawned":[6,8,12,16,19,24,27,31,35,36,39,46],"ascension_level":16}}