{"host":"svwqvw2il1zfkkg0","time":1609102691,"event":{"mods":["AchievementEnabler","BaseMod","BetterRewards","Colored Map","Colored Powertips","Custom Start","Downfall","GifTheSpireLib","Highlight Path","Hubris","Infinite Spire","Minty Spire (QoL Compilation)","Quick Restart","Replay The Spire","Shop Mod","StSLib","SuperFastMode"],"gold_per_floor":[119,136,148,164,164,164,196,196,220,220,235,247,114,128,128,226,226,246,87,105,125,136,136,156,156,156,156,171,206,221,19,19,121,121,141,151,169,169,187,187,218,234,257,267,48,61,76,89,89,89,89],"floor_reached":50,"playtime":1882,"items_purged":["Shame","Sickly"],"score":531,"play_id":"681e691a-5aaa-45da-bca0-fd97d9504083","local_time":"20201227125811","is_ascension_mode":false,"campfire_choices":[{"data":"Blade Dance","floor":6,"key":"SMITH"},{"floor":8,"key":"REST"},{"data":"Dagger Spray","floor":10,"key":"SMITH"},{"data":"hubris:Counter","floor":15,"key":"SMITH"},{"floor":23,"key":"REST"},{"floor":27,"key":"REST"},{"floor":32,"key":"REST"},{"data":"Blade Dance","floor":40,"key":"SMITH"}],"circlet_count":0,"master_deck":["Strike_G","Strike_G","Strike_G","Strike_G","Strike_G","Defend_G","Defend_G","Defend_G","Defend_G","Defend_G+1","Survivor+1","Neutralize","Sucker Punch","Dagger Spray+1","Blade Dance+1","Flying Knee","Poisoned Stab","hubris:Counter+1","Blade Dance+1","Replay:Bag of Tricks","CommonCold","Atom Bomb+1","Sucker Punch+1","Blade Dance+1","Masterful Stab","A Thousand Cuts","Prepared+1","Cloak And Dagger+1","Accuracy+1","Dagger Spray","Adrenaline","Cloak And Dagger+1"],"relics":["Ring of the Snake","Anchor","infinitespire:Satchel","Toy Ornithopter","Onion Ring","Replay:Ancient Bell","War Paint","Replay:Bottled Snecko","Ginger","White Beast Statue","SlaversCollar","hubris:FunFungus","ReplayTheSpireMod:Ninjato","Painkiller Herb","Centennial Puzzle","Replay:Mystery Machine","Sling"],"acts_visited":["Exordium","TheCity","TheBeyond"],"potions_floor_usage":[7,16,16,21,22,29,29,30,33,33,33,39,39,39,41,44,50,50,50],"damage_taken":[{"damage":1,"enemies":"Cultist","floor":1,"turns":5},{"damage":0,"enemies":"Small Slimes","floor":2,"turns":3},{"damage":16,"enemies":"infinitespire:Voidling","floor":3,"turns":4},{"damage":0,"enemies":"2 Fungi Beasts","floor":4,"turns":3},{"damage":18,"enemies":"Replay:BlueRogue","floor":7,"turns":4},{"damage":0,"enemies":"Red Slaver","floor":11,"turns":3},{"damage":0,"enemies":"Looter","floor":12,"turns":2},{"damage":0,"enemies":"3 Louse","floor":14,"turns":1},{"damage":29,"enemies":"Hexaghost","floor":16,"turns":6},{"damage":3,"enemies":"Chosen","floor":18,"turns":4},{"damage":29,"enemies":"2 Thieves","floor":20,"turns":4},{"damage":8,"enemies":"Shelled Parasite and Fungi","floor":21,"turns":4},{"damage":13,"enemies":"Centurion and Healer","floor":22,"turns":5},{"damage":0,"enemies":"Snake Plant","floor":24,"turns":1},{"damage":14,"enemies":"3 Cultists","floor":28,"turns":4},{"damage":19,"enemies":"Gremlin Leader","floor":29,"turns":3},{"damage":0,"enemies":"Chosen and Byrds","floor":30,"turns":3},{"damage":38,"enemies":"Collector","floor":33,"turns":4},{"damage":0,"enemies":"Orb Walker","floor":35,"turns":1},{"damage":4,"enemies":"3 Darklings","floor":36,"turns":3},{"damage":16,"enemies":"Writhing Mass","floor":37,"turns":3},{"damage":9,"enemies":"Maw","floor":39,"turns":3},{"damage":7,"enemies":"Nemesis","floor":41,"turns":3},{"damage":4,"enemies":"Transient","floor":42,"turns":5},{"damage":20,"enemies":"Spire Growth","floor":44,"turns":3},{"damage":11,"enemies":"Sphere and 2 Shapes","floor":46,"turns":2},{"damage":10,"enemies":"4 Shapes","floor":47,"turns":2},{"damage":0,"enemies":"Jaw Worm Horde","floor":48,"turns":2},{"damage":72,"enemies":"Time Eater","floor":50,"turns":4}],"seed_played":"-1264642746688686340","potions_obtained":[{"floor":3,"key":"PowerPotion"},{"floor":11,"key":"Energy Potion"},{"floor":14,"key":"AttackPotion"},{"floor":16,"key":"Block Potion"},{"floor":18,"key":"EssenceOfSteel"},{"floor":22,"key":"Death Potion"},{"floor":28,"key":"sneckomod:MuddlingPotion"},{"floor":29,"key":"Weak Potion"},{"floor":30,"key":"Milkshake"},{"floor":33,"key":"LifebloodPotion"},{"floor":35,"key":"Poison Potion"},{"floor":36,"key":"Doom Potion"},{"floor":38,"key":"Strength Potion"},{"floor":38,"key":"SkillPotion"},{"floor":39,"key":"FearPotion"},{"floor":41,"key":"Fruit Juice"},{"floor":42,"key":"Regen Potion"},{"floor":44,"key":"ColorlessPotion"}],"is_trial":false,"path_per_floor":["M","M","M","M","?","R","E","R","T","R","M","M","?","M","R","B",null,"M","$","M","M","M","R","M","AVR","T","R","M","E","M","$","R","B",null,"?","?","?","?","?","T","E","?","T","?","T","?","?","?","T","B"],"character_chosen":"THE_SILENT","items_purchased":["Atom Bomb+1","Adrenaline Potion","Regen Potion","AttackPotion","Sling","CunningPotion"],"campfire_rested":4,"item_purchase_floors":[19,19,31,31,45,45],"current_hp_per_floor":[69,69,60,60,60,60,42,63,63,63,63,63,63,63,63,41,70,67,67,38,35,27,48,48,48,48,69,55,46,51,51,70,46,70,70,66,50,50,56,56,59,55,55,49,49,38,28,28,50,0,0],"gold":89,"neow_bonus":"RANDOM_COMMON_RELIC","is_daily":false,"chose_seed":false,"campfire_upgraded":4,"win_rate":0.0,"timestamp":1609102691,"path_taken":["M","M","M","M","?","R","E","R","T","R","M","M","?","M","R","BOSS","M","$","M","?","M","R","M","AVR","T","R","M","E","M","$","R","BOSS","?","?","?","?","?","T","E","?","T","?","T","?","?","?","T","BOSS"],"items_purchased_type":["Card","Potion","Potion","Potion","Relic","Potion"],"build_version":"2020-12-22","purchased_purges":2,"victory":false,"max_hp_per_floor":[70,70,70,70,70,70,70,70,70,70,70,70,70,70,70,70,70,70,70,70,70,70,70,70,70,70,70,70,70,70,70,70,70,70,70,70,70,70,70,70,75,75,75,75,75,75,75,75,75,75,75],"card_choices":[{"not_picked":["Backflip","Noxious Fumes"],"picked":"Sucker Punch","floor":1},{"not_picked":["PiercingWail","Acrobatics"],"picked":"Dagger Spray","floor":2},{"not_picked":["Accuracy","Backstab"],"picked":"Blade Dance","floor":3},{"not_picked":["Well Laid Plans","Quick Slash"],"picked":"Flying Knee","floor":4},{"not_picked":["Footwork","hubris:SlightOfHand","Backflip"],"picked":"SKIP","floor":7},{"not_picked":["Noxious Fumes","Bouncing Flask"],"picked":"Poisoned Stab","floor":11},{"not_picked":["Outmaneuver","Grand Finale"],"picked":"hubris:Counter","floor":12},{"not_picked":["Setup","Dodge and Roll"],"picked":"Blade Dance","floor":14},{"not_picked":["ReplayTheSpireMod:From All Sides","Night Terror"],"picked":"Replay:Bag of Tricks","floor":16},{"not_picked":["Voices","hubris:Greed"],"picked":"Shame","floor":17},{"not_picked":["hubris:Compulsion","Amnesia"],"picked":"CommonCold","floor":17},{"not_picked":["Parasite","Delirium"],"picked":"Sickly","floor":17},{"not_picked":["Replay:Poison Smokescreen+1","ReplayTheSpireMod:Shiv Toss+1","Concentrate"],"picked":"SKIP","floor":18},{"not_picked":["Deflect","Deadly Poison"],"picked":"Sucker Punch+1","floor":20},{"not_picked":["Backflip","ReplayTheSpireMod:Speed Training+1","Poisoned Stab"],"picked":"SKIP","floor":21},{"not_picked":["Envenom","Reflex+1","Hidden Blade"],"picked":"SKIP","floor":22},{"not_picked":["Toxin Wave","PiercingWail+1","ReplayTheSpireMod:The Works"],"picked":"SKIP","floor":24},{"not_picked":["hubris:Counter","Fluid Movement+1"],"picked":"Blade Dance","floor":28},{"not_picked":["Grand Finale","hubris:SlightOfHand"],"picked":"Masterful Stab","floor":29},{"not_picked":["Acrobatics","PiercingWail","hubris:Counter"],"picked":"SKIP","floor":30},{"not_picked":["Grand Finale","Replay:Bag of Tricks"],"picked":"A Thousand Cuts","floor":33},{"not_picked":["PiercingWail+1","Bane+1"],"picked":"Prepared+1","floor":35},{"not_picked":["Slice","Blade Dance"],"picked":"Cloak And Dagger+1","floor":36},{"not_picked":["ReplayTheSpireMod:Tripwire+1","Blade Dance"],"picked":"Accuracy+1","floor":37},{"not_picked":["Dagger Throw","ReplayTheSpireMod:The Works+1"],"picked":"Dagger Spray","floor":39},{"not_picked":["Dagger Throw","Reflex+1"],"picked":"Adrenaline","floor":41},{"not_picked":["Deadly Poison+1","Prepared","Fluid Movement+1"],"picked":"SKIP","floor":42},{"not_picked":["hubris:SlightOfHand","Poisoned Stab","ReplayTheSpireMod:Exploit Weakness+1"],"picked":"SKIP","floor":44},{"not_picked":["ReplayTheSpireMod:Tripwire+1","Acrobatics","Prepared"],"picked":"SKIP","floor":46},{"not_picked":["Prepared+1","Dagger Throw+1","Skewer+1"],"picked":"SKIP","floor":47},{"not_picked":["Draining Mist+1","Caltrops+1"],"picked":"Cloak And Dagger+1","floor":48}],"player_experience":426918,"relics_obtained":[{"floor":7,"key":"infinitespire:Satchel"},{"floor":9,"key":"Toy Ornithopter"},{"floor":26,"key":"hubris:FunFungus"},{"floor":29,"key":"ReplayTheSpireMod:Ninjato"},{"floor":41,"key":"Centennial Puzzle"},{"floor":43,"key":"Replay:Mystery Machine"}],"event_choices":[{"damage_healed":0,"gold_gain":0,"player_choice":"Paid Gold","damage_taken":0,"relics_obtained":["Onion Ring"],"max_hp_gain":0,"max_hp_loss":0,"event_name":"WeMeetAgain","floor":13,"gold_loss":133},{"damage_healed":0,"gold_gain":0,"player_choice":"Got Potions","damage_taken":0,"max_hp_gain":0,"max_hp_loss":0,"event_name":"Lab","floor":38,"gold_loss":0}],"is_beta":false,"boss_relics":[{"not_picked":["Replay:Wanted Poster","Fusion Hammer"],"picked":"Replay:Ancient Bell"},{"not_picked":["Boot","Art of War"],"picked":"War Paint"},{"not_picked":["Replay:Accelerometer","Replay:Bottled Steam"],"picked":"Replay:Bottled Snecko"},{"not_picked":["The Specimen","Unceasing Top"],"picked":"Ginger"},{"not_picked":["Coffee Dripper","hubris:Stopwatch"],"picked":"Painkiller Herb"}],"items_purged_floors":[25,31],"is_endless":false,"potions_floor_spawned":[3,11,14,16,18,22,28,29,30,33,35,36,37,39,41,42,44,46,47,48],"killed_by":"Time Eater","ascension_level":0}}