{"host":"girf3bnli6r7x4ah","time":1609089212,"event":{"mods":["2.2 Compatiblity","AchievementEnabler","BaseMod","Colored Map","DeckTracker","Highlight Path","Minty Spire (QoL Compilation)","Random Character Button","Rare Cards Sparkle"],"gold_per_floor":[114,129,129,129,144,144,144,144,144,144,159,189,189,204,204,304,304,319,238,253,103,103,103,118,148,173,173,23,38,38,53,53,153,153,168,183,183,33,33,48,63,63,63],"floor_reached":42,"playtime":5602,"items_purged":[],"score":517,"play_id":"352e03dd-e237-4bfd-b8ac-e090437abfe9","local_time":"20201227181332","daily_mods":["Chimera","Red Cards","Lethality"],"is_ascension_mode":false,"campfire_choices":[{"floor":6,"key":"REST"},{"data":"ReachHeaven","floor":8,"key":"SMITH"},{"floor":15,"key":"REST"},{"data":"1","floor":23,"key":"LIFT"},{"data":"2","floor":30,"key":"LIFT"},{"data":"3","floor":32,"key":"LIFT"}],"circlet_count":0,"master_deck":["Bash+1","Survivor","Zap","Eruption","Strike_R","Strike_G","Strike_B","Defend_R","Defend_G","Defend_P","Armaments+1","ReachHeaven+1","Consecrate","Tantrum","Rampage","Dual Wield+1","Tantrum","Ghostly Armor+1","Ghostly","Ghostly","Ghostly","Ghostly","Ghostly","Echo Form","Vengeance+1","Inflame+1"],"relics":["PureWater","Regal Pillow","Question Card","Spirit Poop","Dead Branch","Girya","SlaversCollar","Lee\u0027s Waffle","Pantograph","Nunchaku","MutagenicStrength","PrismaticShard","Black Star","Damaru"],"acts_visited":["Exordium","TheCity","TheBeyond"],"potions_floor_usage":[16,16,20,33,35,41],"damage_taken":[{"damage":0,"enemies":"2 Louse","floor":1,"turns":1},{"damage":0,"enemies":"Small Slimes","floor":2,"turns":2},{"damage":0,"enemies":"Cultist","floor":5,"turns":2},{"damage":5,"enemies":"Blue Slaver","floor":11,"turns":2},{"damage":21,"enemies":"Lagavulin","floor":12,"turns":3},{"damage":3,"enemies":"Red Slaver","floor":14,"turns":2},{"damage":26,"enemies":"Hexaghost","floor":16,"turns":3},{"damage":26,"enemies":"Shell Parasite","floor":18,"turns":4},{"damage":15,"enemies":"2 Thieves","floor":20,"turns":2},{"damage":16,"enemies":"Shelled Parasite and Fungi","floor":24,"turns":6},{"damage":1,"enemies":"Book of Stabbing","floor":25,"turns":5},{"damage":2,"enemies":"3 Cultists","floor":29,"turns":3},{"damage":0,"enemies":"Snake Plant","floor":31,"turns":2},{"damage":0,"enemies":"Collector","floor":33,"turns":2},{"damage":4,"enemies":"3 Shapes","floor":35,"turns":3},{"damage":0,"enemies":"Orb Walker","floor":36,"turns":2},{"damage":2,"enemies":"Transient","floor":40,"turns":5},{"damage":28,"enemies":"Maw","floor":41,"turns":5},{"damage":29,"enemies":"Sphere and 2 Shapes","floor":42,"turns":3}],"seed_played":"4726349093531193793","potions_obtained":[{"floor":5,"key":"CultistPotion"},{"floor":11,"key":"BlessingOfTheForge"},{"floor":12,"key":"BottledMiracle"},{"floor":18,"key":"FearPotion"},{"floor":25,"key":"Fire Potion"},{"floor":29,"key":"DistilledChaos"},{"floor":35,"key":"Strength Potion"},{"floor":36,"key":"DuplicationPotion"}],"is_trial":false,"path_per_floor":["M","M","?","?","M","R","?","R","T","?","M","E","T","M","R","B",null,"M","$","M","$","?","R","M","E","T","?","$","M","R","M","R","B",null,"M","M","?","$","?","M","M","M"],"character_chosen":"WATCHER","items_purchased":["Tantrum","Lee\u0027s Waffle","PrismaticShard","Damaru"],"campfire_rested":2,"item_purchase_floors":[19,21,28,38],"current_hp_per_floor":[72,72,58,58,58,72,72,72,72,72,67,46,46,43,72,46,72,46,46,31,79,39,39,23,22,22,22,22,20,20,20,20,39,39,35,35,35,35,35,33,5,0,0],"gold":63,"neow_bonus":"","is_daily":true,"chose_seed":false,"campfire_upgraded":1,"win_rate":0.0,"timestamp":1609089212,"path_taken":["M","M","?","?","?","R","?","R","T","?","?","E","?","M","R","BOSS","M","?","?","$","?","R","M","E","T","?","?","M","R","M","R","BOSS","M","M","?","$","?","M","M","M"],"items_purchased_type":["Card","Relic","Relic","Relic"],"build_version":"2020-12-22","purchased_purges":0,"victory":false,"max_hp_per_floor":[72,72,72,72,72,72,72,72,72,72,72,72,72,72,72,72,72,72,72,72,79,39,39,39,39,39,39,39,39,39,39,39,39,39,39,39,39,39,39,39,39,39,39],"card_choices":[{"not_picked":["Warcry","Power Through"],"picked":"Armaments","floor":1},{"not_picked":["ThirdEye","Study"],"picked":"ReachHeaven","floor":2},{"not_picked":["Whirlwind","Wild Strike"],"picked":"Consecrate","floor":5},{"not_picked":["TalkToTheHand","EmptyFist","Wild Strike","PathToVictory"],"picked":"SKIP","floor":11},{"not_picked":["Metallicize","BowlingBash","Cleave"],"picked":"Tantrum","floor":12},{"not_picked":["Flex","Heavy Blade","Nirvana"],"picked":"Rampage","floor":14},{"not_picked":["Exhume","Judgement","Berserk"],"picked":"Devotion","floor":16},{"not_picked":["Fire Breathing","EmptyFist","Iron Wave+1"],"picked":"Dual Wield+1","floor":18},{"not_picked":["MentalFortress","EmptyFist+1","Evaluate"],"picked":"Ghostly Armor+1","floor":20},{"not_picked":["Reckless Charge","Evaluate","Seeing Red","EmptyFist"],"picked":"SKIP","floor":24},{"not_picked":["ThirdEye","EmptyMind","EmptyFist+1","CarveReality"],"picked":"SKIP","floor":25},{"not_picked":["Protect+1","Dagger Spray","Steam+1","Blizzard"],"picked":"SKIP","floor":29},{"not_picked":["Footwork","Warcry","True Grit","Consecrate"],"picked":"SKIP","floor":31},{"not_picked":["Creative AI","Establishment","Wraith Form v2"],"picked":"Echo Form","floor":33},{"not_picked":["Dagger Throw+1","FlyingSleeves","Blade Dance+1"],"picked":"Vengeance+1","floor":35},{"not_picked":["Halt","PiercingWail","Havoc+1"],"picked":"Inflame+1","floor":36},{"not_picked":["Dagger Throw","Well Laid Plans+1","Wild Strike+1","Clothesline+1"],"picked":"SKIP","floor":40},{"not_picked":["Ball Lightning+1","Seeing Red+1","Blur","Blizzard"],"picked":"SKIP","floor":41}],"player_experience":112601,"relics_obtained":[{"floor":9,"key":"Question Card"},{"floor":12,"key":"Dead Branch"},{"floor":13,"key":"Girya"},{"floor":25,"key":"Pantograph"},{"floor":26,"key":"Nunchaku"}],"event_choices":[{"damage_healed":0,"gold_gain":0,"player_choice":"Entered Light","damage_taken":14,"max_hp_gain":0,"max_hp_loss":0,"event_name":"Shining Light","floor":3,"gold_loss":0,"cards_upgraded":["Armaments","Bash"]},{"damage_healed":0,"gold_gain":0,"player_choice":"Bought 0 Potions","damage_taken":0,"max_hp_gain":0,"max_hp_loss":0,"event_name":"The Woman in Blue","floor":4,"gold_loss":0},{"damage_healed":0,"gold_gain":0,"player_choice":"Box","damage_taken":0,"relics_obtained":["Regal Pillow"],"max_hp_gain":0,"max_hp_loss":0,"event_name":"Big Fish","floor":7,"gold_loss":0,"cards_obtained":["Regret"]},{"cards_removed":["Regret"],"damage_healed":0,"gold_gain":0,"player_choice":"Offered Curse","damage_taken":0,"relics_obtained":["Spirit Poop"],"max_hp_gain":0,"max_hp_loss":0,"event_name":"Bonfire Elementals","floor":10,"gold_loss":0},{"damage_healed":0,"gold_gain":0,"player_choice":"Became a Ghost","damage_taken":0,"max_hp_gain":0,"max_hp_loss":40,"event_name":"Ghosts","floor":22,"gold_loss":0,"cards_obtained":["Ghostly","Ghostly","Ghostly","Ghostly","Ghostly"]},{"damage_healed":0,"gold_gain":0,"player_choice":"Inject Mutagens","damage_taken":0,"relics_obtained":["MutagenicStrength"],"max_hp_gain":0,"max_hp_loss":0,"event_name":"Drug Dealer","floor":27,"gold_loss":0},{"cards_removed":["Devotion"],"damage_healed":0,"gold_gain":0,"player_choice":"Removed Power","damage_taken":0,"max_hp_gain":0,"max_hp_loss":0,"event_name":"Falling","floor":37,"gold_loss":0},{"damage_healed":0,"gold_gain":0,"player_choice":"Ignored","damage_taken":0,"max_hp_gain":0,"max_hp_loss":0,"event_name":"Purifier","floor":39,"gold_loss":0}],"is_beta":false,"boss_relics":[{"not_picked":["Pandora\u0027s Box","Empty Cage"],"picked":"SlaversCollar"},{"not_picked":["Astrolabe","Tiny House"],"picked":"Black Star"}],"items_purged_floors":[],"is_endless":false,"potions_floor_spawned":[5,11,12,18,25,29,35,36],"killed_by":"Sphere and 2 Shapes","ascension_level":0}}