{"host":"uwh382mre4waz4ff","time":1609049957,"event":{"mods":["AchievementEnabler","BaseMod","Better Note","Better Third Choice","BetterRewards","Minty Spire (QoL Compilation)","Quick Restart","Shop Mod","StSLib"],"gold_per_floor":[116,116,16,27,27,27,48,48,72,72,72,72,18,18,18,147,147,160,184,12,36,50,50,50,50,129,142,142,142,142,166,166,292,355,379,379,712,762,778,806,806,509,534,534,548,200,200,248,248,248],"floor_reached":51,"playtime":2146,"items_purged":["Strike_R","Defend_R","Bash","Carnage+1","Flash of Steel"],"score":909,"play_id":"becf75bd-c4ac-4d5a-8cb5-4896d51cf832","local_time":"20201227141917","is_ascension_mode":false,"campfire_choices":[{"data":"1","floor":6,"key":"LIFT"},{"data":"Body Slam","floor":12,"key":"SMITH"},{"data":"Shrug It Off","floor":15,"key":"SMITH"},{"data":"Shrug It Off","floor":23,"key":"SMITH"},{"data":"2","floor":32,"key":"LIFT"},{"data":"3","floor":41,"key":"LIFT"},{"floor":49,"key":"REST"}],"circlet_count":0,"master_deck":["Defend_R+1","Body Slam+1","Shrug It Off+1","Shrug It Off+1","Body Slam+1"],"relics":["Burning Blood","Girya","Paper Frog","Pocketwatch","Nunchaku","Ornamental Fan","Matryoshka","Bag of Preparation","Pantograph","Prayer Wheel","Smiling Mask","Happy Flower","MerchantsRug","Dream Catcher","Bottled Lightning","Lantern","TheAbacus","Dead Branch"],"acts_visited":["Exordium","TheCity","TheBeyond"],"potions_floor_usage":[16,50,50,50],"damage_taken":[{"damage":0,"enemies":"2 Louse","floor":1,"turns":3},{"damage":6,"enemies":"Jaw Worm","floor":4,"turns":2},{"damage":0,"enemies":"Small Slimes","floor":7,"turns":2},{"damage":5,"enemies":"Slime Boss","floor":16,"turns":16},{"damage":0,"enemies":"Shell Parasite","floor":18,"turns":5},{"damage":0,"enemies":"2 Thieves","floor":19,"turns":4},{"damage":0,"enemies":"Centurion and Healer","floor":21,"turns":5},{"damage":0,"enemies":"3 Cultists","floor":22,"turns":5},{"damage":0,"enemies":"Snake Plant","floor":27,"turns":1},{"damage":0,"enemies":"Cultist and Chosen","floor":31,"turns":1},{"damage":0,"enemies":"Automaton","floor":33,"turns":2},{"damage":0,"enemies":"Orb Walker","floor":35,"turns":1},{"damage":0,"enemies":"Mind Bloom Boss Battle","floor":38,"turns":1},{"damage":0,"enemies":"3 Shapes","floor":39,"turns":2},{"damage":0,"enemies":"Nemesis","floor":40,"turns":2},{"damage":0,"enemies":"Sphere and 2 Shapes","floor":45,"turns":2},{"damage":0,"enemies":"2 Orb Walkers","floor":48,"turns":3},{"damage":0,"enemies":"Donu and Deca","floor":50,"turns":4}],"seed_played":"1921751142220364035","potions_obtained":[{"floor":1,"key":"ColorlessPotion"},{"floor":7,"key":"FairyPotion"},{"floor":19,"key":"Dexterity Potion"},{"floor":27,"key":"LiquidBronze"},{"floor":31,"key":"PowerPotion"},{"floor":34,"key":"HeartOfIron"},{"floor":38,"key":"Block Potion"},{"floor":39,"key":"HeartOfIron"}],"is_trial":false,"path_per_floor":["M","?","$","M","?","R","M","?","T","?","$","R","$","?","R","B",null,"M","M","$","M","M","R","?","T","T","M","?","$","?","M","R","B",null,"M","?","?","?","M","E","R","$","T","?","M","$","?","?","R","B",null],"character_chosen":"IRONCLAD","items_purchased":["Shrug It Off","Shrug It Off","Happy Flower","MerchantsRug","Lantern","TheAbacus"],"campfire_rested":1,"item_purchase_floors":[13,20,42,42,46,46],"current_hp_per_floor":[50,43,43,43,25,25,31,31,31,19,19,19,19,4,4,28,75,75,75,75,75,75,75,75,75,75,75,75,75,75,75,75,75,80,80,76,76,76,76,76,76,76,76,76,76,76,76,76,76,76],"gold":248,"neow_bonus":"","is_daily":false,"chose_seed":false,"campfire_upgraded":3,"win_rate":0.0,"timestamp":1609049957,"path_taken":["M","?","$","M","?","R","M","?","T","?","$","R","$","?","R","BOSS","M","M","$","M","M","R","?","?","T","?","?","?","?","M","R","BOSS","M","?","?","?","M","E","R","$","T","?","M","$","?","?","R","BOSS"],"items_purchased_type":["Card","Card","Relic","Relic","Relic","Relic"],"build_version":"2020-12-22","purchased_purges":5,"victory":true,"max_hp_per_floor":[75,75,75,75,75,75,75,75,75,75,75,75,75,75,75,75,75,75,75,75,75,75,75,75,75,75,75,75,75,75,75,75,75,80,80,76,76,76,76,76,76,76,76,76,76,76,76,76,76,76],"card_choices":[{"not_picked":["Flame Barrier","Warcry","Sword Boomerang"],"picked":"SKIP","floor":1},{"not_picked":["Flame Barrier","Burning Pact","Infernal Blade"],"picked":"SKIP","floor":4},{"not_picked":["Sword Boomerang","Anger"],"picked":"Body Slam","floor":7},{"not_picked":["Whirlwind","Dual Wield","Thunderclap"],"picked":"SKIP","floor":18},{"not_picked":["Sentinel","Rupture","Headbutt"],"picked":"SKIP","floor":19},{"not_picked":["Clothesline+1","Disarm","Havoc"],"picked":"SKIP","floor":21},{"not_picked":["Armaments+1","Twin Strike"],"picked":"Body Slam+1","floor":22},{"not_picked":["Second Wind","Clash+1","Dark Embrace+1"],"picked":"SKIP","floor":27},{"not_picked":["Inflame","Dual Wield","Perfected Strike"],"picked":"SKIP","floor":31},{"not_picked":["Blood for Blood+1","Cleave+1","Seeing Red"],"picked":"SKIP","floor":35},{"not_picked":["Perfected Strike+1","Rage+1","Heavy Blade+1"],"picked":"SKIP","floor":39},{"not_picked":["Heavy Blade+1","Fiend Fire","Armaments"],"picked":"SKIP","floor":39},{"not_picked":["Wild Strike+1","Thunderclap","Clothesline+1"],"picked":"SKIP","floor":40},{"not_picked":["Pommel Strike+1","Reaper","Cleave+1"],"picked":"SKIP","floor":45},{"not_picked":["Hemokinesis","Second Wind+1","Clothesline"],"picked":"SKIP","floor":45}],"player_experience":111076,"relics_obtained":[{"floor":9,"key":"Nunchaku"},{"floor":25,"key":"Matryoshka"},{"floor":26,"key":"Bag of Preparation"},{"floor":26,"key":"Pantograph"},{"floor":38,"key":"Prayer Wheel"},{"floor":40,"key":"Smiling Mask"},{"floor":43,"key":"Dream Catcher"},{"floor":43,"key":"Bottled Lightning"},{"floor":48,"key":"Dead Branch"}],"event_choices":[{"cards_removed":["Strike_R"],"damage_healed":0,"gold_gain":0,"player_choice":"Card Removal","damage_taken":7,"max_hp_gain":0,"max_hp_loss":0,"event_name":"Golden Wing","floor":2,"gold_loss":0},{"damage_healed":0,"gold_gain":0,"player_choice":"Take Damage","damage_taken":18,"relics_obtained":["Golden Idol"],"max_hp_gain":0,"max_hp_loss":0,"event_name":"Golden Idol","floor":5,"gold_loss":0},{"damage_healed":0,"gold_gain":0,"player_choice":"Ignored","damage_taken":48,"max_hp_gain":0,"max_hp_loss":0,"event_name":"betterThird:BetterSerpent","floor":8,"gold_loss":0},{"damage_healed":0,"gold_gain":0,"player_choice":"Relic ","damage_taken":12,"max_hp_gain":0,"max_hp_loss":0,"event_name":"betterThird:BetterScrap","floor":10,"gold_loss":0,"cards_obtained":["Masterful Stab"]},{"damage_healed":19,"gold_gain":0,"player_choice":"Upgrade","damage_taken":15,"max_hp_gain":0,"max_hp_loss":75,"event_name":"betterThird:BetterShining","floor":14,"gold_loss":0,"cards_upgraded":["Defend_R","Strike_R"]},{"cards_removed":["Defend_R"],"damage_healed":0,"gold_gain":0,"player_choice":"Purged","damage_taken":0,"max_hp_gain":0,"max_hp_loss":0,"event_name":"Purifier","floor":24,"gold_loss":0},{"damage_healed":0,"gold_gain":0,"cards_transformed":["Defend_R"],"player_choice":"Transformed","damage_taken":0,"max_hp_gain":0,"max_hp_loss":0,"event_name":"Transmorgrifier","floor":28,"gold_loss":0,"cards_obtained":["Carnage"]},{"damage_healed":0,"gold_gain":0,"player_choice":"Full Heal","damage_taken":0,"max_hp_gain":0,"max_hp_loss":0,"event_name":"Wheel of Change","floor":30,"gold_loss":0},{"damage_healed":0,"gold_gain":0,"player_choice":"Max HP","damage_taken":0,"max_hp_gain":0,"max_hp_loss":4,"event_name":"Winding Halls","floor":36,"gold_loss":0},{"damage_healed":0,"gold_gain":333,"player_choice":"Gave Idol","damage_taken":0,"max_hp_gain":0,"max_hp_loss":0,"event_name":"The Moai Head","floor":37,"relics_lost":["Golden Idol"],"gold_loss":0},{"damage_healed":0,"gold_gain":0,"player_choice":"Fight","damage_taken":0,"max_hp_gain":0,"max_hp_loss":0,"event_name":"MindBloom","floor":38,"gold_loss":0},{"damage_healed":0,"gold_gain":0,"player_choice":"Ignored","damage_taken":0,"max_hp_gain":0,"max_hp_loss":0,"event_name":"Tomb of Lord Red Mask","floor":44,"gold_loss":0},{"damage_healed":0,"gold_gain":0,"player_choice":"Memory 1","damage_taken":0,"max_hp_gain":0,"max_hp_loss":0,"event_name":"SensoryStone","floor":47,"gold_loss":0},{"damage_healed":0,"gold_gain":0,"player_choice":"Fight","damage_taken":0,"max_hp_gain":0,"max_hp_loss":0,"event_name":"Mysterious Sphere","floor":48,"gold_loss":0}],"is_beta":false,"boss_relics":[{"not_picked":["Velvet Choker","Black Star"],"picked":"Empty Cage"},{"not_picked":["Pandora\u0027s Box","Calling Bell"],"picked":"Tiny House"}],"items_purged_floors":[0,3,20,42,46],"is_endless":false,"potions_floor_spawned":[1,7,19,27,31,38,39],"ascension_level":0}}