{"host":"3asmp5aovk69ekg9","time":1609048539,"event":{"mods":["BaseMod","BetterRewards","Colored Powertips","Hermit","Koishi","Magitek Elite","Minty Spire (QoL Compilation)","Permanent Neow","Remove Card Discount Mod","Shade Mod","StSLib","The Alterego","The Cursed","The Death Knight","The Fake Hero","The IronCluck","The Marked","The Senshi","The Wild Card"],"gold_per_floor":[113,113,123,43,59,76,110,110,184,194,245,275,288,128,128,233,233,248,29,43,43,43,43,69,69,69,95,126,155,194,221,233,343,355,387,415,427,439,289,316,316,339,387,419,430,443,443,475,475,475,475,475,23,61,61],"floor_reached":56,"playtime":4433,"items_purged":["theWildCard:BasicDefend","theWildCard:BasicStrike","theWildCard:BasicStrike","theWildCard:Arsene","theWildCard:BasicStrike","theWildCard:BasicDefend","theWildCard:BasicStrike","theWildCard:CallToAdventure","theWildCard:BasicDefend","theWildCard:BasicDefend","Good Instincts","theWildCard:Salvation","Madness","Madness","theWildCard:Providence+1"],"score":2609,"play_id":"f16ec04a-50ae-43a2-b94d-fe6b584aaecc","local_time":"20201226215539","is_ascension_mode":true,"campfire_choices":[{"data":"theWildCard:Providence","floor":8.0,"key":"SMITH"},{"data":"theWildCard:TheGreatSeal","floor":15.0,"key":"SMITH"},{"data":"theWildCard:Desolation","floor":23.0,"key":"SMITH"},{"data":"theWildCard:Abstinence","floor":32.0,"key":"SMITH"},{"data":"Dramatic Entrance","floor":41.0,"key":"SMITH"},{"floor":47,"key":"RECALL"},{"data":"Finesse","floor":49,"key":"SMITH"},{"data":"theWildCard:Salvation","floor":52,"key":"SMITH"}],"circlet_count":0,"master_deck":["theWildCard:Salvation+1","theWildCard:Providence+1","Dramatic Entrance+1","theWildCard:Desolation+1","Finesse+1","theWildCard:TheGreatSeal+1","theWildCard:Abstinence+1","theWildCard:Abstinence+1","theWildCard:Abstinence+1","theWildCard:Abstinence+1"],"relics":["theWildCard:VelvetContract","Oddly Smooth Stone","Vajra","HandDrill","Mythril_Glove","theSenshi:SpiralHeartMoonRodRelic","Toolbox","Ice Cream","Pantograph","Strawberry","Boot","theWildCard:FigureOfDeath","Medical Kit","MutagenicStrength","Frozen Egg 2","Omamori","MawBank","HornCleat","Golden_Hairpin","theSenshi:SailorFukuRelic","DeathKnight:PutricidesVial","CeramicFish","Lantern","Kunai","Torii","Guard_Bracelet","Gambling Chip"],"acts_visited":["Exordium","TheCity","TheBeyond","TheEnding"],"potions_floor_usage":[55,55,55],"damage_taken":[{"damage":0.0,"enemies":"Small Slimes","floor":1.0,"turns":2.0},{"damage":0.0,"enemies":"Jaw Worm","floor":3.0,"turns":1.0},{"damage":0.0,"enemies":"2 Louse","floor":5.0,"turns":1.0},{"damage":0.0,"enemies":"Looter","floor":6.0,"turns":1.0},{"damage":0.0,"enemies":"3 Sentries","floor":7.0,"turns":1.0},{"damage":0.0,"enemies":"2 Fungi Beasts","floor":10.0,"turns":1.0},{"damage":0.0,"enemies":"Lagavulin","floor":12.0,"turns":2.0},{"damage":0.0,"enemies":"Red Slaver","floor":13.0,"turns":1.0},{"damage":0.0,"enemies":"The Guardian","floor":16.0,"turns":4.0},{"damage":0.0,"enemies":"Shell Parasite","floor":18.0,"turns":1.0},{"damage":0.0,"enemies":"2 Thieves","floor":20.0,"turns":2.0},{"damage":0.0,"enemies":"Book of Stabbing","floor":24.0,"turns":2.0},{"damage":0.0,"enemies":"Slavers","floor":27.0,"turns":1.0},{"damage":2.0,"enemies":"Shelled Parasite and Fungi","floor":28.0,"turns":2.0},{"damage":0.0,"enemies":"Centurion and Healer","floor":29.0,"turns":2.0},{"damage":0.0,"enemies":"Gremlin Leader","floor":30.0,"turns":2.0},{"damage":0.0,"enemies":"Chosen and Byrds","floor":31.0,"turns":2.0},{"damage":0.0,"enemies":"Automaton","floor":33.0,"turns":3.0},{"damage":0.0,"enemies":"3 Darklings","floor":35.0,"turns":1.0},{"damage":0.0,"enemies":"Orb Walker","floor":36.0,"turns":2.0},{"damage":0.0,"enemies":"Reptomancer","floor":40.0,"turns":2.0},{"damage":0,"enemies":"Nemesis","floor":44,"turns":3},{"damage":0,"enemies":"3 Darklings","floor":45,"turns":1},{"damage":0,"enemies":"Transient","floor":46,"turns":4},{"damage":0,"enemies":"Giant Head","floor":48,"turns":3},{"damage":0,"enemies":"Donu and Deca","floor":50,"turns":3},{"damage":0,"enemies":"Shield and Spear","floor":54,"turns":3},{"damage":2,"enemies":"The Heart","floor":55,"turns":5}],"seed_played":"-7102543020107184388","potions_obtained":[{"floor":3.0,"key":"ColorlessPotion"},{"floor":7.0,"key":"Fruit Juice"},{"floor":10.0,"key":"ColorlessPotion"},{"floor":12.0,"key":"FairyPotion"},{"floor":27.0,"key":"Block Potion"},{"floor":28.0,"key":"SkillPotion"},{"floor":30.0,"key":"Fruit Juice"},{"floor":40.0,"key":"EntropicBrew"},{"floor":46,"key":"EssenceOfSteel"}],"is_trial":false,"path_per_floor":["M","?","M","$","M","M","E","R","T","M","?","E","M","$","R","B",null,"M","$","M","?","?","R","E","?","T","E","M","M","E","M","R","B",null,"M","M","?","?","$","E","R","T","T","E","M","M","R","E","R","B",null,"R","$","E","B",null],"character_chosen":"THE_WILD_CARD","items_purchased":["Oddly Smooth Stone","Vajra","Good Instincts","theWildCard:Salvation","theWildCard:Providence","theWildCard:Providence","Dramatic Entrance","HandDrill","Mythril_Glove","theSenshi:SpiralHeartMoonRodRelic","theWildCard:Desolation","Finesse","Toolbox","Dexterity Potion","theWildCard:TheGreatSeal","Boot","Medical Kit","theWildCard:Abstinence","theSenshi:SailorFukuRelic","Torii","Guard_Bracelet"],"campfire_rested":0,"item_purchase_floors":[0,0,0,0,0,0,0,0,0,0,0,0,0,0,4,14,19,19,39,53,53],"current_hp_per_floor":[23,23,25,25,31,35,46,46,46,50,50,61,65,65,65,72,72,72,72,72,72,72,72,72,72,72,72,72,72,77,77,77,77,77,77,77,67,67,67,71,71,71,71,75,77,77,77,77,77,77,77,77,77,77,77],"gold":61,"neow_bonus":"","is_daily":false,"chose_seed":false,"campfire_upgraded":7,"win_rate":0.0,"timestamp":1609048539,"path_taken":["M","?","M","$","M","M","E","R","T","M","?","E","M","$","R","BOSS","M","$","M","?","?","R","E","?","T","E","M","?","E","M","R","BOSS","M","?","?","?","?","E","R","?","T","E","?","M","R","E","R","BOSS","R","$","E","BOSS"],"items_purchased_type":["Relic","Relic","Card","Card","Card","Card","Card","Relic","Relic","Relic","Card","Card","Relic","Potion","Card","Relic","Relic","Card","Relic","Relic","Relic"],"build_version":"2020-12-22","purchased_purges":15,"victory":true,"max_hp_per_floor":[60,60,60,60,60,60,65,65,65,65,65,72,72,72,72,72,72,72,72,72,72,72,72,72,72,72,72,72,72,77,77,77,77,77,77,77,77,77,77,77,77,77,77,77,77,77,77,77,77,77,77,77,77,77,77],"card_choices":[{"not_picked":["theWildCard:EnergizedStroke","theWildCard:Scathach","theWildCard:Loki"],"picked":"SKIP","floor":1.0},{"not_picked":["theWildCard:MagicMettle","theWildCard:SeveringSlash","theWildCard:PaleRider"],"picked":"SKIP","floor":3.0},{"not_picked":["theWildCard:LadyLuck","theWildCard:Safeguard","theWildCard:SacrificialStroke"],"picked":"SKIP","floor":5.0},{"not_picked":["theWildCard:Unburden","theWildCard:UnendingRitual"],"picked":"theWildCard:Salvation","floor":6.0},{"not_picked":["theWildCard:MagicMettle","theWildCard:Michael","theWildCard:MaskChange"],"picked":"SKIP","floor":7.0},{"not_picked":["theWildCard:StalwartBlade","theWildCard:SeveringSlash"],"picked":"theWildCard:Abstinence","floor":10.0},{"not_picked":["theWildCard:UnderLockAndKey","theWildCard:EnergyTheft","theWildCard:ArcanaArtistry"],"picked":"SKIP","floor":12.0},{"not_picked":["theWildCard:Patience","theWildCard:IdentityTheft","theWildCard:PaleRider"],"picked":"SKIP","floor":13.0},{"not_picked":["theWildCard:Polydeuces","theWildCard:Sakuya","theWildCard:Michael"],"picked":"SKIP","floor":18.0},{"not_picked":["theWildCard:PaleRider+1","theWildCard:SeveringSlash","theWildCard:MagicalMight"],"picked":"SKIP","floor":20.0},{"not_picked":["theWildCard:Satanael","theWildCard:FuelForTheFire+1"],"picked":"theWildCard:Abstinence+1","floor":24.0},{"not_picked":["theWildCard:Michael","theWildCard:EnergizedStroke","theWildCard:BladeOfGenerations"],"picked":"SKIP","floor":27.0},{"not_picked":["theWildCard:SeveringSlash","theWildCard:EnergyTheft","theWildCard:Sakuya+1"],"picked":"SKIP","floor":28.0},{"not_picked":["theWildCard:ArcaneArts","theWildCard:ManOfManyFaces+1","theWildCard:ArcanaArtistry+1"],"picked":"SKIP","floor":29.0},{"not_picked":["theWildCard:ArchaicAssault","theWildCard:Loki+1","theWildCard:CryOfAgony"],"picked":"SKIP","floor":30.0},{"not_picked":["theWildCard:MagicalMight","theWildCard:Odin","theWildCard:Scathach"],"picked":"SKIP","floor":31.0},{"not_picked":["theWildCard:Unburden","theWildCard:MagicMettle+1","theWildCard:SeveringSlash+1"],"picked":"SKIP","floor":35.0},{"not_picked":["theWildCard:Safeguard+1","theWildCard:PaleRider+1","theWildCard:EnergyTheft+1"],"picked":"SKIP","floor":36.0},{"not_picked":["theWildCard:StalwartBlade","theWildCard:SeveringSlash","theWildCard:ArchaicAssault+1"],"picked":"SKIP","floor":40.0},{"not_picked":["theWildCard:Providence","theWildCard:StingingStrike","theWildCard:ArchaicAssault"],"picked":"SKIP","floor":44},{"not_picked":["theWildCard:LadyLuck","theWildCard:ShieldOfMany+1","theWildCard:SacrificialStroke+1"],"picked":"SKIP","floor":45},{"not_picked":["theWildCard:MagicalMight","theWildCard:StingingStrike","theWildCard:Loki"],"picked":"SKIP","floor":46},{"not_picked":["theWildCard:ArcaneArts+1","theWildCard:ArcanaArtistry+1","theWildCard:StalwartBlade"],"picked":"SKIP","floor":48},{"not_picked":["theWildCard:StingingStrike","theWildCard:PaleRider"],"picked":"theWildCard:Abstinence+1","floor":54}],"player_experience":1148909,"relics_obtained":[{"floor":7.0,"key":"Ice Cream"},{"floor":9.0,"key":"Pantograph"},{"floor":12.0,"key":"Strawberry"},{"floor":24.0,"key":"Frozen Egg 2"},{"floor":26.0,"key":"Omamori"},{"floor":27.0,"key":"MawBank"},{"floor":30.0,"key":"HornCleat"},{"floor":40.0,"key":"DeathKnight:PutricidesVial"},{"floor":43,"key":"CeramicFish"},{"floor":44,"key":"Lantern"},{"floor":48,"key":"Kunai"},{"floor":54,"key":"Gambling Chip"}],"event_choices":[{"damage_healed":0.0,"max_hp_gain":0.0,"max_hp_loss":0.0,"gold_gain":0.0,"event_name":"Living Wall","player_choice":"Grow","floor":2.0,"gold_loss":0.0,"damage_taken":0.0,"cards_upgraded":["theWildCard:Providence"]},{"damage_healed":0.0,"max_hp_gain":0.0,"max_hp_loss":0.0,"gold_gain":51.0,"event_name":"Golden Wing","player_choice":"Gained Gold","floor":11.0,"gold_loss":0.0,"damage_taken":0.0},{"damage_healed":0.0,"max_hp_gain":0.0,"max_hp_loss":0.0,"gold_gain":0.0,"event_name":"Drug Dealer","player_choice":"Inject Mutagens","floor":21.0,"gold_loss":0.0,"damage_taken":0.0,"relics_obtained":["MutagenicStrength"]},{"damage_healed":0.0,"max_hp_gain":0.0,"max_hp_loss":0.0,"gold_gain":0.0,"event_name":"Vampires","player_choice":"Ignored","floor":22.0,"gold_loss":0.0,"damage_taken":0.0},{"damage_healed":0.0,"max_hp_gain":0.0,"max_hp_loss":0.0,"gold_gain":0.0,"event_name":"Accursed Blacksmith","player_choice":"Forge","floor":25.0,"gold_loss":0.0,"damage_taken":0.0,"cards_upgraded":["theWildCard:Abstinence"]},{"damage_healed":0.0,"max_hp_gain":0.0,"max_hp_loss":0.0,"gold_gain":0.0,"event_name":"Winding Halls","player_choice":"Embrace Madness","floor":37.0,"gold_loss":0.0,"damage_taken":10.0,"cards_obtained":["Madness","Madness"]},{"damage_healed":0.0,"max_hp_gain":0.0,"max_hp_loss":0.0,"gold_gain":0.0,"event_name":"Tomb of Lord Red Mask","player_choice":"Ignored","floor":38.0,"gold_loss":0.0,"damage_taken":0.0}],"is_beta":false,"boss_relics":[{"not_picked":["Runic Dome","Tiny House"],"picked":"theWildCard:FigureOfDeath"},{"not_picked":["Black Star","Pandora\u0027s Box"],"picked":"Golden_Hairpin"}],"items_purged_floors":[0,0,0,0,0,0,4,4,4,4,14,14,39,39,39],"is_endless":false,"potions_floor_spawned":[3,7,10,12,20,27,28,30,40,46],"ascension_level":7}}