{"host":"ixenv8b8actib82w","time":1609065681,"event":{"mods":["Act Like it!","BaseMod","Conspire","Gremlin Mod","Minty Spire (QoL Compilation)","Replay The Spire","Spicy Shops","StSLib","The Dragon Tamer","The Hierophant","The Jungle","vexMod"],"gold_per_floor":[112,112,112,112,174,174,190,205,205,255,267,267,1,51,51,155,155,174,258,271,321,371,406,406,28,55,204,204,85,113,163,163,260,260,279,370,420,498,512,512,538,538,562,587,619,669,719,769,769,858],"floor_reached":51,"playtime":4243,"items_purged":[],"score":756,"play_id":"35c3e66c-5fa6-499f-b723-94d85cce7490","local_time":"20201227184121","is_ascension_mode":false,"campfire_choices":[{"data":"Gremlin:Tadah","floor":6,"key":"SMITH"},{"floor":12,"key":"REST"},{"data":"Gremlin:TwistTheKnife","floor":15,"key":"SMITH"},{"floor":28,"key":"REST"},{"floor":32,"key":"REST"},{"data":"Gremlin:Unforgiving","floor":40,"key":"SMITH"},{"data":"Gremlin:ArmsTheft","floor":40,"key":"SMITH"},{"floor":42,"key":"REST"},{"data":"Gremlin:InfiniteBlocks","floor":49,"key":"SMITH"},{"data":"Gremlin:Glimmer","floor":49,"key":"SMITH"}],"circlet_count":0,"master_deck":["Gremlin:Strike+1","Gremlin:Strike+1","Gremlin:Strike+1","Gremlin:Defend+1","Gremlin:Defend+1","Gremlin:Defend+1","Gremlin:Defend+1","Gremlin:TagTeam","Gremlin:GremlinDance","Gremlin:Pretaliation","Gremlin:Mockery","Gremlin:Tadah+1","Gremlin:BulkUp","Gremlin:Patsy","Gremlin:Glimmer+1","Gremlin:TwistTheKnife+1","Gremlin:Unforgiving+1","Gremlin:Jeer","Gremlin:BubbleBarrier","Gremlin:Enthusiasm+1","Gremlin:InfiniteBlocks+1","Gremlin:Stupend","Gremlin:ArmsTheft+1","Survey Options","Gremlin:Irritability","Gremlin:Fury","Gremlin:SharpenBlades+1","Gremlin:GlitterGuard","Decay","Gremlin:CounterStrike","Gremlin:GremlinArms+1","Gremlin:ShankStone+1","Gremlin:GlitterGuard","Gremlin:Tricksy+1"],"relics":["Gremlin:GremlinKnob","vexMod:InvisibilityCloak","SsserpentHead","Mercury Hourglass","Nunchaku","conspire:TreasureMap","Replay:Bottled Flurry","vexMod:DeviousBotling","conspire:TopHat","vexMod:ConsolationPrize","Gremlin:StolenMerchandise","Replay:Kaleidoscope","Strawberry","Enchiridion","vexMod:TanglingVine","Replay:Arrowhead","Centennial Puzzle","Tiny Chest","vexMod:RetaliationKit"],"acts_visited":["Exordium","TheCity","TheBeyond"],"potions_floor_usage":[18,18,23,30,33,50],"damage_taken":[{"damage":3,"enemies":"conspire:RoseBush","floor":1,"turns":4},{"damage":0,"enemies":"Jaw Worm","floor":5,"turns":4},{"damage":1,"enemies":"Small Slimes","floor":7,"turns":3},{"damage":6,"enemies":"Red Slaver","floor":8,"turns":4},{"damage":7,"enemies":"Exordium Wildlife","floor":11,"turns":4},{"damage":41,"enemies":"Slime Boss","floor":16,"turns":11},{"damage":15,"enemies":"Spheric Guardian","floor":18,"turns":4},{"damage":31,"enemies":"conspire:MimicChest","floor":19,"turns":7},{"damage":0,"enemies":"3 Byrds","floor":20,"turns":5},{"damage":6,"enemies":"conspire:Head Lice","floor":23,"turns":4},{"damage":11,"enemies":"Centurion and Healer","floor":30,"turns":4},{"damage":6,"enemies":"Champ","floor":33,"turns":12},{"damage":0,"enemies":"3 Shapes","floor":35,"turns":5},{"damage":0,"enemies":"Mind Bloom Boss Battle","floor":36,"turns":9},{"damage":9,"enemies":"3 Darklings","floor":38,"turns":4},{"damage":0,"enemies":"Maw","floor":39,"turns":5},{"damage":10,"enemies":"Spire Growth","floor":41,"turns":5},{"damage":0,"enemies":"Reptomancer","floor":44,"turns":3},{"damage":16,"enemies":"Sphere and 2 Shapes","floor":45,"turns":4},{"damage":89,"enemies":"conspire:OrnateMirror","floor":50,"turns":10}],"seed_played":"-1059279465169238183","potions_obtained":[{"floor":1,"key":"Languid Potion"},{"floor":7,"key":"Death Potion"},{"floor":8,"key":"Reflective Coating"},{"floor":23,"key":"Explosive Potion"},{"floor":30,"key":"EssenceOfSteel"},{"floor":35,"key":"SpeedPotion"}],"is_trial":false,"path_per_floor":["M","?","T","?","M","R","M","M","T","?","M","R","$","T","R","B",null,"M","?","M","?","?","E","R","$","T","?","R","$","M","?","R","B",null,"M","?","?","M","M","R","M","R","T","E","M","?","?","T","R","B",null],"character_chosen":"GREMLIN","items_purchased":["Nunchaku","Gremlin:TwistTheKnife","conspire:TreasureMap","Gremlin:StolenMerchandise","Replay:Kaleidoscope","Gremlin:Stupend","Gremlin:ArmsTheft","Survey Options"],"campfire_rested":4,"item_purchase_floors":[13,13,13,25,25,25,29,29],"current_hp_per_floor":[18,18,18,18,18,18,21,21,21,21,19,21,21,21,21,21,21,11,9,9,5,5,12,12,12,14,14,20,20,18,10,16,14,23,23,23,23,14,14,14,9,15,15,15,6,6,20,20,20,5],"gold":858,"neow_bonus":"TEN_PERCENT_HP_BONUS","is_daily":false,"chose_seed":false,"campfire_upgraded":6,"win_rate":0.0,"timestamp":1609065681,"path_taken":["M","?","?","?","?","R","M","M","T","?","M","R","$","?","R","BOSS","M","?","M","?","?","E","R","$","T","?","R","?","M","?","R","BOSS","M","?","?","?","M","R","M","R","T","E","M","?","?","?","R","BOSS"],"items_purchased_type":["Relic","Card","Relic","Relic","Relic","Card","Card","Card"],"build_version":"2020-12-22","purchased_purges":0,"victory":true,"max_hp_per_floor":[21,21,21,21,21,21,21,21,21,21,21,21,21,21,21,21,21,21,21,21,22,22,22,21,21,23,23,23,23,23,23,23,23,23,23,23,23,23,23,23,23,23,23,23,23,23,20,20,20,20],"card_choices":[{"not_picked":["Gremlin:EdibleArmor","Gremlin:DaggerDance"],"picked":"Gremlin:Pretaliation","floor":1},{"not_picked":["Gremlin:Scatter","Gremlin:DaggerDance"],"picked":"Gremlin:Tadah","floor":5},{"not_picked":["Gremlin:GremlinMeal","Gremlin:ShowOfHands"],"picked":"Gremlin:BulkUp","floor":7},{"not_picked":["Gremlin:GremlinOffensive","Gremlin:PourSalt"],"picked":"Gremlin:Patsy","floor":8},{"not_picked":["Gremlin:Pinprick","Gremlin:BubbleBarrier"],"picked":"Gremlin:Glimmer","floor":11},{"not_picked":["Gremlin:ShowStopper","Gremlin:TargetWeakness"],"picked":"Gremlin:Unforgiving","floor":16},{"not_picked":["Gremlin:DaggerDance+1","Gremlin:GremlinArms"],"picked":"Gremlin:Jeer","floor":18},{"not_picked":["Gremlin:CatScratch","Gremlin:Revel"],"picked":"Gremlin:BubbleBarrier","floor":19},{"not_picked":["Gremlin:Rhythm","Gremlin:ShowOfHands+1"],"picked":"Gremlin:Enthusiasm+1","floor":20},{"not_picked":["Gremlin:Patsy","Gremlin:Pretaliation"],"picked":"Gremlin:InfiniteBlocks","floor":23},{"not_picked":["Gremlin:BubbleBarrier","Gremlin:Changeo"],"picked":"Gremlin:Irritability","floor":30},{"not_picked":["Gremlin:Encore","Gremlin:BrokenShin"],"picked":"Gremlin:Fury","floor":33},{"not_picked":["Gremlin:Pinprick","Gremlin:FanOfKnives+1"],"picked":"Gremlin:SharpenBlades+1","floor":35},{"not_picked":["Gremlin:PourSalt","Gremlin:Stupend"],"picked":"Gremlin:GlitterGuard","floor":36},{"not_picked":["Gremlin:Irritability","Gremlin:TwistTheKnife"],"picked":"Gremlin:CounterStrike","floor":38},{"not_picked":["Gremlin:Raid","Gremlin:PourSalt+1"],"picked":"Gremlin:GremlinArms+1","floor":39},{"not_picked":["Gremlin:CatScratch","Gremlin:GlitterGuard+1"],"picked":"Gremlin:ShankStone+1","floor":41},{"not_picked":["Gremlin:Pinprick","Gremlin:Tricksy"],"picked":"Gremlin:GlitterGuard","floor":44},{"not_picked":["Gremlin:Mockery","Gremlin:CatScratch"],"picked":"Gremlin:Tricksy+1","floor":45}],"player_experience":69648,"relics_obtained":[{"floor":3,"key":"vexMod:InvisibilityCloak"},{"floor":9,"key":"Mercury Hourglass"},{"floor":14,"key":"Replay:Bottled Flurry"},{"floor":19,"key":"conspire:TopHat"},{"floor":23,"key":"vexMod:ConsolationPrize"},{"floor":26,"key":"Strawberry"},{"floor":31,"key":"Enchiridion"},{"floor":36,"key":"Replay:Arrowhead"},{"floor":43,"key":"Centennial Puzzle"},{"floor":44,"key":"Tiny Chest"},{"floor":48,"key":"vexMod:RetaliationKit"}],"event_choices":[{"damage_healed":0,"gold_gain":0,"cards_transformed":["Gremlin:Strike"],"player_choice":"Change","damage_taken":0,"max_hp_gain":0,"max_hp_loss":0,"event_name":"Living Wall","floor":2,"gold_loss":0,"cards_obtained":["Gremlin:Mockery"]},{"damage_healed":0,"gold_gain":0,"player_choice":"Trade","damage_taken":0,"relics_obtained":["SsserpentHead"],"max_hp_gain":0,"max_hp_loss":0,"event_name":"FaceTrader","floor":4,"gold_loss":0},{"damage_healed":0,"gold_gain":0,"player_choice":"Got Potions","damage_taken":0,"max_hp_gain":0,"max_hp_loss":0,"event_name":"Lab","floor":10,"gold_loss":0},{"damage_healed":0,"gold_gain":0,"player_choice":"Shed Blood","damage_taken":5,"max_hp_gain":5,"max_hp_loss":0,"event_name":"Forgotten Altar","floor":21,"gold_loss":0},{"damage_healed":0,"gold_gain":0,"player_choice":"Simplicity","damage_taken":0,"max_hp_gain":0,"max_hp_loss":0,"event_name":"Back to Basics","floor":22,"gold_loss":0,"cards_upgraded":["Gremlin:Strike","Gremlin:Strike","Gremlin:Strike","Gremlin:Defend","Gremlin:Defend","Gremlin:Defend","Gremlin:Defend"]},{"damage_healed":0,"gold_gain":99,"player_choice":"Stole From Cult","damage_taken":0,"max_hp_gain":0,"max_hp_loss":0,"event_name":"Nest","floor":27,"gold_loss":0},{"damage_healed":0,"gold_gain":0,"player_choice":"Obtained Book","damage_taken":8,"max_hp_gain":0,"max_hp_loss":0,"event_name":"Cursed Tome","floor":31,"gold_loss":0},{"damage_healed":0,"gold_gain":0,"player_choice":"Fight","damage_taken":0,"max_hp_gain":0,"max_hp_loss":0,"event_name":"MindBloom","floor":36,"gold_loss":0},{"damage_healed":0,"gold_gain":0,"player_choice":"Cursed","damage_taken":0,"max_hp_gain":0,"max_hp_loss":0,"event_name":"Wheel of Change","floor":37,"gold_loss":0,"cards_obtained":["Decay"]},{"damage_healed":0,"gold_gain":0,"player_choice":"Ignored","damage_taken":0,"max_hp_gain":0,"max_hp_loss":0,"event_name":"Tomb of Lord Red Mask","floor":46,"gold_loss":0},{"damage_healed":20,"gold_gain":0,"player_choice":"Heal","damage_taken":0,"max_hp_gain":0,"max_hp_loss":3,"event_name":"The Moai Head","floor":47,"gold_loss":0}],"is_beta":false,"boss_relics":[{"not_picked":["Kintsugi","SlaversCollar"],"picked":"vexMod:DeviousBotling"},{"not_picked":["Fusion Hammer","Busted Crown"],"picked":"vexMod:TanglingVine"}],"items_purged_floors":[],"is_endless":false,"potions_floor_spawned":[1,7,8,16,23,30,35,36,44],"ascension_level":0}}