{"host":"c5slkkw8hp42e20v","time":1609053811,"event":{"mods":["AchievementEnabler","BaseMod","Better Note","BetterRewards","Colored Powertips","DeckTracker","Duelist Mod","GifTheSpireLib","Hermit","Highlight Path","Minty Spire (QoL Compilation)","Quick Restart","Rare Cards Sparkle","Replay The Spire","Spicy Shops","StSLib","The Animator","The Hierophant","The Poker Player"],"gold_per_floor":[127,147,147,147,147,147,196,223,223,241,267,286,286,313,313,421,421,448,448,448,60,60,106,129,175,175,202,47,47,120,139,139,247,247,274,295,334,384,417,417,467,517,517,558,61,80,127,158,158,174,174,174,2,53,75,75],"floor_reached":55,"playtime":5045,"items_purged":["Strike_R","theDuelist:GravekeeperCurse","Doubt"],"score":1146,"play_id":"a6336b24-770e-44c9-ad5d-f7eeb45dd04d","local_time":"20201227012331","is_ascension_mode":false,"campfire_choices":[{"data":"Twin Strike","floor":6,"key":"SMITH"},{"floor":13,"key":"REST"},{"floor":15,"key":"RECALL"},{"floor":29,"key":"REST"},{"data":"Metallicize","floor":32,"key":"SMITH"},{"floor":40,"key":"REST"},{"floor":49,"key":"REST"},{"floor":52,"key":"REST"}],"circlet_count":1,"master_deck":["Strike_R","Defend_R","Defend_R","Pommel Strike+1","ReplayTheSpireMod:Stacked","Twin Strike+1","Eruption","Armaments","ReplayReversal","Warcry","Pommel Strike","Metallicize+1","Demon Form+1","Twin Strike+1","Clothesline","Warcry+1","Flame Barrier+1","Metallicize+1","Iron Wave+1","Sword Boomerang+1","Pommel Strike+1","Limit Break","theDuelist:DuelistAscender","ReplayTheSpireMod:Limb From Limb+1","Thunderclap+1","Run Through+1","Writhe","Twin Strike+1","Midas Touch","Enlightenment","Finesse","Combust+1","Combust","Impervious","Hemogenesis","Pummel","Pummel+1","Thunderclap+1","Reaper","Pride","Apotheosis","Finesse","Finesse","ReplayTheSpireMod:Corrosion Curse+1"],"relics":["Circlet","Orichalcum","Question Card","Replay:Bandana","Sling","Iron Hammer","Replay:M_SmolderingBlood","StoneCalendar","Divine Protection","SlaversCollar","Ginger","SsserpentHead","Centennial Puzzle","Peace Pipe","Vajra","Kintsugi","Bag of Marbles","Pear","BargainBundle","Bottled Tornado","Anchor","Replay:WaspNest","ReplayTheSpireMod:ShopPack","Happy Flower"],"acts_visited":["TheCity","TheBeyond","TheEnding"],"potions_floor_usage":[8,36,37,37],"damage_taken":[{"damage":5,"enemies":"Small Slimes","floor":1,"turns":3},{"damage":5,"enemies":"Jaw Worm","floor":2,"turns":2},{"damage":0,"enemies":"Replay:BlueRogue","floor":7,"turns":3},{"damage":0,"enemies":"2 Louse","floor":8,"turns":2},{"damage":0,"enemies":"Exordium Wildlife","floor":10,"turns":1},{"damage":0,"enemies":"3 Louse","floor":11,"turns":2},{"damage":0,"enemies":"2 Fungi Beasts","floor":12,"turns":2},{"damage":10,"enemies":"Blue Slaver","floor":14,"turns":2},{"damage":38,"enemies":"Hexaghost","floor":16,"turns":12},{"damage":36,"enemies":"2 Thieves","floor":18,"turns":4},{"damage":0,"enemies":"theDuelist:KaibaA2","floor":23,"turns":4},{"damage":9,"enemies":"3 Byrds","floor":24,"turns":6},{"damage":4,"enemies":"Slavers","floor":25,"turns":5},{"damage":7,"enemies":"Snake Plant","floor":27,"turns":5},{"damage":0,"enemies":"Centurion and Healer","floor":30,"turns":9},{"damage":3,"enemies":"Cultist and Chosen","floor":31,"turns":5},{"damage":0,"enemies":"Pondfish","floor":33,"turns":8},{"damage":4,"enemies":"Orb Walker","floor":35,"turns":3},{"damage":33,"enemies":"3 Darklings","floor":36,"turns":7},{"damage":34,"enemies":"Transient","floor":37,"turns":5},{"damage":28,"enemies":"Sphere and 2 Shapes","floor":39,"turns":7},{"damage":14,"enemies":"R_Hoarder","floor":44,"turns":6},{"damage":31,"enemies":"3 Darklings","floor":46,"turns":5},{"damage":14,"enemies":"Nemesis","floor":47,"turns":7},{"damage":22,"enemies":"Jaw Worm Horde","floor":48,"turns":4},{"damage":53,"enemies":"Awakened One","floor":50,"turns":7},{"damage":26,"enemies":"Shield and Spear","floor":54,"turns":4},{"damage":91,"enemies":"The Heart","floor":55,"turns":5}],"seed_played":"-2341386287812558337","potions_obtained":[{"floor":2,"key":"SpeedPotion"},{"floor":8,"key":"Fruit Juice"},{"floor":11,"key":"AttackPotion"},{"floor":12,"key":"Strength Potion"},{"floor":18,"key":"Energy Potion"},{"floor":27,"key":"DuplicationPotion"},{"floor":37,"key":"LiquidMemories"},{"floor":46,"key":"FearPotion"},{"floor":48,"key":"Swift Potion"}],"is_trial":false,"path_per_floor":["M","M","?","?","?","R","E","M","T","M","M","M","R","M","R","B",null,"M","?","?","$","?","E","M","E","T","M","$","R","M","M","R","B",null,"M","M","M","?","M","R","?","?","T","E","$","M","E","M","R","B",null,"R","$","E","B"],"character_chosen":"IRONCLAD","items_purchased":["Orichalcum","Question Card","Replay:Bandana","Sling","Finesse","Pommel Strike","Ginger","Vajra","BargainBundle","Combust","Impervious","Hemogenesis","Pummel","Bottled Tornado","Anchor","ReplayTheSpireMod:ShopPack"],"campfire_rested":5,"item_purchase_floors":[0,0,0,0,0,0,21,28,45,45,45,45,45,45,45,53],"current_hp_per_floor":[80,80,80,80,80,80,80,85,85,85,85,85,85,75,75,37,85,49,49,49,49,49,49,40,36,36,29,29,54,54,51,51,51,85,81,48,14,35,7,32,85,75,75,71,71,40,31,9,37,21,95,95,95,69,0,0],"gold":75,"neow_bonus":"","is_daily":false,"chose_seed":false,"campfire_upgraded":2,"win_rate":0.0,"timestamp":1609053811,"path_taken":["M","M","?","?","?","R","E","M","T","M","?","M","R","M","R","BOSS","M","?","?","$","?","E","M","E","T","M","$","R","?","M","R","BOSS","M","M","M","?","M","R","?","?","T","E","?","M","E","M","R","BOSS","R","$","E","BOSS"],"items_purchased_type":["Relic","Relic","Relic","Relic","Card","Card","Relic","Relic","Relic","Card","Card","Card","Card","Relic","Relic","Relic"],"build_version":"2020-12-22","purchased_purges":3,"victory":false,"max_hp_per_floor":[80,80,80,80,80,80,80,85,85,85,85,85,85,85,85,85,85,85,85,85,85,85,85,85,85,85,85,85,85,85,85,85,85,85,85,85,85,85,85,85,85,85,85,95,95,95,95,95,95,95,95,95,95,95,95,95],"card_choices":[{"not_picked":["Bloodletting","Twin Strike","Cleave"],"picked":"ReplayTheSpireMod:Stacked","floor":1},{"not_picked":["Cleave","True Grit","Shrug It Off"],"picked":"Twin Strike","floor":2},{"not_picked":["Impervious","BowlingBash","Fire Breathing"],"picked":"Armaments","floor":7},{"not_picked":["Flex","Massacre","CrushJoints"],"picked":"ForeignInfluence","floor":8},{"not_picked":["Fire Breathing","Warcry","Replay:Undeath\u0027s Touch"],"picked":"ReplayReversal","floor":10},{"not_picked":["Life Link","Replay:Undeath\u0027s Touch","Uppercut"],"picked":"Warcry","floor":11},{"not_picked":["Shrug It Off","ReplayTheSpireMod:Limb From Limb","Clothesline"],"picked":"Pommel Strike","floor":12},{"not_picked":["Thunderclap","Cleave","Life Link"],"picked":"Metallicize","floor":14},{"not_picked":["Replay:Many Hands","Hemogenesis","Brutality"],"picked":"Demon Form","floor":16},{"not_picked":["Shockwave","Seeing Red","Heavy Blade"],"picked":"Twin Strike+1","floor":18},{"not_picked":["Defy Death","Perfected Strike+1","Run Through"],"picked":"Warcry+1","floor":23},{"not_picked":["Run Through+1","Carnage+1","Life Link+1"],"picked":"Flame Barrier+1","floor":24},{"not_picked":["ReplayTheSpireMod:Muscle Training","ReplayTheSpireMod:Stacked","Seeing Red"],"picked":"Metallicize+1","floor":25},{"not_picked":["Cleave","Run Through","ReplayTheSpireMod:Strike From Hell"],"picked":"Iron Wave+1","floor":27},{"not_picked":["Pommel Strike","Warcry+1","Body Slam"],"picked":"Sword Boomerang+1","floor":30},{"not_picked":["Corruption","True Grit","Infernal Blade"],"picked":"Pommel Strike+1","floor":31},{"not_picked":["Barricade","Offering","Bludgeon"],"picked":"Limit Break","floor":33},{"not_picked":["Clash","Sword Boomerang","ReplayTheSpireMod:Strike From Hell+1"],"picked":"ReplayTheSpireMod:Limb From Limb+1","floor":35},{"not_picked":["Infernal Blade","Armaments","Pommel Strike"],"picked":"Thunderclap+1","floor":36},{"not_picked":["ReplayTheSpireMod:Strike From Hell+1","Perfected Strike","True Grit"],"picked":"Run Through+1","floor":37},{"not_picked":["True Grit","Entrench+1","Run Through+1"],"picked":"Twin Strike+1","floor":39},{"not_picked":["Survey Options","Panacea","Replay:Bootleg Shield Generator"],"picked":"Midas Touch","floor":42},{"not_picked":["Dark Shackles","Impatience","Deep Breath"],"picked":"Enlightenment","floor":42},{"not_picked":["Replay:BasicMightCard","Dramatic Entrance","ReplayTheSpireMod:Private Reserves"],"picked":"Finesse","floor":42},{"not_picked":["Uppercut","Armaments","Flex+1"],"picked":"Combust+1","floor":44},{"not_picked":["Warcry","Perfected Strike","Reckless Charge"],"picked":"Pummel+1","floor":46},{"not_picked":["Armaments","Clash+1","Replay:Undeath\u0027s Touch+1"],"picked":"Thunderclap+1","floor":47},{"not_picked":["Searing Blow","Perfected Strike+1","ReplayTheSpireMod:Strike From Hell"],"picked":"Reaper","floor":48},{"not_picked":["Midas Touch","The Bomb","Panache"],"picked":"Apotheosis","floor":53},{"not_picked":["Survey Options","Swift Strike","Replay:Bootleg Shield Generator"],"picked":"Finesse","floor":53},{"not_picked":["Trip","Madness","ReplayTheSpireMod:Uncanny Aura"],"picked":"Finesse","floor":53},{"not_picked":["Sever Soul+1","Pommel Strike+1","Heavy Blade+1"],"picked":"ReplayTheSpireMod:Corrosion Curse+1","floor":54}],"player_experience":32183,"relics_obtained":[{"floor":7,"key":"StoneCalendar"},{"floor":9,"key":"Divine Protection"},{"floor":23,"key":"Centennial Puzzle"},{"floor":25,"key":"Peace Pipe"},{"floor":43,"key":"Bag of Marbles"},{"floor":44,"key":"Pear"},{"floor":47,"key":"Replay:WaspNest"},{"floor":54,"key":"Happy Flower"}],"event_choices":[{"damage_healed":0,"gold_gain":0,"player_choice":"Leave","damage_taken":0,"max_hp_gain":0,"max_hp_loss":0,"event_name":"The Cleric","floor":4,"gold_loss":0},{"damage_healed":0,"gold_gain":0,"player_choice":"Grow","damage_taken":0,"max_hp_gain":0,"max_hp_loss":0,"event_name":"Living Wall","floor":5,"gold_loss":0,"cards_upgraded":["Pommel Strike"]},{"damage_healed":0,"gold_gain":0,"cards_transformed":["ForeignInfluence"],"player_choice":"Transformed","damage_taken":0,"max_hp_gain":0,"max_hp_loss":0,"event_name":"Transmorgrifier","floor":19,"gold_loss":0,"cards_obtained":["Clothesline"]},{"damage_healed":0,"gold_gain":0,"player_choice":"Upgraded","damage_taken":0,"max_hp_gain":0,"max_hp_loss":0,"event_name":"Upgrade Shrine","floor":20,"gold_loss":0,"cards_upgraded":["Demon Form"]},{"damage_healed":0,"gold_gain":0,"player_choice":"Trade","damage_taken":0,"relics_obtained":["SsserpentHead"],"max_hp_gain":0,"max_hp_loss":0,"event_name":"FaceTrader","floor":22,"gold_loss":0},{"damage_healed":21,"gold_gain":0,"player_choice":"Writhe","damage_taken":0,"max_hp_gain":0,"max_hp_loss":0,"event_name":"Winding Halls","floor":38,"gold_loss":0,"cards_obtained":["Writhe"]},{"damage_healed":53,"gold_gain":0,"player_choice":"Heal","damage_taken":0,"max_hp_gain":0,"max_hp_loss":0,"event_name":"MindBloom","floor":41,"gold_loss":0,"cards_obtained":["Doubt"]},{"damage_healed":0,"gold_gain":0,"player_choice":"Memory 3","damage_taken":10,"max_hp_gain":0,"max_hp_loss":0,"event_name":"SensoryStone","floor":42,"gold_loss":0}],"is_beta":false,"boss_relics":[{"not_picked":["Coffee Dripper","Cursed Key"],"picked":"SlaversCollar"},{"not_picked":["Velvet Choker","Philosopher\u0027s Stone"],"picked":"Kintsugi"}],"items_purged_floors":[21,45,53],"is_endless":false,"potions_floor_spawned":[2,8,11,12,16,18,24,27,30,33,35,37,46,48],"killed_by":"The Heart","ascension_level":0}}