{"host":"t7rtdu4954o308h4","time":1609038420,"event":{"mods":["ATMod(阿瑾Mod)","AchievementEnabler","Act Like it!","BaseMod","Conspire","Minty Spire (QoL Compilation)","MostiFishMod","Replay The Spire","StSLib","TestMod","Waifu the Spire","【功能Mod】聪明的最终Boss","【遗物卡牌】REMEMod","残留之物"],"gold_per_floor":[115,150,150,170,187,187,220,220,245,262,276,276,169,179,179,274,274,287,377,391,409,409,409,435,448,448,464,474,166,265,56,56,160,160,172,190,240,260,376,401,401,434,458,471,481,508,158,158,158,158,158,158,23,47,47],"floor_reached":56,"playtime":3899,"items_purged":["PlaceholderMod:BaseDefend","PlaceholderMod:BaseStrike+1","PlaceholderMod:BaseStrike+1","PlaceholderMod:BaseStrike+1"],"score":1486,"play_id":"009a9219-1c4f-4a77-bd3d-05f757c20b4d","local_time":"20201227110700","is_ascension_mode":false,"campfire_choices":[{"data":"MostiFishMod:Kaleido","floor":6,"key":"SMITH"},{"data":"PlaceholderMod:GrowthForm","floor":8,"key":"SMITH"},{"data":"PlaceholderMod:DissolvingSpikes","floor":8,"key":"SMITH"},{"data":"PlaceholderMod:EvolutionSpray","floor":12,"key":"SMITH"},{"data":"PlaceholderMod:CrystallizationStrike","floor":12,"key":"SMITH"},{"data":"PlaceholderMod:InnerStable","floor":15,"key":"SMITH"},{"data":"PlaceholderMod:ComplexForm","floor":15,"key":"SMITH"},{"data":"PlaceholderMod:DiffusionChemical","floor":23,"key":"SMITH"},{"data":"PlaceholderMod:ComplexForm","floor":23,"key":"SMITH"},{"floor":32,"key":"RECALL"},{"floor":49,"key":"REST"},{"floor":52,"key":"REST"}],"circlet_count":0,"master_deck":["PlaceholderMod:Crystal+1","PlaceholderMod:PoisonWhip+1","AT_FamilyPortrait+1","MostiFishMod:Kaleido+1","PlaceholderMod:DissolvingSpikes+1","PlaceholderMod:Activation+1","PlaceholderMod:Crystallization+1","PlaceholderMod:GrowthForm+1","PlaceholderMod:CrystallizationStrike+1","PlaceholderMod:InnerSoften+1","PlaceholderMod:EvolutionSpray+1","PlaceholderMod:ComplexForm+1","PlaceholderMod:ComplexForm+1","PlaceholderMod:InnerStable+1","PlaceholderMod:Assimilation+1","PlaceholderMod:PoisonAbsorb+1","PlaceholderMod:SeverePoisonStrike+1","PlaceholderMod:Corrosion+1","PlaceholderMod:PericyclicReaction+1","PlaceholderMod:PoisonBlast+1","PlaceholderMod:DiffusionChemical+1","PlaceholderMod:UnpureUse+1","PlaceholderMod:SevereHeat+1","PlaceholderMod:Stable+1","REME_PuzzleBox+1","PlaceholderMod:Activation+1","PlaceholderMod:SelectReaction+1","PlaceholderMod:HighConcentration+1","PlaceholderMod:QualitativeChange+1","PlaceholderMod:CorePoison+1"],"relics":["PlaceholderMod:Tancle","DaveBox","testmod-TestBox","REME_ComplimentaryCards","AT_ATBox","testmod-GiftOfSatan","DSteel32","SynthV:TestCard","Smiling Mask","Replay:Arrowhead","Omamori","xbg","testmod-OneHitWonder","Kintsugi","Calipers","AT_BellDemon","AT_GuinsooRageblade","Bronze Scales","Mirror","Replay:Bottled Flurry","Kunai","REME_PuzzleBoxRelic","MealTicket","testmod-Charity","Mummified Hand","AT_ArchangelStaff","Gremlin Horn"],"acts_visited":["Exordium","TheCity","TheBeyond","TheEnding"],"potions_floor_usage":[28,33,55],"damage_taken":[{"damage":4,"enemies":"conspire:RoseBush","floor":1,"turns":1},{"damage":21,"enemies":"conspire:MimicChest","floor":2,"turns":4},{"damage":1,"enemies":"Jaw Worm","floor":4,"turns":3},{"damage":0,"enemies":"Small Slimes","floor":5,"turns":3},{"damage":8,"enemies":"Lagavulin","floor":7,"turns":4},{"damage":19,"enemies":"3 Louse","floor":10,"turns":3},{"damage":4,"enemies":"conspire:2 RoseBushes","floor":11,"turns":3},{"damage":0,"enemies":"Red Slaver","floor":14,"turns":2},{"damage":0,"enemies":"Hexaghost","floor":16,"turns":14},{"damage":7,"enemies":"conspire:FuzzyDice","floor":18,"turns":4},{"damage":2,"enemies":"Chosen","floor":20,"turns":2},{"damage":4,"enemies":"Centurion and Healer","floor":21,"turns":5},{"damage":22,"enemies":"Book of Stabbing","floor":24,"turns":6},{"damage":5,"enemies":"Snecko","floor":25,"turns":4},{"damage":19,"enemies":"Sentry and Sphere","floor":27,"turns":5},{"damage":6,"enemies":"Snake Plant","floor":28,"turns":5},{"damage":33,"enemies":"Champ","floor":33,"turns":7},{"damage":10,"enemies":"Orb Walker","floor":35,"turns":4},{"damage":8,"enemies":"3 Darklings","floor":36,"turns":4},{"damage":43,"enemies":"Mind Bloom Boss Battle","floor":37,"turns":5},{"damage":0,"enemies":"Maw","floor":38,"turns":5},{"damage":4,"enemies":"Spire Growth","floor":39,"turns":2},{"damage":0,"enemies":"Giant Head","floor":40,"turns":3},{"damage":0,"enemies":"R_Hoarder","floor":42,"turns":3},{"damage":36,"enemies":"4 Shapes","floor":44,"turns":3},{"damage":0,"enemies":"Jaw Worm Horde","floor":45,"turns":2},{"damage":0,"enemies":"Reptomancer","floor":46,"turns":5},{"damage":24,"enemies":"Donu and Deca","floor":50,"turns":4},{"damage":14,"enemies":"Shield and Spear","floor":54,"turns":3},{"damage":19,"enemies":"The Heart","floor":55,"turns":5}],"seed_played":"7627530939867086910","potions_obtained":[{"floor":1,"key":"LiquidMemories"},{"floor":5,"key":"Ancient Potion"},{"floor":11,"key":"SteroidPotion"},{"floor":20,"key":"SteroidPotion"},{"floor":27,"key":"conspire:TimeTravelPotion"},{"floor":28,"key":"Fruit Juice"},{"floor":40,"key":"Weak Potion"},{"floor":42,"key":"Ancient Potion"},{"floor":45,"key":"PowerPotion"}],"is_trial":false,"path_per_floor":["M","?","?","M","M","R","E","R","T","M","M","R","$","M","R","B",null,"M","?","M","M","?","R","E","M","T","M","M","$","?","$","R","B",null,"M","M","?","M","M","E","?","E","T","M","M","E","$","T","R","B",null,"R","$","E","B",null],"character_chosen":"THE_PLACEHOLDER","items_purchased":["PlaceholderMod:ComplexForm","PlaceholderMod:Stable","REME_PuzzleBox","PlaceholderMod:Activation","MealTicket","testmod-Charity","PlaceholderMod:QualitativeChange"],"campfire_rested":2,"item_purchase_floors":[13,29,29,31,47,47,53],"current_hp_per_floor":[81,69,74,73,84,84,83,83,83,64,65,65,65,65,65,67,110,115,69,72,79,79,79,68,63,63,49,48,48,48,48,48,32,149,139,131,88,88,93,93,93,93,93,57,62,72,72,72,121,97,164,164,164,156,143],"gold":47,"neow_bonus":"TEN_PERCENT_HP_BONUS","is_daily":false,"chose_seed":false,"campfire_upgraded":9,"win_rate":0.0,"timestamp":1609038420,"path_taken":["M","?","?","M","M","R","E","R","T","M","?","R","$","M","R","BOSS","M","?","M","M","?","R","E","?","T","M","M","$","?","$","R","BOSS","M","M","?","M","M","E","?","E","T","M","M","E","$","?","R","BOSS","R","$","E","BOSS"],"items_purchased_type":["Card","Card","Card","Card","Relic","Relic","Card"],"build_version":"2020-12-22","purchased_purges":4,"victory":true,"max_hp_per_floor":[85,90,95,95,100,100,105,105,105,105,110,110,110,110,110,110,110,115,115,120,129,129,129,134,134,134,139,144,144,144,144,144,149,149,149,149,149,149,154,154,154,154,154,154,159,164,164,164,164,164,164,164,164,170,170],"card_choices":[{"not_picked":["PlaceholderMod:OHStrongAttack","PlaceholderMod:Sweep"],"picked":"PlaceholderMod:DissolvingSpikes","floor":1},{"not_picked":["PlaceholderMod:SprayAttack","PlaceholderMod:DissolvingSpikes","PlaceholderMod:Sweep","PlaceholderMod:SpinBlade"],"picked":"PlaceholderMod:Activation","floor":2},{"not_picked":["PlaceholderMod:StrongAcid","PlaceholderMod:SprayAttack","PlaceholderMod:NutritionAbsorb","PlaceholderMod:SpinBlade"],"picked":"PlaceholderMod:Crystallization","floor":4},{"not_picked":["PlaceholderMod:SeverePoisonStrike","PlaceholderMod:ConsolidateHit","PlaceholderMod:Internalization","PlaceholderMod:HornyBlast"],"picked":"PlaceholderMod:GrowthForm","floor":5},{"not_picked":["PlaceholderMod:SprayAttack","PlaceholderMod:HornyBlast","PlaceholderMod:StrongAcid","PlaceholderMod:Sweep","PlaceholderMod:StressReaction"],"picked":"PlaceholderMod:CrystallizationStrike","floor":7},{"not_picked":["PlaceholderMod:HardStinger","PlaceholderMod:Internalization","PlaceholderMod:TriggerStrike","PlaceholderMod:ConsolidateHit"],"picked":"PlaceholderMod:InnerSoften","floor":10},{"not_picked":["PlaceholderMod:OHStrongAttack","PlaceholderMod:SeverePoisonStrike","PlaceholderMod:ChainPoly","PlaceholderMod:Stratification"],"picked":"PlaceholderMod:EvolutionSpray","floor":11},{"not_picked":["PlaceholderMod:PoisonExcitation","PlaceholderMod:StrongAcid","PlaceholderMod:OHStrongAttack","PlaceholderMod:SubstitutionNucleophilic1"],"picked":"PlaceholderMod:InnerStable","floor":14},{"not_picked":["PlaceholderMod:FinalSpray","PlaceholderMod:GrowthForm","PlaceholderMod:DiffusionPoison","PlaceholderMod:MultiReaction"],"picked":"PlaceholderMod:Assimilation","floor":16},{"not_picked":["PlaceholderMod:Polyp","PlaceholderMod:Internalization+1","PlaceholderMod:DissolvingSpikes","PlaceholderMod:Crystallization"],"picked":"PlaceholderMod:PoisonAbsorb","floor":18},{"not_picked":["PlaceholderMod:Internalization","PlaceholderMod:ConsolidateHit","PlaceholderMod:RadicalHit","PlaceholderMod:Polyp"],"picked":"PlaceholderMod:SeverePoisonStrike","floor":19},{"not_picked":["PlaceholderMod:Turn","PlaceholderMod:ProliferateStrike","PlaceholderMod:PoisonAbsorb","PlaceholderMod:DirectingGroup+1"],"picked":"PlaceholderMod:Corrosion+1","floor":19},{"not_picked":["PlaceholderMod:SevereHeat+1","PlaceholderMod:HealingAttack","PlaceholderMod:ProliferateStrike","PlaceholderMod:Package+1"],"picked":"PlaceholderMod:PericyclicReaction","floor":19},{"not_picked":["PlaceholderMod:ChainPoly","PlaceholderMod:ThreeBenzyolStart","PlaceholderMod:StrongAcid+1","PlaceholderMod:HardStinger"],"picked":"PlaceholderMod:PoisonBlast+1","floor":20},{"not_picked":["PlaceholderMod:Sweep","PlaceholderMod:StrongAcid","PlaceholderMod:ComplexForm","PlaceholderMod:SevereHeat"],"picked":"PlaceholderMod:DiffusionChemical","floor":21},{"not_picked":["PlaceholderMod:HornyBlast+1","PlaceholderMod:PoisonExcitation","PlaceholderMod:ComplexForm+1","PlaceholderMod:ChainPoly"],"picked":"PlaceholderMod:UnpureUse","floor":24},{"not_picked":["PlaceholderMod:Internalization+1","PlaceholderMod:OHStrongAttack+1","PlaceholderMod:SpinBlade","PlaceholderMod:ConsolidateHit","PlaceholderMod:ProliferateStrike+1"],"picked":"SKIP","floor":25},{"not_picked":["PlaceholderMod:DiffusionChemical","PlaceholderMod:AttackAsDefend+1","PlaceholderMod:StrongAcid","PlaceholderMod:Turn","PlaceholderMod:StressReaction"],"picked":"SKIP","floor":27},{"not_picked":["PlaceholderMod:SpinBlade+1","PlaceholderMod:ChainPoly","PlaceholderMod:PoisonAbsorb","PlaceholderMod:StrongAcid"],"picked":"PlaceholderMod:SevereHeat","floor":28},{"not_picked":["PlaceholderMod:Inner","PlaceholderMod:CorePoison","PlaceholderMod:Activation","PlaceholderMod:InnerSoften"],"picked":"PlaceholderMod:AbsorbTouch","floor":33},{"not_picked":["PlaceholderMod:HardStinger","PlaceholderMod:OHStrongAttack","PlaceholderMod:AngryAttack+1","PlaceholderMod:SeverePoisonStrike+1","PlaceholderMod:ConsolidateHit"],"picked":"SKIP","floor":35},{"not_picked":["PlaceholderMod:DissolvingSpikes","PlaceholderMod:Hard+1","PlaceholderMod:ChainPoly","PlaceholderMod:StrongAcid+1","PlaceholderMod:TriggerStrike"],"picked":"SKIP","floor":36},{"not_picked":["PlaceholderMod:SprayAttack","PlaceholderMod:HighConcentration","PlaceholderMod:ChainPoly","PlaceholderMod:Stable+1"],"picked":"PlaceholderMod:SelectReaction+1","floor":37},{"not_picked":["PlaceholderMod:ProliferateStrike+1","PlaceholderMod:AngryAttack","PlaceholderMod:HardStinger+1","PlaceholderMod:StrongAcid+1","PlaceholderMod:SelectReaction+1"],"picked":"SKIP","floor":38},{"not_picked":["PlaceholderMod:HornyBlast+1","PlaceholderMod:SprayAttack","PlaceholderMod:ConsolidateHit","PlaceholderMod:Sweep","PlaceholderMod:AttackAsDefend"],"picked":"SKIP","floor":39},{"not_picked":["PlaceholderMod:HardStinger","PlaceholderMod:Crystallization+1","PlaceholderMod:InnerSoften","PlaceholderMod:NearChange","PlaceholderMod:SprayAttack"],"picked":"SKIP","floor":40},{"not_picked":["PlaceholderMod:Crystallization","PlaceholderMod:MultipleOxi","PlaceholderMod:Break+1","PlaceholderMod:Sweep+1","PlaceholderMod:OHStrongAttack"],"picked":"SKIP","floor":42},{"not_picked":["PlaceholderMod:StrongAcid+1","PlaceholderMod:OHStrongAttack","PlaceholderMod:ProliferateStrike","PlaceholderMod:HardStrike+1","PlaceholderMod:ParasiteChange+1"],"picked":"SKIP","floor":44},{"not_picked":["PlaceholderMod:StrongAcid+1","PlaceholderMod:Internalization","PlaceholderMod:ChainPoly+1","PlaceholderMod:PoisonAbsorb+1"],"picked":"PlaceholderMod:HighConcentration","floor":45},{"not_picked":["PlaceholderMod:CrystallizationStrike","PlaceholderMod:SprayAttack","PlaceholderMod:SeverePoisonStrike+1","PlaceholderMod:HornyBlast","PlaceholderMod:ProliferateStrike+1"],"picked":"SKIP","floor":46},{"not_picked":["PlaceholderMod:EvolutionSpray","PlaceholderMod:Break","PlaceholderMod:SubstitutionNucleophilic1+1","PlaceholderMod:CycleAttack"],"picked":"PlaceholderMod:CorePoison","floor":54}],"player_experience":34840,"relics_obtained":[{"floor":1,"key":"SynthV:TestCard"},{"floor":2,"key":"Smiling Mask"},{"floor":7,"key":"Replay:Arrowhead"},{"floor":9,"key":"Omamori"},{"floor":24,"key":"testmod-OneHitWonder"},{"floor":37,"key":"Calipers"},{"floor":40,"key":"AT_BellDemon"},{"floor":42,"key":"AT_GuinsooRageblade"},{"floor":43,"key":"Bronze Scales"},{"floor":44,"key":"Mirror"},{"floor":45,"key":"Replay:Bottled Flurry"},{"floor":46,"key":"Kunai"},{"floor":46,"key":"REME_PuzzleBoxRelic"},{"floor":48,"key":"Mummified Hand"},{"floor":54,"key":"AT_ArchangelStaff"},{"floor":54,"key":"Gremlin Horn"}],"event_choices":[{"damage_healed":0,"gold_gain":0,"player_choice":"Donut","damage_taken":0,"max_hp_gain":5,"max_hp_loss":0,"event_name":"Big Fish","floor":3,"gold_loss":0},{"damage_healed":0,"gold_gain":0,"player_choice":"Upgraded","damage_taken":0,"max_hp_gain":0,"max_hp_loss":0,"event_name":"Upgrade Shrine","floor":22,"gold_loss":0,"cards_upgraded":["PlaceholderMod:Assimilation"]},{"damage_healed":0,"gold_gain":99,"player_choice":"Stole From Cult","damage_taken":0,"max_hp_gain":0,"max_hp_loss":0,"event_name":"Nest","floor":30,"gold_loss":0},{"damage_healed":0,"gold_gain":0,"player_choice":"Fight","damage_taken":0,"max_hp_gain":0,"max_hp_loss":0,"event_name":"MindBloom","floor":37,"gold_loss":0},{"cards_removed":["PlaceholderMod:AbsorbTouch"],"damage_healed":0,"gold_gain":0,"player_choice":"Removed Attack","damage_taken":0,"max_hp_gain":0,"max_hp_loss":0,"event_name":"Falling","floor":41,"gold_loss":0}],"is_beta":false,"boss_relics":[{"not_picked":["conspire:SeveredTorchhead","REME_DemonsWealth"],"picked":"xbg"},{"not_picked":["Replay:Wanted Poster","testmod-Fanaticism"],"picked":"Kintsugi"}],"items_purged_floors":[13,29,31,47],"is_endless":false,"potions_floor_spawned":[1,5,11,16,20,21,27,28,36,40,42,45],"ascension_level":0}}