{"host":"d1ko3fbbyfpftrlc","time":1609064660,"event":{"mods":["BaseMod","Bestiary","Curses Come First","Minty Spire (QoL Compilation)","StSLib","The Animator","The Marked"],"gold_per_floor":[17,17,17,30,46,46,56,56,79,96,96,21,37,48,48,148,148,158,4,24,24,35,35,50,66,93,111,0,0,0,15,15,15,15],"floor_reached":33,"playtime":1332,"items_purged":["Defend_R"],"score":343,"play_id":"a5ffd426-bb14-4d88-a9ec-9d9cf98d66ac","local_time":"20201227172420","is_ascension_mode":false,"campfire_choices":[{"floor":6,"key":"RECALL"},{"data":"Double Tap","floor":8,"key":"SMITH"},{"data":"Perfected Strike","floor":15,"key":"SMITH"},{"data":"Perfected Strike","floor":23,"key":"SMITH"},{"floor":29,"key":"REST"},{"floor":32,"key":"REST"}],"circlet_count":0,"master_deck":["Strike_R","Strike_R","Strike_R","Strike_R","Strike_R","Defend_R+1","Defend_R+1","Perfected Strike+1","Perfected Strike+1","Exhume","Regret","Perfected Strike+1","Perfected Strike","Double Tap+1","Twin Strike","Dual Wield","Brutality","Iron Wave+1","Twin Strike","Twin Strike+1","Shame"],"relics":["Burning Blood","Happy Flower","War Paint","Runic Dome","Toolbox","Regal Pillow","PreservedInsect"],"acts_visited":["Exordium","TheCity"],"potions_floor_usage":[16,16,20,27,33],"damage_taken":[{"damage":0,"enemies":"Small Slimes","floor":1,"turns":3},{"damage":5,"enemies":"2 Louse","floor":4,"turns":2},{"damage":0,"enemies":"Cultist","floor":5,"turns":2},{"damage":21,"enemies":"Lots of Slimes","floor":7,"turns":4},{"damage":12,"enemies":"Blue Slaver","floor":10,"turns":2},{"damage":6,"enemies":"3 Louse","floor":13,"turns":3},{"damage":0,"enemies":"Large Slime","floor":14,"turns":3},{"damage":74,"enemies":"The Guardian","floor":16,"turns":8},{"damage":33,"enemies":"2 Thieves","floor":18,"turns":3},{"damage":21,"enemies":"Shell Parasite","floor":20,"turns":4},{"damage":6,"enemies":"Snake Plant","floor":22,"turns":2},{"damage":24,"enemies":"Chosen and Byrds","floor":24,"turns":3},{"damage":11,"enemies":"3 Cultists","floor":25,"turns":4},{"damage":5,"enemies":"Centurion and Healer","floor":27,"turns":3},{"damage":24,"enemies":"Snake Plant","floor":31,"turns":3},{"damage":99,"enemies":"Automaton","floor":33,"turns":6}],"seed_played":"-6068690031388037795","potions_obtained":[{"floor":4,"key":"SteroidPotion"},{"floor":5,"key":"EssenceOfSteel"},{"floor":10,"key":"AttackPotion"},{"floor":11,"key":"FairyPotion"},{"floor":18,"key":"Strength Potion"},{"floor":25,"key":"Dexterity Potion"},{"floor":31,"key":"SpeedPotion"}],"is_trial":false,"path_per_floor":["M","?","?","M","M","R","M","R","T","M","?","$","M","M","R","B",null,"M","$","M","?","M","R","M","M","T","M","?","R","?","M","R","B"],"character_chosen":"IRONCLAD","items_purchased":["Toolbox"],"campfire_rested":2,"item_purchase_floors":[19],"current_hp_per_floor":[80,80,80,80,80,80,65,65,65,59,59,59,59,65,65,22,80,53,53,38,38,38,38,20,15,15,16,16,55,55,37,76,0,0],"gold":15,"neow_bonus":"TRANSFORM_TWO_CARDS","is_daily":false,"chose_seed":false,"campfire_upgraded":3,"win_rate":0.0,"timestamp":1609064660,"path_taken":["M","?","?","M","M","R","M","R","T","M","?","$","?","?","R","BOSS","M","$","M","?","M","R","M","M","T","?","?","R","?","?","R","BOSS"],"items_purchased_type":["Relic"],"build_version":"2020-12-22","purchased_purges":1,"victory":false,"max_hp_per_floor":[80,80,80,80,80,80,80,80,80,80,80,80,80,80,80,80,80,80,80,80,80,80,80,80,80,80,80,80,80,80,80,80,80,80],"card_choices":[{"not_picked":["Flex","Sentinel"],"picked":"Perfected Strike","floor":1},{"not_picked":["True Grit","Havoc"],"picked":"Perfected Strike","floor":4},{"not_picked":["Wild Strike","Twin Strike"],"picked":"Perfected Strike","floor":5},{"not_picked":["Clash","Shrug It Off"],"picked":"Double Tap","floor":7},{"not_picked":["Anger","Evolve","Cleave"],"picked":"SKIP","floor":10},{"not_picked":["Warcry","Disarm"],"picked":"Twin Strike","floor":13},{"not_picked":["Armaments","Iron Wave"],"picked":"Dual Wield","floor":14},{"not_picked":["Double Tap","Corruption"],"picked":"Brutality","floor":16},{"not_picked":["Thunderclap","Body Slam"],"picked":"Iron Wave+1","floor":18},{"not_picked":["Cleave","Armaments","Flex"],"picked":"SKIP","floor":20},{"not_picked":["Anger+1","Spot Weakness"],"picked":"Twin Strike","floor":22},{"not_picked":["Hemokinesis","Second Wind","Clothesline+1"],"picked":"SKIP","floor":24},{"not_picked":["Flex","Carnage","Thunderclap"],"picked":"SKIP","floor":25},{"not_picked":["Iron Wave","Wild Strike"],"picked":"Twin Strike+1","floor":27},{"not_picked":["Warcry","Reaper","Cleave"],"picked":"SKIP","floor":31}],"player_experience":28831,"relics_obtained":[{"floor":9,"key":"War Paint"},{"floor":26,"key":"Regal Pillow"}],"event_choices":[{"damage_healed":0,"gold_gain":0,"cards_transformed":["Fiend Fire"],"player_choice":"Change","damage_taken":0,"max_hp_gain":0,"max_hp_loss":0,"event_name":"Living Wall","floor":2,"gold_loss":0,"cards_obtained":["Exhume"]},{"damage_healed":0,"gold_gain":0,"player_choice":"Box","damage_taken":0,"relics_obtained":["Happy Flower"],"max_hp_gain":0,"max_hp_loss":0,"event_name":"Big Fish","floor":3,"gold_loss":0,"cards_obtained":["Regret"]},{"damage_healed":0,"gold_gain":0,"player_choice":"Got Potions","damage_taken":0,"max_hp_gain":0,"max_hp_loss":0,"event_name":"Lab","floor":11,"gold_loss":0},{"damage_healed":0,"gold_gain":0,"player_choice":"Upgraded","damage_taken":0,"max_hp_gain":0,"max_hp_loss":0,"event_name":"Upgrade Shrine","floor":21,"gold_loss":0,"cards_upgraded":["Perfected Strike"]},{"damage_healed":0,"gold_gain":0,"player_choice":"Paid Fearfully","damage_taken":0,"max_hp_gain":0,"max_hp_loss":0,"event_name":"Masked Bandits","floor":28,"gold_loss":111},{"damage_healed":0,"gold_gain":0,"player_choice":"Stole Relic","damage_taken":0,"relics_obtained":["PreservedInsect"],"max_hp_gain":0,"max_hp_loss":0,"event_name":"Addict","floor":30,"gold_loss":0,"cards_obtained":["Shame"]}],"is_beta":false,"boss_relics":[{"not_picked":["Empty Cage","Velvet Choker"],"picked":"Runic Dome"}],"items_purged_floors":[12],"is_endless":false,"potions_floor_spawned":[4,5,10,18,25,31],"killed_by":"Automaton","ascension_level":0}}