{"host":"wgutmjbkdh3egq5e","time":1609099226,"event":{"mods":["BaseMod","Bestiary","Colored Powertips","Defuse TimeMaze Blight","Minty Spire (QoL Compilation)","Relic Stats","StSLib"],"gold_per_floor":[212,226,226,238,238,265,265,265,289,318,333,333,352,370,370,467,467,482,501,501,501,513,513,513,513],"floor_reached":24,"playtime":1407,"items_purged":[],"score":239,"play_id":"8ae4f54a-a767-424c-be9c-0f5df7adb239","local_time":"20201227210026","is_ascension_mode":true,"campfire_choices":[{"floor":7,"key":"REST"},{"data":"Bouncing Flask","floor":12,"key":"SMITH"},{"floor":15,"key":"REST"},{"floor":23,"key":"REST"}],"circlet_count":0,"master_deck":["Strike_G","Strike_G","Strike_G+1","Strike_G+1","Strike_G","Defend_G","Defend_G","Defend_G","Defend_G","Defend_G","Survivor","Neutralize+1","Bouncing Flask+1","Cloak And Dagger","Cloak And Dagger","Accuracy","Quick Slash","Deadly Poison","Leg Sweep","Venomology","Poisoned Stab","Noxious Fumes","Bane+1"],"relics":["Ring of the Snake","Shuriken","Whetstone","Vajra","Omamori","Snecko Eye","Enchiridion"],"acts_visited":["Exordium","TheCity"],"potions_floor_usage":[10,14,19,22,22,22,22,24,24],"damage_taken":[{"damage":0,"enemies":"Cultist","floor":1,"turns":4},{"damage":1,"enemies":"Small Slimes","floor":2,"turns":3},{"damage":1,"enemies":"Jaw Worm","floor":4,"turns":3},{"damage":42,"enemies":"Lagavulin","floor":6,"turns":7},{"damage":22,"enemies":"Gremlin Nob","floor":10,"turns":4},{"damage":0,"enemies":"Blue Slaver","floor":11,"turns":5},{"damage":1,"enemies":"2 Fungi Beasts","floor":13,"turns":3},{"damage":8,"enemies":"Gremlin Gang","floor":14,"turns":4},{"damage":5,"enemies":"Hexaghost","floor":16,"turns":8},{"damage":8,"enemies":"Shell Parasite","floor":18,"turns":5},{"damage":0,"enemies":"Spheric Guardian","floor":19,"turns":3},{"damage":44,"enemies":"3 Cultists","floor":22,"turns":7},{"damage":50,"enemies":"Cultist and Chosen","floor":24,"turns":6}],"seed_played":"-3523798159371226715","potions_obtained":[{"floor":2,"key":"AttackPotion"},{"floor":4,"key":"SpeedPotion"},{"floor":6,"key":"CultistPotion"},{"floor":10,"key":"Energy Potion"},{"floor":14,"key":"AttackPotion"},{"floor":18,"key":"PowerPotion"},{"floor":21,"key":"SkillPotion"}],"is_trial":false,"path_per_floor":["M","M","T","M","?","E","R","?","T","E","M","R","M","M","R","B",null,"M","M","?","?","M","R","M"],"character_chosen":"THE_SILENT","items_purchased":[],"campfire_rested":3,"item_purchase_floors":[],"current_hp_per_floor":[70,69,69,68,68,26,47,52,52,30,30,30,29,21,43,38,75,67,67,51,51,7,29,0,0],"gold":513,"neow_bonus":"HUNDRED_GOLD","is_daily":false,"chose_seed":false,"campfire_upgraded":1,"win_rate":0.0,"timestamp":1609099226,"path_taken":["M","M","?","M","?","E","R","?","T","E","M","R","M","M","R","BOSS","M","M","?","?","M","R","?"],"items_purchased_type":[],"build_version":"2020-12-22","purchased_purges":0,"victory":false,"max_hp_per_floor":[70,70,70,70,70,70,70,75,75,75,75,75,75,75,75,75,75,75,75,75,75,75,75,75,75],"relic_stats":{"counters":[13,62],"Shuriken":[12],"Snecko Eye":[30,42,44,41],"Whetstone":["Strike_G","Strike_G"],"obtain_stats":[{"Shuriken":3,"Vajra":9,"Snecko Eye":17,"Enchiridion":20,"Omamori":10,"Whetstone":6,"Ring of the Snake":0},{"Shuriken":2,"Vajra":4,"Snecko Eye":9,"Enchiridion":11,"Omamori":5,"Whetstone":4,"Ring of the Snake":0},{"Shuriken":7,"Vajra":17,"Snecko Eye":41,"Enchiridion":49,"Omamori":21,"Whetstone":17,"Ring of the Snake":0}],"Ring of the Snake":[26]},"card_choices":[{"not_picked":["Deflect","Cloak And Dagger"],"picked":"Bouncing Flask","floor":1},{"not_picked":["Slice","Distraction","Outmaneuver"],"picked":"SKIP","floor":2},{"not_picked":["Escape Plan","Finisher"],"picked":"Cloak And Dagger","floor":4},{"not_picked":["Acrobatics","Concentrate"],"picked":"Cloak And Dagger","floor":6},{"not_picked":["Grand Finale","Caltrops"],"picked":"Accuracy","floor":10},{"not_picked":["Eviscerate","Underhanded Strike"],"picked":"Quick Slash","floor":11},{"not_picked":["PiercingWail","Bane"],"picked":"Deadly Poison","floor":13},{"not_picked":["Escape Plan","Sucker Punch"],"picked":"Leg Sweep","floor":14},{"not_picked":["Unload","Bullet Time"],"picked":"Venomology","floor":16},{"not_picked":["Deflect","Endless Agony"],"picked":"Poisoned Stab","floor":18},{"not_picked":["Dagger Spray","Choke"],"picked":"Noxious Fumes","floor":19},{"not_picked":["Poisoned Stab","Caltrops"],"picked":"Bane+1","floor":22}],"player_experience":811323,"relics_obtained":[{"floor":3,"key":"Shuriken"},{"floor":6,"key":"Whetstone"},{"floor":9,"key":"Vajra"},{"floor":10,"key":"Omamori"},{"floor":20,"key":"Enchiridion"}],"event_choices":[{"damage_healed":0,"gold_gain":0,"player_choice":"Grow","damage_taken":0,"max_hp_gain":0,"max_hp_loss":0,"event_name":"Living Wall","floor":5,"gold_loss":0,"cards_upgraded":["Neutralize"]},{"damage_healed":0,"gold_gain":0,"player_choice":"Donut","damage_taken":0,"max_hp_gain":5,"max_hp_loss":0,"event_name":"Big Fish","floor":8,"gold_loss":0},{"damage_healed":0,"gold_gain":0,"player_choice":"Obtained Book","damage_taken":16,"max_hp_gain":0,"max_hp_loss":0,"event_name":"Cursed Tome","floor":20,"gold_loss":0},{"damage_healed":0,"gold_gain":0,"player_choice":"Got Potions","damage_taken":0,"max_hp_gain":0,"max_hp_loss":0,"event_name":"Lab","floor":21,"gold_loss":0}],"is_beta":false,"boss_relics":[{"not_picked":["Ring of the Serpent","Calling Bell"],"picked":"Snecko Eye"}],"items_purged_floors":[],"is_endless":false,"potions_floor_spawned":[2,4,6,10,14,18],"killed_by":"Cultist and Chosen","ascension_level":3}}