{"host":"hfvpa4llnnjpeawn","time":1609101824,"event":{"mods":["2.2 Compatiblity","AchievementEnabler","Act Like it!","Aspiration","Bard","BaseMod","Beaked The Cultist","Better Sensory Stone","Better Skull","Better Third Choice","BetterRewards","CapriCore","Conspire","Downfall","Elementarium","Energized Spire","Hubris","Infinite Spire","Jorbs\u0027s Wanderer Trilogy","Minty Spire (QoL Compilation)","Replay The Spire","Shade Mod","Spicy Shops","StSLib","The Bladedancer","The Factory","The Gatherer","The Jungle","Waifu the Spire","Wandering Minibosses"],"gold_per_floor":[109,109,119,119,139,165,184,184,184,197,226,237,268,283,283,357,357,372,372,387,28,28,28,28],"floor_reached":23,"playtime":1561,"items_purged":[],"score":626,"play_id":"992059f9-90ef-4c63-8df0-642251938555","local_time":"20201227154344","is_ascension_mode":true,"campfire_choices":[{"floor":8,"key":"REST"},{"floor":15,"key":"REST"}],"circlet_count":0,"master_deck":["AscendersBane","Strike_R","Strike_R","Strike_R","Strike_R","Defend_R","Defend_R","Defend_R","Defend_R","ReplayTheSpireMod:Strike From Hell","sneckomod:SoulExchange","stsjorbsmod:Frustration","hubris:DuctTapeCard","Gatherer:Convert","stsjorbsmod:Procrastination","Creative AI","stsjorbsmod:Rebuttal","bard:LingeringEcho","Guardian:GatlingBeam","sneckomod:UnknownClassSHADE_COLOR+1","ReplayTheSpireMod:Splinters","Feed"],"relics":["Burning Blood","PrismaticShard","aspiration:EmptySkull","hubris:DuctTape","Pen Nib","conspire:GlowingRock","energizedSpire:DecayingSkull","ReplayTheSpireMod:CursedCoin","aspiration:SeaSaltIceCream","Elementarium:GoldenMirage"],"acts_visited":["Exordium","Exordium"],"potions_floor_usage":[6,12,13,16,23,23],"damage_taken":[{"damage":2,"enemies":"2 Louse","floor":1,"turns":4},{"damage":1,"enemies":"Cultist","floor":3,"turns":3},{"damage":0,"enemies":"Small Slimes","floor":5,"turns":4},{"damage":11,"enemies":"Lagavulin","floor":6,"turns":5},{"damage":43,"enemies":"Gremlin Gang","floor":7,"turns":6},{"damage":7,"enemies":"Exordium Thugs","floor":10,"turns":3},{"damage":14,"enemies":"Gremlin Nob","floor":11,"turns":3},{"damage":15,"enemies":"Looter","floor":12,"turns":5},{"damage":17,"enemies":"3 Sentries","floor":13,"turns":7},{"damage":11,"enemies":"3 Louse","floor":14,"turns":3},{"damage":30,"enemies":"Fading Forest","floor":16,"turns":13},{"damage":19,"enemies":"Elementarium:2_ELEMENTALS","floor":18,"turns":4},{"damage":10,"enemies":"Elementarium:Cyclone","floor":20,"turns":4},{"damage":45,"enemies":"Elementarium:WarGolem","floor":23,"turns":4}],"seed_played":"3860288736191961344","potions_obtained":[{"floor":3,"key":"hexamod:EctoCoolerPotion"},{"floor":10,"key":"SpeedPotion"},{"floor":12,"key":"PowerPotion"},{"floor":13,"key":"champ:CounterPotion"},{"floor":18,"key":"SpeedPotion"},{"floor":20,"key":"Guardian:BlockOnCardUsePotion"}],"is_trial":false,"path_per_floor":["M","?","M","$","M","E","M","R","T","M","E","M","E","M","R","B",null,"M","?","M","$","?","E"],"character_chosen":"IRONCLAD","items_purchased":["PrismaticShard","ReplayTheSpireMod:CursedCoin","Feed","aspiration:SeaSaltIceCream"],"campfire_rested":2,"item_purchase_floors":[0,21,21,21],"current_hp_per_floor":[72,72,75,75,75,70,33,55,55,54,46,37,26,21,43,35,65,52,52,48,48,44,0,0],"gold":28,"neow_bonus":"","is_daily":false,"chose_seed":false,"campfire_upgraded":0,"win_rate":0.0,"timestamp":1609101824,"path_taken":["M","?","M","$","M","E","M","R","T","?","E","M","E","M","R","BOSS","M","?","M","$","?","E"],"items_purchased_type":["Relic","Relic","Card","Relic"],"build_version":"2020-12-22","purchased_purges":0,"victory":false,"max_hp_per_floor":[75,75,75,75,75,75,75,75,75,75,75,75,75,75,75,75,75,75,75,75,75,75,75,75],"card_choices":[{"not_picked":["Gatherer:WitheringStrike","sneckomod:Unknown1Cost"],"picked":"ReplayTheSpireMod:Strike From Hell","floor":1},{"not_picked":["Slimebound:LeechingTouch","Replay:SS_fish_1"],"picked":"blademaster:DancingEdge","floor":3},{"not_picked":["Evaluate","blademaster:ParryingStrike","Shrug It Off"],"picked":"SKIP","floor":5},{"not_picked":["bard:Aphasia","EmptyBody"],"picked":"sneckomod:SoulExchange","floor":6},{"not_picked":["hexamod:Firestarter","FlyingSleeves"],"picked":"stsjorbsmod:Frustration","floor":7},{"not_picked":["Nirvana","Gatherer:EnergyBasket"],"picked":"Gatherer:Convert","floor":10},{"not_picked":["Gatherer:Duplicator","champ:BladeFlurry"],"picked":"Creative AI","floor":11},{"not_picked":["beaked:VigorBurst","bard:Thunderwave"],"picked":"stsjorbsmod:Rebuttal","floor":12},{"not_picked":["stsjorbsmod:Will","Gatherer:AcidicSpray"],"picked":"bard:LingeringEcho","floor":13},{"not_picked":["expansioncontent:Torchfire","Flex"],"picked":"Guardian:GatlingBeam","floor":14},{"not_picked":["Clothesline","Guardian:Recover","Underhanded Strike+1"],"picked":"SKIP","floor":18},{"not_picked":["stsjorbsmod:Brooding","CutThroughFate"],"picked":"sneckomod:UnknownClassSHADE_COLOR+1","floor":20}],"player_experience":364783,"relics_obtained":[{"floor":6,"key":"aspiration:EmptySkull"},{"floor":9,"key":"hubris:DuctTape"},{"floor":11,"key":"Pen Nib"},{"floor":13,"key":"conspire:GlowingRock"}],"event_choices":[{"cards_removed":["Strike_R"],"damage_healed":0,"gold_gain":0,"player_choice":"Purged","damage_taken":0,"max_hp_gain":0,"max_hp_loss":0,"event_name":"Purifier","floor":2,"gold_loss":0},{"damage_healed":0,"gold_gain":0,"player_choice":"Ignored","damage_taken":0,"max_hp_gain":0,"max_hp_loss":0,"event_name":"Elementarium:FountainOfGold","floor":19,"gold_loss":0},{"damage_healed":0,"gold_gain":0,"player_choice":"Leave","damage_taken":0,"max_hp_gain":0,"max_hp_loss":0,"event_name":"conspire:Investor","floor":22,"gold_loss":0}],"is_beta":false,"boss_relics":[{"not_picked":["Pandora\u0027s Box","hubris:Stopwatch"],"picked":"energizedSpire:DecayingSkull"}],"items_purged_floors":[],"is_endless":false,"potions_floor_spawned":[3,10,12,13,18,20],"killed_by":"Elementarium:WarGolem","ascension_level":20}}