{"host":"ayh4nqhr0ddw4ozv","time":1609099470,"event":{"mods":["BaseMod","Minty Spire (QoL Compilation)","Relic Stats","Robot Space Explorer","StSLib"],"gold_per_floor":[119,119,139,214,18,45,45,45,45,45,71,21,21,37,37,133,133,152,162,437,447,447,447,311,339,339,339,349,364,364,399,399,496,496,510,510,525,571,481,508,508,542,542,556,556,589,315,333,333,333,333,333,11,41,41],"floor_reached":56,"playtime":2784,"items_purged":["RobotSpaceExplorer:Strike","Regret","RobotSpaceExplorer:ExhaustFan+1"],"score":1831,"play_id":"078aa189-6a86-49fe-8ee1-7b7b1da69778","local_time":"20201227120430","is_ascension_mode":true,"campfire_choices":[{"data":"RobotSpaceExplorer:PlasmaMissile","floor":7,"key":"SMITH"},{"data":"RobotSpaceExplorer:FrostMissile","floor":10,"key":"SMITH"},{"data":"RobotSpaceExplorer:Pulsar","floor":13,"key":"SMITH"},{"data":"RobotSpaceExplorer:LuckyStrike","floor":15,"key":"SMITH"},{"data":"RobotSpaceExplorer:ChargingLaser","floor":23,"key":"SMITH"},{"data":"RobotSpaceExplorer:Accelerator","floor":30,"key":"SMITH"},{"data":"RobotSpaceExplorer:FranticSearch","floor":32,"key":"SMITH"},{"data":"RobotSpaceExplorer:Multitool","floor":41,"key":"SMITH"},{"floor":45,"key":"REST"},{"floor":49,"key":"RECALL"},{"data":"RobotSpaceExplorer:Blaster","floor":52,"key":"SMITH"}],"circlet_count":0,"master_deck":["AscendersBane","RobotSpaceExplorer:Scan","RobotSpaceExplorer:MiniLasers","RobotSpaceExplorer:ScrapToss","RobotSpaceExplorer:FrostMissile+1","RobotSpaceExplorer:PlasmaMissile+1","RobotSpaceExplorer:JunkDive","RobotSpaceExplorer:Pulsar+1","RobotSpaceExplorer:LuckyStrike+1","RobotSpaceExplorer:ChargingLaser+1","RobotSpaceExplorer:MetalStrike","RobotSpaceExplorer:Reload","RobotSpaceExplorer:FranticSearch+1","Ghostly","Ghostly","Ghostly","Ghostly+1","Ghostly","RobotSpaceExplorer:Jetpack","RobotSpaceExplorer:Accelerator+1","RobotSpaceExplorer:Multitool+1","RobotSpaceExplorer:Arsenal+1","RobotSpaceExplorer:LuckyStrike+1","RobotSpaceExplorer:FranticSearch+1","RobotSpaceExplorer:Blaster+1","RobotSpaceExplorer:GearShield+1","Purity+1"],"relics":["RobotSpaceExplorer:TurboCore","NeowsBlessing","Shuriken","StrikeDummy","Bottled Flame","RobotSpaceExplorer:BottledGravity","Du-Vu Doll","Bottled Lightning","HornCleat","Astrolabe","StoneCalendar","Toxic Egg 2","Bottled Tornado","Shovel","OrangePellets","Bag of Marbles","Strawberry"],"acts_visited":["Exordium","TheCity","TheBeyond","TheEnding"],"potions_floor_usage":[11,25,25,28,40,40,55,55,55],"damage_taken":[{"damage":0,"enemies":"Small Slimes","floor":1,"turns":1},{"damage":0,"enemies":"Jaw Worm","floor":3,"turns":1},{"damage":0,"enemies":"Lagavulin","floor":6,"turns":1},{"damage":8,"enemies":"3 Sentries","floor":11,"turns":5},{"damage":0,"enemies":"2 Louse","floor":14,"turns":1},{"damage":4,"enemies":"The Guardian","floor":16,"turns":8},{"damage":0,"enemies":"2 Thieves","floor":18,"turns":2},{"damage":0,"enemies":"3 Byrds","floor":19,"turns":3},{"damage":0,"enemies":"Snake Plant","floor":21,"turns":2},{"damage":5,"enemies":"Book of Stabbing","floor":25,"turns":4},{"damage":2,"enemies":"Cultist and Chosen","floor":28,"turns":6},{"damage":0,"enemies":"Sentry and Sphere","floor":29,"turns":1},{"damage":0,"enemies":"Gremlin Leader","floor":31,"turns":5},{"damage":1,"enemies":"Automaton","floor":33,"turns":6},{"damage":0,"enemies":"3 Darklings","floor":35,"turns":2},{"damage":0,"enemies":"Orb Walker","floor":37,"turns":1},{"damage":2,"enemies":"2 Orb Walkers","floor":38,"turns":5},{"damage":1,"enemies":"Reptomancer","floor":40,"turns":4},{"damage":13,"enemies":"Giant Head","floor":42,"turns":5},{"damage":0,"enemies":"Jaw Worm Horde","floor":44,"turns":4},{"damage":7,"enemies":"Nemesis","floor":46,"turns":5},{"damage":0,"enemies":"3 Darklings","floor":48,"turns":4},{"damage":9,"enemies":"Donu and Deca","floor":50,"turns":5},{"damage":5,"enemies":"Shield and Spear","floor":54,"turns":5},{"damage":44,"enemies":"The Heart","floor":55,"turns":8}],"seed_played":"-2595777719561540932","potions_obtained":[{"floor":3,"key":"AttackPotion"},{"floor":6,"key":"DuplicationPotion"},{"floor":11,"key":"GamblersBrew"},{"floor":28,"key":"SkillPotion"},{"floor":33,"key":"DistilledChaos"},{"floor":38,"key":"RobotSpaceExplorer:PlasmaFlask"},{"floor":40,"key":"PowerPotion"},{"floor":42,"key":"Explosive Potion"}],"is_trial":false,"path_per_floor":["M","?","M","?","$","E","R","T","T","R","E","?","R","M","R","B",null,"M","M","?","M","?","R","$","E","T","?","M","M","R","E","R","B",null,"M","?","M","?","?","E","R","E","T","M","R","E","$","M","R","B",null,"R","$","E","B",null],"character_chosen":"RobotSpaceExplorer","items_purchased":["RobotSpaceExplorer:PlasmaMissile","Fire Potion","RobotSpaceExplorer:Reload","OrangePellets","Bag of Marbles","Purity+1","Regen Potion"],"campfire_rested":1,"item_purchase_floors":[5,5,24,47,53,53,53],"current_hp_per_floor":[68,61,61,50,50,50,50,50,50,50,42,42,42,42,42,38,66,66,66,66,66,66,66,66,61,61,37,35,35,35,35,35,34,36,36,36,36,34,34,33,33,20,20,20,31,24,24,24,24,15,32,32,32,34,5],"gold":41,"neow_bonus":"THREE_ENEMY_KILL","is_daily":false,"chose_seed":false,"campfire_upgraded":9,"win_rate":0.0,"timestamp":1609099470,"path_taken":["M","?","M","?","?","E","R","?","T","R","E","?","R","M","R","BOSS","M","M","?","?","?","R","$","E","T","?","M","M","R","E","R","BOSS","M","?","?","?","?","E","R","E","T","?","R","E","$","M","R","BOSS","R","$","E","BOSS"],"items_purchased_type":["Card","Potion","Card","Relic","Relic","Card","Potion"],"build_version":"2020-12-22","purchased_purges":3,"victory":true,"max_hp_per_floor":[75,75,75,75,75,75,75,75,75,75,75,75,75,75,75,75,75,75,75,75,75,75,75,75,75,75,37,37,37,37,37,37,37,37,37,37,37,37,37,37,37,37,37,37,37,37,37,37,37,37,37,37,37,44,44],"relic_stats":{"OrangePellets":[7],"Shovel":0,"counters":[25,94],"Shuriken":[79],"Astrolabe":["RobotSpaceExplorer:Arsenal","RobotSpaceExplorer:LuckyStrike","RobotSpaceExplorer:ExhaustFan"],"StoneCalendar":[52],"obtain_stats":[{"NeowsBlessing":0,"Astrolabe":34,"RobotSpaceExplorer:RoboCore":0,"StoneCalendar":38,"Bottled Tornado":42,"RobotSpaceExplorer:TurboCore":17,"Du-Vu Doll":25,"OrangePellets":47,"Bottled Flame":9,"HornCleat":31,"Shovel":46,"Shuriken":6,"RobotSpaceExplorer:BottledGravity":11,"Strawberry":54,"Bag of Marbles":53,"Bottled Lightning":26,"Toxic Egg 2":40,"StrikeDummy":8},{"NeowsBlessing":0,"Astrolabe":14,"RobotSpaceExplorer:RoboCore":0,"StoneCalendar":17,"Bottled Tornado":19,"RobotSpaceExplorer:TurboCore":6,"Du-Vu Doll":10,"OrangePellets":21,"Bottled Flame":3,"HornCleat":13,"Shovel":21,"Shuriken":3,"RobotSpaceExplorer:BottledGravity":4,"Strawberry":24,"Bag of Marbles":23,"Bottled Lightning":10,"Toxic Egg 2":18,"StrikeDummy":3},{"NeowsBlessing":0,"Astrolabe":46,"RobotSpaceExplorer:RoboCore":0,"StoneCalendar":54,"Bottled Tornado":63,"RobotSpaceExplorer:TurboCore":17,"Du-Vu Doll":28,"OrangePellets":72,"Bottled Flame":3,"HornCleat":40,"Shovel":72,"Shuriken":3,"RobotSpaceExplorer:BottledGravity":8,"Strawberry":86,"Bag of Marbles":81,"Bottled Lightning":28,"Toxic Egg 2":58,"StrikeDummy":3}]},"card_choices":[{"not_picked":["RobotSpaceExplorer:SurgingShield","RobotSpaceExplorer:ScrapMissile"],"picked":"RobotSpaceExplorer:ScrapToss","floor":1},{"not_picked":["RobotSpaceExplorer:SwiftStep","RobotSpaceExplorer:Ammunition"],"picked":"RobotSpaceExplorer:FrostMissile","floor":3},{"not_picked":["RobotSpaceExplorer:StunGrenade","RobotSpaceExplorer:MakeshiftVolley"],"picked":"RobotSpaceExplorer:JunkDive","floor":6},{"not_picked":["RobotSpaceExplorer:BlastShield","RobotSpaceExplorer:ScrapMissile"],"picked":"RobotSpaceExplorer:Pulsar","floor":11},{"not_picked":["RobotSpaceExplorer:ImprovisedAttack","RobotSpaceExplorer:PowerGlove"],"picked":"RobotSpaceExplorer:LuckyStrike","floor":14},{"not_picked":["RobotSpaceExplorer:Exploration","RobotSpaceExplorer:Wormhole"],"picked":"RobotSpaceExplorer:ChargingLaser","floor":16},{"not_picked":["RobotSpaceExplorer:SurgingShield+1","RobotSpaceExplorer:ShockKick","RobotSpaceExplorer:SwiftStep"],"picked":"SKIP","floor":18},{"not_picked":["RobotSpaceExplorer:ScrapMissile","RobotSpaceExplorer:StunGrenade"],"picked":"RobotSpaceExplorer:MetalStrike","floor":19},{"not_picked":["RobotSpaceExplorer:Blitz","RobotSpaceExplorer:StarDust","RobotSpaceExplorer:SlimeMissile+1"],"picked":"SKIP","floor":21},{"not_picked":["RobotSpaceExplorer:Ammunition","RobotSpaceExplorer:DualCore"],"picked":"RobotSpaceExplorer:FranticSearch","floor":25},{"not_picked":["RobotSpaceExplorer:ShockKick","RobotSpaceExplorer:ShovelStrike"],"picked":"RobotSpaceExplorer:Jetpack","floor":28},{"not_picked":["RobotSpaceExplorer:FreezeRay+1","RobotSpaceExplorer:LaserBurst+1"],"picked":"RobotSpaceExplorer:Accelerator","floor":29},{"not_picked":["RobotSpaceExplorer:ShovelStrike","RobotSpaceExplorer:Ammunition","RobotSpaceExplorer:ScrapMissile+1"],"picked":"SKIP","floor":31},{"not_picked":["RobotSpaceExplorer:Blaster","RobotSpaceExplorer:Autoloader"],"picked":"RobotSpaceExplorer:Multitool","floor":33},{"not_picked":["RobotSpaceExplorer:ScrapMissile+1","RobotSpaceExplorer:SurgingShield+1"],"picked":"RobotSpaceExplorer:FranticSearch+1","floor":35},{"not_picked":["RobotSpaceExplorer:FranticSearch","RobotSpaceExplorer:ScrapMissile+1"],"picked":"RobotSpaceExplorer:Wormhole","floor":37},{"not_picked":["RobotSpaceExplorer:Ammunition+1","RobotSpaceExplorer:GlueShot+1"],"picked":"RobotSpaceExplorer:Blaster","floor":40},{"not_picked":["RobotSpaceExplorer:Electroshield+1","RobotSpaceExplorer:RigExplosive+1","RobotSpaceExplorer:StunGrenade+1"],"picked":"SKIP","floor":42},{"not_picked":["RobotSpaceExplorer:StunGrenade+1","RobotSpaceExplorer:Counterblock+1","RobotSpaceExplorer:SwiftStep+1"],"picked":"SKIP","floor":44},{"not_picked":["RobotSpaceExplorer:DoubleBlock+1","RobotSpaceExplorer:SurgingShield+1","RobotSpaceExplorer:StunGrenade"],"picked":"SKIP","floor":46},{"not_picked":["RobotSpaceExplorer:Counterblock+1","RobotSpaceExplorer:FrostMissile"],"picked":"RobotSpaceExplorer:GearShield+1","floor":48},{"not_picked":["RobotSpaceExplorer:StunGrenade+1","RobotSpaceExplorer:FrostMissile+1","RobotSpaceExplorer:FranticSearch+1"],"picked":"SKIP","floor":54}],"player_experience":248443,"relics_obtained":[{"floor":6,"key":"Shuriken"},{"floor":8,"key":"StrikeDummy"},{"floor":9,"key":"Bottled Flame"},{"floor":11,"key":"RobotSpaceExplorer:BottledGravity"},{"floor":25,"key":"Du-Vu Doll"},{"floor":26,"key":"Bottled Lightning"},{"floor":31,"key":"HornCleat"},{"floor":38,"key":"StoneCalendar"},{"floor":40,"key":"Toxic Egg 2"},{"floor":42,"key":"Bottled Tornado"},{"floor":46,"key":"Shovel"},{"floor":54,"key":"Strawberry"}],"event_choices":[{"cards_removed":["RobotSpaceExplorer:Defend"],"damage_healed":0,"gold_gain":0,"player_choice":"Card Removal","damage_taken":7,"max_hp_gain":0,"max_hp_loss":0,"event_name":"Golden Wing","floor":2,"gold_loss":0},{"damage_healed":0,"gold_gain":75,"player_choice":"Gather Gold","damage_taken":11,"max_hp_gain":0,"max_hp_loss":0,"event_name":"World of Goop","floor":4,"gold_loss":0},{"cards_removed":["RobotSpaceExplorer:Strike"],"damage_healed":0,"gold_gain":0,"player_choice":"Card Removal","damage_taken":0,"max_hp_gain":0,"max_hp_loss":0,"event_name":"The Cleric","floor":12,"gold_loss":50},{"damage_healed":0,"gold_gain":275,"player_choice":"Desecrate","damage_taken":0,"max_hp_gain":0,"max_hp_loss":0,"event_name":"Golden Shrine","floor":20,"gold_loss":0,"cards_obtained":["Regret"]},{"damage_healed":0,"gold_gain":0,"player_choice":"Ignored","damage_taken":0,"max_hp_gain":0,"max_hp_loss":0,"event_name":"Vampires","floor":22,"gold_loss":0},{"damage_healed":0,"gold_gain":0,"player_choice":"Became a Ghost","damage_taken":0,"max_hp_gain":0,"max_hp_loss":38,"event_name":"Ghosts","floor":27,"gold_loss":0,"cards_obtained":["Ghostly","Ghostly","Ghostly","Ghostly","Ghostly"]},{"damage_healed":0,"gold_gain":0,"cards_transformed":["RobotSpaceExplorer:Defend"],"player_choice":"Transformed","damage_taken":0,"max_hp_gain":0,"max_hp_loss":0,"event_name":"Transmorgrifier","floor":36,"gold_loss":0,"cards_obtained":["RobotSpaceExplorer:Electroshield"]},{"damage_healed":0,"gold_gain":0,"player_choice":"Fight","damage_taken":0,"max_hp_gain":0,"max_hp_loss":0,"event_name":"Mysterious Sphere","floor":38,"gold_loss":0},{"cards_removed":["RobotSpaceExplorer:Electroshield"],"damage_healed":0,"gold_gain":0,"player_choice":"Upgrade and Remove","damage_taken":0,"max_hp_gain":0,"max_hp_loss":0,"event_name":"Designer","floor":39,"gold_loss":90,"cards_upgraded":["Ghostly"]}],"is_beta":false,"boss_relics":[{"not_picked":["Calling Bell","Black Star"],"picked":"RobotSpaceExplorer:TurboCore"},{"not_picked":["Empty Cage","Runic Dome"],"picked":"Astrolabe"}],"items_purged_floors":[5,24,47],"is_endless":false,"potions_floor_spawned":[3,6,11,18,21,28,33,38,40,42],"ascension_level":10}}