{"host":"e87rn453naquue3h","time":1609053706,"event":{"mods":["AchievementEnabler","BaseMod","Downfall","Minty Spire (QoL Compilation)","StSLib"],"gold_per_floor":[199,210,210,222,238,264,287,287,212,243,243,243,243,307,320,320,320,320],"floor_reached":16,"playtime":2084,"items_purged":[],"score":119,"play_id":"517a77be-055b-4d3c-9325-edf2cfe3c57a","local_time":"20201227022146","is_ascension_mode":true,"campfire_choices":[{"floor":1,"key":"RECALL"},{"data":"Guardian:BronzeOrb","floor":9,"key":"SMITH"},{"data":"Guardian:PrismaticBarrier","floor":11,"key":"SMITH"},{"floor":13,"key":"REST"}],"circlet_count":0,"master_deck":["Guardian:Strike_Guardian","Guardian:Strike_Guardian","Guardian:Strike_Guardian","Guardian:Strike_Guardian","Guardian:Defend_Guardian","Guardian:Defend_Guardian","Guardian:Defend_Guardian","Guardian:Defend_Guardian","Guardian:CurlUp","Guardian:TwinSlam","Guardian:BronzeOrb+1","Guardian:TimeCapacitor","Guardian:PrismaticBarrier+1","Guardian:Harden","Guardian:ChargeCore","Guardian:Gem_Purple","Guardian:Gem_Synthetic","Guardian:Gem_Red","Guardian:TimeCapacitor","Guardian:ShieldCharger"],"relics":["Guardian:ModeShifter","Guardian:PickAxe","Lantern","downfall:HeartBlessingRed","Singing Bowl","Guardian:SackOfGems","FossilizedHelix"],"acts_visited":["Exordium"],"potions_floor_usage":[16,16],"damage_taken":[{"damage":7,"enemies":"2 Louse","floor":2,"turns":3},{"damage":0,"enemies":"Small Slimes","floor":4,"turns":3},{"damage":2,"enemies":"Jaw Worm","floor":5,"turns":3},{"damage":21,"enemies":"3 Sentries","floor":6,"turns":13},{"damage":6,"enemies":"Lagavulin","floor":10,"turns":9},{"damage":9,"enemies":"3 Sentries","floor":14,"turns":8},{"damage":0,"enemies":"Gremlin Gang","floor":15,"turns":5},{"damage":53,"enemies":"downfall:Defect","floor":16,"turns":13}],"seed_played":"-4736496502471268421","potions_obtained":[{"floor":2,"key":"SkillPotion"},{"floor":5,"key":"SpeedPotion"},{"floor":14,"key":"SkillPotion"},{"floor":15,"key":"SteroidPotion"}],"is_trial":false,"path_per_floor":["R","M","?","M","M","E","T","?","R","E","R","?","R","?","M","B"],"character_chosen":"GUARDIAN","items_purchased":[],"campfire_rested":1,"item_purchase_floors":[],"current_hp_per_floor":[80,73,73,73,71,50,50,50,50,44,44,37,61,52,52,0,0,0],"gold":320,"neow_bonus":"HUNDRED_GOLD","is_daily":false,"chose_seed":false,"campfire_upgraded":2,"win_rate":0.0,"timestamp":1609053706,"path_taken":["R","M","?","M","M","E","T","?","R","E","R","?","R","?","M","BOSS"],"items_purchased_type":[],"build_version":"2020-12-22","purchased_purges":0,"victory":false,"max_hp_per_floor":[80,80,80,80,80,80,80,80,80,80,80,80,80,80,80,80,80,80],"card_choices":[{"not_picked":["Guardian:ChargeUp","Guardian:Gem_Crimson"],"picked":"Guardian:BronzeOrb","floor":2},{"not_picked":["Guardian:Emergency","Guardian:Reroute"],"picked":"Guardian:TimeCapacitor","floor":4},{"not_picked":["Guardian:PiercingHide","Guardian:WalkerClaw"],"picked":"Guardian:PrismaticBarrier","floor":5},{"not_picked":["Guardian:SentryBeam","Guardian:EvasiveProtocol"],"picked":"Guardian:Harden","floor":6},{"not_picked":["Guardian:Harden","Guardian:TemporalStrike"],"picked":"Guardian:ChargeCore","floor":10},{"not_picked":["Guardian:TemporalShield","Guardian:Gem_White"],"picked":"Guardian:TimeCapacitor","floor":14},{"not_picked":["Guardian:Gem_Red","Guardian:TemporalShield"],"picked":"Guardian:ShieldCharger","floor":15}],"player_experience":2406890,"relics_obtained":[{"floor":6,"key":"Guardian:PickAxe"},{"floor":7,"key":"Lantern"},{"floor":10,"key":"Singing Bowl"},{"floor":14,"key":"FossilizedHelix"}],"event_choices":[{"damage_healed":0,"gold_gain":0,"player_choice":"Success","damage_taken":7,"relics_obtained":["Guardian:SackOfGems"],"max_hp_gain":0,"max_hp_loss":0,"event_name":"Scrap Ooze","floor":12,"gold_loss":0}],"is_beta":false,"boss_relics":[],"items_purged_floors":[],"is_endless":false,"potions_floor_spawned":[2,5,14,15],"killed_by":"downfall:Defect","ascension_level":2}}