{"host":"7rmsgc3rayi00cdt","time":1609065015,"event":{"mods":["BaseMod","Minty Spire (QoL Compilation)"],"gold_per_floor":[109,73,87,87,97,97,107,107,107,125,136,162,162,178,178,255,255,275,275,286,286,300,300,314,314,340,350,129,149,180,180,180,254,254,272,272,272,284,295,295,322,322,322,322,40,40,51,65,65,65],"floor_reached":51,"playtime":2046,"items_purged":[],"score":1267,"play_id":"00b40862-bb08-4022-bca1-aeb963a71fcc","local_time":"20201227103015","is_ascension_mode":true,"campfire_choices":[{"data":"Survivor","floor":6,"key":"SMITH"},{"data":"Neutralize","floor":8,"key":"SMITH"},{"floor":13,"key":"REST"},{"data":"Caltrops","floor":15,"key":"SMITH"},{"data":"Terror","floor":23,"key":"SMITH"},{"data":"Backflip","floor":25,"key":"SMITH"},{"floor":32,"key":"REST"},{"data":"Cloak And Dagger","floor":40,"key":"SMITH"},{"data":"Accuracy","floor":42,"key":"SMITH"},{"data":"After Image","floor":44,"key":"SMITH"},{"floor":49,"key":"REST"}],"circlet_count":0,"master_deck":["AscendersBane","Strike_G+1","Strike_G+1","Strike_G+1","Strike_G+1","Defend_G+1","Defend_G+1","Defend_G+1","Defend_G+1","Survivor+1","Neutralize+1","Infinite Blades","Cloak And Dagger","Dagger Throw","Backflip+1","Dagger Throw","Caltrops+1","After Image","Masterful Stab","Terror+1","Accuracy+1","Underhanded Strike+1","After Image+1","Blade Dance","Cloak And Dagger+1","Escape Plan","Die Die Die","Calculated Gamble","Prepared","Backstab"],"relics":["Sozu","Bag of Marbles","Bottled Tornado","Thread and Needle","WristBlade","Dream Catcher","OrangePellets","Shuriken","Busted Crown","Mummified Hand","HornCleat","Ornamental Fan"],"acts_visited":["Exordium","TheCity","TheBeyond"],"potions_floor_usage":[],"damage_taken":[{"damage":4,"enemies":"Cultist","floor":1,"turns":4},{"damage":0,"enemies":"Jaw Worm","floor":3,"turns":4},{"damage":0,"enemies":"2 Louse","floor":5,"turns":3},{"damage":10,"enemies":"Gremlin Gang","floor":7,"turns":6},{"damage":1,"enemies":"2 Fungi Beasts","floor":10,"turns":3},{"damage":4,"enemies":"Looter","floor":11,"turns":3},{"damage":10,"enemies":"Lagavulin","floor":12,"turns":6},{"damage":0,"enemies":"3 Louse","floor":14,"turns":3},{"damage":22,"enemies":"Slime Boss","floor":16,"turns":10},{"damage":0,"enemies":"Spheric Guardian","floor":18,"turns":4},{"damage":0,"enemies":"3 Byrds","floor":20,"turns":4},{"damage":14,"enemies":"Shelled Parasite and Fungi","floor":22,"turns":4},{"damage":6,"enemies":"Snake Plant","floor":24,"turns":4},{"damage":1,"enemies":"Snecko","floor":27,"turns":4},{"damage":8,"enemies":"Cultist and Chosen","floor":29,"turns":3},{"damage":24,"enemies":"Slavers","floor":30,"turns":5},{"damage":15,"enemies":"Collector","floor":33,"turns":8},{"damage":0,"enemies":"3 Shapes","floor":35,"turns":5},{"damage":0,"enemies":"Orb Walker","floor":38,"turns":3},{"damage":0,"enemies":"Transient","floor":39,"turns":5},{"damage":0,"enemies":"Nemesis","floor":41,"turns":6},{"damage":0,"enemies":"Maw","floor":47,"turns":5},{"damage":4,"enemies":"Writhing Mass","floor":48,"turns":8},{"damage":12,"enemies":"Donu and Deca","floor":50,"turns":8}],"seed_played":"7030865296411753478","potions_obtained":[],"is_trial":false,"path_per_floor":["M","$","M","T","M","R","M","R","T","M","M","E","R","M","R","B",null,"M","?","M","?","M","R","M","R","T","M","$","M","E","?","R","B",null,"M","?","?","M","M","R","E","R","T","R","$","?","M","M","R","B",null],"character_chosen":"THE_SILENT","items_purchased":["Infinite Blades","OrangePellets","Blade Dance","Ornamental Fan"],"campfire_rested":3,"item_purchase_floors":[2,28,28,45],"current_hp_per_floor":[55,55,55,55,55,55,45,45,45,44,40,30,49,49,49,27,56,56,56,56,56,42,42,36,36,36,35,35,27,3,3,22,7,51,51,51,51,51,51,51,51,51,51,51,51,51,51,47,66,54],"gold":65,"neow_bonus":"BOSS_RELIC","is_daily":false,"chose_seed":false,"campfire_upgraded":8,"win_rate":0.0,"timestamp":1609065015,"path_taken":["M","?","M","?","M","R","M","R","T","?","M","E","R","M","R","BOSS","M","?","?","?","?","R","M","R","T","M","$","M","E","?","R","BOSS","M","?","?","M","?","R","E","R","T","R","$","?","M","M","R","BOSS"],"items_purchased_type":["Card","Relic","Card","Relic"],"build_version":"2020-12-22","purchased_purges":0,"victory":true,"max_hp_per_floor":[66,66,66,66,66,66,66,66,66,66,66,66,66,66,66,66,66,66,66,66,66,66,66,66,66,66,66,66,66,66,66,66,66,66,66,66,66,66,66,66,66,66,66,66,66,66,66,66,66,66],"card_choices":[{"not_picked":["Flechettes","Outmaneuver","Deflect"],"picked":"SKIP","floor":1},{"not_picked":["Dodge and Roll","Poisoned Stab"],"picked":"Cloak And Dagger","floor":3},{"not_picked":["Dagger Spray","Eviscerate","Choke"],"picked":"SKIP","floor":5},{"not_picked":["Deflect","Slice"],"picked":"Dagger Throw","floor":7},{"not_picked":["Malaise","Quick Slash"],"picked":"Backflip","floor":10},{"not_picked":["Acrobatics","Cloak And Dagger"],"picked":"Dagger Throw","floor":11},{"not_picked":["Backflip","Eviscerate","Catalyst"],"picked":"SKIP","floor":12},{"not_picked":["Cloak And Dagger","Quick Slash"],"picked":"Caltrops","floor":14},{"not_picked":["A Thousand Cuts","Burst"],"picked":"After Image","floor":16},{"not_picked":["Cloak And Dagger","Calculated Gamble"],"picked":"Masterful Stab","floor":18},{"not_picked":["Underhanded Strike","Flying Knee"],"picked":"Predator","floor":20},{"not_picked":["Slice","Infinite Blades"],"picked":"Accuracy","floor":22},{"not_picked":["Riddle With Holes+1","Flying Knee"],"picked":"Underhanded Strike+1","floor":24},{"not_picked":["Dodge and Roll","Flying Knee"],"picked":"After Image","floor":27},{"not_picked":["Reflex","Concentrate","Flying Knee"],"picked":"SKIP","floor":29},{"not_picked":["Dagger Spray","Blade Dance"],"picked":"Cloak And Dagger","floor":30},{"not_picked":["Riddle With Holes","Underhanded Strike"],"picked":"Escape Plan","floor":32},{"not_picked":["Unload","Corpse Explosion"],"picked":"Die Die Die","floor":33},{"not_picked":[],"picked":"Calculated Gamble","floor":35},{"not_picked":[],"picked":"Prepared","floor":38},{"not_picked":["Bouncing Flask+1"],"picked":"SKIP","floor":39},{"not_picked":["Dagger Throw"],"picked":"SKIP","floor":41},{"not_picked":["Footwork"],"picked":"SKIP","floor":47},{"not_picked":[],"picked":"Backstab","floor":48}],"player_experience":723115,"relics_obtained":[{"floor":4,"key":"Bag of Marbles"},{"floor":9,"key":"Bottled Tornado"},{"floor":12,"key":"Thread and Needle"},{"floor":26,"key":"Dream Catcher"},{"floor":30,"key":"Shuriken"},{"floor":41,"key":"Mummified Hand"},{"floor":43,"key":"HornCleat"}],"event_choices":[{"cards_removed":["Strike_G"],"damage_healed":0,"gold_gain":0,"player_choice":"Offered Basic","damage_taken":0,"max_hp_gain":0,"max_hp_loss":0,"event_name":"Bonfire Elementals","floor":19,"gold_loss":0},{"damage_healed":0,"gold_gain":0,"cards_transformed":["Defend_G"],"player_choice":"Transformed","damage_taken":0,"max_hp_gain":0,"max_hp_loss":0,"event_name":"Transmorgrifier","floor":21,"gold_loss":0,"cards_obtained":["Terror"]},{"damage_healed":0,"gold_gain":0,"player_choice":"Simplicity","damage_taken":0,"max_hp_gain":0,"max_hp_loss":0,"event_name":"Back to Basics","floor":31,"gold_loss":0,"cards_upgraded":["Strike_G","Strike_G","Strike_G","Strike_G","Defend_G","Defend_G","Defend_G","Defend_G"]},{"damage_healed":0,"gold_gain":0,"player_choice":"Ignored","damage_taken":0,"max_hp_gain":0,"max_hp_loss":0,"event_name":"Tomb of Lord Red Mask","floor":36,"gold_loss":0},{"damage_healed":0,"gold_gain":0,"player_choice":"Ignored","damage_taken":0,"max_hp_gain":0,"max_hp_loss":0,"event_name":"SecretPortal","floor":37,"gold_loss":0},{"cards_removed":["Predator"],"damage_healed":0,"gold_gain":0,"player_choice":"Removed Attack","damage_taken":0,"max_hp_gain":0,"max_hp_loss":0,"event_name":"Falling","floor":46,"gold_loss":0}],"is_beta":false,"boss_relics":[{"not_picked":["SacredBark","Runic Pyramid"],"picked":"WristBlade"},{"not_picked":["Astrolabe","Black Star"],"picked":"Busted Crown"}],"items_purged_floors":[],"is_endless":false,"potions_floor_spawned":[1,3,5,11,14,18,22,29,41,47],"ascension_level":16}}