{"host":"wjw2tk2y2rycscg9","time":1609050837,"event":{"mods":["2.2 Compatiblity","Act Like it!","Aspiration","BaseMod","Colored Map","Dota2Spire","Downfall","Hallownest","Hubris","Infinite Spire","Marisa????????","Minty Spire (QoL Compilation)","Relic Stats","Replay The Spire","Shade Mod","StSLib","The Alterego","The Servant 0.9.4","TheSwordswoman","Unceasing Turn Reminder","Yakumo Yukari mod"],"gold_per_floor":[117,128,128,185,185,185,205,205,205,53,30,59,59,69,69,168,168,181,181,181,197,216,216,235,245,270,299,315,8,8,21,21,118,118,142,142,142,142],"floor_reached":37,"playtime":1727,"items_purged":["Pain"],"score":564,"play_id":"4c9c14aa-c1dc-40ed-8b1c-31a1da693526","local_time":"20201226233357","is_ascension_mode":false,"campfire_choices":[{"data":"infinitespire:SevenWalls","floor":6,"key":"SMITH"},{"data":"alterego_mod:Nekomimi","floor":15,"key":"SMITH"},{"data":"alterego_mod:BrynhildrsRune","floor":23,"key":"SMITH"},{"data":"alterego_mod:BigMeatyClaws","floor":32,"key":"SMITH"}],"circlet_count":0,"master_deck":["alterego_mod:Strike","alterego_mod:Strike","alterego_mod:Strike","alterego_mod:Defend+1","alterego_mod:Defend","alterego_mod:Defend","alterego_mod:Defend+1","alterego_mod:Impale","alterego_mod:BigMeatyClaws+1","alterego_mod:BrynhildrsRune+1","alterego_mod:Nekomimi+1","infinitespire:SevenWalls+1","alterego_mod:Undulate","alterego_mod:GoddessCore","alterego_mod:PresenceConcealment","alterego_mod:Vow","alterego_mod:MagicResistance","alterego_mod:Mirror+1","alterego_mod:Smother","alterego_mod:TrickOrTreatment"],"relics":["alterego_mod:MasochisticConstitution","WarpedTongs","MealTicket","Anchor","Dota2Spire:Bloodstone","Nloth\u0027s Gift","Strange Spoon","aspiration:PoetsPen_weak","Dota2Spire:EchoSabre","Onion Ring","ClockworkSouvenir","War Paint","infinitespire:EvilPickle","SlaversCollar"],"acts_visited":["Exordium","TheCity","TheBeyond"],"potions_floor_usage":[12,24,27,37],"damage_taken":[{"damage":2,"enemies":"Small Slimes","floor":1,"turns":4},{"damage":20,"enemies":"infinitespire:Voidling","floor":2,"turns":5},{"damage":0,"enemies":"2 Louse","floor":7,"turns":2},{"damage":21,"enemies":"Gremlin Nob","floor":12,"turns":4},{"damage":0,"enemies":"Exordium Thugs","floor":14,"turns":5},{"damage":15,"enemies":"Slime Boss","floor":16,"turns":9},{"damage":26,"enemies":"2 Thieves","floor":18,"turns":3},{"damage":0,"enemies":"Shell Parasite","floor":21,"turns":4},{"damage":0,"enemies":"Snecko","floor":22,"turns":4},{"damage":0,"enemies":"Snake Plant","floor":24,"turns":4},{"damage":0,"enemies":"Chosen and Byrds","floor":25,"turns":4},{"damage":5,"enemies":"Slavers","floor":27,"turns":4},{"damage":10,"enemies":"Centurion and Healer","floor":28,"turns":3},{"damage":0,"enemies":"Shelled Parasite and Fungi","floor":31,"turns":3},{"damage":12,"enemies":"Pondfish","floor":33,"turns":8},{"damage":0,"enemies":"3 Shapes","floor":35,"turns":2},{"damage":105,"enemies":"3 Shapes","floor":37,"turns":13}],"seed_played":"7486084284701475026","potions_obtained":[{"floor":2,"key":"Explosive Potion"},{"floor":22,"key":"LiquidMemories"},{"floor":24,"key":"SteroidPotion"},{"floor":33,"key":"sneckomod:MuddlingPotion"}],"is_trial":true,"path_per_floor":["M","M","?","?","?","R","M","?","T","$","$","E","$","M","R","B",null,"M","?","AVR","M","M","R","M","M","T","E","M","$","?","M","R_BF","B",null,"M","?","?"],"character_chosen":"The_Alterego","items_purchased":["MealTicket","alterego_mod:GoddessCore","ClockworkSouvenir","War Paint"],"campfire_rested":0,"item_purchase_floors":[10,11,29,29],"current_hp_per_floor":[69,64,46,46,46,46,46,46,46,46,61,47,62,64,64,59,74,49,49,49,49,49,49,49,63,63,66,57,72,72,72,72,68,78,78,78,0,0],"gold":142,"neow_bonus":"","is_daily":false,"chose_seed":false,"campfire_upgraded":4,"win_rate":0.0,"timestamp":1609050837,"path_taken":["M","M","?","?","?","R","?","?","T","?","$","E","?","M","R","BOSS","M","?","AVR","M","M","R","?","M","T","E","M","$","?","M","R_BF","BOSS","M","?","?"],"items_purchased_type":["Relic","Card","Relic","Relic"],"build_version":"2020-12-22","purchased_purges":1,"victory":false,"max_hp_per_floor":[71,72,72,72,72,72,72,72,72,72,72,73,73,73,73,74,74,75,75,75,75,75,75,75,75,75,76,77,77,77,77,77,78,78,78,78,78,78],"relic_stats":{"Strange Spoon":[36],"counters":[17,81],"MealTicket":45,"Nloth\u0027s Gift":1,"War Paint":["alterego_mod:Defend","alterego_mod:Defend"],"obtain_stats":[{"Dota2Spire:EchoSabre":26,"alterego_mod:MasochisticConstitution":0,"Dota2Spire:Bloodstone":17,"aspiration:PoetsPen_weak":20,"War Paint":29,"WarpedTongs":5,"ClockworkSouvenir":29,"infinitespire:EvilPickle":33,"Strange Spoon":20,"SlaversCollar":34,"Anchor":12,"MealTicket":10,"Onion Ring":27,"Snack Pack":9,"Nloth\u0027s Gift":19},{"Dota2Spire:EchoSabre":11,"alterego_mod:MasochisticConstitution":0,"Dota2Spire:Bloodstone":6,"aspiration:PoetsPen_weak":7,"War Paint":13,"WarpedTongs":2,"ClockworkSouvenir":13,"infinitespire:EvilPickle":15,"Strange Spoon":7,"SlaversCollar":15,"Anchor":4,"MealTicket":3,"Onion Ring":12,"Snack Pack":3,"Nloth\u0027s Gift":7},{"Dota2Spire:EchoSabre":48,"alterego_mod:MasochisticConstitution":0,"Dota2Spire:Bloodstone":29,"aspiration:PoetsPen_weak":32,"War Paint":55,"WarpedTongs":9,"ClockworkSouvenir":55,"infinitespire:EvilPickle":66,"Strange Spoon":32,"SlaversCollar":66,"Anchor":15,"MealTicket":11,"Onion Ring":52,"Snack Pack":11,"Nloth\u0027s Gift":32}],"WarpedTongs":[71]},"card_choices":[{"not_picked":["alterego_mod:RocketPunch","alterego_mod:MaintainEyeContact","alterego_mod:Crossover"],"picked":"SKIP","floor":1},{"not_picked":["alterego_mod:Birthday","alterego_mod:Undulate"],"picked":"alterego_mod:Nekomimi","floor":2},{"not_picked":["infinitespire:Starlight","hubris:Rewind"],"picked":"infinitespire:SevenWalls","floor":3},{"not_picked":["alterego_mod:Skirt","alterego_mod:GachaTicket"],"picked":"alterego_mod:Undulate","floor":7},{"not_picked":["alterego_mod:HighServant","alterego_mod:Bunnysuit","alterego_mod:Cooking"],"picked":"SKIP","floor":12},{"not_picked":["alterego_mod:Exercise","alterego_mod:DestructionOfProperty"],"picked":"alterego_mod:PresenceConcealment","floor":14},{"not_picked":["alterego_mod:VirginLaserPalladion","alterego_mod:Weigh"],"picked":"alterego_mod:Vow","floor":16},{"not_picked":["alterego_mod:Skirt","alterego_mod:DiscoLights","alterego_mod:BiFurious+1"],"picked":"SKIP","floor":18},{"not_picked":["alterego_mod:TrashNCrash","alterego_mod:BiFurious"],"picked":"alterego_mod:MagicResistance","floor":21},{"not_picked":["alterego_mod:Tantrum","alterego_mod:Bunnysuit","alterego_mod:TrashNCrash"],"picked":"SKIP","floor":22},{"not_picked":["alterego_mod:BusterCard","alterego_mod:Cycle+1","alterego_mod:MagicResistance"],"picked":"SKIP","floor":24},{"not_picked":["alterego_mod:Table","alterego_mod:Cooking+1","alterego_mod:MagicResistance"],"picked":"SKIP","floor":25},{"not_picked":["alterego_mod:PurpleHair","alterego_mod:RidiculouslyBig+1","alterego_mod:DeftHands"],"picked":"SKIP","floor":27},{"not_picked":["alterego_mod:Maid","alterego_mod:Pet"],"picked":"alterego_mod:Mirror+1","floor":28},{"not_picked":["alterego_mod:DiscoLights","alterego_mod:DeftHands"],"picked":"alterego_mod:Smother","floor":31},{"not_picked":["alterego_mod:InsideBaseball","alterego_mod:Vow"],"picked":"alterego_mod:TrickOrTreatment","floor":33},{"not_picked":["alterego_mod:HighServant+1","alterego_mod:1TonWallop+1","alterego_mod:TrashNCrash+1"],"picked":"SKIP","floor":35}],"player_experience":1158712,"relics_obtained":[{"floor":9,"key":"Snack Pack"},{"floor":12,"key":"Anchor"},{"floor":26,"key":"Dota2Spire:EchoSabre"},{"floor":27,"key":"Onion Ring"}],"event_choices":[{"damage_healed":0,"gold_gain":57,"player_choice":"Gained Gold","damage_taken":0,"max_hp_gain":0,"max_hp_loss":0,"event_name":"Golden Wing","floor":4,"gold_loss":0},{"damage_healed":0,"gold_gain":0,"player_choice":"Rummage","damage_taken":0,"relics_obtained":["WarpedTongs"],"max_hp_gain":0,"max_hp_loss":0,"event_name":"Accursed Blacksmith","floor":5,"gold_loss":0,"cards_obtained":["Pain"]},{"damage_healed":0,"gold_gain":0,"player_choice":"Traded Relic","damage_taken":0,"relics_obtained":["Nloth\u0027s Gift"],"max_hp_gain":0,"max_hp_loss":0,"event_name":"N\u0027loth","floor":19,"relics_lost":["Snack Pack"],"gold_loss":0},{"cards_removed":["alterego_mod:Strike"],"damage_healed":0,"gold_gain":0,"player_choice":"Removed Attack","damage_taken":0,"max_hp_gain":0,"max_hp_loss":0,"event_name":"Falling","floor":36,"gold_loss":0}],"is_beta":false,"boss_relics":[{"not_picked":["Fusion Hammer","Replay:Wanted Poster"],"picked":"Dota2Spire:Bloodstone"},{"not_picked":["hubris:RunicObelisk","Painkiller Herb"],"picked":"SlaversCollar"}],"items_purged_floors":[20],"is_endless":false,"potions_floor_spawned":[2,22,24,33],"killed_by":"3 Shapes","ascension_level":0}}