{"host":"f5uumzf5hfexzk8l","time":1609109747,"event":{"mods":["BaseMod","Colored Map","Googly Eyes","Highlight Path","Minty Spire (QoL Compilation)","Permanent Neow","StSLib","SuperFastMode","Unceasing Turn Reminder"],"gold_per_floor":[19,19,29,48,48,48,77,77,146,166,91,91,101,121,121,199,199,212,127,127,127],"floor_reached":20,"playtime":927,"items_purged":[],"score":398,"play_id":"e1ec9b53-64d7-49f8-8579-e82c2ce6cff7","local_time":"20201227145547","is_ascension_mode":true,"campfire_choices":[{"data":"Neutralize","floor":6.0,"key":"SMITH"},{"floor":12.0,"key":"REST"},{"data":"Malaise","floor":15.0,"key":"SMITH"}],"circlet_count":0,"master_deck":["AscendersBane","Strike_G","Strike_G","Strike_G","Defend_G","Defend_G","Defend_G","Defend_G","Defend_G","Survivor","Neutralize+1","Adrenaline","Leg Sweep","PiercingWail","Malaise+1","Glass Knife"],"relics":["Ring of the Snake","Blood Vial","Potion Belt","Letter Opener","Black Star","Prayer Wheel"],"acts_visited":["Exordium","TheCity"],"potions_floor_usage":[],"damage_taken":[{"damage":2.0,"enemies":"2 Louse","floor":1.0,"turns":4.0},{"damage":0.0,"enemies":"Cultist","floor":3.0,"turns":3.0},{"damage":9.0,"enemies":"Small Slimes","floor":4.0,"turns":4.0},{"damage":24.0,"enemies":"3 Sentries","floor":7.0,"turns":18.0},{"damage":2.0,"enemies":"Blue Slaver","floor":10.0,"turns":7.0},{"damage":0.0,"enemies":"2 Fungi Beasts","floor":13.0,"turns":6.0},{"damage":1.0,"enemies":"Lots of Slimes","floor":14.0,"turns":3.0},{"damage":10.0,"enemies":"Hexaghost","floor":16.0,"turns":15.0},{"damage":19.0,"enemies":"3 Byrds","floor":18.0,"turns":9.0},{"damage":25,"enemies":"Spheric Guardian","floor":20,"turns":19}],"seed_played":"-4289475254143778472","potions_obtained":[{"floor":2.0,"key":"FearPotion"},{"floor":2.0,"key":"Ancient Potion"},{"floor":3.0,"key":"DistilledChaos"},{"floor":7.0,"key":"Dexterity Potion"},{"floor":10.0,"key":"DuplicationPotion"}],"is_trial":false,"path_per_floor":["M","?","M","M","T","R","E","?","T","M","?","R","M","M","R","B",null,"M","?","M"],"character_chosen":"THE_SILENT","items_purchased":[],"campfire_rested":1,"item_purchase_floors":[],"current_hp_per_floor":[57,57,57,48,48,48,26,19,19,19,19,38,40,41,41,33,58,41,41,18,18],"gold":127,"neow_bonus":"THREE_RARE_CARDS","is_daily":false,"chose_seed":false,"campfire_upgraded":2,"win_rate":0.0,"timestamp":1609109747,"path_taken":["M","?","M","?","?","R","E","?","T","M","?","R","M","M","R","BOSS","M","?","M"],"items_purchased_type":[],"build_version":"2020-12-22","purchased_purges":0,"victory":false,"max_hp_per_floor":[66,66,66,66,66,66,66,66,66,66,66,66,66,66,66,66,66,66,66,66,66],"card_choices":[{"not_picked":["Burst","Unload"],"picked":"Adrenaline","floor":0.0},{"not_picked":["Bane","Outmaneuver","Quick Slash"],"picked":"SKIP","floor":1.0},{"not_picked":["Riddle With Holes","Caltrops","Concentrate"],"picked":"SKIP","floor":3.0},{"not_picked":["Cloak And Dagger","Dagger Throw"],"picked":"Leg Sweep","floor":4.0},{"not_picked":["Tactician","Dodge and Roll"],"picked":"PiercingWail","floor":7.0},{"not_picked":["Cloak And Dagger","Prepared","Riddle With Holes"],"picked":"SKIP","floor":10.0},{"not_picked":["Acrobatics","Endless Agony","Dodge and Roll"],"picked":"SKIP","floor":13.0},{"not_picked":["Flying Knee","Slice"],"picked":"Malaise","floor":14.0},{"not_picked":["Wraith Form v2","Corpse Explosion"],"picked":"Glass Knife","floor":16.0},{"not_picked":["Setup","Deflect","Bane"],"picked":"SKIP","floor":18.0}],"player_experience":307128,"relics_obtained":[{"floor":5.0,"key":"Blood Vial"},{"floor":7.0,"key":"Potion Belt"},{"floor":9.0,"key":"Letter Opener"}],"event_choices":[{"damage_healed":0.0,"max_hp_gain":0.0,"max_hp_loss":0.0,"gold_gain":0.0,"event_name":"Lab","player_choice":"Got Potions","floor":2.0,"gold_loss":0.0,"damage_taken":0.0},{"cards_removed":["Strike_G"],"damage_healed":0.0,"max_hp_gain":0.0,"max_hp_loss":0.0,"gold_gain":0.0,"event_name":"Golden Wing","player_choice":"Card Removal","floor":8.0,"gold_loss":0.0,"damage_taken":7.0},{"cards_removed":["Strike_G"],"damage_healed":0.0,"max_hp_gain":0.0,"max_hp_loss":0.0,"gold_gain":0.0,"event_name":"The Cleric","player_choice":"Card Removal","floor":11.0,"gold_loss":75.0,"damage_taken":0.0},{"damage_healed":0.0,"max_hp_gain":0.0,"max_hp_loss":0.0,"gold_gain":0.0,"event_name":"Addict","player_choice":"Obtained Relic","floor":19.0,"gold_loss":85.0,"damage_taken":0.0,"relics_obtained":["Prayer Wheel"]}],"is_beta":false,"boss_relics":[{"not_picked":["Ectoplasm","HoveringKite"],"picked":"Black Star"}],"items_purged_floors":[],"is_endless":false,"potions_floor_spawned":[3,7,10],"killed_by":"Spheric Guardian","ascension_level":20}}