{"host":"00tqcjwpycel7e54","time":1609041976,"event":{"mods":["ATMod(阿瑾Mod)","Act Like it!","BaseMod","Colored Powertips","Decade(王小明)","Hermit","Highlight Path","Luminous","Marisa（F雨　魔理沙）","Minty Spire (QoL Compilation)","Remilia（蕾米莉亚）","Robot Space Explorer","Shop Mod","Spicy Shops","StSLib","The Administrix","The Animator","The Bug Knight","The Construct","The Cursed","The Gatherer","The Hierophant","The Mystic","The Runesmith","The Servant 0.9.4","WarShipGirlsR/战舰少女R mod","Youmu（魂魄妖梦）","Yuyuko","【遗物卡牌】REMEMod"],"gold_per_floor":[113,125,3,19,37,66,66,130,157,232,248,282,297,297,297,394,394,406,420,437,456,476,503,503,521,521,521,553,565,565,69,69,168,168,168,168],"floor_reached":35,"playtime":1232,"items_purged":["Pain"],"score":432,"play_id":"6a9fc4a2-9b91-4fb2-88dc-c0ba0be9f1d7","local_time":"20201227120616","is_ascension_mode":true,"campfire_choices":[{"floor":7.0,"key":"REST"},{"data":"CollectingQuirk","floor":15.0,"key":"SMITH"},{"floor":24.0,"key":"REST"},{"floor":30.0,"key":"REST"},{"data":"1","floor":32.0,"key":"LIFT"}],"circlet_count":0,"master_deck":["Strike_MRS","Strike_MRS","Strike_MRS","Strike_MRS","Defend_MRS","Defend_MRS","Defend_MRS","Defend_MRS","MasterSpark","UpSweep","WitchLeyline","EnergyFlow","WitchLeyline","EscapeVelocity","BlazeAway+1","WitchLeyline","SporeBomb","CollectingQuirk+1","BlazingStar","BlazeAway","OrrerysSun","PulseMagic","GasGiant+1","EnergyRecoil"],"relics":["MiniHakkero","AT_ATBox","REME_ComplimentaryCards","REME_PuzzleBoxRelic","Dream Catcher","Blood Vial","Bronze Scales","Strawberry","Black Star","Girya","Orichalcum","Kunai","WarpedTongs","Pocketwatch","AT_RedNoBalance","Membership Card","Pantograph","HornCleat","MerchantsRug","REME_DemonsWealth"],"acts_visited":["Exordium","TheCity","TheBeyond"],"potions_floor_usage":[],"damage_taken":[{"damage":0.0,"enemies":"Cultist","floor":1.0,"turns":2.0},{"damage":0.0,"enemies":"Small Slimes","floor":2.0,"turns":2.0},{"damage":0.0,"enemies":"2 Louse","floor":4.0,"turns":1.0},{"damage":6.0,"enemies":"Gremlin Gang","floor":5.0,"turns":4.0},{"damage":15.0,"enemies":"Gremlin Nob","floor":6.0,"turns":3.0},{"damage":15.0,"enemies":"Large Slime","floor":11.0,"turns":2.0},{"damage":6.0,"enemies":"3 Sentries","floor":12.0,"turns":3.0},{"damage":9.0,"enemies":"Lots of Slimes","floor":13.0,"turns":2.0},{"damage":39.0,"enemies":"Hexaghost","floor":16.0,"turns":5.0},{"damage":12.0,"enemies":"Chosen","floor":18.0,"turns":3.0},{"damage":2.0,"enemies":"Spheric Guardian","floor":19.0,"turns":2.0},{"damage":17.0,"enemies":"3 Cultists","floor":20.0,"turns":4.0},{"damage":11.0,"enemies":"Shelled Parasite and Fungi","floor":21.0,"turns":2.0},{"damage":17.0,"enemies":"Snake Plant","floor":22.0,"turns":2.0},{"damage":15.0,"enemies":"HollowMod:Nosk","floor":23.0,"turns":6.0},{"damage":4.0,"enemies":"Cultist and Chosen","floor":25.0,"turns":3.0},{"damage":38.0,"enemies":"Slavers","floor":28.0,"turns":4.0},{"damage":5.0,"enemies":"3 Cultists","floor":29.0,"turns":4.0},{"damage":24.0,"enemies":"Automaton","floor":33.0,"turns":5.0},{"damage":1,"enemies":"3 Darklings","floor":35,"turns":1}],"seed_played":"818442486232814184","potions_obtained":[{"floor":5.0,"key":"DuplicationPotion"},{"floor":6.0,"key":"Explosive Potion"},{"floor":11.0,"key":"LiquidMemories"},{"floor":12.0,"key":"construct:ShiftPotion"},{"floor":16.0,"key":"EssenceOfSteel"},{"floor":21.0,"key":"SpeedPotion"},{"floor":23.0,"key":"Weak Potion"}],"is_trial":false,"path_per_floor":["M","M","$","M","M","E","R","?","T","?","M","E","M","?","R","B",null,"M","M","M","M","M","E","R","M","T","?","E","M","R","$","R","B",null,"M"],"character_chosen":"MARISA","items_purchased":["Dream Catcher","WitchLeyline","Membership Card","Pantograph","HornCleat","MerchantsRug"],"campfire_rested":3,"item_purchase_floors":[3,3,31,31,31,31],"current_hp_per_floor":[75,75,75,75,69,54,75,75,75,64,51,54,47,47,47,10,82,70,70,55,46,31,18,42,40,40,40,8,38,62,62,62,44,82,42,42],"gold":168,"neow_bonus":"RANDOM_COMMON_RELIC","is_daily":false,"chose_seed":false,"campfire_upgraded":1,"win_rate":0.0,"timestamp":1609041976,"path_taken":["M","M","?","M","M","E","R","?","T","?","M","E","M","?","R","BOSS","M","?","M","M","M","E","R","M","T","?","E","?","R","$","R","BOSS","M"],"items_purchased_type":["Relic","Card","Relic","Relic","Relic","Relic"],"build_version":"2020-12-22","purchased_purges":1,"victory":false,"max_hp_per_floor":[75,75,75,75,75,75,75,75,75,75,75,82,82,82,82,82,82,82,82,82,82,82,82,82,82,82,82,82,82,82,82,82,82,82,82,82],"card_choices":[{"not_picked":["UnstableBomb","EnergyRecoil"],"picked":"WitchLeyline","floor":1.0},{"not_picked":["GrandCross","6A"],"picked":"EnergyFlow","floor":2.0},{"not_picked":["ShootTheMoon","MilkyWay"],"picked":"EscapeVelocity","floor":4.0},{"not_picked":["ShootTheMoon","NonDirectionalLaser"],"picked":"BlazeAway","floor":5.0},{"not_picked":["GalacticHalo","AlicesGift","NonDirectionalLaser"],"picked":"SKIP","floor":6.0},{"not_picked":["PowerUp","AsteroidBelt"],"picked":"WitchLeyline","floor":7.0},{"not_picked":["BlazeAway","LuminesStrike"],"picked":"SporeBomb","floor":11.0},{"not_picked":["PowerUp","OortCloud"],"picked":"CollectingQuirk","floor":12.0},{"not_picked":["UnstableBomb","6A","ManaConvection"],"picked":"SKIP","floor":13.0},{"not_picked":["UltimateShortwave","BigCrunch"],"picked":"BlazingStar","floor":16.0},{"not_picked":["Singularity","DoubleSpark"],"picked":"BlazeAway","floor":18.0},{"not_picked":["ShootingEcho","GrandCross"],"picked":"OrrerysSun","floor":19.0},{"not_picked":["UnstableBomb+1","DC","Occultation"],"picked":"SKIP","floor":20.0},{"not_picked":["DarkMatter","6A"],"picked":"PulseMagic","floor":21.0},{"not_picked":["Acceleration+1","Singularity+1","DeepEcoloBomb"],"picked":"SKIP","floor":22.0},{"not_picked":["GrandCross","SprinkleStarSeal"],"picked":"GasGiant+1","floor":23.0},{"not_picked":["Robbery+1","GravityBeat"],"picked":"EnergyRecoil","floor":24.0},{"not_picked":["IllusionStar+1","UnstableBomb","AsteroidBelt"],"picked":"SKIP","floor":25.0},{"not_picked":["LuminesStrike","GrandCross+1","DeepEcoloBomb+1"],"picked":"SKIP","floor":28.0},{"not_picked":["GrandCross","MilkyWay","DC"],"picked":"SKIP","floor":29.0}],"player_experience":693888,"relics_obtained":[{"floor":6.0,"key":"Blood Vial"},{"floor":9.0,"key":"Bronze Scales"},{"floor":12.0,"key":"Strawberry"},{"floor":23.0,"key":"Girya"},{"floor":23.0,"key":"Orichalcum"},{"floor":26.0,"key":"Kunai"},{"floor":28.0,"key":"Pocketwatch"},{"floor":28.0,"key":"AT_SilverBalance"}],"event_choices":[{"damage_healed":0.0,"max_hp_gain":0.0,"max_hp_loss":0.0,"gold_gain":64.0,"event_name":"Golden Wing","player_choice":"Gained Gold","floor":8.0,"gold_loss":0.0,"damage_taken":0.0},{"damage_healed":0.0,"max_hp_gain":0.0,"max_hp_loss":0.0,"gold_gain":75.0,"event_name":"World of Goop","player_choice":"Gather Gold","floor":10.0,"gold_loss":0.0,"damage_taken":11.0},{"damage_healed":0.0,"max_hp_gain":0.0,"max_hp_loss":0.0,"gold_gain":0.0,"event_name":"Upgrade Shrine","player_choice":"Upgraded","floor":14.0,"gold_loss":0.0,"damage_taken":0.0,"cards_upgraded":["BlazeAway"]},{"damage_healed":0.0,"max_hp_gain":0.0,"max_hp_loss":0.0,"gold_gain":0.0,"event_name":"Accursed Blacksmith","player_choice":"Rummage","floor":27.0,"gold_loss":0.0,"damage_taken":0.0,"relics_obtained":["WarpedTongs"],"cards_obtained":["Pain"]}],"is_beta":false,"boss_relics":[{"not_picked":["Runic Pyramid","Calling Bell"],"picked":"Black Star"},{"not_picked":["Snecko Eye","Velvet Choker"],"picked":"REME_DemonsWealth"}],"items_purged_floors":[31],"is_endless":false,"potions_floor_spawned":[5,6,11,12,16,19,20,21,23,28],"killed_by":"3 Darklings","ascension_level":1}}