{"host":"v4tuy5ykrbdcm9o9","time":1609105394,"event":{"mods":["BaseMod","Duelist Mod","Minty Spire (QoL Compilation)","Replay The Spire","StSLib"],"gold_per_floor":[112,126,144,157,29,55,55,66,89,115,115,127,127,156,156,253,253,265,265,279,279,294,294,329,329,329,355,44,57,132,142,142,244,244,256,276,105,120,189,189,214,214,214,436,469,469,469,487,487,487],"floor_reached":51,"playtime":6004,"items_purged":["Shame"],"score":665,"play_id":"d1caa23e-4393-421a-b47e-198357c9f6dc","local_time":"20201227164314","is_ascension_mode":true,"campfire_choices":[{"floor":7,"key":"REST"},{"floor":15,"key":"REST"},{"floor":23,"key":"REST"},{"floor":25,"key":"REST"},{"floor":32,"key":"REST"},{"data":"Enlightenment","floor":40,"key":"SMITH"},{"data":"Redo","floor":42,"key":"SMITH"},{"floor":47,"key":"REST"},{"floor":49,"key":"REST"}],"circlet_count":0,"master_deck":["Strike_B","Strike_B","Strike_B","Strike_B","Defend_B","Defend_B","Defend_B","Zap","Dualcast+1","Redo+1","Glacier","Cold Snap","Beam Cell","Compile Driver","ReplayGash","Auto Shields","Beam Cell+1","Barrage","Chaos","Creative AI+1","Conserve Battery","Defragment+1","Enlightenment+1","Buffer+1","BootSequence","Self Repair+1","Panic Button","Gash+1","Electrodynamics+1","Aggregate","Conserve Battery+1","Static Discharge+1","Gash","Self Repair+1","Languid","Beam Cell+1","theDuelist:CurseDarkness","Amplify","Sweeping Beam+1"],"relics":["Cracked Core","Frozen Egg 2","Replay:Mystery Machine","Pet Ghost","Odd Mushroom","Cursed Key","Smiling Mask","Pear","Red Mask","Sling","SlaversCollar","Kunai","Bottled Flame","Orichalcum","DataDisk"],"acts_visited":["Exordium","TheCity","TheBeyond"],"potions_floor_usage":[6,6,6,18,24,29,31,35,41,41,41,41],"damage_taken":[{"damage":7,"enemies":"Jaw Worm","floor":1,"turns":3},{"damage":2,"enemies":"2 Louse","floor":2,"turns":2},{"damage":0,"enemies":"Small Slimes","floor":3,"turns":4},{"damage":2,"enemies":"Red Slaver","floor":4,"turns":4},{"damage":15,"enemies":"3 Sentries","floor":6,"turns":13},{"damage":6,"enemies":"Blue Slaver","floor":8,"turns":4},{"damage":9,"enemies":"Gremlin Nob","floor":10,"turns":4},{"damage":6,"enemies":"Large Slime","floor":12,"turns":4},{"damage":11,"enemies":"The Mushroom Lair","floor":14,"turns":3},{"damage":8,"enemies":"Slime Boss","floor":16,"turns":10},{"damage":9,"enemies":"Spheric Guardian","floor":18,"turns":4},{"damage":7,"enemies":"Shell Parasite","floor":20,"turns":4},{"damage":15,"enemies":"Snake Plant","floor":22,"turns":4},{"damage":5,"enemies":"Replay:Snechameleon","floor":24,"turns":5},{"damage":20,"enemies":"Masked Bandits","floor":27,"turns":6},{"damage":17,"enemies":"3 Cultists","floor":29,"turns":7},{"damage":25,"enemies":"Chosen and Byrds","floor":31,"turns":10},{"damage":21,"enemies":"Automaton","floor":33,"turns":10},{"damage":38,"enemies":"3 Darklings","floor":35,"turns":5},{"damage":0,"enemies":"3 Shapes","floor":36,"turns":6},{"damage":0,"enemies":"3 Darklings","floor":38,"turns":2},{"damage":18,"enemies":"Reptomancer","floor":41,"turns":8},{"damage":46,"enemies":"Giant Head","floor":45,"turns":10},{"damage":81,"enemies":"Transient","floor":48,"turns":5},{"damage":48,"enemies":"Replay:Hell Engine","floor":50,"turns":18}],"seed_played":"2927871135041280640","potions_obtained":[{"floor":4,"key":"Explosive Potion"},{"floor":8,"key":"BlessingOfTheForge"},{"floor":10,"key":"DuplicationPotion"},{"floor":16,"key":"Reflective Coating"},{"floor":20,"key":"AttackPotion"},{"floor":29,"key":"Block Potion"},{"floor":33,"key":"Explosive Potion"},{"floor":36,"key":"Swift Potion"},{"floor":41,"key":"Fruit Juice"},{"floor":48,"key":"Death Potion"}],"is_trial":false,"path_per_floor":["M","M","M","M","$","E","R","M","T","E","?","M","?","?","R","B",null,"M","?","M","?","M","R","E","R","T","?","$","M","?","M","R","B",null,"M","M","$","M","T","R","E","R","T","?","E","?","R","M","R","B",null],"character_chosen":"DEFECT","items_purchased":["Compile Driver","SkillPotion","Weak Potion","Self Repair+1","Sling","Panic Button","Static Discharge+1","Gash","Adrenaline Potion"],"campfire_rested":7,"item_purchase_floors":[5,5,5,28,28,28,37,37,37],"current_hp_per_floor":[75,73,73,71,71,56,80,74,74,65,70,64,47,36,62,54,87,78,78,71,59,44,70,65,87,97,77,77,70,61,46,75,54,97,69,79,79,79,79,79,86,86,86,86,60,60,90,39,69,41],"gold":487,"neow_bonus":"TEN_PERCENT_HP_BONUS","is_daily":false,"chose_seed":false,"campfire_upgraded":2,"win_rate":0.0,"timestamp":1609105394,"path_taken":["M","M","M","M","$","E","R","M","T","E","?","M","?","?","R","BOSS","M","?","M","?","?","R","E","R","T","?","$","M","?","M","R","BOSS","M","?","$","?","?","R","E","R","T","?","E","?","R","M","R","BOSS"],"items_purchased_type":["Card","Potion","Potion","Card","Relic","Card","Card","Card","Potion"],"build_version":"2020-12-22","purchased_purges":1,"victory":true,"max_hp_per_floor":[82,82,82,82,82,82,82,82,82,82,87,87,87,87,87,87,87,87,87,87,87,87,87,87,87,97,97,97,97,97,97,97,97,97,97,97,97,97,97,97,102,102,102,102,102,102,102,100,100,100],"card_choices":[{"not_picked":["Rebound","Go for the Eyes"],"picked":"Redo","floor":1},{"not_picked":["ReplaySort","ReplaySolidLightProjector"],"picked":"Glacier","floor":2},{"not_picked":["Rip and Tear","Leap"],"picked":"Cold Snap","floor":3},{"not_picked":["Steam","Capacitor"],"picked":"Beam Cell","floor":4},{"not_picked":["Leap","ReplayTheSpireMod:Reroute Power"],"picked":"ReplayGash","floor":6},{"not_picked":["Cold Snap","Streamline"],"picked":"Auto Shields","floor":8},{"not_picked":["Go for the Eyes","Auto Shields"],"picked":"Beam Cell","floor":10},{"not_picked":["Cold Snap","Go for the Eyes"],"picked":"Barrage","floor":12},{"not_picked":["Compile Driver","Undo"],"picked":"Chaos","floor":14},{"not_picked":["Core Surge","ReplayTheSpireMod:Fabricate Wheel"],"picked":"Creative AI+1","floor":16},{"not_picked":["Reprogram","Barrage"],"picked":"Conserve Battery","floor":18},{"not_picked":["ReplayTheSpireMod:Calculation Training+1","Streamline"],"picked":"Defragment+1","floor":20},{"not_picked":["Gash","Barrage","Hologram"],"picked":"SKIP","floor":22},{"not_picked":["Rebound","Gash+1"],"picked":"Buffer+1","floor":24},{"not_picked":["Leap","Steam"],"picked":"BootSequence","floor":27},{"not_picked":["Compile Driver","ReplayTheSpireMod:System Scan+1","Stack"],"picked":"SKIP","floor":29},{"not_picked":["Cold Snap","Lockon"],"picked":"Gash+1","floor":31},{"not_picked":["Biased Cognition+1","Fission"],"picked":"Electrodynamics+1","floor":33},{"not_picked":["BasicCrystalCard","Coolheaded"],"picked":"Aggregate","floor":35},{"not_picked":["Rebound","Tempest"],"picked":"Conserve Battery+1","floor":36},{"not_picked":["Echo Form+1","Go for the Eyes+1"],"picked":"Self Repair+1","floor":38},{"not_picked":["ReplayTheSpireMod:GoodbyeWorld+1","Barrage"],"picked":"Beam Cell+1","floor":41},{"not_picked":["BasicCrystalCard+1","Conserve Battery"],"picked":"Amplify","floor":45},{"not_picked":["Undo","Compile Driver"],"picked":"Sweeping Beam+1","floor":48}],"player_experience":471666,"relics_obtained":[{"floor":6,"key":"Frozen Egg 2"},{"floor":9,"key":"Replay:Mystery Machine"},{"floor":10,"key":"Pet Ghost"},{"floor":14,"key":"Odd Mushroom"},{"floor":24,"key":"Smiling Mask"},{"floor":26,"key":"Pear"},{"floor":27,"key":"Red Mask"},{"floor":39,"key":"Kunai"},{"floor":41,"key":"Bottled Flame"},{"floor":43,"key":"Orichalcum"},{"floor":45,"key":"DataDisk"}],"event_choices":[{"damage_healed":0,"gold_gain":0,"player_choice":"Donut","damage_taken":0,"max_hp_gain":5,"max_hp_loss":0,"event_name":"Big Fish","floor":11,"gold_loss":0},{"damage_healed":0,"gold_gain":0,"player_choice":"Entered Light","damage_taken":17,"max_hp_gain":0,"max_hp_loss":0,"event_name":"Shining Light","floor":13,"gold_loss":0,"cards_upgraded":["Beam Cell","Dualcast"]},{"damage_healed":0,"gold_gain":0,"player_choice":"Fought Mushrooms","damage_taken":0,"max_hp_gain":0,"max_hp_loss":0,"event_name":"Mushrooms","floor":14,"gold_loss":0},{"damage_healed":0,"gold_gain":0,"player_choice":"Ignored","damage_taken":0,"max_hp_gain":0,"max_hp_loss":0,"event_name":"Ghosts","floor":19,"gold_loss":0},{"damage_healed":0,"gold_gain":0,"player_choice":"CARD ","damage_taken":12,"max_hp_gain":0,"max_hp_loss":0,"event_name":"Knowing Skull","floor":21,"potions_obtained":[],"gold_loss":0,"cards_obtained":["Enlightenment"]},{"damage_healed":0,"gold_gain":0,"player_choice":"Fought Bandits","damage_taken":0,"max_hp_gain":0,"max_hp_loss":0,"event_name":"Masked Bandits","floor":27,"gold_loss":0},{"damage_healed":0,"gold_gain":75,"player_choice":"Touch","damage_taken":9,"max_hp_gain":0,"max_hp_loss":0,"event_name":"FaceTrader","floor":30,"gold_loss":0},{"damage_healed":0,"gold_gain":222,"player_choice":"Wore Mask","damage_taken":0,"max_hp_gain":0,"max_hp_loss":0,"event_name":"Tomb of Lord Red Mask","floor":44,"gold_loss":0},{"cards_removed":["Defend_B"],"damage_healed":0,"gold_gain":0,"player_choice":"Removed Skill","damage_taken":0,"max_hp_gain":0,"max_hp_loss":0,"event_name":"Falling","floor":46,"gold_loss":0}],"is_beta":false,"boss_relics":[{"not_picked":["Replay:Grab Bag","Abe\u0027s Treasure"],"picked":"Cursed Key"},{"not_picked":["FrozenCore","Inserter"],"picked":"SlaversCollar"}],"items_purged_floors":[28],"is_endless":false,"potions_floor_spawned":[4,8,10,16,20,22,29,33,36,41,48],"ascension_level":3}}