{"host":"5m8gbqgvq32pf5bg","time":1609086715,"event":{"mods":["Act Like it!","Ascension Reborn","Aspiration","BaseMod","Beaked The Cultist","Better Altar","Better Match","BetterRewards","Clockwork Mod","Conspire","DeckTracker","Defuse TimeMaze Blight","Dio Mod","Downfall","Elementarium","Fiend Mod","Gremlin Mod","Halation","Hallownest","Hermit","Hubris","Infinite Spire","KomeijiMod","Lobotomy","Luminous","Minty Spire (QoL Compilation)","Pale of the Ancients","Rare Cards Sparkle","Replay The Spire","Robot Space Explorer","Shade Mod","Somnambulant","StSLib","The Animator","The Bladedancer","The Clintock","The Death Knight","The Dragon Tamer","The Elementalist","The Exalted","The Forsaken","The Hierophant","The Judge","The Necromancer","The Problem Sleuth","The Sage","The Saiyan","TheVacant","vexMod","??????REMEMod","????"],"gold_per_floor":[16,30,30,42,60,60,95,95,120,120,133,133,143,154,154,258,258,277,330,330,17,27,38,38,38,38],"floor_reached":25,"playtime":2743,"items_purged":[],"score":230,"play_id":"6d3491de-ee12-4d94-9da6-a2c4fe1cc5fe","local_time":"20201228033155","is_ascension_mode":true,"campfire_choices":[{"floor":6,"key":"DIG"},{"data":"Luminous:Flash_Blink_Luminous","floor":8,"key":"SMITH"},{"data":"beaked:KnowThyFoe","floor":15,"key":"SMITH"}],"circlet_count":0,"master_deck":["Luminous:Light_Flash_Shower","Luminous:Light_Flash_Shower","Luminous:Light_Flash_Shower","Luminous:Dark_Abyssal_Drop","Luminous:Dark_Abyssal_Drop","Luminous:Dark_Abyssal_Drop","Luminous:Defend_Luminous","Luminous:Defend_Luminous","Luminous:Defend_Luminous","Luminous:Defend_Luminous","Luminous:Switch_Luminous","Luminous:Balance_Ender","Luminous:Magic_Guard_Luminous","infinitespire:Menacing","Luminous:Lunar_Tide_Luminous","Luminous:Flash_Blink_Luminous+1","Luminous:Magic_Accelerate_Luminous","Parasite","Luminous:Light_Wash_Luminous","beaked:KnowThyFoe+1","Luminous:Flash_Blink_Luminous","Luminous:Balance_Aether_Conduit","Luminous:Lania_Blessing_Luminous","Luminous:Light_Glare","Luminous:Reverse_Spell_Luminous","Luminous:Light_Spectral_Light+1","Luminous:Chase_Spell_Luminous+1","Luminous:Mana_Well_Luminous","Luminous:Light_Disperse+1"],"relics":["Luminous:MirrorRelic","REME_ComplimentaryCards","Shovel","theForsaken:Lifeblossom","vexMod:CardConverter","ReplayFunnel","hubris:Icosahedron","Sozu","Ancient Tea Set","ReplayTheSpireMod:Ring of Exchange","Ring of Misfortune","Kunai","PrismaticShard"],"acts_visited":["Exordium","TheCity"],"potions_floor_usage":[7,16],"damage_taken":[{"damage":0,"enemies":"2 Louse","floor":1,"turns":4},{"damage":5,"enemies":"Small Slimes","floor":2,"turns":4},{"damage":1,"enemies":"conspire:RoseBush","floor":4,"turns":3},{"damage":15,"enemies":"conspire:2 RoseBushes","floor":5,"turns":5},{"damage":32,"enemies":"3 Sentries","floor":7,"turns":10},{"damage":9,"enemies":"3 Louse","floor":11,"turns":5},{"damage":6,"enemies":"Blue Slaver","floor":13,"turns":7},{"damage":9,"enemies":"Exordium Wildlife","floor":14,"turns":4},{"damage":28,"enemies":"Hexaghost","floor":16,"turns":10},{"damage":9,"enemies":"3 Byrds","floor":18,"turns":9},{"damage":26,"enemies":"conspire:MimicChest","floor":19,"turns":10},{"damage":30,"enemies":"2 Thieves","floor":22,"turns":6},{"damage":30,"enemies":"Centurion and Healer","floor":23,"turns":5},{"damage":56,"enemies":"Gremlin Leader","floor":25,"turns":9}],"seed_played":"-1525247012485748836","potions_obtained":[{"floor":2,"key":"Block Potion"},{"floor":4,"key":"SteroidPotion"},{"floor":5,"key":"champ:CounterPotion"},{"floor":11,"key":"sagemod:Wine"}],"is_trial":false,"path_per_floor":["M","M","?","M","M","R","E","R","T","?","M","?","M","M","R","B",null,"M","?","?","$","M","M","?","E"],"character_chosen":"LuminousClass","items_purchased":["Luminous:Light_Spectral_Light+1","Kunai"],"campfire_rested":0,"item_purchase_floors":[21,21],"current_hp_per_floor":[75,70,52,51,36,36,12,12,12,33,32,34,36,35,35,62,89,91,82,82,84,67,45,39,0,0],"gold":38,"neow_bonus":"ONE_RARE_RELIC","is_daily":false,"chose_seed":false,"campfire_upgraded":2,"win_rate":0.0,"timestamp":1609086715,"path_taken":["M","M","?","M","M","R","E","R","T","?","M","?","M","M","R","BOSS","M","?","?","$","M","M","?","E"],"items_purchased_type":["Card","Relic"],"build_version":"2020-12-22","purchased_purges":0,"victory":false,"max_hp_per_floor":[75,75,75,75,75,75,77,77,77,79,81,83,85,87,87,89,89,91,93,93,95,97,99,101,101,101],"card_choices":[{"not_picked":["Luminous:Concentrate_Luminous","Luminous:Hero_Will_Luminous"],"picked":"Luminous:Balance_Ender","floor":1},{"not_picked":["Luminous:Dark_Dim_Erosion","Luminous:Concentrate_Luminous"],"picked":"Luminous:Magic_Guard_Luminous","floor":2},{"not_picked":["infinitespire:FinalStrike","infinitespire:Punishment"],"picked":"infinitespire:Menacing","floor":3},{"not_picked":["Luminous:Light_Track","Luminous:Chase_Spell_Luminous"],"picked":"Luminous:Lunar_Tide_Luminous","floor":4},{"not_picked":["Luminous:Dark_Raid","Luminous:Dark_Pressure_Void"],"picked":"Luminous:Flash_Blink_Luminous","floor":5},{"not_picked":["Luminous:Mana_Well_Luminous","Luminous:Accumulation_Luminous"],"picked":"Luminous:Magic_Accelerate_Luminous","floor":7},{"not_picked":["Luminous:Light_Disperse","Luminous:Concentrate_Luminous"],"picked":"Luminous:Light_Wash_Luminous","floor":11},{"not_picked":["Luminous:Dark_Arcane_Pitch","Luminous:Accumulation_Luminous"],"picked":"Luminous:Flash_Blink_Luminous","floor":13},{"not_picked":["Luminous:Accumulation_Luminous","Luminous:Concentrate_Luminous"],"picked":"Luminous:Balance_Aether_Conduit","floor":14},{"not_picked":["Luminous:Ethereal_Form_Luminous","Luminous:Erosion_Luminous"],"picked":"Luminous:Lania_Blessing_Luminous","floor":16},{"not_picked":["Luminous:Blinding_Pillar_Luminous","Luminous:Light_Gather"],"picked":"Luminous:Light_Glare","floor":18},{"not_picked":["Luminous:Dark_Dim_Erosion","Luminous:Light_Reflection"],"picked":"Luminous:Reverse_Spell_Luminous","floor":19},{"not_picked":["Luminous:Accumulation_Luminous+1","Luminous:Light_Ray_of_Redemption"],"picked":"Luminous:Chase_Spell_Luminous+1","floor":22},{"not_picked":["Luminous:Dark_Dim_Erosion","Luminous:Magic_Accelerate_Luminous"],"picked":"Luminous:Mana_Well_Luminous","floor":23},{"not_picked":["Luminous:Concentrate_Luminous","Luminous:Lunar_Tide_Luminous"],"picked":"Luminous:Light_Disperse+1","floor":24}],"player_experience":200610,"relics_obtained":[{"floor":6,"key":"theForsaken:Lifeblossom"},{"floor":7,"key":"vexMod:CardConverter"},{"floor":9,"key":"ReplayFunnel"},{"floor":19,"key":"Ancient Tea Set"},{"floor":20,"key":"ReplayTheSpireMod:Ring of Exchange"},{"floor":20,"key":"Ring of Misfortune"},{"floor":24,"key":"PrismaticShard"}],"event_choices":[{"damage_healed":19,"gold_gain":0,"player_choice":"Healed and dodged fight","damage_taken":0,"max_hp_gain":0,"max_hp_loss":0,"event_name":"Mushrooms","floor":10,"gold_loss":0,"cards_obtained":["Parasite"]}],"is_beta":false,"boss_relics":[{"not_picked":["hubris:RunicObelisk","hubris:CrackedHourglass"],"picked":"Sozu"}],"items_purged_floors":[],"is_endless":false,"potions_floor_spawned":[2,4,5,11,18],"killed_by":"Gremlin Leader","ascension_level":0}}