{"host":"wshh0nphwn6jv7vj","time":1609092463,"event":{"mods":["BaseMod","Bestiary","Minty Spire (QoL Compilation)"],"gold_per_floor":[118,19,29,29,29,54,74,105,105,116,116,116,116,144,144,218,218,233,233,249,265,281,281,281],"floor_reached":23,"playtime":1793,"items_purged":["Strike_R"],"score":437,"play_id":"72d246ff-68bd-475a-939a-3226ca39cc59","local_time":"20201227130743","is_ascension_mode":true,"campfire_choices":[{"data":"Armaments","floor":11,"key":"SMITH"},{"data":"Armaments","floor":13,"key":"SMITH"},{"data":"Disarm","floor":15,"key":"SMITH"}],"circlet_count":0,"master_deck":["AscendersBane","Strike_R","Strike_R","Strike_R","Defend_R","Defend_R","Defend_R","Defend_R","Bash","Clothesline","True Grit+1","Pommel Strike","Armaments+1","Searing Blow","Dropkick","Armaments+1","Disarm+1","Fiend Fire+1","True Grit","Ghostly","Ghostly","Ghostly","True Grit","Dual Wield","Dropkick+1"],"relics":["Burning Blood","NeowsBlessing","Pocketwatch","Sundial","Molten Egg 2","Question Card","White Beast Statue","Mark of Pain"],"acts_visited":["Exordium","TheCity"],"potions_floor_usage":[10,16,21,23,23],"damage_taken":[{"damage":0,"enemies":"Cultist","floor":1,"turns":1},{"damage":0,"enemies":"Jaw Worm","floor":3,"turns":1},{"damage":0,"enemies":"Gremlin Nob","floor":6,"turns":1},{"damage":1,"enemies":"Small Slimes","floor":7,"turns":3},{"damage":15,"enemies":"Lagavulin","floor":8,"turns":12},{"damage":15,"enemies":"Exordium Thugs","floor":10,"turns":7},{"damage":31,"enemies":"Gremlin Nob","floor":14,"turns":5},{"damage":3,"enemies":"Hexaghost","floor":16,"turns":11},{"damage":2,"enemies":"Chosen","floor":18,"turns":4},{"damage":18,"enemies":"Spheric Guardian","floor":20,"turns":7},{"damage":3,"enemies":"Chosen and Byrds","floor":21,"turns":7},{"damage":1,"enemies":"Shelled Parasite and Fungi","floor":22,"turns":5},{"damage":69,"enemies":"Gremlin Leader","floor":23,"turns":6}],"seed_played":"-2755366584041432957","potions_obtained":[{"floor":6,"key":"Explosive Potion"},{"floor":8,"key":"Dexterity Potion"},{"floor":14,"key":"Fruit Juice"},{"floor":16,"key":"EssenceOfSteel"},{"floor":18,"key":"Regen Potion"},{"floor":20,"key":"Strength Potion"},{"floor":21,"key":"SkillPotion"},{"floor":22,"key":"Fruit Juice"}],"is_trial":false,"path_per_floor":["M","$","M","?","?","E","M","E","T","M","R","T","R","E","R","B",null,"M","?","M","M","M","E"],"character_chosen":"IRONCLAD","items_purchased":["True Grit"],"campfire_rested":0,"item_purchase_floors":[2],"current_hp_per_floor":[74,74,75,68,68,74,75,66,66,57,57,57,57,32,32,40,70,74,40,28,31,36,0,0],"gold":281,"neow_bonus":"THREE_ENEMY_KILL","is_daily":false,"chose_seed":false,"campfire_upgraded":3,"win_rate":0.0,"timestamp":1609092463,"path_taken":["M","$","?","?","?","E","?","E","T","M","R","?","R","E","R","BOSS","M","?","M","M","M","E"],"items_purchased_type":["Card"],"build_version":"2020-12-22","purchased_purges":1,"victory":false,"max_hp_per_floor":[75,75,75,75,75,75,75,75,75,75,75,75,75,75,75,80,80,80,40,40,40,40,45,45],"card_choices":[{"not_picked":["Warcry","Armaments"],"picked":"Clothesline","floor":1},{"not_picked":["Sword Boomerang","Twin Strike"],"picked":"Pommel Strike","floor":3},{"not_picked":["True Grit","Havoc"],"picked":"Armaments","floor":6},{"not_picked":["Iron Wave","Sword Boomerang"],"picked":"Searing Blow","floor":7},{"not_picked":["Fiend Fire","Cleave"],"picked":"Dropkick","floor":8},{"not_picked":["Rage","Body Slam+1"],"picked":"Armaments","floor":10},{"not_picked":["Heavy Blade+1","Power Through","Bludgeon+1"],"picked":"Disarm","floor":14},{"not_picked":["Demon Form","Reaper+1","Corruption"],"picked":"Fiend Fire+1","floor":16},{"not_picked":["Pommel Strike+1","Shockwave","Body Slam+1"],"picked":"True Grit","floor":18},{"not_picked":["Armaments","Bloodletting","Headbutt+1"],"picked":"True Grit","floor":20},{"not_picked":["Clothesline+1","Twin Strike+1","Sentinel"],"picked":"Dual Wield","floor":21},{"not_picked":["Sword Boomerang+1","Thunderclap+1","Reckless Charge+1"],"picked":"Dropkick+1","floor":22}],"player_experience":1507073,"relics_obtained":[{"floor":6,"key":"Pocketwatch"},{"floor":8,"key":"Sundial"},{"floor":9,"key":"Molten Egg 2"},{"floor":12,"key":"Question Card"},{"floor":14,"key":"White Beast Statue"}],"event_choices":[{"cards_removed":["Strike_R"],"damage_healed":0,"gold_gain":0,"player_choice":"Card Removal","damage_taken":7,"max_hp_gain":0,"max_hp_loss":0,"event_name":"Golden Wing","floor":4,"gold_loss":0},{"damage_healed":0,"gold_gain":0,"player_choice":"Forge","damage_taken":0,"max_hp_gain":0,"max_hp_loss":0,"event_name":"Accursed Blacksmith","floor":5,"gold_loss":0,"cards_upgraded":["True Grit"]},{"damage_healed":0,"gold_gain":0,"player_choice":"Became a Ghost","damage_taken":0,"max_hp_gain":0,"max_hp_loss":40,"event_name":"Ghosts","floor":19,"gold_loss":0,"cards_obtained":["Ghostly","Ghostly","Ghostly"]}],"is_beta":false,"boss_relics":[{"not_picked":["Runic Cube","Busted Crown"],"picked":"Mark of Pain"}],"items_purged_floors":[2],"is_endless":false,"potions_floor_spawned":[6,8,14,16,18,20,21,22],"killed_by":"Gremlin Leader","ascension_level":17}}