{"host":"6pgtslebjnyv5xmi","time":1609084695,"event":{"mods":["AchievementEnabler","BaseMod","Colored Map","Minty Spire (QoL Compilation)","Rare Cards Sparkle","StSLib","SuperFastMode","everything is the same but u backflip on backflip"],"gold_per_floor":[363,363,243,254,24,42,42,76,76,88,263,273,291,241,241,343,343,357,32,32,32,46,46,59,59,59,59,5,5,23,52,52,156,156,168,14,25,44,44,44,76,76,76,176,195,224,224,236,236,236],"floor_reached":51,"playtime":2824,"items_purged":["Strike_B"],"score":975,"play_id":"0a3d711d-fc0e-4490-a92c-1f10056c42f6","local_time":"20201228005815","is_ascension_mode":true,"campfire_choices":[{"data":"Zap","floor":7,"key":"SMITH"},{"data":"Dualcast","floor":15,"key":"SMITH"},{"data":"All For One","floor":23,"key":"SMITH"},{"data":"Double Energy","floor":25,"key":"SMITH"},{"data":"Hello World","floor":27,"key":"SMITH"},{"data":"Reinforced Body","floor":32,"key":"SMITH"},{"floor":40,"key":"REST"},{"data":"Echo Form","floor":42,"key":"SMITH"},{"floor":49,"key":"REST"}],"circlet_count":0,"master_deck":["Defend_B","Defend_B+1","Defend_B+1","Zap+1","Dualcast+1","Reinforced Body+1","Capacitor","BootSequence","Scrape","Flash of Steel","Scrape","Double Energy+1","Stack","Hologram","Hello World+1","Go for the Eyes","Go for the Eyes","All For One+1","Cold Snap+1","Buffer+1","Coolheaded+1","BootSequence","Gash+1","Gash","Gash+1","Echo Form+1","Steam+1","Gash+1","Parasite","Gash+1","Melter+1"],"relics":["Cracked Core","Dead Branch","Mercury Hourglass","Astrolabe","Ornamental Fan","Anchor","Pocketwatch","SacredBark","DollysMirror","Emotion Chip","DataDisk","War Paint"],"acts_visited":["Exordium","TheCity","TheBeyond"],"potions_floor_usage":[16,16,16,33,33,45,50],"damage_taken":[{"damage":2,"enemies":"Small Slimes","floor":1,"turns":4},{"damage":0,"enemies":"2 Louse","floor":4,"turns":3},{"damage":0,"enemies":"Cultist","floor":6,"turns":4},{"damage":25,"enemies":"Lagavulin","floor":8,"turns":5},{"damage":8,"enemies":"Exordium Thugs","floor":10,"turns":3},{"damage":0,"enemies":"2 Fungi Beasts","floor":12,"turns":2},{"damage":3,"enemies":"Lots of Slimes","floor":13,"turns":3},{"damage":22,"enemies":"The Guardian","floor":16,"turns":7},{"damage":0,"enemies":"3 Byrds","floor":18,"turns":4},{"damage":0,"enemies":"Chosen","floor":22,"turns":4},{"damage":8,"enemies":"3 Cultists","floor":24,"turns":5},{"damage":1,"enemies":"Centurion and Healer","floor":30,"turns":4},{"damage":9,"enemies":"Gremlin Leader","floor":31,"turns":4},{"damage":0,"enemies":"Collector","floor":33,"turns":5},{"damage":21,"enemies":"3 Darklings","floor":35,"turns":5},{"damage":12,"enemies":"3 Shapes","floor":37,"turns":4},{"damage":4,"enemies":"3 Darklings","floor":38,"turns":5},{"damage":0,"enemies":"Reptomancer","floor":41,"turns":7},{"damage":0,"enemies":"Writhing Mass","floor":45,"turns":5},{"damage":1,"enemies":"Giant Head","floor":46,"turns":8},{"damage":0,"enemies":"Maw","floor":48,"turns":5},{"damage":77,"enemies":"Donu and Deca","floor":50,"turns":11}],"seed_played":"4477920477284867911","potions_obtained":[{"floor":8,"key":"LiquidBronze"},{"floor":10,"key":"LiquidMemories"},{"floor":13,"key":"Weak Potion"},{"floor":18,"key":"Energy Potion"},{"floor":22,"key":"SmokeBomb"},{"floor":29,"key":"PowerPotion"},{"floor":29,"key":"CultistPotion"},{"floor":31,"key":"FairyPotion"},{"floor":35,"key":"GamblersBrew"},{"floor":41,"key":"AttackPotion"}],"is_trial":false,"path_per_floor":["M","?","$","M","$","M","R","E","T","M","?","M","M","?","R","B",null,"M","$","?","?","M","R","M","R","T","R","$","?","M","E","R","B",null,"M","$","M","M","?","R","E","R","T","?","M","E","?","M","R","B",null],"character_chosen":"DEFECT","items_purchased":["Capacitor","BootSequence","Flash of Steel","Scrape","Double Energy","Ornamental Fan","Gash","DollysMirror"],"campfire_rested":2,"item_purchase_floors":[3,3,5,5,5,19,28,36],"current_hp_per_floor":[52,75,75,75,75,75,75,50,50,42,42,42,39,39,39,17,75,75,75,75,75,75,75,67,67,67,67,67,67,66,57,57,57,75,54,54,42,38,38,59,59,59,59,59,59,58,58,58,71,42],"gold":236,"neow_bonus":"TWO_FIFTY_GOLD","is_daily":false,"chose_seed":false,"campfire_upgraded":7,"win_rate":0.0,"timestamp":1609084695,"path_taken":["M","?","$","M","$","M","R","E","T","M","?","M","M","?","R","BOSS","M","$","?","?","?","R","M","R","T","R","?","?","M","E","R","BOSS","M","$","?","M","?","R","E","R","T","?","?","E","?","?","R","BOSS"],"items_purchased_type":["Card","Card","Card","Card","Card","Relic","Card","Relic"],"build_version":"2020-12-22","purchased_purges":1,"victory":true,"max_hp_per_floor":[75,75,75,75,75,75,75,75,75,75,75,75,75,75,75,75,75,75,75,75,75,75,75,75,75,75,75,75,75,75,75,75,75,75,75,75,75,75,71,71,71,71,71,71,71,71,71,71,71,71],"card_choices":[{"not_picked":["Rebound","Loop"],"picked":"Reinforced Body","floor":1},{"not_picked":["Sweeping Beam","Rebound"],"picked":"Scrape","floor":4},{"not_picked":["Ball Lightning","Blizzard"],"picked":"Stack","floor":6},{"not_picked":["Blizzard","Reprogram"],"picked":"Hologram","floor":8},{"not_picked":["Reinforced Body","Force Field"],"picked":"Hello World","floor":10},{"not_picked":["Conserve Battery","Sweeping Beam"],"picked":"Go for the Eyes","floor":12},{"not_picked":["Redo","Melter"],"picked":"Go for the Eyes","floor":13},{"not_picked":["Reboot","Machine Learning"],"picked":"All For One","floor":16},{"not_picked":["Chaos","Static Discharge"],"picked":"BootSequence","floor":18},{"not_picked":["Redo","Sweeping Beam","Rebound"],"picked":"SKIP","floor":22},{"not_picked":["Sweeping Beam","Go for the Eyes"],"picked":"Gash+1","floor":24},{"not_picked":["Steam Power","Glacier"],"picked":"Gash+1","floor":30},{"not_picked":["Reprogram+1","Hello World","Fission"],"picked":"SKIP","floor":31},{"not_picked":["Amplify","Machine Learning"],"picked":"Echo Form","floor":33},{"not_picked":["Steam Power","Leap+1"],"picked":"Steam+1","floor":35},{"not_picked":["Rebound+1","Leap+1","Force Field+1"],"picked":"SKIP","floor":37},{"not_picked":["Streamline+1","Compile Driver+1","Redo"],"picked":"SKIP","floor":38},{"not_picked":["Streamline+1","Scrape","Redo"],"picked":"SKIP","floor":41},{"not_picked":["Tempest","Hologram","Compile Driver"],"picked":"SKIP","floor":45},{"not_picked":["Hello World+1","Scrape","Streamline"],"picked":"SKIP","floor":46},{"not_picked":["Electrodynamics","Coolheaded+1"],"picked":"Melter+1","floor":48}],"player_experience":528673,"relics_obtained":[{"floor":8,"key":"Dead Branch"},{"floor":9,"key":"Mercury Hourglass"},{"floor":26,"key":"Anchor"},{"floor":31,"key":"Pocketwatch"},{"floor":41,"key":"Emotion Chip"},{"floor":43,"key":"DataDisk"},{"floor":46,"key":"War Paint"}],"event_choices":[{"damage_healed":25,"gold_gain":0,"player_choice":"Banana","damage_taken":0,"max_hp_gain":0,"max_hp_loss":0,"event_name":"Big Fish","floor":2,"gold_loss":0},{"damage_healed":0,"gold_gain":175,"player_choice":"AGREE","damage_taken":0,"max_hp_gain":0,"max_hp_loss":0,"event_name":"Liars Game","floor":11,"gold_loss":0,"cards_obtained":["Doubt"]},{"cards_removed":["Doubt"],"damage_healed":0,"gold_gain":0,"player_choice":"Card Removal","damage_taken":0,"max_hp_gain":0,"max_hp_loss":0,"event_name":"The Cleric","floor":14,"gold_loss":50},{"damage_healed":0,"gold_gain":0,"player_choice":"Ignored","damage_taken":0,"max_hp_gain":0,"max_hp_loss":0,"event_name":"Cursed Tome","floor":20,"gold_loss":0},{"cards_removed":["Strike_B"],"damage_healed":0,"gold_gain":0,"player_choice":"Purged","damage_taken":0,"max_hp_gain":0,"max_hp_loss":0,"event_name":"Purifier","floor":21,"gold_loss":0},{"damage_healed":0,"gold_gain":0,"player_choice":"Got Potions","damage_taken":0,"max_hp_gain":0,"max_hp_loss":0,"event_name":"Lab","floor":29,"gold_loss":0},{"damage_healed":0,"gold_gain":0,"player_choice":"Max HP","damage_taken":0,"max_hp_gain":0,"max_hp_loss":4,"event_name":"Winding Halls","floor":39,"gold_loss":0},{"damage_healed":0,"gold_gain":100,"player_choice":"Pray","damage_taken":0,"max_hp_gain":0,"max_hp_loss":0,"event_name":"Golden Shrine","floor":44,"gold_loss":0},{"damage_healed":0,"gold_gain":0,"player_choice":"Copied","damage_taken":0,"max_hp_gain":0,"max_hp_loss":0,"event_name":"Duplicator","floor":47,"gold_loss":0,"cards_obtained":["Gash"]}],"is_beta":false,"boss_relics":[{"not_picked":["Runic Pyramid","SlaversCollar"],"picked":"Astrolabe"},{"not_picked":["Coffee Dripper","FrozenCore"],"picked":"SacredBark"}],"items_purged_floors":[19],"is_endless":false,"potions_floor_spawned":[8,10,13,18,22,30,31,35,41],"ascension_level":4}}