{"host":"6kpik4p6m02tzjjt","time":1609092266,"event":{"mods":["BaseMod","Colored Map","Downfall","Minty Spire (QoL Compilation)","Quick Restart","Relic Stats","Replay The Spire","StSLib"],"gold_per_floor":[99,119,219,235,250,25,51,63,63,63,63,63,76,87,104,203,203,203,221,56,169,5,105,105,116,116,116,116],"floor_reached":26,"playtime":1508,"items_purged":["expansioncontent:TimeRipple"],"score":198,"play_id":"85a08c5d-20a7-45a9-a498-53860c19a637","local_time":"20201227130426","is_ascension_mode":false,"campfire_choices":[{"data":"Slimebound:Split","floor":1,"key":"SMITH"},{"data":"Slimebound:LeadByExample","floor":9,"key":"SMITH"},{"data":"Slimebound:HauntingLick","floor":11,"key":"SMITH"},{"data":"Slimebound:PrepareCrush","floor":18,"key":"SMITH"}],"circlet_count":0,"master_deck":["Slimebound:Strike_Slimebound","Slimebound:Strike_Slimebound+1","Slimebound:Strike_Slimebound","Slimebound:Tackle","Slimebound:Defend_Slimebound","Slimebound:Defend_Slimebound","Slimebound:Defend_Slimebound","Slimebound:Defend_Slimebound","Slimebound:Split+1","Slimebound:CorrosiveSpit","Slimebound:SplitMire","Slimebound:SplitBruiser","Slimebound:SplitBruiser","Slimebound:SlimeBarrage","Slimebound:ViciousTackle+1","Slimebound:PressTheAttack","Slimebound:HauntingLick+1","Slimebound:SlimeTap","Slimebound:LeadByExample+1","Slimebound:DivideAndConquer","Slimebound:Repurpose","Slimebound:SamplingLick","Slimebound:PrepareCrush+1","Slimebound:SplitLeeching","Slimebound:GoopSpray","Slimebound:Overexert+1","Slimebound:ServeAndProtect","Slimebound:GoopSpray","Slimebound:ServeAndProtect","Slimebound:GrowthPunch","J.A.X.","Slimebound:Overexert+1","Slimebound:SplitMire"],"relics":["Slimebound:AbsorbEndCombat","Potion Belt","BargainBundle","Gremlin Food","Frozen Egg 2","Black Star","Strange Spoon","Blue Doll","MutagenicStrength","Onion Ring"],"acts_visited":["Exordium","TheCity"],"potions_floor_usage":[16,23],"damage_taken":[{"damage":10,"enemies":"Jaw Worm","floor":2,"turns":4},{"damage":12,"enemies":"Cultist","floor":4,"turns":3},{"damage":19,"enemies":"2 Louse","floor":5,"turns":3},{"damage":20,"enemies":"downfall:FleeingMerchant","floor":6,"turns":4},{"damage":16,"enemies":"Large Slime","floor":8,"turns":2},{"damage":23,"enemies":"2 Fungi Beasts","floor":13,"turns":3},{"damage":16,"enemies":"Exordium Wildlife","floor":14,"turns":2},{"damage":24,"enemies":"Blue Slaver","floor":15,"turns":2},{"damage":43,"enemies":"downfall:Watcher","floor":16,"turns":5},{"damage":26,"enemies":"Chosen","floor":19,"turns":2},{"damage":30,"enemies":"downfall:FleeingMerchant","floor":20,"turns":4},{"damage":29,"enemies":"downfall:FleeingMerchant","floor":22,"turns":4},{"damage":34,"enemies":"downfall:Augmenter","floor":23,"turns":5},{"damage":41,"enemies":"Centurion and Healer","floor":25,"turns":5},{"damage":14,"enemies":"downfall:FleeingMerchant","floor":26,"turns":2}],"seed_played":"7905295240862726035","potions_obtained":[{"floor":4,"key":"Ancient Potion"},{"floor":13,"key":"Fire Potion"},{"floor":25,"key":"Doom Potion"}],"is_trial":false,"path_per_floor":["R","M","?","M","M","$","T","M","R","?","R","T","M","M","M","B",null,"R","M","$","?","$","?","T","M","$"],"character_chosen":"SLIMEBOUND","items_purchased":["BargainBundle","Slimebound:ViciousTackle+1","Slimebound:PressTheAttack","Slimebound:HauntingLick","Slimebound:SlimeTap","Slimebound:FirmFortitude","expansioncontent:TimeRipple","Slimebound:SlimyTonguePotion","AttackPotion","Cursed Concoction","Strange Spoon","Blue Doll"],"campfire_rested":0,"item_purchase_floors":[6,6,6,6,6,6,6,6,6,6,20,22],"current_hp_per_floor":[60,60,60,60,53,60,60,60,60,60,60,60,46,38,34,27,60,60,58,58,34,25,21,21,14,0,0,0],"gold":116,"neow_bonus":"RANDOM_COMMON_RELIC","is_daily":false,"chose_seed":false,"campfire_upgraded":4,"win_rate":0.0,"timestamp":1609092266,"path_taken":["R","M","?","M","M","?","T","M","R","?","R","?","M","M","M","BOSS","R","M","$","?","$","?","T","M","?"],"items_purchased_type":["Relic","Card","Card","Card","Card","Card","Card","Potion","Potion","Potion","Relic","Relic"],"build_version":"2020-12-22","purchased_purges":1,"victory":false,"max_hp_per_floor":[60,60,60,60,60,60,60,60,60,60,60,60,60,60,60,60,60,60,60,60,60,60,60,60,60,60,60,60],"relic_stats":{"Strange Spoon":[13],"counters":[15,48],"Black Star":0,"obtain_stats":[{"Potion Belt":0,"Gremlin Food":7,"Strange Spoon":20,"BargainBundle":6,"MutagenicStrength":23,"Blue Doll":22,"Onion Ring":24,"Slimebound:AbsorbEndCombat":0,"Black Star":17,"Frozen Egg 2":12},{"Potion Belt":0,"Gremlin Food":4,"Strange Spoon":11,"BargainBundle":4,"MutagenicStrength":13,"Blue Doll":12,"Onion Ring":13,"Slimebound:AbsorbEndCombat":0,"Black Star":9,"Frozen Egg 2":5},{"Potion Belt":0,"Gremlin Food":13,"Strange Spoon":32,"BargainBundle":13,"MutagenicStrength":41,"Blue Doll":36,"Onion Ring":41,"Slimebound:AbsorbEndCombat":0,"Black Star":26,"Frozen Egg 2":15}]},"card_choices":[{"not_picked":["Slimebound:ComboTackle","Slimebound:Schlurp"],"picked":"Slimebound:SplitMire","floor":2},{"not_picked":["Slimebound:ServeAndProtect","Slimebound:GrowthPunch"],"picked":"Slimebound:SplitBruiser","floor":4},{"not_picked":["Slimebound:GoopSpray","Slimebound:SplitAcid"],"picked":"Slimebound:SplitBruiser","floor":5},{"not_picked":["Slimebound:GoopSpray","Slimebound:GrowthPunch"],"picked":"Slimebound:SlimeBarrage","floor":6},{"not_picked":["Slimebound:SlimeBrawl","Slimebound:SplitBruiser"],"picked":"Slimebound:LeadByExample","floor":8},{"not_picked":["Slimebound:SpikyOuterGoop+1","Slimebound:Chomp"],"picked":"Slimebound:DivideAndConquer","floor":13},{"not_picked":["Slimebound:Repurpose","Slimebound:Schlurp","Slimebound:ViciousTackle"],"picked":"SKIP","floor":14},{"not_picked":["Slimebound:Schlurp","Slimebound:ViciousTackle"],"picked":"Slimebound:Repurpose","floor":14},{"not_picked":["Slimebound:PressTheAttack","Slimebound:FinishingTackle"],"picked":"Slimebound:SamplingLick","floor":15},{"not_picked":["Slimebound:MassFeed","Slimebound:CheckThePlaybook"],"picked":"Slimebound:PrepareCrush","floor":16},{"not_picked":["Slimebound:PressTheAttack","Slimebound:GrowthPunch"],"picked":"Slimebound:SplitLeeching","floor":19},{"not_picked":["Slimebound:SpikyOuterGoop+1","Slimebound:RainOfGoop"],"picked":"Slimebound:GoopSpray","floor":20},{"not_picked":["Slimebound:PressTheAttack","Slimebound:LeechingTouch+1"],"picked":"Slimebound:Overexert+1","floor":21},{"not_picked":["Slimebound:Repurpose+1","Slimebound:Schlurp"],"picked":"Slimebound:ServeAndProtect","floor":21},{"not_picked":["Slimebound:ViciousTackle+1","Slimebound:GrowthPunch"],"picked":"Slimebound:GoopSpray","floor":21},{"not_picked":["Slimebound:PressTheAttack","Slimebound:FlameTackle"],"picked":"Slimebound:ServeAndProtect","floor":22},{"not_picked":[],"picked":"J.A.X.","floor":23},{"not_picked":["Slimebound:SplitMire","Slimebound:ViciousTackle+1"],"picked":"Slimebound:Overexert+1","floor":23},{"not_picked":["Slimebound:ServeAndProtect+1","Slimebound:FinishingTackle+1"],"picked":"Slimebound:SplitMire","floor":25}],"player_experience":44388,"relics_obtained":[{"floor":7,"key":"Gremlin Food"},{"floor":12,"key":"Frozen Egg 2"},{"floor":23,"key":"MutagenicStrength"},{"floor":24,"key":"Onion Ring"}],"event_choices":[],"is_beta":false,"boss_relics":[{"not_picked":["Cursed Key","Fusion Hammer"],"picked":"Black Star"}],"items_purged_floors":[6],"is_endless":false,"potions_floor_spawned":[4,13,14,15,25],"killed_by":"downfall:FleeingMerchant","ascension_level":0}}