{"host":"wwo1kwxjf4eyz37q","time":1609036656,"event":{"mods":["AchievementEnabler","BaseMod","Colored Map","Minty Spire (QoL Compilation)","Quick Restart","SuperFastMode"],"gold_per_floor":[116,129,140,152,227,227,261,211,238,238,413,287,317,317,317,421,421,432,432,37,55,14,14,14,24,49,63,97,97,128,142,142,245,245,256,306,306,323,323,323,323,350,350,350,69,69,82,100,100,100],"floor_reached":51,"playtime":2171,"items_purged":["Doubt","Strike_B","Defend_B"],"score":807,"play_id":"6c2e6d52-4663-49a8-bd7b-493e3d8c13f1","local_time":"20201227113736","is_ascension_mode":true,"campfire_choices":[{"data":"Zap","floor":6.0,"key":"SMITH"},{"floor":10.0,"key":"REST"},{"data":"Dualcast","floor":15.0,"key":"SMITH"},{"data":"Amplify","floor":23.0,"key":"SMITH"},{"data":"Static Discharge","floor":29.0,"key":"SMITH"},{"data":"Biased Cognition","floor":32.0,"key":"SMITH"},{"data":"Machine Learning","floor":40.0,"key":"SMITH"},{"data":"Strike_B","floor":44.0,"key":"PURGE"},{"floor":46.0,"key":"REST"},{"data":"Defend_B","floor":49.0,"key":"PURGE"}],"circlet_count":0,"master_deck":["Defend_B+1","Defend_B","Zap+1","Dualcast+1","Amplify+1","Ball Lightning","Conserve Battery+1","Static Discharge+1","Storm","Conserve Battery","Undo","Biased Cognition+1","Turbo+1","Storm+1","Sunder","Electrodynamics","Machine Learning+1","Storm"],"relics":["Cracked Core","MealTicket","Tiny Chest","Anchor","Sozu","Blood Vial","Ice Cream","Torii","Happy Flower","War Paint","Ancient Tea Set","Inserter","Thread and Needle","Peace Pipe","Smiling Mask","Toxic Egg 2","ClockworkSouvenir"],"acts_visited":["Exordium","TheCity","TheBeyond"],"potions_floor_usage":[],"damage_taken":[{"damage":0.0,"enemies":"Small Slimes","floor":1.0,"turns":3.0},{"damage":0.0,"enemies":"2 Louse","floor":2.0,"turns":2.0},{"damage":1.0,"enemies":"Cultist","floor":3.0,"turns":3.0},{"damage":5.0,"enemies":"Looter","floor":4.0,"turns":3.0},{"damage":33.0,"enemies":"Gremlin Nob","floor":7.0,"turns":4.0},{"damage":14.0,"enemies":"Lagavulin","floor":13.0,"turns":5.0},{"damage":19.0,"enemies":"Hexaghost","floor":16.0,"turns":11.0},{"damage":5.0,"enemies":"Spheric Guardian","floor":18.0,"turns":3.0},{"damage":13.0,"enemies":"2 Thieves","floor":21.0,"turns":4.0},{"damage":8.0,"enemies":"Snake Plant","floor":25.0,"turns":4.0},{"damage":17.0,"enemies":"Centurion and Healer","floor":27.0,"turns":4.0},{"damage":0.0,"enemies":"Slavers","floor":28.0,"turns":1.0},{"damage":0.0,"enemies":"Gremlin Leader","floor":30.0,"turns":3.0},{"damage":0.0,"enemies":"Shelled Parasite and Fungi","floor":31.0,"turns":2.0},{"damage":36.0,"enemies":"Automaton","floor":33.0,"turns":6.0},{"damage":9.0,"enemies":"3 Darklings","floor":35.0,"turns":2.0},{"damage":8.0,"enemies":"Mind Bloom Boss Battle","floor":36.0,"turns":4.0},{"damage":0.0,"enemies":"3 Shapes","floor":38.0,"turns":3.0},{"damage":31.0,"enemies":"Giant Head","floor":42.0,"turns":7.0},{"damage":1.0,"enemies":"Spire Growth","floor":47.0,"turns":3.0},{"damage":0.0,"enemies":"4 Shapes","floor":48.0,"turns":2.0},{"damage":18,"enemies":"Time Eater","floor":50,"turns":6}],"seed_played":"5609177638708207315","potions_obtained":[{"floor":7.0,"key":"Explosive Potion"},{"floor":13.0,"key":"Explosive Potion"},{"floor":16.0,"key":"LiquidMemories"}],"is_trial":false,"path_per_floor":["M","M","M","M","?","R","E","?","T","R","?","$","E","?","R","B",null,"M","?","$","M","$","R","T","M","T","M","E","R","E","M","R","B",null,"M","?","?","M","?","R","T","E","T","R","$","R","M","M","R","B",null],"character_chosen":"DEFECT","items_purchased":["Conserve Battery","Ice Cream","Sunder","Storm","ClockworkSouvenir"],"campfire_rested":2,"item_purchase_floors":[12,20,22,45,45],"current_hp_per_floor":[54,54,53,48,37,37,4,4,4,26,26,41,27,27,27,8,75,70,70,75,62,75,75,75,67,67,52,54,54,56,58,58,24,75,66,60,60,62,62,62,62,33,33,33,48,70,71,73,73,57],"gold":100,"neow_bonus":"THREE_RARE_CARDS","is_daily":false,"chose_seed":false,"campfire_upgraded":6,"win_rate":0.0,"timestamp":1609036656,"path_taken":["M","M","M","M","?","R","E","?","T","R","?","$","E","?","R","BOSS","M","?","$","M","$","R","?","M","T","M","E","R","E","M","R","BOSS","M","?","?","M","?","R","?","E","T","R","$","R","?","M","R","BOSS"],"items_purchased_type":["Card","Relic","Card","Card","Relic"],"build_version":"2020-12-22","purchased_purges":3,"victory":true,"max_hp_per_floor":[75,75,75,75,75,75,75,75,75,75,75,75,75,75,75,75,75,75,75,75,75,75,75,75,75,75,75,75,75,75,75,75,75,75,75,75,75,75,75,75,75,75,75,75,75,75,75,75,75,75],"card_choices":[{"not_picked":["Seek","Echo Form"],"picked":"Amplify","floor":0.0},{"not_picked":["Barrage","Leap"],"picked":"Ball Lightning","floor":1.0},{"not_picked":["Reinforced Body","Redo","Rebound"],"picked":"SKIP","floor":2.0},{"not_picked":["Chaos","Consume"],"picked":"Conserve Battery","floor":3.0},{"not_picked":["Steam","Double Energy"],"picked":"Static Discharge","floor":4.0},{"not_picked":["All For One","Conserve Battery"],"picked":"Storm","floor":7.0},{"not_picked":["Hologram","Turbo"],"picked":"Undo","floor":13.0},{"not_picked":["Reboot","All For One"],"picked":"Biased Cognition","floor":16.0},{"not_picked":["Rebound","Cold Snap"],"picked":"Turbo+1","floor":18.0},{"not_picked":["Blizzard","Leap"],"picked":"Storm+1","floor":21.0},{"not_picked":["Aggregate","Stack+1"],"picked":"Electrodynamics","floor":25.0},{"not_picked":["Cold Snap","Rip and Tear","Conserve Battery"],"picked":"SKIP","floor":27.0},{"not_picked":["Stack","Steam Power","Rebound"],"picked":"SKIP","floor":28.0},{"not_picked":["Conserve Battery","Doom and Gloom","Go for the Eyes"],"picked":"SKIP","floor":30.0},{"not_picked":["Consume","Rebound","White Noise"],"picked":"SKIP","floor":31.0},{"not_picked":["Amplify","All For One"],"picked":"Machine Learning","floor":33.0},{"not_picked":["Coolheaded+1","Streamline+1","Rebound+1"],"picked":"SKIP","floor":35.0},{"not_picked":["Compile Driver+1","Rebound+1","Coolheaded"],"picked":"SKIP","floor":38.0},{"not_picked":["Steam+1","Stack","Blizzard"],"picked":"SKIP","floor":42.0},{"not_picked":["Reprogram+1","Gash+1","Hologram+1"],"picked":"SKIP","floor":47.0},{"not_picked":["Doom and Gloom","Redo+1","Capacitor+1"],"picked":"SKIP","floor":48.0}],"player_experience":147574,"relics_obtained":[{"floor":7.0,"key":"MealTicket"},{"floor":9.0,"key":"Tiny Chest"},{"floor":13.0,"key":"Anchor"},{"floor":24.0,"key":"Torii"},{"floor":26.0,"key":"Happy Flower"},{"floor":28.0,"key":"War Paint"},{"floor":30.0,"key":"Ancient Tea Set"},{"floor":36.0,"key":"Thread and Needle"},{"floor":41.0,"key":"Peace Pipe"},{"floor":42.0,"key":"Smiling Mask"},{"floor":43.0,"key":"Toxic Egg 2"}],"event_choices":[{"damage_healed":0.0,"max_hp_gain":0.0,"max_hp_loss":0.0,"gold_gain":75.0,"event_name":"World of Goop","player_choice":"Gather Gold","floor":5.0,"gold_loss":0.0,"damage_taken":11.0},{"cards_removed":["Strike_B"],"damage_healed":0.0,"max_hp_gain":0.0,"max_hp_loss":0.0,"gold_gain":0.0,"event_name":"The Cleric","player_choice":"Card Removal","floor":8.0,"gold_loss":50.0,"damage_taken":0.0},{"damage_healed":0.0,"max_hp_gain":0.0,"max_hp_loss":0.0,"gold_gain":175.0,"event_name":"Liars Game","player_choice":"AGREE","floor":11.0,"gold_loss":0.0,"damage_taken":0.0,"cards_obtained":["Doubt"]},{"damage_healed":0.0,"max_hp_gain":0.0,"max_hp_loss":0.0,"gold_gain":0.0,"event_name":"Shining Light","player_choice":"Ignored","floor":14.0,"gold_loss":0.0,"damage_taken":0.0},{"damage_healed":0.0,"max_hp_gain":0.0,"max_hp_loss":0.0,"gold_gain":0.0,"event_name":"WeMeetAgain","player_choice":"Gave Potion","floor":19.0,"gold_loss":0.0,"damage_taken":0.0,"relics_obtained":["Blood Vial"]},{"damage_healed":0.0,"max_hp_gain":0.0,"max_hp_loss":0.0,"gold_gain":0.0,"event_name":"MindBloom","player_choice":"Fight","floor":36.0,"gold_loss":0.0,"damage_taken":0.0},{"damage_healed":0.0,"max_hp_gain":0.0,"max_hp_loss":0.0,"gold_gain":0.0,"event_name":"Tomb of Lord Red Mask","player_choice":"Ignored","floor":37.0,"gold_loss":0.0,"damage_taken":0.0},{"cards_removed":["Strike_B"],"damage_healed":0.0,"max_hp_gain":0.0,"max_hp_loss":0.0,"gold_gain":0.0,"event_name":"Falling","player_choice":"Removed Attack","floor":39.0,"gold_loss":0.0,"damage_taken":0.0}],"is_beta":false,"boss_relics":[{"not_picked":["Ectoplasm","Pandora\u0027s Box"],"picked":"Sozu"},{"not_picked":["Velvet Choker","Fusion Hammer"],"picked":"Inserter"}],"items_purged_floors":[12,20,45],"is_endless":false,"potions_floor_spawned":[7,13,16,25,28,33,35,42],"ascension_level":1}}