{"host":"dwyzfvnzfcqffr30","time":1609081592,"event":{"mods":["2.2 Compatiblity","Act Like it!","BaseMod","Beaked The Cultist","Better Altar","Better Match","Better Note","Better Sensory Stone","Better Skull","Better Third Choice","Clockwork Mod","Colored Map","Colored Powertips","Conspire","Downfall","Elementarium","GifTheSpireLib","Halation","Hermit","Hubris","Infinite Spire","Ironclad Rager","Jedi Mod","Menagerie","Mimic Mod","Minty Spire (QoL Compilation)","Permanent Neow","Random Character Button","Replay The Spire","Spicy Shops","StSLib","Stuff the Spire","The Construct","The Disciple","The Druid","The Marked","TheFirefly","Trackpad","vexMod"],"gold_per_floor":[316,349,349,349,390,449,40,40,110,152,174,219,0,13,13,119,119,145,165,189,217,245,295,295,342,421,463,463,506,549,616,616,757,757,826,826,826,826,498,563,563,627,627,702,702,702,763,763,763,763,763,763,37,70,70,70],"floor_reached":55,"playtime":3207,"items_purged":["Hallucinations","infinitespire:Pacifist"],"score":1768,"play_id":"5b305c57-b1fb-4658-be7f-307ea4a441d6","local_time":"20201227070632","is_ascension_mode":true,"campfire_choices":[{"floor":8,"key":"REST"},{"floor":15,"key":"RECALL"},{"floor":24,"key":"REST"},{"floor":32,"key":"REST"},{"floor":41,"key":"REST"},{"floor":49,"key":"REST"},{"floor":52,"key":"REST"}],"circlet_count":0,"master_deck":["AscendersBane","Bash+1","Twin Strike+1","Twin Strike+1","Twin Strike+1","Twin Strike+1","Iron Wave+1","Iron Wave+1","Iron Wave+1","Iron Wave+1","MasterReality+1","Spot Weakness+1","StuffTheSpire:Slingshot+1","StuffTheSpire:Incineration+1","Shockwave+1","Ghostly Armor+1","Life Link+1","Flex+1","Clothesline+1","Enlightenment+1","Seeing Red+1","jedi:strikingstrike+1","Cleave+1","Perfected Strike+1","Inflame+1","ReplayTheSpireMod:LeadingStrike+1","Metallicize+1","Clash+1","jedi:harder+1","Shrug It Off+1","Berserk+1","Replay:Undeath\u0027s Touch+1","infinitespire:TheBestDefense+1","Replay:Undeath\u0027s Touch+1","Replay:Undeath\u0027s Touch+1","Amnesia","Inflame+1","expansioncontent:Chronoboost+1"],"relics":["Burning Blood","Bottled Tornado","infinitespire:EvilPickle","Juzu Bracelet","hubris:EvacipatedBox","Quantum Egg","Molten Egg 2","Frozen Egg 2","Toxic Egg 2","Dream Catcher","Replay:Baseball","beaked:ShinyBauble","ReplayFunnel","infinitespire:EmpoweringShard","construct:ClawGrip","halation:SwordOfLegend","hubris:SphereOfDissonance","hubris:BottledRain","Cursed Key","Lee\u0027s Waffle","Akabeko","Strawberry","trackpad:PetRock","Prayer Wheel","Paper Frog","Mercury Hourglass","Ring of Hypnosis","halation:EternalFortune","infinitespire:PuzzleCube","StuffTheSpire:MayFlowers"],"acts_visited":["Exordium","TheCity","TheBeyond","TheEnding"],"potions_floor_usage":[6,12,20,23,27,30,33,47,50,55,55],"damage_taken":[{"damage":0,"enemies":"Small Slimes","floor":1,"turns":2},{"damage":12,"enemies":"Jaw Worm","floor":2,"turns":2},{"damage":6,"enemies":"2 Louse","floor":5,"turns":2},{"damage":13,"enemies":"3 Sentries","floor":6,"turns":5},{"damage":0,"enemies":"Gremlin Nob","floor":10,"turns":3},{"damage":0,"enemies":"Exordium Thugs","floor":11,"turns":3},{"damage":20,"enemies":"Lagavulin","floor":12,"turns":3},{"damage":0,"enemies":"2 Fungi Beasts","floor":14,"turns":3},{"damage":11,"enemies":"Hexaghost","floor":16,"turns":5},{"damage":0,"enemies":"3 Byrds","floor":18,"turns":4},{"damage":0,"enemies":"Chosen","floor":19,"turns":3},{"damage":7,"enemies":"Shelled Parasite and Fungi","floor":20,"turns":3},{"damage":0,"enemies":"Snecko","floor":21,"turns":2},{"damage":19,"enemies":"Snake Plant","floor":22,"turns":3},{"damage":0,"enemies":"conspire:Head Lice","floor":23,"turns":4},{"damage":3,"enemies":"conspire:SneckoGhost","floor":25,"turns":3},{"damage":5,"enemies":"Centurion and Healer","floor":27,"turns":3},{"damage":5,"enemies":"Cultist and Chosen","floor":29,"turns":3},{"damage":0,"enemies":"Snecko","floor":30,"turns":2},{"damage":17,"enemies":"Gremlin Leader","floor":31,"turns":3},{"damage":46,"enemies":"Automaton","floor":33,"turns":7},{"damage":35,"enemies":"3 Shapes","floor":35,"turns":2},{"damage":3,"enemies":"Giant Head","floor":40,"turns":5},{"damage":30,"enemies":"Reptomancer","floor":42,"turns":3},{"damage":36,"enemies":"Nemesis","floor":44,"turns":5},{"damage":3,"enemies":"Orb Walker","floor":47,"turns":3},{"damage":72,"enemies":"infinitespire:MassOfShapes","floor":50,"turns":8},{"damage":45,"enemies":"Shield and Spear","floor":54,"turns":5},{"damage":66,"enemies":"The Heart","floor":55,"turns":3}],"seed_played":"-7404537140811164693","potions_obtained":[{"floor":2,"key":"Dexterity Potion"},{"floor":6,"key":"Elixir"},{"floor":11,"key":"SkillPotion"},{"floor":19,"key":"Energy Potion"},{"floor":21,"key":"jedi:tentaclejuice"},{"floor":25,"key":"Weak Potion"},{"floor":27,"key":"Flashbang"},{"floor":35,"key":"Block Potion"}],"is_trial":false,"path_per_floor":["M","M","?","?","M","E","$","R","T","E","M","E","?","M","R","B",null,"M","M","M","M","M","E","R","E","T","M","?","M","M","E","R","B",null,"M","?","AVR","?","$","E","R","E","T","E","?","?","M","?","R","B",null,"R","$","E","B"],"character_chosen":"IRONCLAD","items_purchased":["Replay:Baseball","beaked:ShinyBauble","Akabeko","Strawberry","Languid Potion","SkillPotion","expansioncontent:Chronoboost+1","infinitespire:PuzzleCube","ColorlessPotion","StuffTheSpire:MayFlowers"],"campfire_rested":6,"item_purchase_floors":[7,7,39,39,39,53,53,53,53,53],"current_hp_per_floor":[57,51,51,58,58,51,51,72,72,72,72,58,64,70,70,65,75,78,78,77,78,65,71,78,78,78,78,78,78,78,67,78,38,68,39,42,85,85,92,92,92,68,68,38,41,44,47,53,90,24,77,95,95,56,0,0],"gold":70,"neow_bonus":"IRONCLAD_BERSERKER","is_daily":false,"chose_seed":false,"campfire_upgraded":0,"win_rate":0.0,"timestamp":1609081592,"path_taken":["M","M","?","?","M","E","$","R","T","E","M","E","?","M","R","BOSS","M","M","M","M","M","E","R","E","T","M","?","M","M","E","R","BOSS","M","?","AVR","?","$","E","R","E","T","E","?","?","M","?","R","BOSS","R","$","E","BOSS"],"items_purchased_type":["Relic","Relic","Relic","Relic","Potion","Potion","Card","Relic","Potion","Relic"],"build_version":"2020-12-22","purchased_purges":2,"victory":false,"max_hp_per_floor":[72,72,72,72,72,72,72,72,72,72,72,72,78,78,78,78,78,78,78,78,78,78,78,78,78,78,78,78,78,78,78,78,78,78,78,78,85,85,92,92,92,92,92,92,92,92,92,95,95,95,95,95,95,95,95,95],"card_choices":[{"not_picked":["Cleave+1","ICR:PowerAttack+1"],"picked":"Spot Weakness+1","floor":1},{"not_picked":["Burning Pact+1","Clash+1"],"picked":"StuffTheSpire:Slingshot+1","floor":2},{"not_picked":["Pommel Strike+1","Dropkick+1"],"picked":"Shockwave+1","floor":5},{"not_picked":["Twin Strike+1","ReplayTheSpireMod:Strike From Hell+1"],"picked":"Ghostly Armor+1","floor":6},{"not_picked":["Thunderclap+1","Searing Blow+1"],"picked":"Life Link+1","floor":10},{"not_picked":["conspire:Purge+1","Massacre+1"],"picked":"Flex+1","floor":11},{"not_picked":["Reckless Charge+1","Ghostly Armor+1"],"picked":"Clothesline+1","floor":12},{"not_picked":["ReplayTheSpireMod:Strike From Hell+1","Sword Boomerang+1"],"picked":"Seeing Red+1","floor":14},{"not_picked":["hubris:StunningStrike+1","Hemogenesis+1"],"picked":"jedi:strikingstrike+1","floor":16},{"not_picked":["Run Through+1","Massacre+1"],"picked":"Cleave+1","floor":18},{"not_picked":["Clash+1","Shockwave+1"],"picked":"Rampage+1","floor":19},{"not_picked":["Clash+1","jedi:hate+1"],"picked":"Perfected Strike+1","floor":20},{"not_picked":["ReplayTheSpireMod:Limb From Limb+1","Flex+1"],"picked":"Inflame+1","floor":21},{"not_picked":["Evolve+1","Massacre+1"],"picked":"ReplayTheSpireMod:LeadingStrike+1","floor":22},{"not_picked":["Fire Breathing+1","hubris:CleavingFinish+1","Abandon+1"],"picked":"SKIP","floor":23},{"not_picked":["Run Through+1","Heavy Blade+1"],"picked":"Metallicize+1","floor":24},{"not_picked":["jedi:fear+1","Burning Pact+1","Dark Embrace+1"],"picked":"SKIP","floor":25},{"not_picked":["StuffTheSpire:RockThrow+1","Iron Wave+1","Carnage+1"],"picked":"SKIP","floor":27},{"not_picked":["Cleave+1","infinitespire:OneForAll+1","Run Through+1"],"picked":"SKIP","floor":29},{"not_picked":["StuffTheSpire:Slingshot+1","infinitespire:OneForAll+1"],"picked":"jedi:harder+1","floor":30},{"not_picked":["jedi:hate+1","Hemokinesis+1","StuffTheSpire:Slingshot+1"],"picked":"SKIP","floor":31},{"not_picked":["Body Slam+1","Wild Strike+1"],"picked":"Shrug It Off+1","floor":32},{"not_picked":["Bludgeon+1","Demonic Infusion+1"],"picked":"Berserk+1","floor":33},{"not_picked":["Dropkick+1","Whirlwind+1"],"picked":"Replay:Undeath\u0027s Touch+1","floor":35},{"not_picked":["StuffTheSpire:RagingBull+1","Flex+1","Wild Strike+1"],"picked":"SKIP","floor":40},{"not_picked":["Pommel Strike+1","Thunderclap+1"],"picked":"Replay:Undeath\u0027s Touch+1","floor":41},{"not_picked":["StuffTheSpire:RockThrow+1","Pommel Strike+1","ReplayTheSpireMod:Limb From Limb+1"],"picked":"SKIP","floor":42},{"not_picked":["Headbutt+1","Fiend Fire+1"],"picked":"Replay:Undeath\u0027s Touch+1","floor":44},{"not_picked":["Carnage+1","Havoc+1","Intimidate+1"],"picked":"SKIP","floor":47},{"not_picked":["Clothesline+1","Anger+1","Berserk+1"],"picked":"SKIP","floor":47},{"not_picked":["Rampage+1","Body Slam+1"],"picked":"Inflame+1","floor":49},{"not_picked":["Body Slam+1","Clothesline+1","Sword Boomerang+1"],"picked":"SKIP","floor":54}],"player_experience":2464267,"relics_obtained":[{"floor":6,"key":"Dream Catcher"},{"floor":10,"key":"ReplayFunnel"},{"floor":12,"key":"infinitespire:EmpoweringShard"},{"floor":25,"key":"halation:SwordOfLegend"},{"floor":26,"key":"hubris:SphereOfDissonance"},{"floor":31,"key":"hubris:BottledRain"},{"floor":40,"key":"trackpad:PetRock"},{"floor":42,"key":"Prayer Wheel"},{"floor":43,"key":"Paper Frog"},{"floor":44,"key":"Mercury Hourglass"},{"floor":45,"key":"Ring of Hypnosis"}],"event_choices":[{"damage_healed":0,"gold_gain":0,"player_choice":"Simplicity","damage_taken":0,"max_hp_gain":0,"max_hp_loss":9,"event_name":"betterThird:BetterWriting","floor":0,"gold_loss":0},{"damage_healed":0,"gold_gain":0,"player_choice":"RENOUNCE","damage_taken":219,"max_hp_gain":0,"max_hp_loss":0,"event_name":"betterThird:BetterSerpent","floor":13,"gold_loss":219,"cards_obtained":["Enlightenment"]},{"damage_healed":0,"gold_gain":0,"player_choice":"Ignored","damage_taken":0,"max_hp_gain":0,"max_hp_loss":0,"event_name":"Tomb of Lord Red Mask","floor":36,"gold_loss":0},{"cards_removed":["Rampage"],"damage_healed":0,"gold_gain":0,"player_choice":"Purged","damage_taken":0,"max_hp_gain":0,"max_hp_loss":0,"event_name":"Purifier","floor":38,"gold_loss":0}],"is_beta":false,"boss_relics":[{"not_picked":["Black Blood","SacredBark","halation:Risk"],"picked":"construct:ClawGrip"},{"not_picked":["Electric Blood","trackpad:StolenKidneys","StuffTheSpire:Kangaroo"],"picked":"Cursed Key"}],"items_purged_floors":[37,53],"is_endless":false,"potions_floor_spawned":[2,6,11,19,21,22,23,25,27,35,40],"killed_by":"The Heart","ascension_level":11}}