{"host":"2qv44oxt58ptq59r","time":1609084314,"event":{"mods":["AchievementEnabler","BaseMod","Colored Powertips","Highlight Path","Minty Spire (QoL Compilation)","Permanent Neow","StSLib"],"gold_per_floor":[113,38,38,53,70,70,70,70,70,101,114,132,132,146,146,247,247,234,250,1,1,1,12,32,42,68,68,68],"floor_reached":27,"playtime":2933,"items_purged":["Strike_R","Strike_R"],"score":217,"play_id":"835decdf-ae07-4c88-9294-309071cd87cd","local_time":"20201227155154","is_ascension_mode":false,"campfire_choices":[{"data":"Bash","floor":6.0,"key":"SMITH"},{"data":"Seeing Red","floor":8.0,"key":"SMITH"},{"floor":15.0,"key":"REST"}],"circlet_count":0,"master_deck":["Strike_R","Strike_R","Defend_R","Defend_R","Defend_R","Defend_R","Bash+1","Clothesline","Seeing Red+1","Shockwave","Fire Breathing","Clothesline","Battle Trance","Juggernaut","Flame Barrier","Pommel Strike+1","Inflame","RitualDagger","Heavy Blade+1","Dual Wield+1"],"relics":["Burning Blood","Boot","Letter Opener","Mark of Pain","Lantern","Dream Catcher"],"acts_visited":["Exordium","TheCity"],"potions_floor_usage":[24,27],"damage_taken":[{"damage":6.0,"enemies":"2 Louse","floor":1.0,"turns":3.0},{"damage":4.0,"enemies":"Cultist","floor":4.0,"turns":3.0},{"damage":0.0,"enemies":"Jaw Worm","floor":5.0,"turns":3.0},{"damage":41.0,"enemies":"Lagavulin","floor":10.0,"turns":7.0},{"damage":11.0,"enemies":"Blue Slaver","floor":11.0,"turns":4.0},{"damage":9.0,"enemies":"Lots of Slimes","floor":12.0,"turns":6.0},{"damage":1.0,"enemies":"Exordium Wildlife","floor":14.0,"turns":3.0},{"damage":20.0,"enemies":"Slime Boss","floor":16.0,"turns":8.0},{"damage":19.0,"enemies":"2 Thieves","floor":18.0,"turns":4.0},{"damage":22.0,"enemies":"Spheric Guardian","floor":19.0,"turns":4.0},{"damage":28.0,"enemies":"Shelled Parasite and Fungi","floor":23.0,"turns":6.0},{"damage":3,"enemies":"3 Cultists","floor":24,"turns":5},{"damage":15,"enemies":"Snake Plant","floor":25,"turns":4},{"damage":19,"enemies":"Slavers","floor":27,"turns":1}],"seed_played":"-7788214835982117288","potions_obtained":[{"floor":4.0,"key":"ElixirPotion"},{"floor":11.0,"key":"BlessingOfTheForge"},{"floor":13.0,"key":"HeartOfIron"},{"floor":13.0,"key":"DistilledChaos"},{"floor":13.0,"key":"SteroidPotion"},{"floor":19.0,"key":"SteroidPotion"},{"floor":24,"key":"Ancient Potion"}],"is_trial":false,"path_per_floor":["M","$","?","M","M","R","?","R","T","E","M","M","?","M","R","B",null,"M","M","$","?","?","M","M","M","T","E"],"character_chosen":"IRONCLAD","items_purchased":["Lantern"],"campfire_rested":1,"item_purchase_floors":[20],"current_hp_per_floor":[80,80,80,80,80,80,80,80,80,45,40,37,37,42,66,52,80,67,51,51,51,45,23,26,17,17,0,0],"gold":68,"neow_bonus":"RANDOM_COMMON_RELIC","is_daily":false,"chose_seed":false,"campfire_upgraded":2,"win_rate":0.0,"timestamp":1609084314,"path_taken":["M","$","?","?","M","R","?","R","T","E","M","M","?","M","R","BOSS","M","M","?","?","?","M","M","M","T","E"],"items_purchased_type":["Relic"],"build_version":"2020-12-22","purchased_purges":2,"victory":false,"max_hp_per_floor":[80,80,80,80,80,80,80,80,80,80,80,80,80,80,80,80,80,80,80,80,80,80,80,80,80,80,80,80],"card_choices":[{"not_picked":["Cleave","Infernal Blade"],"picked":"Clothesline","floor":1.0},{"not_picked":["Headbutt","Heavy Blade"],"picked":"Seeing Red","floor":4.0},{"not_picked":["Flame Barrier","Reckless Charge"],"picked":"Shockwave","floor":5.0},{"not_picked":["Heavy Blade","Iron Wave"],"picked":"Fire Breathing","floor":10.0},{"not_picked":["Sentinel","Body Slam"],"picked":"Clothesline","floor":11.0},{"not_picked":["Power Through","Anger"],"picked":"Battle Trance","floor":12.0},{"not_picked":["Twin Strike","Clothesline","True Grit"],"picked":"SKIP","floor":14.0},{"not_picked":["Double Tap","Offering"],"picked":"Juggernaut","floor":16.0},{"not_picked":["Pummel","Sever Soul"],"picked":"Flame Barrier","floor":18.0},{"not_picked":["Searing Blow","Carnage"],"picked":"Pommel Strike+1","floor":19.0},{"not_picked":["Dark Embrace","Carnage","Thunderclap"],"picked":"SKIP","floor":23.0},{"not_picked":["Ghostly Armor","Rupture+1"],"picked":"Heavy Blade+1","floor":24},{"not_picked":["Body Slam","Searing Blow+1"],"picked":"Dual Wield+1","floor":25}],"player_experience":5028972,"relics_obtained":[{"floor":10.0,"key":"Letter Opener"},{"floor":26,"key":"Dream Catcher"}],"event_choices":[{"cards_removed":["Strike_R"],"damage_healed":0.0,"max_hp_gain":0.0,"max_hp_loss":0.0,"gold_gain":0.0,"event_name":"Bonfire Elementals","player_choice":"Offered Basic","floor":3.0,"gold_loss":0.0,"damage_taken":0.0},{"damage_healed":0.0,"max_hp_gain":0.0,"max_hp_loss":0.0,"gold_gain":0.0,"event_name":"Dead Adventurer","player_choice":"Searched \u00270\u0027 times","floor":7.0,"gold_loss":0.0,"damage_taken":0.0},{"damage_healed":0.0,"max_hp_gain":0.0,"max_hp_loss":0.0,"gold_gain":0.0,"event_name":"Lab","player_choice":"Got Potions","floor":13.0,"gold_loss":0.0,"damage_taken":0.0},{"damage_healed":0.0,"max_hp_gain":0.0,"max_hp_loss":0.0,"gold_gain":0.0,"event_name":"The Library","player_choice":"Read","floor":21.0,"gold_loss":0.0,"damage_taken":0.0,"cards_obtained":["Inflame"]},{"damage_healed":0.0,"max_hp_gain":0.0,"max_hp_loss":0.0,"gold_gain":0.0,"event_name":"Nest","player_choice":"Joined the Cult","floor":22.0,"gold_loss":0.0,"damage_taken":6.0,"cards_obtained":["RitualDagger"]}],"is_beta":false,"boss_relics":[{"not_picked":["Black Star","Coffee Dripper"],"picked":"Mark of Pain"}],"items_purged_floors":[2,20],"is_endless":false,"potions_floor_spawned":[4,11,19,24],"killed_by":"Slavers","ascension_level":0}}