{"host":"uhhucka17mqeuzwb","time":1609058775,"event":{"mods":["2.2 Compatiblity","AchievementEnabler","Act Like it!","Astrologer","BaseMod","Better Altar","Better Skull","Colored Powertips","Defuse TimeMaze Blight","Downfall","Energized Spire","Faster Ascension Climbing","Friendly Minions","Gensokyo","GifTheSpireLib","Gremlin Mod","Gremlin Skip","Halation","Hallownest","Hermit","HololiveMod","KinomotoSakuraMod(????)","Lobotomy","Marisa????????","Minty Spire (QoL Compilation)","Quick Restart","Red Circlet Mod","Replay The Spire","Reworked Bosses","Shade Mod","Shop Mod","StSLib","The Administrix","The Animator","The Blue Laboratory","The Bug Knight","The Cursed","The Factory","The Forsaken","TheBandit","Waifu the Spire"],"gold_per_floor":[79,79,79,79,4,4,39,39,39,54,78,78,111,136,136,235,235,249,164,164,58,72,72,113,113,113,113,113,127,127,146,146,241,241,261,261,261,225,525,525,563,586,612,612,630,630,226,276,276,276,276,276,276,276,40,80,80],"floor_reached":58,"playtime":5960,"items_purged":["theForsaken:PlagueCurse","animator:Guy"],"score":3235,"play_id":"39d5cd87-5b28-4c59-9767-eb6706ddcb6a","local_time":"20201227034615","is_ascension_mode":true,"campfire_choices":[{"data":"Hololive_CallShiroganeNoel","floor":6,"key":"SMITH"},{"data":"Hololive_CallUruhaRushia","floor":8,"key":"SMITH"},{"data":"Hololive_StrengthChampion","floor":12,"key":"SMITH"},{"floor":15,"key":"DIG"},{"data":"Hololive_StrengthChampion+1","floor":23,"key":"SMITH"},{"data":"Hololive_StrengthChampion+2","floor":25,"key":"SMITH"},{"data":"Hololive_StrengthChampion+3","floor":28,"key":"SMITH"},{"data":"Hololive_StrengthChampion+4","floor":30,"key":"SMITH"},{"data":"TheCursedMod:NeowsMight","floor":32,"key":"SMITH"},{"data":"Hololive_StrengthChampion+5","floor":40,"key":"SMITH"},{"data":"Hololive_StrengthChampion+6","floor":46,"key":"SMITH"},{"data":"Hololive_StrengthChampion+7","floor":49,"key":"SMITH"},{"data":"Replay:SS_hec_2","floor":54,"key":"SMITH"}],"circlet_count":0,"master_deck":["AscendersBane","Hololive_CallHoushouMarine","Hololive_CallShiroganeNoel+1","Hololive_CallUruhaRushia+1","Hololive_CallShiranuiFlare","Hololive_CallUsadaPekora","Hololive_StrengthChampion+8","Hololive_Strike","Hololive_Strike","Hololive_Defend","Hololive_Defend","FairyFestival","Hololive_CallInugamiKorone","BlackSwan","Soda","OSAHOGD","TheCursedMod:NeowsMight+1","Hololive_CocoNews+1","Hololive_HuntDinosaur+1","Hololive_BringToTrial","Hololive_Thief","Hololive_Rebound+1","Hololive_ILoveYou","Replay:SS_hec_2+1","Hololive_CallUruhaRushia+1","Hololive_CallMurasakiShion","Hololive_Yoholoon+1","Hololive_MaximGun+1"],"relics":["Hololive_TheStar","Juzu Bracelet","CogitoBucket","Golden Idol","Letter Opener","theForsaken:ScaryMask","halation:BottledLove","HellTrain","Simple Rune","Sozu","Thread and Needle","MerchantsRug","halation:WeightlessCrab","Gambling Chip","AdjustmentMirror","Coffee Dripper","theFactory:ChargeChargeCharge","theForsaken:Lifeblossom","ReplayTheSpireMod:Ninjato","Happy Flower","AtMidnight","SkinProphecy","halation:LettersToHer","Molten Egg 2","halation:Komachan","Divine Protection"],"acts_visited":["Exordium","TheCity","TheCity","TheEnding"],"potions_floor_usage":[],"damage_taken":[{"damage":0,"enemies":"Cultist","floor":1,"turns":2},{"damage":0,"enemies":"Lagavulin","floor":7,"turns":4},{"damage":0,"enemies":"2 Louse","floor":10,"turns":2},{"damage":0,"enemies":"Small Slimes","floor":11,"turns":3},{"damage":0,"enemies":"HollowMod:MossKnight","floor":13,"turns":5},{"damage":0,"enemies":"Exordium Wildlife","floor":14,"turns":2},{"damage":0,"enemies":"Fading Forest","floor":16,"turns":13},{"damage":0,"enemies":"Spheric Guardian","floor":18,"turns":2},{"damage":0,"enemies":"Chosen","floor":22,"turns":3},{"damage":0,"enemies":"Book of Stabbing","floor":24,"turns":3},{"damage":0,"enemies":"Centurion and Healer","floor":29,"turns":5},{"damage":20,"enemies":"Snake Plant","floor":31,"turns":2},{"damage":0,"enemies":"Automaton","floor":33,"turns":4},{"damage":0,"enemies":"theFactory:2_Experiment_Personnel","floor":35,"turns":3},{"damage":0,"enemies":"theFactory:DrinkBrewer","floor":41,"turns":4},{"damage":0,"enemies":"theFactory:BigBot","floor":45,"turns":4},{"damage":0,"enemies":"theFactory:Experiment01","floor":50,"turns":8},{"damage":0,"enemies":"theFactory:SPIDER","floor":51,"turns":7},{"damage":0,"enemies":"Shield and Spear","floor":56,"turns":7},{"damage":0,"enemies":"The Heart","floor":57,"turns":8}],"seed_played":"-5934266177976361289","potions_obtained":[{"floor":11,"key":"blueLaboratory:StoneskinPotion"},{"floor":14,"key":"Guardian:BlockOnCardUsePotion"},{"floor":16,"key":"SneckoOil"}],"is_trial":false,"path_per_floor":["M","?","?","?","$","R","E","R","T","M","M","R","E","M","R","B",null,"M","?","?","$","M","R","E","R","T","?","R","M","R","M","R","B",null,"M","?","?","$","?","R","E","T","T","?","M","R","$","?","R","B","B",null,null,"R","$","E","B",null],"character_chosen":"Hololive_HololiveCharacter","items_purchased":["MerchantsRug","Hololive_CocoNews+1","Hololive_ILoveYou","Replay:SS_hec_2","halation:LettersToHer","Molten Egg 2","halation:Komachan","Hololive_Yoholoon+1"],"campfire_rested":0,"item_purchase_floors":[21,21,38,38,47,47,55,55],"current_hp_per_floor":[27,27,17,17,17,17,23,23,23,25,28,28,30,30,30,30,30,30,30,30,30,30,30,30,30,30,30,30,30,30,10,10,29,30,30,30,21,21,21,21,30,30,30,30,30,30,30,30,30,32,34,34,34,34,34,36,38],"gold":80,"neow_bonus":"","is_daily":false,"chose_seed":false,"campfire_upgraded":12,"win_rate":0.0,"timestamp":1609058775,"path_taken":["M","?","?","?","?","R","E","R","T","M","M","R","E","M","R","BOSS","M","?","?","$","M","R","E","R","T","?","R","M","R","M","R","BOSS","M","?","?","$","?","R","E","?","T","?","M","R","$","?","R","BOSS","BOSS","R","$","E","BOSS"],"items_purchased_type":["Relic","Card","Card","Card","Relic","Relic","Relic","Card"],"build_version":"2020-12-22","purchased_purges":2,"victory":true,"max_hp_per_floor":[30,30,30,30,30,30,30,30,30,30,30,30,30,30,30,30,30,30,30,30,30,30,30,30,30,30,30,30,30,30,30,30,30,30,30,30,30,30,30,30,30,30,30,30,30,30,30,30,30,32,34,34,34,34,34,36,38],"card_choices":[{"not_picked":["OldLady","UniverseFragment"],"picked":"FairyFestival","floor":1},{"not_picked":["Hololive_LuckPotion","Hololive_Teleport","Hololive_RevenueBasedLive"],"picked":"Hololive_CallInugamiKorone","floor":1},{"not_picked":["VoidDream","MeatLantern","Bloodbath"],"picked":"Singing Bowl","floor":7},{"not_picked":["theForsaken:CowardsBrand","theForsaken:QuickAttack","Bloodletting","AdministrixMod:QuietConspiracy"],"picked":"SKIP","floor":7},{"not_picked":["PunishingBird","MHz","MeatLantern"],"picked":"Singing Bowl","floor":10},{"not_picked":["ClowCardTheJump","astrologer:Moonlight","Bloodletting","Guardian:TimeBomb"],"picked":"SKIP","floor":10},{"not_picked":["VoidDream","OldLady"],"picked":"BlackSwan","floor":11},{"not_picked":["ClowCardTheFight","Gash","GravityBeat","champ:Riposte"],"picked":"SKIP","floor":11},{"not_picked":["ShyLook","Funeral","LittleHelper"],"picked":"Singing Bowl","floor":13},{"not_picked":["Guardian:WalkerClaw","Hololive_CallAkiRosenthal","wariomod:BodyBlock"],"picked":"Soda","floor":13},{"not_picked":["WallGazer","MHz"],"picked":"OSAHOGD","floor":14},{"not_picked":["AdministrixMod:JustRewards","theForsaken:RainingSunlight","animator:Rider"],"picked":"animator:Guy","floor":14},{"not_picked":["Murderer","ShyLook","Variant"],"picked":"Singing Bowl","floor":16},{"not_picked":["Slimebound:Overexert","Hololive_WolfAndLamb","champ:HeavySlash"],"picked":"TheCursedMod:NeowsMight","floor":16},{"not_picked":["BlueStar","LittlePrince","CrumblingArmor"],"picked":"Singing Bowl","floor":18},{"not_picked":["FlyingSleeves","hermit:TrackingShot+1","Tantrum","theForsaken:CreepingInfection"],"picked":"SKIP","floor":18},{"not_picked":["OldLady","Wellcheers","NakedNest"],"picked":"Singing Bowl","floor":22},{"not_picked":["Hololive_CallMurasakiShion","Hololive_Rebound","Hololive_FlyingPonyTail"],"picked":"Hololive_HuntDinosaur+1","floor":22},{"not_picked":["ShyLook","LongBird","PlagueDoctor"],"picked":"Singing Bowl","floor":24},{"not_picked":["Hololive_CallOmaruPolka","Hololive_Psychosis+1","Hololive_DiamondStrike","Hololive_Trident"],"picked":"SKIP","floor":24},{"not_picked":["BigBird","LaLuna","MeltingLove"],"picked":"Singing Bowl","floor":29},{"not_picked":["Hololive_CallRosalyn","Hololive_Rebound","Hololive_Drill+1"],"picked":"Hololive_BringToTrial","floor":29},{"not_picked":["PlagueDoctor","LaLuna","HeroicMonk"],"picked":"Singing Bowl","floor":31},{"not_picked":["Hololive_Breathe","Hololive_Drill+1","Hololive_FlyingPonyTail","Hololive_HuntDinosaur"],"picked":"SKIP","floor":31},{"not_picked":["SingingMachine","LongBird","ShyLook"],"picked":"Singing Bowl","floor":33},{"not_picked":["Hololive_DiamondStrike","Hololive_BeCareful","Hololive_FlareMind"],"picked":"Hololive_Thief","floor":33},{"not_picked":["Wellcheers","LaLuna","GalaxyChild"],"picked":"Singing Bowl","floor":35},{"not_picked":["Hololive_CallYukihanaLamy","Hololive_Psychosis","Hololive_CallShishiroBotan+1"],"picked":"Hololive_Rebound+1","floor":35},{"not_picked":["PlagueDoctor","LittleHelper","RedShoes"],"picked":"Singing Bowl","floor":41},{"not_picked":["Hololive_Sequa","Hololive_MaximGun","Hololive_FlyingPonyTail"],"picked":"Hololive_CallUruhaRushia+1","floor":41},{"not_picked":["Variant","NothingThere","QueenOfHatred"],"picked":"Singing Bowl","floor":45},{"not_picked":["Hololive_HuntDinosaur","Hololive_CallFriendA","Hololive_LuckPotion"],"picked":"Hololive_CallMurasakiShion","floor":45},{"not_picked":["SilentOrchestra","Variant","LittlePrince"],"picked":"Singing Bowl","floor":56},{"not_picked":["Hololive_RevenueBasedLive","Hololive_FlyingPonyTail+1","Hololive_CallShirakamiFubuki"],"picked":"Hololive_MaximGun+1","floor":56}],"player_experience":1094490,"relics_obtained":[{"floor":7,"key":"Letter Opener"},{"floor":9,"key":"theForsaken:ScaryMask"},{"floor":13,"key":"halation:BottledLove"},{"floor":15,"key":"Simple Rune"},{"floor":24,"key":"halation:WeightlessCrab"},{"floor":26,"key":"Gambling Chip"},{"floor":41,"key":"ReplayTheSpireMod:Ninjato"},{"floor":42,"key":"Gremlin Food"},{"floor":43,"key":"Happy Flower"},{"floor":45,"key":"AtMidnight"},{"floor":56,"key":"Divine Protection"}],"event_choices":[{"damage_healed":0,"gold_gain":0,"player_choice":"Take Damage","damage_taken":10,"relics_obtained":["Golden Idol"],"max_hp_gain":0,"max_hp_loss":0,"event_name":"Golden Idol","floor":3,"gold_loss":0},{"damage_healed":0,"gold_gain":0,"player_choice":"Obtained Relic","damage_taken":0,"relics_obtained":["Thread and Needle"],"max_hp_gain":0,"max_hp_loss":0,"event_name":"Addict","floor":19,"gold_loss":85},{"damage_healed":0,"gold_gain":0,"player_choice":"Ignored","damage_taken":0,"max_hp_gain":0,"max_hp_loss":0,"event_name":"Beggar","floor":20,"gold_loss":0},{"damage_healed":0,"gold_gain":0,"player_choice":"Ignored","damage_taken":0,"max_hp_gain":0,"max_hp_loss":0,"event_name":"Cursed Tome","floor":27,"gold_loss":0},{"damage_healed":0,"gold_gain":50,"player_choice":"Pray","damage_taken":0,"max_hp_gain":0,"max_hp_loss":0,"event_name":"Golden Shrine","floor":48,"gold_loss":0}],"is_beta":false,"boss_relics":[{"not_picked":["Runic Dome","energizedSpire:HugeHouse"],"picked":"Sozu"},{"not_picked":["energizedSpire:DeadBattery","halation:SmartPhone"],"picked":"Replay:Grab Bag"},{"not_picked":["Painkiller Herb","Abe\u0027s Treasure"],"picked":"Coffee Dripper"},{"not_picked":["Hololive_ChaosS","halation:Risk"],"picked":"Runic Pyramid"}],"items_purged_floors":[5,38],"is_endless":false,"potions_floor_spawned":[11,14,16,18,33,41],"ascension_level":20}}