{"host":"uwh382mre4waz4ff","time":1609057611,"event":{"mods":["AchievementEnabler","BaseMod","Better Note","Better Third Choice","BetterRewards","HololiveMod","Minty Spire (QoL Compilation)","Quick Restart","Shop Mod","StSLib"],"gold_per_floor":[78,78,3,21,41,41,55,121,121,121,121,154,154,194,194,336,336,381,65,65,102,102,102,147,210,210,241,276,309,309,579,579,675,675,723,651,680,708,1707,1761,1761,1761,1761,1793,1893,1893,1683,1696,1696,1699,1699],"floor_reached":50,"playtime":1425,"items_purged":["Hololive_Strike","Hololive_Strike","Hololive_Defend","Hololive_Defend","Normality"],"score":851,"play_id":"3846c929-a89d-4661-bec7-06561389948d","local_time":"20201227162651","is_ascension_mode":false,"campfire_choices":[{"data":"Hololive_CallShiroganeNoel","floor":6,"key":"SMITH"},{"data":"Hololive_CallHimemoriLuna","floor":11,"key":"SMITH"},{"data":"Hololive_CocoNews","floor":15,"key":"SMITH"},{"data":"Enlightenment","floor":23,"key":"SMITH"},{"data":"Hololive_CallAmaneKanata","floor":32,"key":"SMITH"},{"data":"Hololive_IdolExercise","floor":42,"key":"SMITH"},{"data":"Hololive_CocoNews","floor":46,"key":"SMITH"},{"data":"Hololive_CallSakuraMiko","floor":49,"key":"SMITH"}],"circlet_count":0,"master_deck":["Hololive_CallHoushouMarine","Hololive_CallShiroganeNoel+1","Hololive_CallUruhaRushia","Hololive_CallShiranuiFlare","Hololive_CallUsadaPekora","Hololive_StrengthChampion","Hololive_CallRosalyn","Hololive_CallHimemoriLuna+1","Hololive_CallFriendA","Hololive_CocoNews+1","Hololive_CallAmaneKanata+1","Hololive_CallMinatoAqua","Hololive_CallSakuraMiko+1","Hololive_CocoNews+1","Hololive_CallTsunomakiWatame","Hololive_IdolExercise+1","Hololive_CallTsunomakiWatame+1","Hololive_CallRoboco","Enlightenment+1","Hololive_CallKiryuuCoco","Hololive_CallShirakamiFubuki","Hololive_CallTokoyamiTowa","Hololive_CallNekomataOkayu","Hololive_CallDoris+1","Hololive_CallRosalyn","Hololive_DDD","Hololive_CallTokinoSora","Hololive_CallAyundaRisu","Hololive_CallTokoyamiTowa+1","Normality","Hololive_DDD","Hololive_CocoNews+1","Hololive_CallNakiriAyame","Hololive_CallNatsuiroMatsuri+1"],"relics":["Hololive_TheStar"],"acts_visited":["Exordium","TheCity","TheBeyond"],"potions_floor_usage":[],"damage_taken":[{"damage":0,"enemies":"Jaw Worm","floor":1,"turns":2},{"damage":0,"enemies":"Cultist","floor":4,"turns":2},{"damage":0,"enemies":"2 Louse","floor":5,"turns":1},{"damage":0,"enemies":"2 Fungi Beasts","floor":7,"turns":2},{"damage":0,"enemies":"Gremlin Nob","floor":8,"turns":2},{"damage":0,"enemies":"Exordium Wildlife","floor":12,"turns":2},{"damage":0,"enemies":"3 Louse","floor":14,"turns":3},{"damage":0,"enemies":"Slime Boss","floor":16,"turns":6},{"damage":0,"enemies":"2 Thieves","floor":18,"turns":3},{"damage":0,"enemies":"Spheric Guardian","floor":21,"turns":3},{"damage":0,"enemies":"Cultist and Chosen","floor":24,"turns":4},{"damage":0,"enemies":"Snake Plant","floor":25,"turns":3},{"damage":0,"enemies":"Shelled Parasite and Fungi","floor":27,"turns":3},{"damage":0,"enemies":"3 Cultists","floor":28,"turns":4},{"damage":0,"enemies":"Centurion and Healer","floor":29,"turns":4},{"damage":0,"enemies":"Automaton","floor":33,"turns":6},{"damage":0,"enemies":"3 Shapes","floor":35,"turns":2},{"damage":0,"enemies":"Orb Walker","floor":37,"turns":2},{"damage":0,"enemies":"Jaw Worm Horde","floor":38,"turns":4},{"damage":0,"enemies":"Reptomancer","floor":40,"turns":11},{"damage":41,"enemies":"Writhing Mass","floor":44,"turns":7},{"damage":0,"enemies":"Maw","floor":48,"turns":6},{"damage":46,"enemies":"Awakened One","floor":50,"turns":4}],"seed_played":"-976142805167655460","potions_obtained":[{"floor":2,"key":"EntropicBrew"},{"floor":2,"key":"SmokeBomb"},{"floor":2,"key":"DuplicationPotion"},{"floor":5,"key":"PowerPotion"},{"floor":14,"key":"DuplicationPotion"},{"floor":25,"key":"FairyPotion"},{"floor":48,"key":"FairyPotion"}],"is_trial":false,"path_per_floor":["M","?","$","M","M","R","M","E","T","?","R","M","?","M","R","B",null,"M","$","?","M","?","R","M","M","T","M","M","M","?","?","R","B",null,"M","$","M","M","?","E","?","R","T","M","?","R","$","M","R","B"],"character_chosen":"Hololive_HololiveCharacter","items_purchased":["Hololive_CallRosalyn","Hololive_CallHimemoriLuna","Hololive_CallFriendA","Hololive_CallAmaneKanata","Hololive_CallRoboco","Enlightenment","Hololive_CallAyundaRisu","Hololive_CallNakiriAyame"],"campfire_rested":0,"item_purchase_floors":[0,0,0,3,19,19,36,47],"current_hp_per_floor":[21,21,21,21,21,21,21,21,21,26,26,26,26,26,26,26,40,40,40,50,50,50,50,50,50,50,50,50,50,50,23,23,23,50,50,50,50,50,50,50,50,50,50,9,9,9,9,9,9,0,0],"gold":1699,"neow_bonus":"","is_daily":false,"chose_seed":false,"campfire_upgraded":8,"win_rate":0.0,"timestamp":1609057611,"path_taken":["M","?","$","M","?","R","M","E","T","?","R","M","?","M","R","BOSS","M","$","?","M","?","R","M","M","T","M","M","?","?","?","R","BOSS","M","$","M","M","?","E","?","R","T","M","?","R","$","?","R","BOSS"],"items_purchased_type":["Card","Card","Card","Card","Card","Card","Card","Card"],"build_version":"2020-12-22","purchased_purges":5,"victory":false,"max_hp_per_floor":[35,35,35,35,35,35,35,35,35,40,40,40,40,40,40,40,40,40,40,50,50,50,50,50,50,50,50,50,50,50,50,50,50,50,50,50,50,50,50,50,50,50,50,50,50,50,50,50,50,50,50],"card_choices":[{"not_picked":["Hololive_Rebound","Hololive_ManjiGathering","Hololive_Breathe"],"picked":"Hololive_CocoNews","floor":1},{"not_picked":["Hololive_FlyingPonyTail","Hololive_Drill","Hololive_Psychosis"],"picked":"Hololive_CallMinatoAqua","floor":4},{"not_picked":["Hololive_Drill","Hololive_Rebound","Hololive_Trident","Hololive_ManjiGathering"],"picked":"SKIP","floor":5},{"not_picked":["Hololive_CandyCastle","Hololive_HuntDinosaur","Hololive_Breathe"],"picked":"Hololive_CallSakuraMiko","floor":7},{"not_picked":["Hololive_Yoholoon","Hololive_Sequa","Hololive_StrengthChampion"],"picked":"Hololive_StarCraft","floor":8},{"not_picked":["Hololive_RevenueBasedLive","Hololive_Drill","Hololive_StrengthChampion"],"picked":"Hololive_CocoNews","floor":12},{"not_picked":["Hololive_DevilCharm","Hololive_Breathe","Hololive_Psychosis"],"picked":"Hololive_CallTsunomakiWatame","floor":14},{"not_picked":["Hololive_Recruit","Hololive_ASMR","Hololive_WolfAndLamb"],"picked":"Hololive_IdolExercise","floor":16},{"not_picked":["Hololive_Rebound","Hololive_Breathe","Hololive_BringToTrial"],"picked":"Hololive_CallTsunomakiWatame+1","floor":18},{"not_picked":["Hololive_CallNakiriAyame","Hololive_FlyingPonyTail","Hololive_CallShirakamiFubuki+1"],"picked":"Hololive_CallKiryuuCoco","floor":21},{"not_picked":["Hololive_Psychosis","Hololive_OvertimeWork","Hololive_DevilCharm"],"picked":"Hololive_CallShirakamiFubuki","floor":24},{"not_picked":["Hololive_CallTsunomakiWatame","Hololive_Trident+1","Hololive_CallHoushouMarine"],"picked":"Hololive_CallTokoyamiTowa","floor":25},{"not_picked":["Hololive_Breathe","Hololive_Watashimo+1","Hololive_RevenueBasedLive+1"],"picked":"Hololive_CallNekomataOkayu","floor":27},{"not_picked":["Hololive_Sequa","Hololive_Trident","Hololive_Rebound"],"picked":"Hololive_CallDoris+1","floor":28},{"not_picked":["Hololive_Psychosis","Hololive_Drill","Hololive_CocoNews"],"picked":"Hololive_CallRosalyn","floor":29},{"not_picked":["Hololive_MaximGun","Hololive_ScarfAndHalo","Hololive_AWSL"],"picked":"Hololive_DDD","floor":33},{"not_picked":["Hololive_CallAmaneKanata","Hololive_Rebound+1","Hololive_HuntDinosaur+1"],"picked":"Hololive_CallTokinoSora","floor":35},{"not_picked":["Hololive_Breathe","Hololive_Teleport+1","Hololive_Sequa+1","Hololive_Rebound+1"],"picked":"SKIP","floor":37},{"not_picked":["Hololive_FlyingPonyTail+1","Hololive_OvertimeWork","Hololive_Sequa"],"picked":"Hololive_CallTokoyamiTowa+1","floor":38},{"not_picked":["Hololive_ILoveYou+1","Hololive_CallAyundaRisu","Hololive_RevenueBasedLive+1"],"picked":"Hololive_DDD","floor":40},{"not_picked":["Hololive_Sequa","Hololive_FlyingPonyTail","Hololive_BringToTrial"],"picked":"Hololive_CocoNews+1","floor":44},{"not_picked":["Hololive_Trident","Hololive_Thief","Hololive_Breathe+1"],"picked":"Hololive_CallNatsuiroMatsuri+1","floor":48}],"player_experience":265418,"relics_obtained":[],"event_choices":[{"damage_healed":0,"gold_gain":0,"player_choice":"Got Potions","damage_taken":0,"max_hp_gain":0,"max_hp_loss":0,"event_name":"Lab","floor":2,"gold_loss":0},{"damage_healed":0,"gold_gain":0,"player_choice":"Donut","damage_taken":0,"max_hp_gain":5,"max_hp_loss":0,"event_name":"Big Fish","floor":10,"gold_loss":0},{"damage_healed":0,"gold_gain":0,"player_choice":"Ignored","damage_taken":0,"max_hp_gain":0,"max_hp_loss":0,"event_name":"Golden Idol","floor":13,"gold_loss":0},{"cards_removed":["Hololive_StarCraft"],"damage_healed":0,"gold_gain":0,"player_choice":"Offered Rare","damage_taken":0,"max_hp_gain":10,"max_hp_loss":0,"event_name":"Bonfire Elementals","floor":20,"gold_loss":0},{"cards_removed":["Hololive_StrengthChampion"],"damage_healed":0,"gold_gain":0,"player_choice":"Give","damage_taken":0,"max_hp_gain":0,"max_hp_loss":0,"event_name":"betterNote:BetterNote","floor":22,"gold_loss":0,"cards_obtained":["Hololive_StrengthChampion"]},{"damage_healed":0,"gold_gain":270,"player_choice":"GOLD GOLD GOLD ","damage_taken":27,"max_hp_gain":0,"max_hp_loss":0,"event_name":"Knowing Skull","floor":31,"potions_obtained":[],"gold_loss":0,"cards_obtained":[]},{"damage_healed":0,"gold_gain":999,"player_choice":"Gold","damage_taken":0,"max_hp_gain":0,"max_hp_loss":0,"event_name":"MindBloom","floor":39,"gold_loss":0,"cards_obtained":["Normality","Normality"]},{"damage_healed":0,"gold_gain":0,"player_choice":"Ignored","damage_taken":0,"max_hp_gain":0,"max_hp_loss":0,"event_name":"Mysterious Sphere","floor":41,"gold_loss":0},{"damage_healed":0,"gold_gain":100,"player_choice":"Pray","damage_taken":0,"max_hp_gain":0,"max_hp_loss":0,"event_name":"Golden Shrine","floor":45,"gold_loss":0}],"is_beta":false,"boss_relics":[{"not_picked":["Runic Pyramid","Busted Crown","SacredBark"]},{"not_picked":["Runic Pyramid","Busted Crown","SacredBark"]}],"items_purged_floors":[0,0,0,19,47],"is_endless":false,"potions_floor_spawned":[5,7,14,25,28,29,33,37,40,48],"killed_by":"Awakened One","ascension_level":0}}