{"host":"svwqvw2il1zfkkg0","time":1609033887,"event":{"mods":["AchievementEnabler","BaseMod","BetterRewards","Colored Map","Colored Powertips","Custom Start","Downfall","GifTheSpireLib","Highlight Path","Hubris","Infinite Spire","Minty Spire (QoL Compilation)","Quick Restart","Replay The Spire","Shop Mod","StSLib","SuperFastMode"],"gold_per_floor":[110,110,125,141,18,18,49,109,109,128,148,148,148,163,163,264,264,284,301,313,313,23,48,48,74,74,90,104,104,118,132,132,234,234,245,245,259,276,73,73,73],"floor_reached":40,"playtime":2034,"items_purged":["Pot Of Greed"],"score":457,"play_id":"cb8dd365-5a0c-4162-9451-fe638212aff8","local_time":"20201226175127","is_ascension_mode":false,"campfire_choices":[{"data":"Burst","floor":6,"key":"SMITH"},{"floor":13,"key":"REST"},{"data":"Adrenaline","floor":15,"key":"SMITH"},{"floor":29,"key":"REST"},{"data":"Adrenaline","floor":32,"key":"SMITH"}],"circlet_count":0,"master_deck":["Strike_G","Strike_G","Strike_G","Strike_G","Strike_G","Defend_G","Defend_G","Defend_G","Defend_G","Defend_G","Survivor","Neutralize","Guardian:Defend_Guardian","Defend_B","Burst+1","Crippling Poison","Poisoned Stab","Dagger Spray","Adrenaline+1","Masterful Stab","Neutralize","Blade Dance","A Thousand Cuts","AbeCurse","Unload","Poisoned Stab","Dagger Throw","Pot Of Greed","Pot Of Greed","Adrenaline+1","Finisher","Leg Sweep+1","Blade Dance","Bullet Time","Endless Agony"],"relics":["Ring of the Serpent","hubris:Towel","Bag of Preparation","Vampiric Spirits","infinitespire:BottledMercury","Abe\u0027s Treasure","Replay:WaspNest","Grinning Jar","Oddly Smooth Stone","hubris:CrackedHourglass","Shovel","Tiny Chest","Strawberry"],"acts_visited":["Exordium","TheCity","TheBeyond"],"potions_floor_usage":[7,7,8,14,16,20,23,23,25,33,33,40,40,40],"damage_taken":[{"damage":6,"enemies":"Cultist","floor":1,"turns":6},{"damage":0,"enemies":"Jaw Worm","floor":3,"turns":4},{"damage":0,"enemies":"2 Louse","floor":4,"turns":3},{"damage":8,"enemies":"Lagavulin","floor":7,"turns":5},{"damage":6,"enemies":"3 Sentries","floor":8,"turns":9},{"damage":9,"enemies":"Gremlin Gang","floor":10,"turns":3},{"damage":4,"enemies":"Exordium Thugs","floor":11,"turns":5},{"damage":0,"enemies":"2 Fungi Beasts","floor":14,"turns":2},{"damage":63,"enemies":"Fading Forest","floor":16,"turns":11},{"damage":2,"enemies":"Shell Parasite","floor":18,"turns":4},{"damage":0,"enemies":"Chosen","floor":19,"turns":4},{"damage":14,"enemies":"Snake Plant","floor":20,"turns":5},{"damage":22,"enemies":"Book of Stabbing","floor":23,"turns":4},{"damage":7,"enemies":"Replay:Snechameleon","floor":25,"turns":4},{"damage":20,"enemies":"Centurion and Healer","floor":27,"turns":4},{"damage":6,"enemies":"Chosen and Byrds","floor":28,"turns":4},{"damage":7,"enemies":"Snecko","floor":30,"turns":4},{"damage":10,"enemies":"Sentry and Sphere","floor":31,"turns":4},{"damage":54,"enemies":"hubris:MusketHawk","floor":33,"turns":7},{"damage":23,"enemies":"3 Shapes","floor":35,"turns":3},{"damage":8,"enemies":"3 Darklings","floor":37,"turns":3},{"damage":33,"enemies":"4 Shapes","floor":38,"turns":4},{"damage":49,"enemies":"Reptomancer","floor":40,"turns":2}],"seed_played":"-2577552660647345791","potions_obtained":[{"floor":1,"key":"Reflective Coating"},{"floor":7,"key":"CunningPotion"},{"floor":8,"key":"Regen Potion"},{"floor":19,"key":"Elixir"},{"floor":20,"key":"Languid Potion"},{"floor":23,"key":"EssenceOfSteel"},{"floor":30,"key":"LiquidMemories"},{"floor":31,"key":"FearPotion"},{"floor":33,"key":"Regen Potion"},{"floor":37,"key":"Guardian:BlockOnCardUsePotion"}],"is_trial":false,"path_per_floor":["M","?","M","M","$","R","E","?","T","M","M","?","R","M","R","B",null,"M","M","M","?","$","E","AVR","E","T","M","M","R","M","M","R","B",null,"M","?","M","M","$","E"],"character_chosen":"THE_SILENT","items_purchased":["Fire Potion","CunningPotion","Replay:WaspNest","BlessingOfTheForge","Strawberry","Energy Potion"],"campfire_rested":2,"item_purchase_floors":[5,5,22,22,39,39],"current_hp_per_floor":[64,64,64,64,64,64,56,50,50,41,44,44,65,67,67,39,70,68,70,56,56,56,42,42,37,37,28,35,56,60,60,60,16,70,50,50,49,27,34,0,0],"gold":73,"neow_bonus":"THREE_RARE_CARDS","is_daily":false,"chose_seed":false,"campfire_upgraded":3,"win_rate":0.0,"timestamp":1609033887,"path_taken":["M","?","M","M","$","R","E","?","T","M","M","?","R","?","R","BOSS","M","M","M","?","$","E","AVR","E","T","M","M","R","?","M","R","BOSS","M","?","M","M","$","E"],"items_purchased_type":["Potion","Potion","Relic","Potion","Relic","Potion"],"build_version":"2020-12-22","purchased_purges":1,"victory":false,"max_hp_per_floor":[70,70,70,70,70,70,70,70,70,70,70,70,70,70,70,70,70,70,70,70,70,70,70,70,70,70,70,70,70,70,70,70,70,70,70,70,70,70,77,77,77],"card_choices":[{"not_picked":["Doppelganger","Replay:Bag of Tricks"],"picked":"Burst","floor":0},{"not_picked":["Underhanded Strike","Dagger Spray"],"picked":"Crippling Poison","floor":1},{"not_picked":["Slice","Distraction"],"picked":"Poisoned Stab","floor":3},{"not_picked":["Dagger Throw","Blade Dance"],"picked":"Sucker Punch","floor":4},{"not_picked":["hubris:SlightOfHand","Sucker Punch"],"picked":"Storm of Steel","floor":7},{"not_picked":["Prepared","Acrobatics"],"picked":"Dagger Spray","floor":8},{"not_picked":["hubris:SlightOfHand","Replay:Poison Smokescreen"],"picked":"Adrenaline","floor":10},{"not_picked":["Prepared","Blade Dance"],"picked":"Masterful Stab","floor":11},{"not_picked":["Acrobatics","Finisher"],"picked":"Blade Dance","floor":14},{"not_picked":["Storm of Steel","Doppelganger"],"picked":"A Thousand Cuts","floor":16},{"not_picked":["Dodge and Roll","Prepared"],"picked":"Unload","floor":18},{"not_picked":["Distraction","Hidden Blade"],"picked":"Poisoned Stab","floor":19},{"not_picked":["Backflip","Outmaneuver+1"],"picked":"Dagger Throw","floor":20},{"not_picked":["Storm of Steel","Crippling Poison","Flechettes+1"],"picked":"SKIP","floor":23},{"not_picked":["Night Terror","Heel Hook+1"],"picked":"Adrenaline","floor":25},{"not_picked":["Cloak And Dagger","Predator","Quick Slash"],"picked":"SKIP","floor":27},{"not_picked":["Tactician","Caltrops"],"picked":"Finisher","floor":28},{"not_picked":["Blade Dance","Flechettes"],"picked":"Leg Sweep+1","floor":30},{"not_picked":["Sneak Up+1","Fluid Movement"],"picked":"Blade Dance","floor":31},{"not_picked":["Wraith Form v2","infinitespire:Neurotoxin"],"picked":"Bullet Time","floor":33},{"not_picked":["Hidden Blade+1","hubris:TrickCloak","Caltrops"],"picked":"SKIP","floor":35},{"not_picked":["hubris:TrickCloak+1","Eviscerate+1"],"picked":"Endless Agony","floor":37},{"not_picked":["Terror","Dagger Throw+1","Quick Slash+1"],"picked":"SKIP","floor":38}],"player_experience":424262,"relics_obtained":[{"floor":7,"key":"Bag of Preparation"},{"floor":8,"key":"Vampiric Spirits"},{"floor":9,"key":"infinitespire:BottledMercury"},{"floor":23,"key":"Grinning Jar"},{"floor":25,"key":"Shovel"},{"floor":26,"key":"Tiny Chest"}],"event_choices":[{"damage_healed":0,"gold_gain":0,"player_choice":"Searched \u00271\u0027 times","damage_taken":0,"max_hp_gain":0,"max_hp_loss":0,"event_name":"Dead Adventurer","floor":8,"gold_loss":0},{"damage_healed":0,"gold_gain":0,"player_choice":"1 cards matched","damage_taken":0,"max_hp_gain":0,"max_hp_loss":0,"event_name":"Match and Keep!","floor":12,"gold_loss":0,"cards_obtained":["Neutralize"]},{"cards_removed":["Storm of Steel"],"damage_healed":0,"gold_gain":0,"player_choice":"Purged","damage_taken":0,"max_hp_gain":0,"max_hp_loss":0,"event_name":"Purifier","floor":21,"gold_loss":0},{"cards_removed":["Sucker Punch"],"damage_healed":0,"gold_gain":0,"player_choice":"Removed Attack","damage_taken":0,"max_hp_gain":0,"max_hp_loss":0,"event_name":"Falling","floor":36,"gold_loss":0}],"is_beta":false,"boss_relics":[{"not_picked":["Fusion Hammer","Snecko Scales"],"picked":"Abe\u0027s Treasure"},{"not_picked":["Empty Cage","Runic Pyramid"],"picked":"Ring of the Serpent"}],"items_purged_floors":[24],"is_endless":false,"potions_floor_spawned":[1,7,8,16,19,20,23,30,31,33,37],"killed_by":"Reptomancer","ascension_level":0}}