{"host":"vydapxfau6612551","time":1609072510,"event":{"mods":["AchievementEnabler","BaseMod","Minty Spire (QoL Compilation)","StSLib","SuperFastMode"],"gold_per_floor":[12,26,26,26,43,43,43,62,62,85,110,110,110,125,125,125,125],"floor_reached":16,"playtime":344,"items_purged":[],"score":157,"play_id":"a0879cf0-5785-4c03-8457-13bb270b32bd","local_time":"20201227213510","is_ascension_mode":true,"campfire_choices":[{"floor":13,"key":"REST"},{"floor":15,"key":"REST"}],"circlet_count":0,"master_deck":["Strike_R","Strike_R+1","Strike_R","Strike_R","Defend_R","Defend_R","Defend_R+1","Bash","Combust","Pummel","Dark Embrace","Uppercut","Armaments","Wild Strike","Blood for Blood"],"relics":["Burning Blood","Golden Idol"],"acts_visited":["Exordium"],"potions_floor_usage":[8],"damage_taken":[{"damage":1.0,"enemies":"2 Louse","floor":1.0,"turns":3.0},{"damage":11.0,"enemies":"Small Slimes","floor":2.0,"turns":3.0},{"damage":10,"enemies":"Jaw Worm","floor":5,"turns":3},{"damage":2,"enemies":"Gremlin Gang","floor":8,"turns":3},{"damage":11,"enemies":"Blue Slaver","floor":10,"turns":3},{"damage":11,"enemies":"2 Fungi Beasts","floor":11,"turns":3},{"damage":27,"enemies":"3 Louse","floor":14,"turns":3},{"damage":0,"enemies":"The Guardian","floor":16,"turns":1}],"seed_played":"-5650678210155094386","potions_obtained":[{"floor":2.0,"key":"Energy Potion"},{"floor":8,"key":"ColorlessPotion"},{"floor":14,"key":"Fire Potion"}],"is_trial":false,"path_per_floor":["M","M","?","?","M","?","$","M","T","M","M","?","R","M","R","B"],"character_chosen":"IRONCLAD","items_purchased":[],"campfire_rested":2,"item_purchase_floors":[],"current_hp_per_floor":[93,88,88,81,77,53,53,57,57,52,47,28,56,35,63,63,63],"gold":125,"neow_bonus":"TWENTY_PERCENT_HP_BONUS","is_daily":false,"chose_seed":false,"campfire_upgraded":0,"win_rate":0.0,"timestamp":1609072510,"path_taken":["M","M","?","?","M","?","?","M","T","M","?","?","R","M","R","BOSS"],"items_purchased_type":[],"build_version":"2020-12-22","purchased_purges":0,"victory":false,"max_hp_per_floor":[96,96,96,96,96,96,96,96,96,96,96,96,96,96,96,96,96],"card_choices":[{"not_picked":["Sword Boomerang","Heavy Blade"],"picked":"Combust","floor":1.0},{"not_picked":["Sword Boomerang","Seeing Red"],"picked":"Pummel","floor":2.0},{"not_picked":["Perfected Strike","Twin Strike"],"picked":"Uppercut","floor":5},{"not_picked":["Headbutt","Body Slam"],"picked":"Armaments","floor":8},{"not_picked":["Reckless Charge","True Grit","Warcry"],"picked":"SKIP","floor":10},{"not_picked":["Warcry","Iron Wave"],"picked":"Wild Strike","floor":11},{"not_picked":["Sword Boomerang","Body Slam"],"picked":"Blood for Blood","floor":14}],"player_experience":397720,"relics_obtained":[],"event_choices":[{"damage_healed":0,"gold_gain":0,"cards_transformed":["Defend_R"],"player_choice":"Change","damage_taken":0,"max_hp_gain":0,"max_hp_loss":0,"event_name":"Living Wall","floor":3,"gold_loss":0,"cards_obtained":["Dark Embrace"]},{"cards_removed":["Strike_R"],"damage_healed":0,"gold_gain":0,"player_choice":"Card Removal","damage_taken":7,"max_hp_gain":0,"max_hp_loss":0,"event_name":"Golden Wing","floor":4,"gold_loss":0},{"damage_healed":0,"gold_gain":0,"player_choice":"Take Damage","damage_taken":24,"relics_obtained":["Golden Idol"],"max_hp_gain":0,"max_hp_loss":0,"event_name":"Golden Idol","floor":6,"gold_loss":0},{"damage_healed":0,"gold_gain":0,"player_choice":"Entered Light","damage_taken":19,"max_hp_gain":0,"max_hp_loss":0,"event_name":"Shining Light","floor":12,"gold_loss":0,"cards_upgraded":["Strike_R","Defend_R"]}],"is_beta":false,"boss_relics":[],"items_purged_floors":[],"is_endless":false,"potions_floor_spawned":[2,8,14],"killed_by":"The Guardian","ascension_level":8}}