{"host":"dhyczjm99amxd3qx","time":1609033950,"event":{"mods":["BaseMod","Colored Map","Googly Eyes","Highlight Path","Minty Spire (QoL Compilation)","Quick Restart","StSLib"],"gold_per_floor":[115,115,126,144,16,16,42,42,96,96,111,111,144,319,319,319,319],"floor_reached":16,"playtime":838,"items_purged":["Defend_B"],"score":108,"play_id":"5ca2ab2a-e2b9-4dd2-ac30-9303a9046d26","local_time":"20201226205230","is_ascension_mode":false,"campfire_choices":[{"data":"Chaos","floor":6.0,"key":"SMITH"},{"floor":15,"key":"REST"}],"circlet_count":0,"master_deck":["Strike_B","Strike_B","Strike_B+1","Strike_B+1","Defend_B","Defend_B","Defend_B","Zap","Dualcast","Coolheaded","Compile Driver","Chaos+1","Cold Snap","Fusion","Auto Shields","Hologram"],"relics":["Cracked Core","Potion Belt","Golden Idol","Juzu Bracelet","Omamori","Ancient Tea Set"],"acts_visited":["Exordium"],"potions_floor_usage":[7,13,16],"damage_taken":[{"damage":5.0,"enemies":"Small Slimes","floor":1.0,"turns":3.0},{"damage":8.0,"enemies":"2 Louse","floor":3.0,"turns":2.0},{"damage":5.0,"enemies":"Jaw Worm","floor":4.0,"turns":4.0},{"damage":22,"enemies":"Lagavulin","floor":7,"turns":5},{"damage":5,"enemies":"Large Slime","floor":11,"turns":4},{"damage":7,"enemies":"3 Sentries","floor":13,"turns":6},{"damage":38,"enemies":"Hexaghost","floor":16,"turns":12}],"seed_played":"7053848845779353508","potions_obtained":[{"floor":1.0,"key":"Strength Potion"},{"floor":11,"key":"Strength Potion"},{"floor":13,"key":"FearPotion"}],"is_trial":false,"path_per_floor":["M","?","M","M","$","R","E","?","T","T","M","?","E","?","R","B"],"character_chosen":"DEFECT","items_purchased":["Cold Snap"],"campfire_rested":1,"item_purchase_floors":[5],"current_hp_per_floor":[77,61,53,48,48,48,26,26,26,26,21,21,14,14,38,0,0],"gold":319,"neow_bonus":"TEN_PERCENT_HP_BONUS","is_daily":false,"chose_seed":false,"campfire_upgraded":1,"win_rate":0.0,"timestamp":1609033950,"path_taken":["M","?","M","M","$","R","E","?","T","?","M","?","E","?","R","BOSS"],"items_purchased_type":["Card"],"build_version":"2020-12-22","purchased_purges":1,"victory":false,"max_hp_per_floor":[82,82,82,82,82,82,82,82,82,82,82,82,82,82,82,82,82],"card_choices":[{"not_picked":["Recycle","Leap"],"picked":"Coolheaded","floor":1.0},{"not_picked":["Steam","Barrage"],"picked":"Compile Driver","floor":3.0},{"not_picked":["Steam Power","Redo"],"picked":"Chaos","floor":4.0},{"not_picked":["Auto Shields","Recycle"],"picked":"Fusion","floor":7},{"not_picked":["Sweeping Beam","Streamline"],"picked":"Auto Shields","floor":11},{"not_picked":["Gash","Recycle"],"picked":"Hologram","floor":13}],"player_experience":77205,"relics_obtained":[{"floor":7,"key":"Potion Belt"},{"floor":9,"key":"Juzu Bracelet"},{"floor":10,"key":"Omamori"},{"floor":13,"key":"Ancient Tea Set"}],"event_choices":[{"damage_healed":0.0,"max_hp_gain":0.0,"max_hp_loss":0.0,"gold_gain":0.0,"event_name":"Shining Light","player_choice":"Entered Light","floor":2.0,"gold_loss":0.0,"damage_taken":16.0,"cards_upgraded":["Strike_B","Strike_B"]},{"damage_healed":0,"gold_gain":0,"player_choice":"Take Wound","damage_taken":0,"relics_obtained":["Golden Idol"],"max_hp_gain":0,"max_hp_loss":0,"event_name":"Golden Idol","floor":8,"gold_loss":0,"cards_obtained":["Injury"]},{"cards_removed":["Injury"],"damage_healed":0,"gold_gain":0,"player_choice":"Forget","damage_taken":0,"max_hp_gain":0,"max_hp_loss":0,"event_name":"Living Wall","floor":12,"gold_loss":0},{"damage_healed":0,"gold_gain":175,"player_choice":"AGREE","damage_taken":0,"max_hp_gain":0,"max_hp_loss":0,"event_name":"Liars Game","floor":14,"gold_loss":0,"cards_obtained":["Doubt"]}],"is_beta":false,"boss_relics":[],"items_purged_floors":[5],"is_endless":false,"potions_floor_spawned":[1,11,13],"killed_by":"Hexaghost","ascension_level":0}}