{"host":"baymyijz6sxaqj5s","time":1609086283,"event":{"mods":["AchievementEnabler","BaseMod","Colored Map","Colored Powertips","DeckTracker","Highlight Path","KOR Keyword Fix","Keyboard Shortcuts","Minty Spire (QoL Compilation)","Quick Restart","StSLib","SuperFastMode"],"gold_per_floor":[116,132,143,156,168,168,184,184,237,251,251,268,268,281,281,377,377,394,394,408,507,395,345,345,184,184,184,203,221,239,256,256,355,355,367,378,391,406,406,406,424,0,0,350,310,321,24,41,41,41,41],"floor_reached":50,"playtime":2276,"items_purged":["Strike_B"],"score":519,"play_id":"c0cee41c-9c18-4a5d-81ac-2b9ded564405","local_time":"20201228012443","is_ascension_mode":false,"campfire_choices":[{"data":"Redo","floor":6,"key":"SMITH"},{"data":"Zap","floor":8,"key":"SMITH"},{"floor":15,"key":"REST"},{"data":"Rainbow","floor":24,"key":"SMITH"},{"data":"Electrodynamics","floor":27,"key":"SMITH"},{"floor":32,"key":"REST"},{"floor":40,"key":"REST"},{"floor":49,"key":"REST"}],"circlet_count":0,"master_deck":["Defend_B","Defend_B","Defend_B","Defend_B","Zap+1","Dualcast+1","Lockon","Conserve Battery","Redo+1","Auto Shields","Amplify","Steam","Coolheaded","Leap","Cold Snap","Rainbow+1","Chaos+1","Biased Cognition+1","Steam+1","Sweeping Beam","Reinforced Body","Double Energy","Electrodynamics+1","Stack+1","Ball Lightning","Go for the Eyes","Doom and Gloom","Echo Form","Beam Cell+1","Hologram+1","FTL+1","Capacitor+1","Darkness","Parasite","Melter"],"relics":["Cracked Core","Centennial Puzzle","Astrolabe","Bottled Tornado","Inserter","Red Mask","Pear","Old Coin","Thread and Needle"],"acts_visited":["Exordium","TheCity","TheBeyond"],"potions_floor_usage":[10,12,16,16,33,33,33,38,50,50,50],"damage_taken":[{"damage":1,"enemies":"Cultist","floor":1,"turns":4},{"damage":7,"enemies":"Small Slimes","floor":2,"turns":3},{"damage":0,"enemies":"2 Louse","floor":3,"turns":3},{"damage":7,"enemies":"Blue Slaver","floor":4,"turns":3},{"damage":0,"enemies":"Looter","floor":5,"turns":3},{"damage":5,"enemies":"Exordium Thugs","floor":7,"turns":5},{"damage":4,"enemies":"Gremlin Gang","floor":10,"turns":3},{"damage":3,"enemies":"3 Louse","floor":12,"turns":7},{"damage":6,"enemies":"Blue Slaver","floor":14,"turns":2},{"damage":41,"enemies":"The Guardian","floor":16,"turns":15},{"damage":5,"enemies":"Chosen","floor":18,"turns":7},{"damage":7,"enemies":"3 Byrds","floor":20,"turns":3},{"damage":5,"enemies":"Centurion and Healer","floor":28,"turns":5},{"damage":1,"enemies":"3 Cultists","floor":29,"turns":3},{"damage":7,"enemies":"Snake Plant","floor":30,"turns":3},{"damage":6,"enemies":"Shelled Parasite and Fungi","floor":31,"turns":5},{"damage":27,"enemies":"Automaton","floor":33,"turns":9},{"damage":0,"enemies":"3 Shapes","floor":35,"turns":3},{"damage":7,"enemies":"3 Darklings","floor":36,"turns":3},{"damage":20,"enemies":"Spire Growth","floor":37,"turns":5},{"damage":20,"enemies":"Jaw Worm Horde","floor":38,"turns":3},{"damage":17,"enemies":"Transient","floor":41,"turns":5},{"damage":10,"enemies":"Mind Bloom Boss Battle","floor":44,"turns":7},{"damage":5,"enemies":"3 Darklings","floor":46,"turns":2},{"damage":11,"enemies":"Writhing Mass","floor":48,"turns":6},{"damage":51,"enemies":"Donu and Deca","floor":50,"turns":5}],"seed_played":"3101392781394689563","potions_obtained":[{"floor":2,"key":"Explosive Potion"},{"floor":4,"key":"ColorlessPotion"},{"floor":10,"key":"PotionOfCapacity"},{"floor":14,"key":"BlessingOfTheForge"},{"floor":28,"key":"FearPotion"},{"floor":29,"key":"FocusPotion"},{"floor":31,"key":"Fire Potion"},{"floor":37,"key":"FearPotion"},{"floor":38,"key":"Energy Potion"},{"floor":41,"key":"Strength Potion"},{"floor":48,"key":"Weak Potion"}],"is_trial":false,"path_per_floor":["M","M","M","M","M","R","M","R","T","M","?","M","?","M","R","B",null,"M","?","M","?","$","?","R","$","T","R","M","M","M","M","R","B",null,"M","M","M","M","?","R","M","?","T","?","?","M","$","M","R","B"],"character_chosen":"DEFECT","items_purchased":["Double Energy","Electrodynamics","Thread and Needle"],"campfire_rested":4,"item_purchase_floors":[22,25,47],"current_hp_per_floor":[81,74,74,67,67,67,62,62,62,58,58,55,55,49,73,32,82,77,68,61,61,61,61,61,61,61,61,56,55,48,42,66,39,82,82,75,55,35,35,58,41,41,51,41,41,36,36,25,51,0,0],"gold":41,"neow_bonus":"TEN_PERCENT_HP_BONUS","is_daily":false,"chose_seed":false,"campfire_upgraded":4,"win_rate":0.0,"timestamp":1609086283,"path_taken":["M","M","?","M","M","R","M","R","T","M","?","M","?","M","R","BOSS","M","?","M","?","$","?","R","$","T","R","M","?","M","M","R","BOSS","M","?","M","M","?","R","M","?","T","?","?","?","?","?","R","BOSS"],"items_purchased_type":["Card","Card","Relic"],"build_version":"2020-12-22","purchased_purges":1,"victory":false,"max_hp_per_floor":[82,82,82,82,82,82,82,82,82,82,82,82,82,82,82,82,82,82,82,82,82,82,82,82,82,82,82,82,82,82,82,82,82,82,82,82,82,82,78,78,78,78,88,88,88,88,88,88,88,88,88],"card_choices":[{"not_picked":["Compile Driver","Double Energy"],"picked":"Lockon","floor":1},{"not_picked":["Streamline","Go for the Eyes"],"picked":"Conserve Battery","floor":2},{"not_picked":["Cold Snap","Barrage"],"picked":"Redo","floor":3},{"not_picked":["Hologram","Chill"],"picked":"Auto Shields","floor":4},{"not_picked":["Skim","Gash"],"picked":"Amplify","floor":5},{"not_picked":["Redo","Conserve Battery"],"picked":"Steam","floor":7},{"not_picked":["Compile Driver","Amplify"],"picked":"Coolheaded","floor":10},{"not_picked":["Go for the Eyes","Streamline"],"picked":"Leap","floor":12},{"not_picked":["Hello World","Coolheaded"],"picked":"Cold Snap","floor":14},{"not_picked":["Creative AI","Amplify"],"picked":"Rainbow","floor":16},{"not_picked":["Hello World","Cold Snap"],"picked":"Sweeping Beam","floor":18},{"not_picked":["Coolheaded","Streamline"],"picked":"Reinforced Body","floor":20},{"not_picked":["Genetic Algorithm+1","Barrage"],"picked":"Stack+1","floor":28},{"not_picked":["Rebound+1","Chaos+1"],"picked":"Ball Lightning","floor":29},{"not_picked":["Genetic Algorithm","Barrage"],"picked":"Go for the Eyes","floor":30},{"not_picked":["Reboot","Gash"],"picked":"Doom and Gloom","floor":31},{"not_picked":["Electrodynamics","Seek"],"picked":"Echo Form","floor":33},{"not_picked":["Reinforced Body","Sweeping Beam"],"picked":"Beam Cell+1","floor":35},{"not_picked":["Coolheaded","Streamline+1"],"picked":"Hologram+1","floor":36},{"not_picked":["Gash+1","Biased Cognition"],"picked":"FTL+1","floor":37},{"not_picked":["Consume","BootSequence+1"],"picked":"Capacitor","floor":38},{"not_picked":["Stack","Conserve Battery"],"picked":"Darkness","floor":41},{"not_picked":["Hologram+1","Fusion","Beam Cell+1"],"picked":"SKIP","floor":46},{"not_picked":["Stack+1","Doom and Gloom+1"],"picked":"Melter","floor":48}],"player_experience":269437,"relics_obtained":[{"floor":9,"key":"Centennial Puzzle"},{"floor":26,"key":"Bottled Tornado"},{"floor":43,"key":"Pear"},{"floor":44,"key":"Old Coin"}],"event_choices":[{"damage_healed":0,"gold_gain":0,"player_choice":"Ignored","damage_taken":0,"max_hp_gain":0,"max_hp_loss":0,"event_name":"Golden Idol","floor":11,"gold_loss":0},{"damage_healed":0,"gold_gain":0,"player_choice":"Grow","damage_taken":0,"max_hp_gain":0,"max_hp_loss":0,"event_name":"Living Wall","floor":13,"gold_loss":0,"cards_upgraded":["Dualcast"]},{"damage_healed":0,"gold_gain":0,"player_choice":"Stopped","damage_taken":9,"max_hp_gain":0,"max_hp_loss":0,"event_name":"Cursed Tome","floor":19,"gold_loss":0},{"damage_healed":0,"gold_gain":99,"player_choice":"Stole From Cult","damage_taken":0,"max_hp_gain":0,"max_hp_loss":0,"event_name":"Nest","floor":21,"gold_loss":0},{"damage_healed":0,"gold_gain":0,"player_choice":"Bet on Owner","damage_taken":0,"max_hp_gain":0,"max_hp_loss":0,"event_name":"The Joust","floor":23,"gold_loss":50},{"damage_healed":0,"gold_gain":0,"player_choice":"Max HP","damage_taken":0,"max_hp_gain":0,"max_hp_loss":4,"event_name":"Winding Halls","floor":39,"gold_loss":0},{"damage_healed":0,"gold_gain":0,"player_choice":"Paid","damage_taken":0,"relics_obtained":["Red Mask"],"max_hp_gain":0,"max_hp_loss":0,"event_name":"Tomb of Lord Red Mask","floor":42,"gold_loss":424},{"damage_healed":0,"gold_gain":0,"player_choice":"Fight","damage_taken":0,"max_hp_gain":0,"max_hp_loss":0,"event_name":"MindBloom","floor":44,"gold_loss":0},{"damage_healed":0,"gold_gain":0,"player_choice":"Upgrade","damage_taken":0,"max_hp_gain":0,"max_hp_loss":0,"event_name":"Designer","floor":45,"gold_loss":40,"cards_upgraded":["Capacitor"]}],"is_beta":false,"boss_relics":[{"not_picked":["Busted Crown","Cursed Key"],"picked":"Astrolabe"},{"not_picked":["Coffee Dripper","SacredBark"],"picked":"Inserter"}],"items_purged_floors":[22],"is_endless":false,"potions_floor_spawned":[2,4,10,14,28,29,31,37,38,41,48],"killed_by":"Donu and Deca","ascension_level":0}}