{"host":"girf3bnli6r7x4ah","time":1609091484,"event":{"mods":["2.2 Compatiblity","AchievementEnabler","BaseMod","Colored Map","DeckTracker","Highlight Path","Minty Spire (QoL Compilation)","Random Character Button","Rare Cards Sparkle"],"gold_per_floor":[112,112,128,147,165,192,204,244,256,286,251,295,307,338,350,362,362],"floor_reached":16,"playtime":1152,"items_purged":[],"score":128,"play_id":"cc1842b6-1d3e-40fd-b17c-5c876f89c0af","local_time":"20201227185124","is_ascension_mode":true,"campfire_choices":[{"floor":7.0,"key":"REST"},{"floor":15.0,"key":"REST"}],"circlet_count":0,"master_deck":["Strike_B","Strike_B","Strike_B","Strike_B","Defend_B","Defend_B","Defend_B","Defend_B","Zap","Dualcast","Double Energy","Defragment","Loop","Turbo","Hello World","Streamline","Go for the Eyes","Double Energy","Defragment"],"relics":["Black Star","MawBank","Happy Flower","HornCleat","Question Card","Bag of Marbles","Omamori","Bottled Tornado"],"acts_visited":["Exordium"],"potions_floor_usage":[16],"damage_taken":[{"damage":1.0,"enemies":"Cultist","floor":1.0,"turns":4.0},{"damage":5.0,"enemies":"Small Slimes","floor":3.0,"turns":4.0},{"damage":2.0,"enemies":"2 Louse","floor":4.0,"turns":3.0},{"damage":5.0,"enemies":"Looter","floor":5.0,"turns":4.0},{"damage":48.0,"enemies":"3 Sentries","floor":6.0,"turns":9.0},{"damage":15.0,"enemies":"Lagavulin","floor":8.0,"turns":7.0},{"damage":17.0,"enemies":"Large Slime","floor":10.0,"turns":5.0},{"damage":10.0,"enemies":"Gremlin Nob","floor":12.0,"turns":4.0},{"damage":0.0,"enemies":"Exordium Wildlife","floor":14.0,"turns":3.0},{"damage":24,"enemies":"Hexaghost","floor":16,"turns":8}],"seed_played":"-5279961631474169640","potions_obtained":[{"floor":1.0,"key":"Swift Potion"},{"floor":3.0,"key":"PowerPotion"},{"floor":4.0,"key":"Ancient Potion"}],"is_trial":false,"path_per_floor":["M","?","M","M","M","E","R","E","T","M","?","E","?","M","R","B"],"character_chosen":"DEFECT","items_purchased":[],"campfire_rested":2,"item_purchase_floors":[],"current_hp_per_floor":[74,79,74,72,67,19,43,28,28,11,11,1,1,1,25,1,1],"gold":362,"neow_bonus":"BOSS_RELIC","is_daily":false,"chose_seed":true,"campfire_upgraded":0,"win_rate":0.0,"timestamp":1609091484,"path_taken":["M","?","M","M","M","E","R","E","T","M","?","E","?","M","R","BOSS"],"items_purchased_type":[],"build_version":"2020-12-22","purchased_purges":0,"victory":false,"max_hp_per_floor":[75,80,80,80,80,80,80,80,80,80,80,80,80,80,80,80,80],"card_choices":[{"not_picked":["Tempest","Reprogram"],"picked":"Double Energy","floor":1.0},{"not_picked":["Barrage","Undo"],"picked":"Defragment","floor":3.0},{"not_picked":["Conserve Battery","Stack"],"picked":"Loop","floor":4.0},{"not_picked":["Fusion","Aggregate"],"picked":"Turbo","floor":5.0},{"not_picked":["Self Repair","Rip and Tear"],"picked":"Hello World","floor":6.0},{"not_picked":["Melter","Gash"],"picked":"Streamline","floor":8.0},{"not_picked":["Hologram","Blizzard","Darkness"],"picked":"Go for the Eyes","floor":10.0},{"not_picked":["Tempest","Creative AI","Stack"],"picked":"Double Energy","floor":12.0},{"not_picked":["Hologram","Gash","Sweeping Beam"],"picked":"Defragment","floor":14.0}],"player_experience":118678,"relics_obtained":[{"floor":6.0,"key":"MawBank"},{"floor":6.0,"key":"Happy Flower"},{"floor":8.0,"key":"HornCleat"},{"floor":8.0,"key":"Question Card"},{"floor":9.0,"key":"Bag of Marbles"},{"floor":12.0,"key":"Omamori"},{"floor":12.0,"key":"Bottled Tornado"}],"event_choices":[{"damage_healed":0.0,"max_hp_gain":5.0,"max_hp_loss":0.0,"gold_gain":0.0,"event_name":"Big Fish","player_choice":"Donut","floor":2.0,"gold_loss":0.0,"damage_taken":0.0},{"damage_healed":0.0,"max_hp_gain":0.0,"max_hp_loss":0.0,"gold_gain":0.0,"event_name":"World of Goop","player_choice":"Left Gold","floor":11.0,"gold_loss":47.0,"damage_taken":0.0},{"damage_healed":0.0,"max_hp_gain":0.0,"max_hp_loss":0.0,"gold_gain":0.0,"event_name":"Scrap Ooze","player_choice":"Fled","floor":13.0,"gold_loss":0.0,"damage_taken":0.0}],"is_beta":false,"boss_relics":[],"items_purged_floors":[],"is_endless":false,"potions_floor_spawned":[1,3,4],"killed_by":"Hexaghost","ascension_level":1}}