{"host":"e4wnmsyty9uvvtwf","time":1609051141,"event":{"mods":["Aspiration","BaseMod","Colored Map","Colored Powertips","Marisa£®ÏF”Í°°ƒß¿Ì…≥£©","Minty Spire (QoL Compilation)","Rare Cards Sparkle","Replay The Spire","StSLib"],"gold_per_floor":[119,119,29,104,116,116,144,144,168,168,184,202,127,127,127,201,201,217,217,137,147,147,147,57,57,57,57,89,14,14,41,41,41,41],"floor_reached":33,"playtime":832,"items_purged":["Shame"],"score":526,"play_id":"bf3cd31f-face-4ba7-b7f5-a870f63d291f","local_time":"20201227143901","is_ascension_mode":true,"campfire_choices":[{"data":"Feed","floor":6,"key":"SMITH"},{"data":"Inflame","floor":8,"key":"SMITH"},{"data":"Infernal Blade","floor":10,"key":"SMITH"},{"data":"Bash","floor":15,"key":"SMITH"},{"data":"Barricade","floor":23,"key":"SMITH"},{"data":"Entrench","floor":25,"key":"SMITH"},{"data":"Armaments","floor":27,"key":"SMITH"},{"floor":30,"key":"REST"},{"floor":32,"key":"REST"}],"circlet_count":0,"master_deck":["AscendersBane","Strike_R","Strike_R","Strike_R","Defend_R","Defend_R","Defend_R","Defend_R","Bash+1","ReplayReversal","Feed+1","Replay:Undeath\u0027s Touch","Inflame+1","Infernal Blade+1","Metallicize","Seeing Red","Thunderclap","Barricade+1","Infernal Blade","Entrench+1","Armaments+1","Infernal Blade","Bloodletting+1"],"relics":["Burning Blood","aspiration:Nostalgia","Sizzling Blood","Bag of Preparation","Red Skull","Mark of Pain","Art of War","MutagenicStrength","Mirror","Replay:Kaleidoscope","Smiling Mask"],"acts_visited":["Exordium","TheCity"],"potions_floor_usage":[7,16,28,28,31],"damage_taken":[{"damage":12.0,"enemies":"2 Louse","floor":1.0,"turns":3.0},{"damage":0,"enemies":"Cultist","floor":5,"turns":3},{"damage":39,"enemies":"Gremlin Nob","floor":7,"turns":4},{"damage":0,"enemies":"Small Slimes","floor":11,"turns":2},{"damage":13,"enemies":"Exordium Thugs","floor":12,"turns":5},{"damage":62,"enemies":"Fading Forest","floor":16,"turns":11},{"damage":16,"enemies":"Chosen","floor":18,"turns":6},{"damage":11,"enemies":"2 Thieves","floor":21,"turns":3},{"damage":53,"enemies":"Gremlin Leader","floor":28,"turns":14},{"damage":41,"enemies":"Slavers","floor":31,"turns":5},{"damage":49,"enemies":"Pondfish","floor":33,"turns":4}],"seed_played":"7482515373256576415","potions_obtained":[{"floor":5,"key":"Fire Potion"},{"floor":7,"key":"Energy Potion"},{"floor":16,"key":"SkillPotion"},{"floor":18,"key":"HeartOfIron"},{"floor":28,"key":"Fire Potion"}],"is_trial":false,"path_per_floor":["M","?","$","?","M","R","E","R","T","R","M","M","?","?","R","B",null,"M","?","?","M","?","R","$","R","T","R","E","$","R","E","R","B"],"character_chosen":"IRONCLAD","items_purchased":["Inflame","Entrench","Armaments"],"campfire_rested":2,"item_purchase_floors":[3,24,24],"current_hp_per_floor":[70,70,70,59,69,69,40,40,40,40,50,51,51,51,51,19,67,61,61,61,64,64,64,64,64,64,64,21,21,47,20,47,0,0],"gold":41,"neow_bonus":"NOSTALGIA","is_daily":false,"chose_seed":false,"campfire_upgraded":7,"win_rate":0.0,"timestamp":1609051141,"path_taken":["M","?","?","?","M","R","E","R","T","R","M","M","?","?","R","BOSS","M","?","?","M","?","R","$","R","T","R","E","$","R","E","R","BOSS"],"items_purchased_type":["Card","Card","Card"],"build_version":"2020-12-22","purchased_purges":1,"victory":false,"max_hp_per_floor":[79,79,79,79,79,79,79,79,79,79,79,83,83,83,83,83,83,83,83,83,87,87,87,87,87,87,87,87,87,87,91,91,91,91],"card_choices":[{"not_picked":["Anger","Thunderclap"],"picked":"ReplayReversal","floor":1.0},{"not_picked":["Pommel Strike","Run Through"],"picked":"Infernal Blade","floor":5},{"not_picked":["Twin Strike","Wild Strike"],"picked":"Metallicize","floor":7},{"not_picked":["Run Through","Corruption"],"picked":"Seeing Red","floor":11},{"not_picked":["Life Link","Clash"],"picked":"Thunderclap","floor":12},{"not_picked":["Bludgeon","Brutality"],"picked":"Barricade","floor":16},{"not_picked":["Anger","Wild Strike","Perfected Strike"],"picked":"SKIP","floor":18},{"not_picked":["Combust","Cleave"],"picked":"Infernal Blade","floor":21},{"not_picked":["Run Through","Sword Boomerang"],"picked":"Infernal Blade","floor":28},{"not_picked":["Headbutt+1","Sever Soul"],"picked":"Bloodletting+1","floor":31}],"player_experience":657422,"relics_obtained":[{"floor":7,"key":"Bag of Preparation"},{"floor":9,"key":"Red Skull"},{"floor":26,"key":"Mirror"},{"floor":28,"key":"Replay:Kaleidoscope"},{"floor":31,"key":"Smiling Mask"}],"event_choices":[{"damage_healed":0.0,"max_hp_gain":0.0,"max_hp_loss":0.0,"gold_gain":0.0,"event_name":"Match and Keep!","player_choice":"2 cards matched","floor":2.0,"gold_loss":0.0,"damage_taken":0.0,"cards_obtained":["Feed","Replay:Undeath\u0027s Touch"]},{"damage_healed":0.0,"max_hp_gain":0.0,"max_hp_loss":0.0,"gold_gain":75.0,"event_name":"World of Goop","player_choice":"Gather Gold","floor":4.0,"gold_loss":0.0,"damage_taken":11.0},{"cards_removed":["Strike_R"],"damage_healed":0,"gold_gain":0,"player_choice":"Card Removal","damage_taken":0,"max_hp_gain":0,"max_hp_loss":0,"event_name":"The Cleric","floor":13,"gold_loss":75},{"cards_removed":["Strike_R"],"damage_healed":0,"gold_gain":0,"player_choice":"Offered Basic","damage_taken":0,"max_hp_gain":0,"max_hp_loss":0,"event_name":"Bonfire Elementals","floor":14,"gold_loss":0},{"damage_healed":0,"gold_gain":0,"player_choice":"Stole Relic","damage_taken":0,"relics_obtained":["Art of War"],"max_hp_gain":0,"max_hp_loss":0,"event_name":"Addict","floor":19,"gold_loss":0,"cards_obtained":["Shame"]},{"damage_healed":0,"gold_gain":0,"player_choice":"Inject Mutagens","damage_taken":0,"relics_obtained":["MutagenicStrength"],"max_hp_gain":0,"max_hp_loss":0,"event_name":"Drug Dealer","floor":22,"gold_loss":0}],"is_beta":false,"boss_relics":[{"not_picked":["ReplayTheSpireMod:DimensionalGlitch","aspiration:RunicSpoon"],"picked":"Mark of Pain"}],"items_purged_floors":[29],"is_endless":false,"potions_floor_spawned":[5,7,16,18,28],"killed_by":"Pondfish","ascension_level":18}}