{"host":"8k64rvi83ijr822k","time":1609094808,"event":{"mods":["BaseMod","Downfall","Googly Eyes","Hermit","Hero for Fun","Minty Spire (QoL Compilation)","Quick Restart","Replay The Spire","Shop Mod","StSLib","The Animator","The Bug Knight","The Construct","The Wild Card","everything is the same but u backflip on backflip"],"gold_per_floor":[99,112,112,125,143,154,224,24,39,39,57,57,57,57,70,70,70,70],"floor_reached":16,"playtime":1372,"items_purged":[],"score":94,"play_id":"0808c173-6aaf-4e1f-87d6-14dadac2aa9c","local_time":"20201227134648","is_ascension_mode":false,"campfire_choices":[{"data":"champ:Taunt","floor":1,"key":"SMITH"},{"floor":10,"key":"REST"},{"floor":13,"key":"REST"}],"circlet_count":0,"master_deck":["champ:Strike+1","champ:Strike","champ:Strike","champ:Strike","champ:Defend","champ:Defend","champ:Defend","champ:Defend","champ:Execute+1","champ:Taunt+1","champ:FanOfKnives","Pain","champ:Backstep","champ:ViciousMockery","champ:BerserkersShout","champ:GladiatorsShout+1","champ:EnragedBash","champ:FlashCut","champ:VampiricStrike+1","champ:Circumvent+1"],"relics":["champ:ChampionCrown","WarpedTongs","Toxic Egg 2","Gremlin Food","champ:LiftRelic"],"acts_visited":["Exordium"],"potions_floor_usage":[9,15],"damage_taken":[{"damage":7,"enemies":"2 Louse","floor":2,"turns":4},{"damage":22,"enemies":"Cultist","floor":4,"turns":5},{"damage":20,"enemies":"Jaw Worm","floor":5,"turns":5},{"damage":9,"enemies":"2 Fungi Beasts","floor":6,"turns":3},{"damage":11,"enemies":"downfall:FleeingMerchant","floor":8,"turns":4},{"damage":0,"enemies":"3 Louse","floor":9,"turns":4},{"damage":34,"enemies":"Large Slime","floor":11,"turns":5},{"damage":24,"enemies":"Red Slaver","floor":15,"turns":3},{"damage":120,"enemies":"downfall:Defect","floor":16,"turns":10}],"seed_played":"-987174424798321672","potions_obtained":[{"floor":2,"key":"LifebloodPotion"},{"floor":11,"key":"Energy Potion"}],"is_trial":false,"path_per_floor":["R","M","?","M","M","M","T","$","M","R","M","?","R","?","M","B"],"character_chosen":"THE_CHAMP","items_purchased":["Gremlin Food","champ:EnragedBash"],"campfire_rested":2,"item_purchase_floors":[8,8],"current_hp_per_floor":[99,97,97,81,66,62,62,59,66,95,78,78,99,99,99,0,0,0],"gold":70,"neow_bonus":"TEN_PERCENT_HP_BONUS","is_daily":false,"chose_seed":false,"campfire_upgraded":1,"win_rate":0.0,"timestamp":1609094808,"path_taken":["R","M","?","M","M","M","T","$","?","R","M","?","R","?","M","BOSS"],"items_purchased_type":["Relic","Card"],"build_version":"2020-12-22","purchased_purges":0,"victory":false,"max_hp_per_floor":[99,99,99,99,99,99,99,99,99,99,99,99,99,99,99,99,99,99],"card_choices":[{"not_picked":["champ:Haymaker","champ:GladiatorsShout"],"picked":"champ:FanOfKnives","floor":2},{"not_picked":["champ:PerfectedStrike","champ:BladeFlurry"],"picked":"champ:Backstep","floor":4},{"not_picked":["champ:FanOfKnives","champ:BringItOn"],"picked":"champ:ViciousMockery","floor":5},{"not_picked":["champ:GladiatorsShout","champ:Circumvent"],"picked":"champ:BerserkersShout","floor":6},{"not_picked":["champ:Riposte+1","champ:Circumvent+1"],"picked":"champ:GladiatorsShout+1","floor":8},{"not_picked":["champ:Backstep+1","champ:EnragedBash"],"picked":"champ:FlashCut","floor":9},{"not_picked":["champ:DefensiveShout+1","champ:FanOfKnives"],"picked":"champ:VampiricStrike","floor":11},{"not_picked":["champ:GladiatorsShout+1","champ:PerfectedStrike"],"picked":"champ:Circumvent+1","floor":15}],"player_experience":95528,"relics_obtained":[{"floor":7,"key":"Toxic Egg 2"}],"event_choices":[{"damage_healed":0,"gold_gain":0,"player_choice":"Rummage","damage_taken":0,"relics_obtained":["WarpedTongs"],"max_hp_gain":0,"max_hp_loss":0,"event_name":"Accursed Blacksmith","floor":3,"gold_loss":0,"cards_obtained":["Pain"]},{"damage_healed":0,"gold_gain":0,"player_choice":"Grow","damage_taken":0,"max_hp_gain":0,"max_hp_loss":0,"event_name":"Living Wall","floor":14,"gold_loss":0,"cards_upgraded":["champ:VampiricStrike"]}],"is_beta":false,"boss_relics":[],"items_purged_floors":[],"is_endless":false,"potions_floor_spawned":[2,11],"killed_by":"downfall:Defect","ascension_level":0}}