{"host":"qj91dvco5uhu9oti","time":1609088127,"event":{"mods":["BaseMod","Colored Map","Keyboard Shortcuts","Minty Spire (QoL Compilation)","Permanent Neow","Relic Stats","StSLib","SuperFastMode","everything is the same but u backflip on backflip"],"gold_per_floor":[116,128,128,14,14,14,49,49,128,128,53,53,66,79,79,151,151,163,163,163,213,169,169,169,169,169,169,84,113,13,33,33,33,33],"floor_reached":33,"playtime":818,"items_purged":["Strike_R","Defend_R"],"score":518,"play_id":"a9a58c5b-85a8-412f-ad57-2323a58ab5d8","local_time":"20201228015527","is_ascension_mode":true,"campfire_choices":[{"data":"True Grit","floor":6.0,"key":"SMITH"},{"floor":10.0,"key":"REST"},{"data":"Searing Blow","floor":15.0,"key":"SMITH"},{"data":"Searing Blow+1","floor":23.0,"key":"SMITH"},{"data":"Searing Blow+2","floor":24.0,"key":"SMITH"},{"data":"Searing Blow+3","floor":25.0,"key":"SMITH"},{"data":"Searing Blow+4","floor":27.0,"key":"SMITH"},{"data":"Searing Blow+5","floor":32.0,"key":"SMITH"}],"circlet_count":0,"master_deck":["AscendersBane","Defend_R","Defend_R","Defend_R","Bash","Searing Blow+6","Shrug It Off","True Grit+1","Armaments","Double Tap+1","Feed","True Grit+1","Shrug It Off+1","Disarm+1"],"relics":["Burning Blood","Gremlin Horn","Frozen Egg 2","Toxic Egg 2","WingedGreaves","Coffee Dripper","Letter Opener","Mercury Hourglass"],"acts_visited":["Exordium","TheCity"],"potions_floor_usage":[33],"damage_taken":[{"damage":7.0,"enemies":"Cultist","floor":1.0,"turns":4.0},{"damage":1.0,"enemies":"2 Louse","floor":2.0,"turns":4.0},{"damage":61.0,"enemies":"3 Sentries","floor":7.0,"turns":15.0},{"damage":0.0,"enemies":"Small Slimes","floor":13.0,"turns":4.0},{"damage":4.0,"enemies":"2 Fungi Beasts","floor":14.0,"turns":5.0},{"damage":14.0,"enemies":"The Guardian","floor":16.0,"turns":15.0},{"damage":27.0,"enemies":"Shell Parasite","floor":18.0,"turns":8.0},{"damage":12.0,"enemies":"2 Thieves","floor":22.0,"turns":5.0},{"damage":21.0,"enemies":"Slavers","floor":29.0,"turns":10.0},{"damage":0.0,"enemies":"3 Cultists","floor":31.0,"turns":5.0},{"damage":44,"enemies":"Collector","floor":33,"turns":5}],"seed_played":"6245985836018714885","potions_obtained":[{"floor":1.0,"key":"Swift Potion"},{"floor":13.0,"key":"LiquidMemories"},{"floor":16.0,"key":"ColorlessPotion"},{"floor":18.0,"key":"Swift Potion"},{"floor":29.0,"key":"Energy Potion"}],"is_trial":false,"path_per_floor":["M","M","?","$","?","R","E","?","T","R","$","?","M","M","R","B",null,"M","?","?","?","M","R","R","R","T","R","?","E","$","M","R","B"],"character_chosen":"IRONCLAD","items_purchased":["True Grit","Armaments"],"campfire_rested":1,"item_purchase_floors":[4,4],"current_hp_per_floor":[67,72,72,72,65,65,10,10,10,32,32,21,27,29,29,21,62,44,44,44,44,41,41,41,41,41,41,41,30,30,40,40,0,0],"gold":33,"neow_bonus":"TRANSFORM_CARD","is_daily":false,"chose_seed":false,"campfire_upgraded":7,"win_rate":0.0,"timestamp":1609088127,"path_taken":["M","?","?","$","?","R","E","?","T","R","$","?","M","M","R","BOSS","M","?","?","?","M","R","R","R","T","R","?","E","$","M","R","BOSS"],"items_purchased_type":["Card","Card"],"build_version":"2020-12-22","purchased_purges":2,"victory":false,"max_hp_per_floor":[75,75,75,75,75,75,75,75,75,75,75,75,75,75,75,75,75,78,78,78,78,81,81,81,81,81,81,81,85,85,89,89,89,89],"relic_stats":{"Gremlin Horn":[7,7],"counters":[11,80],"Letter Opener":[50],"obtain_stats":[{"Gremlin Horn":7,"WingedGreaves":12,"Coffee Dripper":17,"Letter Opener":28,"Frozen Egg 2":8,"Toxic Egg 2":9,"Burning Blood":0,"Mercury Hourglass":29},{"Gremlin Horn":3,"WingedGreaves":3,"Coffee Dripper":6,"Letter Opener":8,"Frozen Egg 2":3,"Toxic Egg 2":3,"Burning Blood":0,"Mercury Hourglass":9},{"Gremlin Horn":23,"WingedGreaves":23,"Coffee Dripper":47,"Letter Opener":60,"Frozen Egg 2":23,"Toxic Egg 2":23,"Burning Blood":0,"Mercury Hourglass":70}],"Burning Blood":60,"Mercury Hourglass":[66]},"card_choices":[{"not_picked":["Dual Wield","Thunderclap"],"picked":"Shrug It Off","floor":1.0},{"not_picked":["Pommel Strike","Havoc","Anger"],"picked":"SKIP","floor":2.0},{"not_picked":["Corruption","Heavy Blade","Twin Strike"],"picked":"SKIP","floor":7.0},{"not_picked":["Havoc+1","Anger","Combust+1"],"picked":"SKIP","floor":13.0},{"not_picked":["Metallicize+1","Anger"],"picked":"Double Tap+1","floor":14.0},{"not_picked":["Immolate","Bludgeon"],"picked":"Feed","floor":16.0},{"not_picked":["Sever Soul","Perfected Strike"],"picked":"True Grit+1","floor":18.0},{"not_picked":["Flex+1","Havoc+1"],"picked":"Shrug It Off+1","floor":22.0},{"not_picked":["Armaments+1","Havoc+1","Infernal Blade+1"],"picked":"SKIP","floor":29.0},{"not_picked":["Pommel Strike","Wild Strike"],"picked":"Disarm+1","floor":31.0}],"player_experience":301261,"relics_obtained":[{"floor":7.0,"key":"Gremlin Horn"},{"floor":9.0,"key":"Toxic Egg 2"},{"floor":29.0,"key":"Mercury Hourglass"}],"event_choices":[{"cards_removed":["Strike_R"],"damage_healed":0.0,"max_hp_gain":0.0,"max_hp_loss":0.0,"gold_gain":0.0,"event_name":"Living Wall","player_choice":"Forget","floor":3.0,"gold_loss":0.0,"damage_taken":0.0},{"cards_removed":["Strike_R"],"damage_healed":0.0,"max_hp_gain":0.0,"max_hp_loss":0.0,"gold_gain":0.0,"event_name":"Golden Wing","player_choice":"Card Removal","floor":5.0,"gold_loss":0.0,"damage_taken":7.0},{"damage_healed":0.0,"max_hp_gain":0.0,"max_hp_loss":0.0,"gold_gain":0.0,"event_name":"Dead Adventurer","player_choice":"Searched \u00272\u0027 times","floor":8.0,"gold_loss":0.0,"damage_taken":0.0,"relics_obtained":["Frozen Egg 2"]},{"damage_healed":0.0,"max_hp_gain":0.0,"max_hp_loss":0.0,"gold_gain":0.0,"event_name":"Scrap Ooze","player_choice":"Success","floor":12.0,"gold_loss":0.0,"damage_taken":11.0,"relics_obtained":["WingedGreaves"]},{"cards_removed":["Strike_R"],"damage_healed":0.0,"max_hp_gain":0.0,"max_hp_loss":0.0,"gold_gain":0.0,"event_name":"Back to Basics","player_choice":"Elegance","floor":19.0,"gold_loss":0.0,"damage_taken":0.0},{"damage_healed":0.0,"max_hp_gain":0.0,"max_hp_loss":0.0,"gold_gain":0.0,"event_name":"Cursed Tome","player_choice":"Ignored","floor":20.0,"gold_loss":0.0,"damage_taken":0.0},{"damage_healed":0.0,"max_hp_gain":0.0,"max_hp_loss":0.0,"gold_gain":50.0,"event_name":"Nest","player_choice":"Stole From Cult","floor":21.0,"gold_loss":0.0,"damage_taken":0.0},{"damage_healed":0.0,"max_hp_gain":0.0,"max_hp_loss":0.0,"gold_gain":0.0,"event_name":"Addict","player_choice":"Obtained Relic","floor":28.0,"gold_loss":85.0,"damage_taken":0.0,"relics_obtained":["Letter Opener"]}],"is_beta":false,"boss_relics":[{"not_picked":["Pandora\u0027s Box","Busted Crown"],"picked":"Coffee Dripper"}],"items_purged_floors":[11,30],"is_endless":false,"potions_floor_spawned":[1,13,16,18,29],"killed_by":"Collector","ascension_level":20}}