{"host":"udzsrhbqdxqtlypj","time":1609094517,"event":{"mods":["BaseMod","Minty Spire (QoL Compilation)","Relic Stats"],"gold_per_floor":[110,40,54,71,71,71,104,104,173,190,190,216,216,216,216,216,216],"floor_reached":16,"playtime":511,"items_purged":[],"score":162,"play_id":"0ea68ecf-1e80-497b-938b-2ddccc158ef2","local_time":"20201227124157","is_ascension_mode":true,"campfire_choices":[{"data":"Combust","floor":6,"key":"SMITH"},{"data":"Pommel Strike","floor":8,"key":"SMITH"},{"data":"Brutality","floor":11,"key":"SMITH"},{"data":"Inflame","floor":13,"key":"SMITH"},{"data":"Bash","floor":15,"key":"SMITH"}],"circlet_count":0,"master_deck":["AscendersBane","Strike_R","Strike_R","Strike_R","Strike_R","Defend_R","Defend_R","Defend_R","Defend_R","Bash+1","Headbutt","Cleave","Pommel Strike+1","Armaments+1","Combust+1","Brutality+1","Inflame+1"],"relics":["Burning Blood","NeowsBlessing","Strawberry","Bottled Flame","Ginger"],"acts_visited":["Exordium"],"potions_floor_usage":[],"damage_taken":[{"damage":0,"enemies":"Cultist","floor":1,"turns":1},{"damage":0,"enemies":"Jaw Worm","floor":3,"turns":1},{"damage":0,"enemies":"2 Louse","floor":4,"turns":1},{"damage":17,"enemies":"Lagavulin","floor":7,"turns":7},{"damage":8,"enemies":"Gremlin Gang","floor":10,"turns":3},{"damage":24,"enemies":"3 Sentries","floor":12,"turns":5},{"damage":56,"enemies":"Hexaghost","floor":16,"turns":8}],"seed_played":"-6673519056818836898","potions_obtained":[{"floor":7,"key":"Dexterity Potion"},{"floor":12,"key":"SpeedPotion"}],"is_trial":false,"path_per_floor":["M","$","M","M","?","R","E","R","T","M","R","E","R","?","R","B"],"character_chosen":"IRONCLAD","items_purchased":["Cleave","Pommel Strike"],"campfire_rested":0,"item_purchase_floors":[2,2],"current_hp_per_floor":[78,78,80,80,80,80,76,76,76,74,74,56,56,56,56,0,0],"gold":216,"neow_bonus":"THREE_ENEMY_KILL","is_daily":false,"chose_seed":false,"campfire_upgraded":5,"win_rate":0.0,"timestamp":1609094517,"path_taken":["M","$","M","?","?","R","E","R","T","?","R","E","R","?","R","BOSS"],"items_purchased_type":["Card","Card"],"build_version":"2020-12-22","purchased_purges":0,"victory":false,"max_hp_per_floor":[80,80,80,80,80,80,87,87,87,87,87,87,87,87,87,87,87],"relic_stats":{"counters":[7,25],"Ginger":[0],"obtain_stats":[{"Bottled Flame":9,"NeowsBlessing":0,"Strawberry":7,"Ginger":12,"Burning Blood":0},{"Bottled Flame":4,"NeowsBlessing":0,"Strawberry":4,"Ginger":6,"Burning Blood":0},{"Bottled Flame":10,"NeowsBlessing":0,"Strawberry":10,"Ginger":18,"Burning Blood":0}],"Burning Blood":26},"card_choices":[{"not_picked":["Flex","Intimidate"],"picked":"Headbutt","floor":1},{"not_picked":["Havoc","Heavy Blade"],"picked":"Armaments","floor":3},{"not_picked":["Reckless Charge","Dropkick"],"picked":"Combust","floor":4},{"not_picked":["Sword Boomerang","Warcry","Bloodletting"],"picked":"SKIP","floor":7},{"not_picked":["Shrug It Off","Wild Strike"],"picked":"Brutality","floor":10},{"not_picked":["Ghostly Armor","Evolve"],"picked":"Inflame","floor":12}],"player_experience":2740439,"relics_obtained":[{"floor":7,"key":"Strawberry"},{"floor":9,"key":"Bottled Flame"},{"floor":12,"key":"Ginger"}],"event_choices":[{"damage_healed":0,"gold_gain":0,"player_choice":"Upgraded","damage_taken":0,"max_hp_gain":0,"max_hp_loss":0,"event_name":"Upgrade Shrine","floor":5,"gold_loss":0,"cards_upgraded":["Armaments"]},{"cards_removed":["Strike_R"],"damage_healed":0,"gold_gain":0,"player_choice":"Purged","damage_taken":0,"max_hp_gain":0,"max_hp_loss":0,"event_name":"Purifier","floor":14,"gold_loss":0}],"is_beta":false,"boss_relics":[],"items_purged_floors":[],"is_endless":false,"potions_floor_spawned":[7,12],"killed_by":"Hexaghost","ascension_level":10}}