{"host":"kq2g769nefmuyn7c","time":1609079198,"event":{"mods":["Act Like it!","BaseMod","Gensokyo","Koishi","Marisa£®ÏF”Í°°ƒß¿Ì…≥£©","Minty Spire (QoL Compilation)","Reimu£®≤©¿ˆ¡È√Œ£©","Remilia£®¿Ÿ√◊¿Ú—«£©","Replay The Spire","StSLib"],"gold_per_floor":[117,137,147,147,164,189,27,38,64,122,122,122],"floor_reached":11,"playtime":534,"items_purged":[],"score":101,"play_id":"140c1eb3-611c-4a34-a367-a748fc88769c","local_time":"20201227222638","is_ascension_mode":true,"campfire_choices":[],"circlet_count":0,"master_deck":["Strike_Lin:ReiMu","Strike_Lin:ReiMu","Strike_Lin:ReiMu","Strike_Lin:ReiMu","Defend_Lin:ReiMu","Defend_Lin:ReiMu","Defend_Lin:ReiMu","Defend_Lin:ReiMu","NB:ReiMu","Stagnation:ReiMu","Meditation:ReiMu","CareerPray:ReiMu","Enchanting:ReiMu","UpKicking:ReiMu","SealNeedle:ReiMu","ManaGlint:ReiMu"],"relics":["FlyPower:ReiMu","Bow_fan:ReiMu","Gensokyo:Justice","Bag of Preparation","Medical Kit","Mastiff:ReiMu","Ornamental Fan"],"acts_visited":["Gensokyo:Gensokyo"],"potions_floor_usage":[6],"damage_taken":[{"damage":10,"enemies":"Gensokyo:Python","floor":1,"turns":5},{"damage":0,"enemies":"Gensokyo:Gryphon","floor":2,"turns":4},{"damage":5,"enemies":"Gensokyo:2_Kodama","floor":3,"turns":4},{"damage":6,"enemies":"Gensokyo:Gryphon_and_Rabbit","floor":5,"turns":6},{"damage":1,"enemies":"Gensokyo:Aya","floor":6,"turns":5},{"damage":9,"enemies":"Gensokyo:Python_and_Kodama","floor":8,"turns":4},{"damage":2,"enemies":"Gensokyo:Cirno","floor":11,"turns":2}],"seed_played":"-7206044130706291595","potions_obtained":[{"floor":3,"key":"Venom Potion"},{"floor":5,"key":"Strength Potion"},{"floor":8,"key":"LiquidFlight:ReiMu"},{"floor":10,"key":"Elixir"}],"is_trial":false,"path_per_floor":["M","M","M","?","M","E","COS","M","T","?","E"],"character_chosen":"REIMU","items_purchased":[],"campfire_rested":0,"item_purchase_floors":[],"current_hp_per_floor":[49,49,44,44,38,37,37,28,28,2,0,0],"gold":122,"neow_bonus":"RANDOM_COMMON_RELIC","is_daily":false,"chose_seed":false,"campfire_upgraded":0,"win_rate":0.0,"timestamp":1609079198,"path_taken":["M","M","M","?","M","E","COS","M","T","?","E"],"items_purchased_type":[],"build_version":"2020-12-22","purchased_purges":0,"victory":false,"max_hp_per_floor":[65,65,65,65,65,65,65,65,65,65,65,65],"card_choices":[{"not_picked":["EmergencyTakeOff:ReiMu","PayForSelf:ReiMu"],"picked":"Meditation:ReiMu","floor":1},{"not_picked":["Crusade:ReiMu","Meditation:ReiMu"],"picked":"CareerPray:ReiMu","floor":2},{"not_picked":["KamiSacrifice:ReiMu","FineLineFantasy:ReiMu"],"picked":"PrepareRite:ReiMu","floor":3},{"not_picked":["SpreadBorder2:ReiMu","EmergencyTakeOff:ReiMu"],"picked":"Enchanting:ReiMu","floor":5},{"not_picked":["RunawayExorcism:ReiMu","Conquer:ReiMu"],"picked":"UpKicking:ReiMu","floor":6},{"not_picked":["Amulet:ReiMu","SpiritualOutbreak2:ReiMu"],"picked":"SealNeedle:ReiMu","floor":8},{"not_picked":["OrbThrow:ReiMu","Intuition:ReiMu"],"picked":"ManaGlint:ReiMu","floor":10}],"player_experience":186734,"relics_obtained":[{"floor":6,"key":"Bag of Preparation"},{"floor":9,"key":"Mastiff:ReiMu"},{"floor":10,"key":"Ornamental Fan"}],"event_choices":[],"is_beta":false,"boss_relics":[],"items_purged_floors":[],"is_endless":false,"potions_floor_spawned":[3,5,8],"killed_by":"Gensokyo:Cirno","ascension_level":8}}