{"host":"tjjuwi3liievx0vu","time":1609064895,"event":{"mods":["BaseMod","Colored Map","Downfall","Minty Spire (QoL Compilation)","StSLib"],"gold_per_floor":[0,15,15,31,16,28,55,66,66,93,93,119,129,129,144,243,243,243,255,255,266,278,278,278,291,325,10,10,10,10,39,54,156,156,81,95,105,105,118,138,188,200,234,84,84,84,100,119,139,139],"floor_reached":51,"playtime":3874,"items_purged":[],"score":952,"play_id":"7e2b5bf5-dc58-49c7-9bdf-250ac45513c7","local_time":"20201227112815","is_ascension_mode":true,"campfire_choices":[{"data":"expansioncontent:QuickStudy","floor":1,"key":"SMITH"},{"data":"champ:Taunt","floor":11,"key":"SMITH"},{"data":"champ:StanceDance","floor":18,"key":"SMITH"},{"data":"champ:StanceDance","floor":23,"key":"SMITH"},{"data":"champ:FocusedGladiator","floor":28,"key":"SMITH"},{"data":"champ:PreciseThrust","floor":30,"key":"SMITH"},{"floor":35,"key":"RECALL"},{"data":"champ:CrownThrow","floor":44,"key":"SMITH"},{"floor":46,"key":"REST"}],"circlet_count":0,"master_deck":["champ:Strike","champ:Strike","champ:Strike","champ:Defend","champ:Defend","champ:Defend","champ:Defend","champ:Execute","champ:Taunt+1","expansioncontent:QuickStudy+1","champ:FocusedGladiator+1","champ:PreciseThrust+1","champ:CrownThrow+1","champ:StanceDance+1","champ:FanOfKnives","champ:StanceDance+1","champ:BladeFlurry","champ:LastStand","champ:PerfectedStrike+1","champ:ShieldWall+1","champ:BladeFlurry+1","champ:Lariat+1","champ:RageSigil","champ:Improvising"],"relics":["champ:ChampionCrown","WarpedTongs","Potion Belt","StrikeDummy","Ancient Tea Set","Bronze Scales","White Beast Statue","Empty Cage","Eternal Feather","Omamori","Lee\u0027s Waffle","Bag of Preparation","Orichalcum","Busted Crown","downfall:HeartBlessingGreen","Oddly Smooth Stone","Juzu Bracelet","downfall:HeartBlessingBlue","downfall:HeartBlessingRed"],"acts_visited":["Exordium","TheCity","TheBeyond"],"potions_floor_usage":[16,16,16,16,25,26,26,26,26,32,33,43,48],"damage_taken":[{"damage":5,"enemies":"Small Slimes","floor":2,"turns":4},{"damage":9,"enemies":"Cultist","floor":4,"turns":5},{"damage":14,"enemies":"downfall:FleeingMerchant","floor":5,"turns":4},{"damage":5,"enemies":"Jaw Worm","floor":6,"turns":2},{"damage":8,"enemies":"2 Fungi Beasts","floor":8,"turns":2},{"damage":19,"enemies":"Lagavulin","floor":10,"turns":7},{"damage":23,"enemies":"3 Sentries","floor":12,"turns":6},{"damage":1,"enemies":"Blue Slaver","floor":13,"turns":2},{"damage":0,"enemies":"2 Fungi Beasts","floor":15,"turns":2},{"damage":23,"enemies":"downfall:Defect","floor":16,"turns":5},{"damage":15,"enemies":"Spheric Guardian","floor":19,"turns":3},{"damage":0,"enemies":"3 Byrds","floor":21,"turns":3},{"damage":17,"enemies":"Shelled Parasite and Fungi","floor":22,"turns":5},{"damage":16,"enemies":"Cultist and Chosen","floor":25,"turns":4},{"damage":27,"enemies":"Gremlin Leader","floor":26,"turns":4},{"damage":1,"enemies":"downfall:FleeingMerchant","floor":27,"turns":4},{"damage":33,"enemies":"Book of Stabbing","floor":31,"turns":4},{"damage":5,"enemies":"Centurion and Healer","floor":32,"turns":4},{"damage":12,"enemies":"downfall:Silent","floor":33,"turns":6},{"damage":17,"enemies":"3 Shapes","floor":36,"turns":4},{"damage":18,"enemies":"3 Darklings","floor":37,"turns":4},{"damage":21,"enemies":"4 Shapes","floor":39,"turns":4},{"damage":13,"enemies":"Sphere and 2 Shapes","floor":40,"turns":4},{"damage":11,"enemies":"Jaw Worm Horde","floor":42,"turns":3},{"damage":69,"enemies":"Nemesis","floor":43,"turns":5},{"damage":0,"enemies":"3 Darklings","floor":47,"turns":5},{"damage":28,"enemies":"Writhing Mass","floor":48,"turns":4},{"damage":21,"enemies":"Jaw Worm Horde","floor":49,"turns":4},{"damage":9,"enemies":"downfall:Watcher","floor":50,"turns":5}],"seed_played":"6622603084694090170","potions_obtained":[{"floor":8,"key":"PowerPotion"},{"floor":12,"key":"DuplicationPotion"},{"floor":13,"key":"SneckoOil"},{"floor":15,"key":"SpeedPotion"},{"floor":16,"key":"champ:CounterPotion"},{"floor":19,"key":"champ:CounterPotion"},{"floor":21,"key":"champ:OpenerPotion"},{"floor":22,"key":"Strength Potion"},{"floor":25,"key":"SkillPotion"},{"floor":26,"key":"champ:CounterPotion"},{"floor":27,"key":"GamblersBrew"},{"floor":31,"key":"Guardian:BlockOnCardUsePotion"},{"floor":32,"key":"Dexterity Potion"},{"floor":33,"key":"champ:OpenerPotion"},{"floor":36,"key":"Guardian:BlockOnCardUsePotion"},{"floor":37,"key":"SpeedPotion"},{"floor":40,"key":"FairyPotion"},{"floor":43,"key":"EssenceOfSteel"},{"floor":47,"key":"Fruit Juice"},{"floor":48,"key":"ColorlessPotion"}],"is_trial":false,"path_per_floor":["R","M","?","M","$","M","T","M","?","E","R","E","M","T","M","B",null,"R","M","?","M","M","R","T","M","E","$","R","?","R","E","M","B",null,"R","M","M","?","M","M","T","M","E","R","?","R","M","M","M","B",null],"character_chosen":"THE_CHAMP","items_purchased":["Lee\u0027s Waffle","Bag of Preparation"],"campfire_rested":1,"item_purchase_floors":[27,27],"current_hp_per_floor":[90,90,90,86,82,77,77,74,62,43,43,30,29,29,29,6,90,90,80,80,80,66,66,66,55,28,97,97,97,97,64,62,53,97,97,83,68,68,62,49,49,38,34,56,56,100,100,80,65,62],"gold":139,"neow_bonus":"RANDOM_COLORLESS_2","is_daily":false,"chose_seed":false,"campfire_upgraded":7,"win_rate":0.0,"timestamp":1609064895,"path_taken":["R","M","?","?","?","M","T","M","?","E","R","E","M","?","M","BOSS","R","M","?","M","M","R","T","M","E","$","R","?","R","E","M","BOSS","R","M","M","?","M","M","T","M","E","R","?","R","M","M","M","BOSS"],"items_purchased_type":["Relic","Relic"],"build_version":"2020-12-22","purchased_purges":0,"victory":true,"max_hp_per_floor":[90,90,90,90,90,90,90,90,90,90,90,90,90,90,90,90,90,90,90,90,90,90,90,90,90,90,97,97,97,97,97,97,97,97,97,97,97,97,97,97,97,97,97,107,107,107,107,112,112,112],"card_choices":[{"not_picked":["Magnetism","Transmutation"],"picked":"expansioncontent:QuickStudy","floor":0},{"not_picked":["champ:EndlessRage","champ:RageSigil","champ:FocusedBerserking"],"picked":"SKIP","floor":2},{"not_picked":["champ:BerserkersShout","champ:ShieldSigil"],"picked":"champ:FocusedGladiator","floor":4},{"not_picked":["champ:DefensiveShout","champ:TornadoPunch"],"picked":"champ:PreciseThrust","floor":5},{"not_picked":["champ:DefensiveShout","champ:ShieldSigil"],"picked":"champ:CrownThrow","floor":6},{"not_picked":["champ:PerfectedStrike","champ:FocusedGladiator"],"picked":"champ:StanceDance","floor":8},{"not_picked":["champ:Encircle","champ:FocusedGladiator"],"picked":"champ:FanOfKnives","floor":10},{"not_picked":["champ:FalseCounter","champ:Lariat"],"picked":"champ:StanceDance","floor":12},{"not_picked":["champ:BringItOn","champ:DefensiveShout","champ:TornadoPunch"],"picked":"SKIP","floor":13},{"not_picked":["champ:StanceDance","champ:EnGarde"],"picked":"champ:BladeFlurry","floor":15},{"not_picked":["champ:StrikeOfGenius","champ:SwordThrow"],"picked":"champ:LastStand","floor":16},{"not_picked":["champ:CrookedStrike","champ:Backstep","champ:PerfectedStrike"],"picked":"SKIP","floor":19},{"not_picked":["champ:Circumvent","champ:GutPunch"],"picked":"champ:PerfectedStrike+1","floor":21},{"not_picked":["champ:TornadoPunch","champ:ShieldSigil"],"picked":"champ:ShieldWall+1","floor":22},{"not_picked":["champ:Backstep+1","champ:EnGarde","champ:TornadoPunch"],"picked":"SKIP","floor":25},{"not_picked":["champ:ShieldSlam","champ:TornadoPunch"],"picked":"champ:BladeFlurry+1","floor":26},{"not_picked":["champ:BringItOn","champ:GutPunch","champ:HeavySlash"],"picked":"SKIP","floor":27},{"not_picked":["champ:RageSigil","champ:BringItOn"],"picked":"champ:Lariat+1","floor":31},{"not_picked":["champ:BringItOn+1","champ:GladiatorsShout"],"picked":"champ:RageSigil","floor":32},{"not_picked":["champ:LastStand","champ:HeavySlash"],"picked":"champ:Improvising","floor":33},{"not_picked":["champ:BringItOn+1"],"picked":"SKIP","floor":36},{"not_picked":["champ:EndlessRage+1"],"picked":"SKIP","floor":37},{"not_picked":["champ:EndlessRage"],"picked":"SKIP","floor":39},{"not_picked":["champ:DefensiveShout"],"picked":"SKIP","floor":40},{"not_picked":["champ:CrookedStrike"],"picked":"SKIP","floor":42},{"not_picked":["champ:CrookedStrike"],"picked":"SKIP","floor":43},{"not_picked":["champ:BladeFlurry"],"picked":"SKIP","floor":47},{"not_picked":["champ:TornadoPunch"],"picked":"SKIP","floor":48},{"not_picked":["champ:Lariat"],"picked":"SKIP","floor":49}],"player_experience":809667,"relics_obtained":[{"floor":7,"key":"Potion Belt"},{"floor":10,"key":"Ancient Tea Set"},{"floor":12,"key":"Bronze Scales"},{"floor":14,"key":"White Beast Statue"},{"floor":24,"key":"Eternal Feather"},{"floor":26,"key":"Omamori"},{"floor":31,"key":"Orichalcum"},{"floor":41,"key":"Oddly Smooth Stone"},{"floor":43,"key":"Juzu Bracelet"}],"event_choices":[{"damage_healed":0,"gold_gain":0,"player_choice":"Rummage","damage_taken":0,"relics_obtained":["WarpedTongs"],"max_hp_gain":0,"max_hp_loss":0,"event_name":"Accursed Blacksmith","floor":3,"gold_loss":0,"cards_obtained":["Pain"]},{"damage_healed":0,"gold_gain":0,"player_choice":"Success","damage_taken":12,"relics_obtained":["StrikeDummy"],"max_hp_gain":0,"max_hp_loss":0,"event_name":"Scrap Ooze","floor":9,"gold_loss":0},{"damage_healed":0,"gold_gain":0,"player_choice":"Ignored","damage_taken":0,"max_hp_gain":0,"max_hp_loss":0,"event_name":"Vampires","floor":29,"gold_loss":0}],"is_beta":false,"boss_relics":[{"not_picked":["Snecko Eye","sneckomod:SneckoTalon"],"picked":"Empty Cage"},{"not_picked":["Black Star","Pandora\u0027s Box"],"picked":"Busted Crown"}],"items_purged_floors":[],"is_endless":false,"potions_floor_spawned":[8,12,13,15,16,19,21,22,25,26,27,31,32,33,36,37,39,40,42,43,47,48,49],"ascension_level":1}}