{"host":"kzpuingyul43kz0j","time":1609078970,"event":{"mods":["2.2 Compatiblity","BaseMod","Bestiary","Better Skull","BetterRewards","Colored Map","Colored Powertips","Curses Come First","Displayed Cursed Tome","Downfall","Gold Saver","Highlight Path","Keyboard Shortcuts","Minty Spire (QoL Compilation)","Relic Stats","Remove Card Discount Mod","StSLib","Uncapped"],"gold_per_floor":[114,114,189,189,147,147,169,169,244,261,261,261,278,298,298,399,399,418,418,435,446,5,5,58,58,58,58,71,71,90,120,120,224,224,237,91,141,161,161,189,240,240,267,267,299,299,299,49,49,49],"floor_reached":51,"playtime":3041,"items_purged":["Defend_B","Strike_B","Strike_B","Hello World","Fusion","Strike_B","Strike_B","Defend_B","Defend_B","Defend_B","Conserve Battery","Writhe"],"score":957,"play_id":"fc98b6fd-23e3-4f39-a7c4-0f55c247cf0a","local_time":"20201227152250","is_ascension_mode":false,"campfire_choices":[{"data":"Dramatic Entrance","floor":6,"key":"SMITH"},{"data":"Zap","floor":8,"key":"SMITH"},{"data":"Loop","floor":11,"key":"SMITH"},{"data":"White Noise","floor":15,"key":"SMITH"},{"data":"Chill","floor":23,"key":"SMITH"},{"data":"Buffer","floor":27,"key":"SMITH"},{"data":"Leap","floor":29,"key":"SMITH"},{"floor":32,"key":"REST"},{"data":"Defragment","floor":42,"key":"SMITH"},{"data":"Machine Learning","floor":44,"key":"SMITH"},{"data":"Cold Snap","floor":46,"key":"SMITH"},{"data":"Cold Snap","floor":49,"key":"SMITH"}],"circlet_count":0,"master_deck":["Zap+1","Dualcast+1","Dramatic Entrance+1","Cold Snap+1","Loop+1","White Noise+1","Buffer+1","Leap+1","Cold Snap+1","Conserve Battery","Defragment+1","Cold Snap+1","Blizzard+1","Machine Learning+1","Blizzard+1","Defragment+1","Coolheaded+1"],"relics":["Cracked Core","Odd Mushroom","Bottled Tornado","Inserter","Nilry\u0027s Codex","Runic Capacitor","Juzu Bracelet","Blood Vial","Darkstone Periapt","Lantern","Empty Cage","OrangePellets","Torii","InkBottle","Gambling Chip","Omamori","Toy Ornithopter","Bottled Flame"],"acts_visited":["Exordium","TheCity","TheBeyond"],"potions_floor_usage":[18,20,21,31,33,38,40,45],"damage_taken":[{"damage":11,"enemies":"Jaw Worm","floor":1,"turns":3},{"damage":21,"enemies":"The Mushroom Lair","floor":7,"turns":3},{"damage":2,"enemies":"2 Louse","floor":10,"turns":2},{"damage":0,"enemies":"Small Slimes","floor":13,"turns":2},{"damage":3,"enemies":"Looter","floor":14,"turns":3},{"damage":0,"enemies":"Slime Boss","floor":16,"turns":8},{"damage":21,"enemies":"Shell Parasite","floor":18,"turns":5},{"damage":5,"enemies":"Chosen","floor":20,"turns":4},{"damage":25,"enemies":"Centurion and Healer","floor":21,"turns":8},{"damage":0,"enemies":"3 Cultists","floor":28,"turns":3},{"damage":4,"enemies":"Chosen and Byrds","floor":30,"turns":5},{"damage":12,"enemies":"Slavers","floor":31,"turns":4},{"damage":17,"enemies":"Automaton","floor":33,"turns":13},{"damage":9,"enemies":"Orb Walker","floor":35,"turns":4},{"damage":0,"enemies":"Mind Bloom Boss Battle","floor":37,"turns":9},{"damage":9,"enemies":"3 Darklings","floor":38,"turns":5},{"damage":12,"enemies":"Nemesis","floor":40,"turns":7},{"damage":19,"enemies":"2 Orb Walkers","floor":41,"turns":8},{"damage":0,"enemies":"Giant Head","floor":45,"turns":9},{"damage":26,"enemies":"Donu and Deca","floor":50,"turns":10}],"seed_played":"4332998408106554560","potions_obtained":[{"floor":7,"key":"AttackPotion"},{"floor":10,"key":"champ:CounterPotion"},{"floor":13,"key":"Explosive Potion"},{"floor":30,"key":"PowerPotion"},{"floor":31,"key":"Energy Potion"},{"floor":33,"key":"DuplicationPotion"},{"floor":35,"key":"FocusPotion"},{"floor":37,"key":"LiquidBronze"},{"floor":41,"key":"SteroidPotion"}],"is_trial":false,"path_per_floor":["M","?","?","?","$","R","?","R","T","M","R","?","M","M","R","B",null,"M","?","M","M","$","R","T","?","T","R","M","R","M","E","R","B",null,"M","$","?","M","?","E","?","R","T","R","E","R","?","$","R","B",null],"character_chosen":"DEFECT","items_purchased":["Dramatic Entrance","Loop","Runic Capacitor","Cold Snap","Juzu Bracelet","Conserve Battery","Defragment","OrangePellets","Bottled Flame"],"campfire_rested":1,"item_purchase_floors":[0,5,22,22,22,22,22,36,48],"current_hp_per_floor":[64,64,53,58,58,58,37,37,37,35,35,35,35,32,32,32,80,59,43,38,13,13,13,13,13,13,13,15,15,13,3,27,12,80,71,71,73,66,86,74,57,57,57,57,59,59,59,59,59,35],"gold":49,"neow_bonus":"","is_daily":false,"chose_seed":false,"campfire_upgraded":11,"win_rate":0.0,"timestamp":1609078970,"path_taken":["M","?","?","?","?","R","?","R","T","M","R","?","M","M","R","BOSS","M","?","M","M","$","R","?","?","T","R","M","R","M","E","R","BOSS","M","$","?","M","?","E","?","R","T","R","E","R","?","?","R","BOSS"],"items_purchased_type":["Card","Card","Relic","Card","Relic","Card","Card","Relic","Relic"],"build_version":"2020-12-22","purchased_purges":12,"victory":true,"max_hp_per_floor":[75,75,75,80,80,80,80,80,80,80,80,80,80,80,80,80,80,80,80,80,80,80,80,80,80,80,80,80,80,80,80,80,80,80,80,80,80,80,86,86,86,86,86,86,86,86,86,86,86,86],"relic_stats":{"Blood Vial":18,"Darkstone Periapt":6,"OrangePellets":[1],"Inserter":[38],"Torii":3,"counters":[28,144],"Gambling Chip":[4],"Juzu Bracelet":0,"obtain_stats":[{"Darkstone Periapt":26,"Lantern":31,"Inserter":17,"NeowsBlessing":0,"Torii":37,"Nilry\u0027s Codex":19,"Incense Burner":9,"Runic Capacitor":22,"Juzu Bracelet":22,"Omamori":43,"Odd Mushroom":7,"Bottled Tornado":9,"Empty Cage":34,"Blood Vial":24,"OrangePellets":36,"Bottled Flame":48,"Gambling Chip":41,"Bottled Lightning":7,"Cracked Core":0,"InkBottle":40,"Toy Ornithopter":45},{"Darkstone Periapt":17,"Lantern":20,"Inserter":14,"NeowsBlessing":0,"Torii":23,"Nilry\u0027s Codex":15,"Incense Burner":5,"Runic Capacitor":17,"Juzu Bracelet":17,"Omamori":26,"Odd Mushroom":10,"Bottled Tornado":10,"Empty Cage":21,"Blood Vial":17,"OrangePellets":22,"Bottled Flame":27,"Gambling Chip":26,"Bottled Lightning":5,"Cracked Core":0,"InkBottle":25,"Toy Ornithopter":27},{"Darkstone Periapt":68,"Lantern":80,"Inserter":51,"NeowsBlessing":0,"Torii":105,"Nilry\u0027s Codex":56,"Incense Burner":14,"Runic Capacitor":68,"Juzu Bracelet":68,"Omamori":125,"Odd Mushroom":36,"Bottled Tornado":36,"Empty Cage":92,"Blood Vial":68,"OrangePellets":96,"Bottled Flame":134,"Gambling Chip":125,"Bottled Lightning":14,"Cracked Core":0,"InkBottle":117,"Toy Ornithopter":134}],"InkBottle":[11],"Toy Ornithopter":0},"card_choices":[{"not_picked":["Hologram","Conserve Battery"],"picked":"Cold Snap","floor":1},{"not_picked":["Beam Cell","Sweeping Beam"],"picked":"Hello World","floor":7},{"not_picked":["Compile Driver","Barrage"],"picked":"Gash","floor":10},{"not_picked":["Tempest","Fusion"],"picked":"Chill","floor":13},{"not_picked":["Scrape","Thunder Strike"],"picked":"White Noise","floor":14},{"not_picked":["Rainbow","All For One"],"picked":"Buffer","floor":16},{"not_picked":["Undo","Go for the Eyes"],"picked":"Fusion","floor":18},{"not_picked":["Cold Snap","Compile Driver"],"picked":"Gash","floor":20},{"not_picked":["Undo","Loop"],"picked":"Leap","floor":21},{"not_picked":["Beam Cell+1","Conserve Battery"],"picked":"Cold Snap+1","floor":28},{"not_picked":["Hello World","Compile Driver+1"],"picked":"Conserve Battery","floor":30},{"not_picked":["Skim","Beam Cell"],"picked":"Blizzard+1","floor":31},{"not_picked":["Buffer","Multi-Cast"],"picked":"Machine Learning","floor":33},{"not_picked":["Cold Snap+1","Barrage+1"],"picked":"Blizzard+1","floor":35},{"not_picked":["Steam+1","Capacitor"],"picked":"Defragment+1","floor":37},{"not_picked":["Sunder","Blizzard+1","Barrage+1"],"picked":"SKIP","floor":38},{"not_picked":["All For One","Gash+1"],"picked":"Coolheaded+1","floor":40},{"not_picked":["Stack","Multi-Cast","Darkness"],"picked":"SKIP","floor":45}],"player_experience":63620,"relics_obtained":[{"floor":7,"key":"Odd Mushroom"},{"floor":9,"key":"Bottled Tornado"},{"floor":24,"key":"Blood Vial"},{"floor":26,"key":"Darkstone Periapt"},{"floor":31,"key":"Lantern"},{"floor":37,"key":"Torii"},{"floor":40,"key":"InkBottle"},{"floor":41,"key":"Gambling Chip"},{"floor":43,"key":"Omamori"},{"floor":45,"key":"Toy Ornithopter"}],"event_choices":[{"damage_healed":0,"gold_gain":0,"player_choice":"Ignored","damage_taken":0,"max_hp_gain":0,"max_hp_loss":0,"event_name":"Golden Wing","floor":2,"gold_loss":0},{"damage_healed":0,"gold_gain":75,"player_choice":"Gather Gold","damage_taken":11,"max_hp_gain":0,"max_hp_loss":0,"event_name":"World of Goop","floor":3,"gold_loss":0},{"damage_healed":0,"gold_gain":0,"player_choice":"Donut","damage_taken":0,"max_hp_gain":5,"max_hp_loss":0,"event_name":"Big Fish","floor":4,"gold_loss":0},{"damage_healed":0,"gold_gain":0,"player_choice":"Fought Mushrooms","damage_taken":0,"max_hp_gain":0,"max_hp_loss":0,"event_name":"Mushrooms","floor":7,"gold_loss":0},{"damage_healed":0,"gold_gain":0,"player_choice":"Grow","damage_taken":0,"max_hp_gain":0,"max_hp_loss":0,"event_name":"Living Wall","floor":12,"gold_loss":0,"cards_upgraded":["Dualcast"]},{"damage_healed":0,"gold_gain":0,"player_choice":"Obtained Book","damage_taken":16,"max_hp_gain":0,"max_hp_loss":0,"event_name":"Cursed Tome","floor":19,"gold_loss":0},{"damage_healed":0,"gold_gain":0,"player_choice":"Ignored","damage_taken":0,"max_hp_gain":0,"max_hp_loss":0,"event_name":"Ghosts","floor":25,"gold_loss":0},{"damage_healed":0,"gold_gain":0,"player_choice":"Fight","damage_taken":0,"max_hp_gain":0,"max_hp_loss":0,"event_name":"MindBloom","floor":37,"gold_loss":0},{"damage_healed":20,"gold_gain":0,"player_choice":"Writhe","damage_taken":0,"max_hp_gain":0,"max_hp_loss":0,"event_name":"Winding Halls","floor":39,"gold_loss":0,"cards_obtained":["Writhe"]},{"damage_healed":0,"gold_gain":0,"player_choice":"Fight","damage_taken":0,"max_hp_gain":0,"max_hp_loss":0,"event_name":"Mysterious Sphere","floor":41,"gold_loss":0},{"cards_removed":["Chill"],"damage_healed":0,"gold_gain":0,"player_choice":"Removed Skill","damage_taken":0,"max_hp_gain":0,"max_hp_loss":0,"event_name":"Falling","floor":47,"gold_loss":0}],"is_beta":false,"boss_relics":[{"not_picked":["Ectoplasm","Runic Dome"],"picked":"Inserter"},{"not_picked":["Runic Pyramid","Velvet Choker"],"picked":"Empty Cage"}],"items_purged_floors":[0,5,5,22,22,22,22,22,22,22,48,48],"is_endless":false,"potions_floor_spawned":[7,10,13,30,31,33,35,37,41],"ascension_level":0}}