{"host":"hvwa7s69zr612rn1","time":1609053159,"event":{"mods":["BaseMod","Colored Map","Colored Powertips","Downfall","Minty Spire (QoL Compilation)","StSLib"],"gold_per_floor":[99,113,130,143,160,186,241,268,289,305,337,437,587,160,175,175,175,175],"floor_reached":16,"playtime":1385,"items_purged":["Slimebound:Icky"],"score":154,"play_id":"56a64cb8-44a8-4aa2-89c8-179ef7fb78d9","local_time":"20201227181239","is_ascension_mode":true,"campfire_choices":[{"data":"hexamod:Float","floor":1,"key":"SMITH"}],"circlet_count":0,"master_deck":["hexamod:Strike","hexamod:Defend","hexamod:Defend","hexamod:Defend","hexamod:Sear","hexamod:Float+1","hexamod:ExtraCrispy","hexamod:Firestarter","hexamod:ThermalTransfer","hexamod:Toasty+1","hexamod:SpectralSpark","hexamod:GhostflameBarrier","hexamod:FlamesFromBeyond","hexamod:FifthSeal","hexamod:FirstSeal","hexamod:FourthSeal"],"relics":["hexamod:SpiritBrand","Blue Candle","Blood Vial","Vajra","Odd Mushroom","Bag of Marbles","PreservedInsect","Lantern"],"acts_visited":["Exordium"],"potions_floor_usage":[6,9,11,11,16],"damage_taken":[{"damage":6,"enemies":"Small Slimes","floor":2,"turns":4},{"damage":9,"enemies":"Jaw Worm","floor":3,"turns":4},{"damage":0,"enemies":"Cultist","floor":4,"turns":3},{"damage":0,"enemies":"Blue Slaver","floor":5,"turns":3},{"damage":7,"enemies":"Lagavulin","floor":6,"turns":6},{"damage":20,"enemies":"3 Sentries","floor":8,"turns":8},{"damage":6,"enemies":"The Mushroom Lair","floor":9,"turns":3},{"damage":0,"enemies":"Large Slime","floor":10,"turns":5},{"damage":0,"enemies":"Gremlin Nob","floor":11,"turns":3},{"damage":0,"enemies":"downfall:Heads","floor":12,"turns":5},{"damage":0,"enemies":"downfall:FleeingMerchant","floor":14,"turns":4},{"damage":0,"enemies":"2 Fungi Beasts","floor":15,"turns":3},{"damage":57,"enemies":"downfall:Defect","floor":16,"turns":6}],"seed_played":"976518020368658333","potions_obtained":[{"floor":3,"key":"Slimebound:ThreeZeroPotion"},{"floor":4,"key":"hexamod:DoubleChargePotion"},{"floor":8,"key":"FearPotion"},{"floor":10,"key":"Regen Potion"},{"floor":15,"key":"SmokeBomb"},{"floor":15,"key":"Block Potion"}],"is_trial":false,"path_per_floor":["R","M","M","M","M","E","T","E","?","M","E","?","?","$","M","B"],"character_chosen":"THE_SPIRIT","items_purchased":["hexamod:FourthSeal","PreservedInsect","Lantern"],"campfire_rested":0,"item_purchase_floors":[14,14,14],"current_hp_per_floor":[63,57,48,48,48,41,41,23,19,21,35,37,37,39,48,0,0,0],"gold":175,"neow_bonus":"REMOVE_TWO","is_daily":false,"chose_seed":false,"campfire_upgraded":1,"win_rate":0.0,"timestamp":1609053159,"path_taken":["R","M","M","M","M","E","T","E","?","M","E","?","?","$","M","BOSS"],"items_purchased_type":["Card","Relic","Relic"],"build_version":"2020-12-22","purchased_purges":1,"victory":false,"max_hp_per_floor":[63,63,63,63,63,63,63,63,63,63,63,63,63,63,63,63,63,63],"card_choices":[{"not_picked":["hexamod:ThermalTransfer","hexamod:RainOfEmbers"],"picked":"hexamod:ExtraCrispy","floor":2},{"not_picked":["hexamod:Hexaguard","hexamod:HeatCrush"],"picked":"hexamod:Firestarter","floor":3},{"not_picked":["hexamod:Firestarter","hexamod:Hexaguard"],"picked":"hexamod:ThermalTransfer","floor":4},{"not_picked":["hexamod:NightmareGuise","hexamod:GhostLash","hexamod:Firestarter"],"picked":"SKIP","floor":5},{"not_picked":["hexamod:BacktrackSmack","hexamod:GhostOfSpirePast","hexamod:TurnItUp"],"picked":"SKIP","floor":6},{"not_picked":["hexamod:GhostLash","hexamod:BurningTouch"],"picked":"hexamod:Toasty","floor":8},{"not_picked":["hexamod:AdvancingGuard","hexamod:NightmareStrike"],"picked":"hexamod:SpectralSpark","floor":9},{"not_picked":["hexamod:BacktrackSmack","hexamod:AdvancingGuard"],"picked":"hexamod:GhostflameBarrier","floor":10},{"not_picked":["hexamod:FastForward","hexamod:InspiringFlames"],"picked":"hexamod:FlamesFromBeyond","floor":11},{"not_picked":["hexamod:ThirdSeal","hexamod:FourthSeal"],"picked":"hexamod:FirstSeal","floor":14},{"not_picked":["hexamod:SwordOfDarkness","hexamod:GhostOfSpirePast","hexamod:BurningTouch"],"picked":"SKIP","floor":14},{"not_picked":["hexamod:CatchUp","hexamod:GhostOfSpirePresent","hexamod:FastForward"],"picked":"SKIP","floor":15}],"player_experience":403467,"relics_obtained":[{"floor":6,"key":"Blue Candle"},{"floor":7,"key":"Blood Vial"},{"floor":8,"key":"Vajra"},{"floor":9,"key":"Odd Mushroom"},{"floor":11,"key":"Bag of Marbles"}],"event_choices":[{"damage_healed":0,"gold_gain":0,"player_choice":"Fought Mushrooms","damage_taken":0,"max_hp_gain":0,"max_hp_loss":0,"event_name":"Mushrooms","floor":9,"gold_loss":0}],"is_beta":false,"boss_relics":[],"items_purged_floors":[14],"is_endless":false,"potions_floor_spawned":[3,4,8,10,15],"killed_by":"downfall:Defect","ascension_level":1}}