{"host":"da4a6z8aof69aasy","time":1609090591,"event":{"mods":["AchievementEnabler","BaseMod","Block Reminder","Colored Powertips","DeckTracker","Highlight Path","Minty Spire (QoL Compilation)","Permanent Neow","Relic Stats","StSLib"],"gold_per_floor":[117,134,134,146,221,252,252,252,252,272,287,287,317,169,169,244,244,264,264,276,27,40,65,65,81,81,111,111,129,129,129,129,203,203,216,216,229,249,263,263,263],"floor_reached":40,"playtime":4796,"items_purged":["Strike_G","Finisher"],"score":810,"play_id":"4acc1efe-ea05-44c8-8a51-18c2fd345ee3","local_time":"20201227193631","is_ascension_mode":true,"campfire_choices":[{"floor":7.0,"key":"REST"},{"data":"Deadly Poison","floor":12.0,"key":"SMITH"},{"data":"Predator","floor":15.0,"key":"SMITH"},{"floor":24.0,"key":"REST"},{"data":"Skewer","floor":28,"key":"SMITH"},{"data":"Footwork","floor":32,"key":"SMITH"}],"circlet_count":0,"master_deck":["AscendersBane","Survivor","Neutralize+1","Footwork+1","Poisoned Stab","Deadly Poison+1","Predator+1","Footwork+1","Malaise","Deflect","Heel Hook+1","Die Die Die","Skewer+1","PiercingWail","Noxious Fumes","Underhanded Strike","Dodge and Roll","Necronomicurse","Acrobatics+1","Deflect+1","Malaise","Catalyst","Grand Finale","Corpse Explosion","Dodge and Roll","Bouncing Flask","Backflip","Backflip+1"],"relics":["Sozu","Torii","Singing Bowl","Ornamental Fan","Pandora\u0027s Box","Necronomicon","Chemical X","Letter Opener","Pantograph","Vajra","Whetstone","Philosopher\u0027s Stone"],"acts_visited":["Exordium","TheCity","TheBeyond"],"potions_floor_usage":[],"damage_taken":[{"damage":1.0,"enemies":"2 Louse","floor":1.0,"turns":3.0},{"damage":3.0,"enemies":"Small Slimes","floor":2.0,"turns":5.0},{"damage":0.0,"enemies":"Jaw Worm","floor":4.0,"turns":6.0},{"damage":41.0,"enemies":"Gremlin Nob","floor":6.0,"turns":6.0},{"damage":0.0,"enemies":"Blue Slaver","floor":10.0,"turns":4.0},{"damage":1.0,"enemies":"Looter","floor":11.0,"turns":3.0},{"damage":12.0,"enemies":"Lagavulin","floor":13.0,"turns":6.0},{"damage":1.0,"enemies":"Slime Boss","floor":16.0,"turns":9.0},{"damage":7.0,"enemies":"Spheric Guardian","floor":18.0,"turns":4.0},{"damage":12.0,"enemies":"2 Thieves","floor":20.0,"turns":3.0},{"damage":1.0,"enemies":"Chosen and Byrds","floor":22.0,"turns":3.0},{"damage":0.0,"enemies":"Book of Stabbing","floor":23.0,"turns":5.0},{"damage":7.0,"enemies":"Centurion and Healer","floor":25.0,"turns":3.0},{"damage":3,"enemies":"Gremlin Leader","floor":27,"turns":4},{"damage":0,"enemies":"Snecko","floor":29,"turns":1},{"damage":1,"enemies":"Champ","floor":33,"turns":6},{"damage":2,"enemies":"3 Darklings","floor":35,"turns":3},{"damage":2,"enemies":"3 Shapes","floor":37,"turns":4},{"damage":31,"enemies":"3 Darklings","floor":38,"turns":3},{"damage":16,"enemies":"Transient","floor":39,"turns":5},{"damage":26,"enemies":"Reptomancer","floor":40,"turns":3}],"seed_played":"2668669900714480425","potions_obtained":[],"is_trial":false,"path_per_floor":["M","M","?","M","?","E","R","?","T","M","M","R","E","$","R","B",null,"M","?","M","$","M","E","R","M","T","E","R","M","?","T","R","B",null,"M","?","M","M","M","E"],"character_chosen":"THE_SILENT","items_purchased":["Footwork","Chemical X"],"campfire_rested":2,"item_purchase_floors":[14,21],"current_hp_per_floor":[58,55,55,55,44,3,22,27,27,27,28,28,16,16,16,15,59,52,31,19,19,20,22,45,38,38,35,35,35,35,35,35,59,73,71,71,71,40,24,0,0],"gold":263,"neow_bonus":"BOSS_RELIC","is_daily":false,"chose_seed":false,"campfire_upgraded":4,"win_rate":0.0,"timestamp":1609090591,"path_taken":["M","M","?","M","?","E","R","?","T","M","M","R","E","$","R","BOSS","M","?","M","$","M","E","R","M","T","E","R","M","?","?","R","BOSS","M","?","M","M","M","E"],"items_purchased_type":["Card","Relic"],"build_version":"2020-12-22","purchased_purges":2,"victory":false,"max_hp_per_floor":[66,66,66,66,66,66,66,71,71,71,73,73,73,73,73,73,73,73,73,73,73,75,77,77,77,77,77,77,77,77,77,77,77,77,77,77,79,79,79,79,79],"relic_stats":{"Sozu":10,"Torii":40,"Singing Bowl":8,"counters":[21,89],"Ornamental Fan":[72],"Pantograph":25,"Pandora\u0027s Box":["Deflect","Heel Hook","Finisher","Die Die Die","Skewer","Sucker Punch","PiercingWail","Noxious Fumes","Underhanded Strike"],"Necronomicon":[24],"Chemical X":[27],"Letter Opener":[130],"Whetstone":["Neutralize","Heel Hook"],"obtain_stats":[{"Torii":6,"Singing Bowl":9,"Vajra":27,"Letter Opener":23,"Whetstone":31,"Sozu":0,"Ornamental Fan":13,"Pantograph":26,"Pandora\u0027s Box":17,"Philosopher\u0027s Stone":34,"Necronomicon":19,"Chemical X":21,"Ring of the Snake":0},{"Torii":4,"Singing Bowl":4,"Vajra":14,"Letter Opener":12,"Whetstone":15,"Sozu":0,"Ornamental Fan":7,"Pantograph":13,"Pandora\u0027s Box":8,"Philosopher\u0027s Stone":16,"Necronomicon":9,"Chemical X":10,"Ring of the Snake":0},{"Torii":20,"Singing Bowl":20,"Vajra":64,"Letter Opener":57,"Whetstone":65,"Sozu":0,"Ornamental Fan":33,"Pantograph":60,"Pandora\u0027s Box":42,"Philosopher\u0027s Stone":71,"Necronomicon":46,"Chemical X":49,"Ring of the Snake":0}]},"card_choices":[{"not_picked":["Blur","Cloak And Dagger","Dodge and Roll"],"picked":"SKIP","floor":1.0},{"not_picked":["Dagger Spray","Flying Knee"],"picked":"Footwork","floor":2.0},{"not_picked":["Tools of the Trade","Dagger Spray"],"picked":"Quick Slash","floor":4.0},{"not_picked":["Concentrate","PiercingWail"],"picked":"Poisoned Stab","floor":6.0},{"not_picked":["Outmaneuver","Slice"],"picked":"Deadly Poison","floor":10.0},{"not_picked":["Dodge and Roll","Prepared","Riddle With Holes"],"picked":"Singing Bowl","floor":11.0},{"not_picked":["Tactician","Underhanded Strike"],"picked":"Predator","floor":13.0},{"not_picked":["Grand Finale","After Image"],"picked":"Malaise","floor":16.0},{"not_picked":["Dagger Throw","Slice"],"picked":"Dodge and Roll","floor":18.0},{"not_picked":["Flying Knee","Cloak And Dagger"],"picked":"Acrobatics+1","floor":20.0},{"not_picked":["Predator","Quick Slash","Bane"],"picked":"Singing Bowl","floor":22.0},{"not_picked":["Infinite Blades","Acrobatics","Underhanded Strike"],"picked":"Singing Bowl","floor":23.0},{"not_picked":["Dagger Spray","Dodge and Roll"],"picked":"Deflect+1","floor":25.0},{"not_picked":["Acrobatics","Dagger Spray"],"picked":"Malaise","floor":27},{"not_picked":["Dagger Throw","Concentrate"],"picked":"Catalyst","floor":29},{"not_picked":["Venomology","Bullet Time"],"picked":"Corpse Explosion","floor":33},{"not_picked":["Blade Dance","Underhanded Strike+1"],"picked":"Dodge and Roll","floor":35},{"not_picked":["Bane+1","Sucker Punch","Tactician"],"picked":"Singing Bowl","floor":37},{"not_picked":["Terror","Heel Hook"],"picked":"Backflip","floor":38},{"not_picked":["Sucker Punch","Flechettes"],"picked":"Backflip+1","floor":39}],"player_experience":1934255,"relics_obtained":[{"floor":6.0,"key":"Torii"},{"floor":9.0,"key":"Singing Bowl"},{"floor":13.0,"key":"Ornamental Fan"},{"floor":19.0,"key":"Necronomicon"},{"floor":23.0,"key":"Letter Opener"},{"floor":26.0,"key":"Pantograph"},{"floor":27,"key":"Vajra"},{"floor":31,"key":"Whetstone"}],"event_choices":[{"damage_healed":0.0,"max_hp_gain":0.0,"max_hp_loss":0.0,"gold_gain":0.0,"event_name":"Living Wall","player_choice":"Grow","floor":3.0,"gold_loss":0.0,"damage_taken":0.0,"cards_upgraded":["Footwork"]},{"damage_healed":0.0,"max_hp_gain":0.0,"max_hp_loss":0.0,"gold_gain":75.0,"event_name":"World of Goop","player_choice":"Gather Gold","floor":5.0,"gold_loss":0.0,"damage_taken":11.0},{"damage_healed":0.0,"max_hp_gain":5.0,"max_hp_loss":0.0,"gold_gain":0.0,"event_name":"Big Fish","player_choice":"Donut","floor":8.0,"gold_loss":0.0,"damage_taken":0.0},{"damage_healed":0.0,"max_hp_gain":0.0,"max_hp_loss":0.0,"gold_gain":0.0,"event_name":"Cursed Tome","player_choice":"Obtained Book","floor":19.0,"gold_loss":0.0,"damage_taken":21.0},{"damage_healed":0,"gold_gain":0,"cards_transformed":["Sucker Punch","Quick Slash"],"player_choice":"Became Test Subject","damage_taken":0,"max_hp_gain":0,"max_hp_loss":0,"event_name":"Drug Dealer","floor":30,"gold_loss":0,"cards_obtained":["Concentrate","Grand Finale"]},{"damage_healed":0,"gold_gain":0,"cards_transformed":["Concentrate"],"player_choice":"Transformed","damage_taken":0,"max_hp_gain":0,"max_hp_loss":0,"event_name":"Transmorgrifier","floor":36,"gold_loss":0,"cards_obtained":["Bouncing Flask"]}],"is_beta":false,"boss_relics":[{"not_picked":["Busted Crown","Velvet Choker"],"picked":"Pandora\u0027s Box"},{"not_picked":["WristBlade","Calling Bell"],"picked":"Philosopher\u0027s Stone"}],"items_purged_floors":[14,21],"is_endless":false,"potions_floor_spawned":[1,10,11,13,23,25,27,29,37,38],"killed_by":"Reptomancer","ascension_level":15}}