{"host":"ovxa65d68iy9l57e","time":1609065979,"event":{"mods":["AchievementEnabler","BaseMod","Better Altar","Better Skull","Better Vampires","Colored Map","Curses Come First","Minty Spire (QoL Compilation)","Relic Stats","StSLib"],"gold_per_floor":[110,110,127,137,27,43,53,86,86,13,46,65,65,65,65,65,65],"floor_reached":16,"playtime":1572,"items_purged":["Defend_P"],"score":123,"play_id":"7f44d5cf-e085-4cec-a516-bd4742967bb1","local_time":"20201227114619","is_ascension_mode":true,"campfire_choices":[{"data":"Crescendo","floor":13,"key":"SMITH"},{"floor":15,"key":"REST"}],"circlet_count":0,"master_deck":["Strike_P","Strike_P","Strike_P","Strike_P","Defend_P","Defend_P","Defend_P","Eruption","Vigilance","Omniscience","WindmillStrike","Protect","EmptyBody","LikeWater","ClearTheMind","FlurryOfBlows","TalkToTheHand","Crescendo+1"],"relics":["PureWater","GoldenEye","Girya","Molten Egg 2","Meat on the Bone"],"acts_visited":["Exordium"],"potions_floor_usage":[11],"damage_taken":[{"damage":2,"enemies":"Small Slimes","floor":1,"turns":4},{"damage":6,"enemies":"Cultist","floor":3,"turns":5},{"damage":7,"enemies":"Jaw Worm","floor":4,"turns":3},{"damage":2,"enemies":"Looter","floor":6,"turns":5},{"damage":4,"enemies":"Large Slime","floor":7,"turns":6},{"damage":8,"enemies":"3 Sentries","floor":8,"turns":14},{"damage":19,"enemies":"Lagavulin","floor":11,"turns":7},{"damage":3,"enemies":"Blue Slaver","floor":12,"turns":5},{"damage":36,"enemies":"Hexaghost","floor":16,"turns":15}],"seed_played":"-7898057156863078908","potions_obtained":[{"floor":1,"key":"BottledMiracle"},{"floor":7,"key":"SmokeBomb"}],"is_trial":false,"path_per_floor":["M","?","M","M","$","M","M","E","T","$","E","M","R","T","R","B"],"character_chosen":"WATCHER","items_purchased":["LikeWater","TalkToTheHand"],"campfire_rested":1,"item_purchase_floors":[5,10],"current_hp_per_floor":[70,63,57,50,50,48,44,36,36,36,17,14,14,14,35,0,0],"gold":65,"neow_bonus":"ONE_RANDOM_RARE_CARD","is_daily":false,"chose_seed":false,"campfire_upgraded":1,"win_rate":0.0,"timestamp":1609065979,"path_taken":["M","?","M","?","$","M","?","E","T","?","E","M","R","?","R","BOSS"],"items_purchased_type":["Card","Card"],"build_version":"2020-12-22","purchased_purges":1,"victory":false,"max_hp_per_floor":[72,72,72,72,72,72,72,72,72,72,72,72,72,72,72,72,72],"relic_stats":{"counters":[9,64],"GoldenEye":[0],"obtain_stats":[{"Girya":9,"Molten Egg 2":11,"PureWater":0,"GoldenEye":8,"Meat on the Bone":14},{"Girya":6,"Molten Egg 2":7,"PureWater":0,"GoldenEye":6,"Meat on the Bone":8},{"Girya":37,"Molten Egg 2":44,"PureWater":0,"GoldenEye":37,"Meat on the Bone":49}],"Meat on the Bone":0},"card_choices":[{"not_picked":["Meditate","Wireheading"],"picked":"WindmillStrike","floor":1},{"not_picked":["ClearTheMind","DeceiveReality"],"picked":"Protect","floor":3},{"not_picked":["Prostrate","Consecrate"],"picked":"EmptyBody","floor":4},{"not_picked":["FollowUp","InnerPeace"],"picked":"ClearTheMind","floor":6},{"not_picked":["Protect","Meditate"],"picked":"FlurryOfBlows","floor":7},{"not_picked":["LikeWater","Vengeance","ClearTheMind"],"picked":"SKIP","floor":8},{"not_picked":["JustLucky+1","DeceiveReality","DevaForm"],"picked":"SKIP","floor":11},{"not_picked":["SashWhip+1","CutThroughFate+1"],"picked":"Crescendo","floor":12}],"player_experience":241326,"relics_obtained":[{"floor":8,"key":"GoldenEye"},{"floor":9,"key":"Girya"},{"floor":11,"key":"Molten Egg 2"},{"floor":14,"key":"Meat on the Bone"}],"event_choices":[{"damage_healed":0,"gold_gain":0,"player_choice":"Damaged","damage_taken":7,"max_hp_gain":0,"max_hp_loss":0,"event_name":"Wheel of Change","floor":2,"gold_loss":0}],"is_beta":false,"boss_relics":[],"items_purged_floors":[5],"is_endless":false,"potions_floor_spawned":[1,7],"killed_by":"Hexaghost","ascension_level":2}}