{"host":"p9t7qd83igtcp2bh","time":1609089230,"event":{"mods":["2.2 Compatiblity","AchievementEnabler","BaseMod","Colored Map","Colored Powertips","Custom Start","DeckTracker","Keyboard Shortcuts","Minty Spire (QoL Compilation)","Permanent Neow","StSLib","SuperFastMode","everything is the same but u backflip on backflip"],"gold_per_floor":[116,135,135,154,42,42,54,67,67,83,83,94,128,148,148,227,227,241,252,88,3,3,3,43,59,133,133,171,41,41,52,52,130,139,155,189,63,63,82,82,101,101,101,101,120,120,133,144,144,144,144],"floor_reached":50,"playtime":6233,"items_purged":["Strike_G"],"score":972,"play_id":"167b1837-238e-4ad2-ad14-18b8a728d7de","local_time":"20201228021350","is_ascension_mode":true,"campfire_choices":[{"data":"Blade Dance","floor":6.0,"key":"SMITH"},{"floor":11.0,"key":"REST"},{"floor":15.0,"key":"REST"},{"floor":23,"key":"REST"},{"floor":27,"key":"REST"},{"data":"Adrenaline","floor":30,"key":"SMITH"},{"data":"Envenom","floor":32,"key":"SMITH"},{"floor":40,"key":"REST"},{"data":"Leg Sweep","floor":44,"key":"SMITH"},{"floor":49,"key":"REST"}],"circlet_count":0,"master_deck":["AscendersBane","Strike_G","Strike_G","Strike_G","Strike_G","Defend_G","Defend_G","Defend_G","Defend_G","Defend_G","Survivor","Neutralize+1","Poisoned Stab","Blade Dance+1","Noxious Fumes","Deadly Poison","Bane","Well Laid Plans","Adrenaline+1","Envenom+1","Calculated Gamble","Leg Sweep+1","Slice","Glass Knife","Footwork","CurseOfTheBell","Acrobatics","Tactician","Reflex+1"],"relics":["Ring of the Snake","Bag of Preparation","Mummified Hand","Bird Faced Urn","SacredBark","Orrery","Snake Skull","CeramicFish","The Courier","Ice Cream","Vajra","Calling Bell","Orichalcum","InkBottle","StoneCalendar","Pocketwatch","TheAbacus","Singing Bowl"],"acts_visited":["Exordium","TheCity","TheBeyond"],"potions_floor_usage":[19,33,50],"damage_taken":[{"damage":4.0,"enemies":"Cultist","floor":1.0,"turns":6.0},{"damage":3.0,"enemies":"2 Louse","floor":2.0,"turns":3.0},{"damage":1.0,"enemies":"Jaw Worm","floor":4.0,"turns":4.0},{"damage":14.0,"enemies":"3 Louse","floor":7.0,"turns":4.0},{"damage":0.0,"enemies":"2 Fungi Beasts","floor":8.0,"turns":2.0},{"damage":13.0,"enemies":"Exordium Thugs","floor":10.0,"turns":4.0},{"damage":3.0,"enemies":"Looter","floor":12.0,"turns":2.0},{"damage":19.0,"enemies":"3 Sentries","floor":13.0,"turns":6.0},{"damage":12.0,"enemies":"Large Slime","floor":14.0,"turns":4.0},{"damage":29.0,"enemies":"The Guardian","floor":16.0,"turns":9.0},{"damage":38.0,"enemies":"Shell Parasite","floor":18.0,"turns":8.0},{"damage":1,"enemies":"2 Thieves","floor":19,"turns":3},{"damage":40,"enemies":"Slavers","floor":24,"turns":6},{"damage":13,"enemies":"Centurion and Healer","floor":25,"turns":5},{"damage":53,"enemies":"Book of Stabbing","floor":28,"turns":6},{"damage":8,"enemies":"3 Cultists","floor":31,"turns":4},{"damage":45,"enemies":"Champ","floor":33,"turns":11},{"damage":39,"enemies":"3 Darklings","floor":35,"turns":6},{"damage":22,"enemies":"Mind Bloom Boss Battle","floor":36,"turns":6},{"damage":0,"enemies":"Orb Walker","floor":39,"turns":3},{"damage":39,"enemies":"Spire Growth","floor":41,"turns":5},{"damage":2,"enemies":"Transient","floor":45,"turns":6},{"damage":19,"enemies":"Jaw Worm Horde","floor":47,"turns":5},{"damage":11,"enemies":"4 Shapes","floor":48,"turns":6},{"damage":119,"enemies":"Time Eater","floor":50,"turns":13}],"seed_played":"5908798597741394112","potions_obtained":[{"floor":1.0,"key":"Block Potion"},{"floor":2.0,"key":"EssenceOfSteel"},{"floor":13.0,"key":"Fruit Juice"},{"floor":16.0,"key":"DuplicationPotion"},{"floor":18.0,"key":"BlessingOfTheForge"},{"floor":19,"key":"Dexterity Potion"},{"floor":22,"key":"FairyPotion"},{"floor":28,"key":"GhostInAJar"},{"floor":33,"key":"PowerPotion"},{"floor":36,"key":"FairyPotion"}],"is_trial":false,"path_per_floor":["M","M","?","M","$","R","M","M","T","M","R","M","E","M","R","B",null,"M","M","$","?","?","R","E","M","T","R","E","$","R","M","R","B",null,"M","?","$","?","M","R","M","?","T","R","M","?","M","M","R","B"],"character_chosen":"THE_SILENT","items_purchased":["Noxious Fumes","Orrery","Vajra","TheAbacus"],"campfire_rested":6,"item_purchase_floors":[5,20,29,37],"current_hp_per_floor":[55,52,52,51,51,51,37,37,37,24,43,40,21,11,30,5,51,29,32,32,32,32,54,20,13,13,35,45,45,45,41,41,4,58,27,13,13,13,21,43,12,12,12,12,16,16,7,6,28,0,0],"gold":144,"neow_bonus":"UPGRADE_CARD","is_daily":false,"chose_seed":false,"campfire_upgraded":4,"win_rate":0.0,"timestamp":1609089230,"path_taken":["M","M","?","M","$","R","M","?","T","M","R","M","E","M","R","BOSS","M","M","$","?","?","R","E","M","T","R","E","$","R","?","R","BOSS","M","?","$","?","M","R","M","?","T","R","M","?","M","M","R","BOSS"],"items_purchased_type":["Card","Relic","Relic","Relic"],"build_version":"2020-12-22","purchased_purges":1,"victory":false,"max_hp_per_floor":[66,66,66,66,66,66,66,66,66,66,66,66,66,66,66,66,66,76,76,76,76,76,76,76,76,76,76,76,76,76,76,76,76,76,76,76,76,76,76,76,76,76,76,76,76,72,74,76,76,76,76],"card_choices":[{"not_picked":["Endless Agony","Sucker Punch"],"picked":"Poisoned Stab","floor":1.0},{"not_picked":["Acrobatics","Cloak And Dagger"],"picked":"Blade Dance","floor":2.0},{"not_picked":["Bullet Time","Blade Dance","Deflect"],"picked":"SKIP","floor":4.0},{"not_picked":["Dagger Throw","Predator"],"picked":"Backstab","floor":7.0},{"not_picked":["Quick Slash","Riddle With Holes"],"picked":"Deadly Poison","floor":8.0},{"not_picked":["Choke","Dodge and Roll"],"picked":"Bane","floor":10.0},{"not_picked":["Caltrops","Dagger Throw"],"picked":"Well Laid Plans","floor":12.0},{"not_picked":["Cloak And Dagger","Well Laid Plans"],"picked":"Adrenaline","floor":13.0},{"not_picked":["Predator","Dagger Throw","Underhanded Strike"],"picked":"SKIP","floor":14.0},{"not_picked":["Night Terror","Die Die Die"],"picked":"Envenom","floor":16.0},{"not_picked":["Dagger Throw","Outmaneuver"],"picked":"Calculated Gamble","floor":18.0},{"not_picked":["Deflect","Underhanded Strike","Well Laid Plans"],"picked":"SKIP","floor":19},{"not_picked":["Reflex","Dodge and Roll"],"picked":"Leg Sweep","floor":20},{"not_picked":["Dash","Outmaneuver"],"picked":"Slice","floor":20},{"not_picked":["Terror","Sucker Punch+1"],"picked":"Glass Knife","floor":24},{"not_picked":["Sucker Punch","Blade Dance","Deadly Poison"],"picked":"SKIP","floor":25},{"not_picked":["Phantasmal Killer","Outmaneuver"],"picked":"Footwork","floor":28},{"not_picked":["Heel Hook","Caltrops","Poisoned Stab"],"picked":"SKIP","floor":31},{"not_picked":["Infinite Blades","Underhanded Strike","Bouncing Flask+1"],"picked":"SKIP","floor":35},{"not_picked":["Dodge and Roll","Backflip"],"picked":"Acrobatics","floor":36},{"not_picked":["Infinite Blades","Bane","Underhanded Strike"],"picked":"SKIP","floor":39},{"not_picked":["Glass Knife","Dagger Spray"],"picked":"Tactician","floor":41},{"not_picked":["Flying Knee","Bane"],"picked":"Reflex+1","floor":45},{"not_picked":["Expertise","Acrobatics","Distraction"],"picked":"Singing Bowl","floor":47},{"not_picked":["Deadly Poison+1","Footwork","Dodge and Roll"],"picked":"Singing Bowl","floor":48}],"player_experience":571907,"relics_obtained":[{"floor":9.0,"key":"Mummified Hand"},{"floor":13.0,"key":"Bird Faced Urn"},{"floor":24,"key":"CeramicFish"},{"floor":26,"key":"The Courier"},{"floor":28,"key":"Ice Cream"},{"floor":34,"key":"Orichalcum"},{"floor":34,"key":"InkBottle"},{"floor":34,"key":"StoneCalendar"},{"floor":36,"key":"Pocketwatch"},{"floor":43,"key":"Singing Bowl"}],"event_choices":[{"damage_healed":0.0,"max_hp_gain":0.0,"max_hp_loss":0.0,"gold_gain":0.0,"event_name":"WeMeetAgain","player_choice":"Gave Potion","floor":3.0,"gold_loss":0.0,"damage_taken":0.0,"relics_obtained":["Bag of Preparation"]},{"damage_healed":0,"gold_gain":0,"player_choice":"Obtained Relic","damage_taken":0,"relics_obtained":["Snake Skull"],"max_hp_gain":0,"max_hp_loss":0,"event_name":"Addict","floor":21,"gold_loss":85},{"damage_healed":0,"gold_gain":0,"player_choice":"Got Potions","damage_taken":0,"max_hp_gain":0,"max_hp_loss":0,"event_name":"Lab","floor":22,"gold_loss":0},{"damage_healed":0,"gold_gain":0,"player_choice":"Fight","damage_taken":0,"max_hp_gain":0,"max_hp_loss":0,"event_name":"MindBloom","floor":36,"gold_loss":0},{"cards_removed":["Backstab"],"damage_healed":0,"gold_gain":0,"player_choice":"Removed Attack","damage_taken":0,"max_hp_gain":0,"max_hp_loss":0,"event_name":"Falling","floor":38,"gold_loss":0},{"damage_healed":0,"gold_gain":0,"player_choice":"Ignored","damage_taken":0,"max_hp_gain":0,"max_hp_loss":0,"event_name":"Mysterious Sphere","floor":42,"gold_loss":0},{"damage_healed":0,"gold_gain":0,"player_choice":"Max HP","damage_taken":0,"max_hp_gain":0,"max_hp_loss":4,"event_name":"Winding Halls","floor":46,"gold_loss":0}],"is_beta":false,"boss_relics":[{"not_picked":["Empty Cage","Runic Pyramid"],"picked":"SacredBark"},{"not_picked":["Fusion Hammer","Astrolabe"],"picked":"Calling Bell"}],"items_purged_floors":[5],"is_endless":false,"potions_floor_spawned":[1,2,13,16,18,19,25,28,33,36,41,48],"killed_by":"Time Eater","ascension_level":20}}