{"host":"9ndbo4kgsfoemf7y","time":1609074596,"event":{"mods":["AchievementEnabler","BaseMod","Colored Map","DeckTracker","Keyboard Shortcuts","Minty Spire (QoL Compilation)","Permanent Neow","Quick Restart","Relic Stats","StSLib","SuperFastMode"],"gold_per_floor":[116,127,52,63,63,99,99,99,99],"floor_reached":8,"playtime":207,"items_purged":["Parasite"],"score":64,"play_id":"02e20f5c-ce9f-445d-944b-06d3f9d3135e","local_time":"20201227220956","is_ascension_mode":true,"campfire_choices":[{"data":"Aggregate","floor":7.0,"key":"SMITH"}],"circlet_count":0,"master_deck":["Strike_B","Strike_B","Strike_B","Strike_B","Defend_B","Defend_B","Defend_B","Defend_B","Zap","Dualcast","Core Surge","Coolheaded","Hologram","Aggregate+1","Scrape"],"relics":["Cracked Core","Golden Idol","Ornamental Fan"],"acts_visited":["Exordium"],"potions_floor_usage":[],"damage_taken":[{"damage":12.0,"enemies":"Small Slimes","floor":1.0,"turns":3.0},{"damage":2.0,"enemies":"Jaw Worm","floor":2.0,"turns":3.0},{"damage":13.0,"enemies":"2 Louse","floor":4.0,"turns":3.0},{"damage":24.0,"enemies":"Gremlin Nob","floor":6.0,"turns":4.0},{"damage":33,"enemies":"Lagavulin","floor":8,"turns":3}],"seed_played":"2591533910974467226","potions_obtained":[{"floor":2.0,"key":"LiquidMemories"}],"is_trial":false,"path_per_floor":["M","M","$","M","?","E","R","E"],"character_chosen":"DEFECT","items_purchased":[],"campfire_rested":0,"item_purchase_floors":[],"current_hp_per_floor":[63,61,61,48,48,24,24,0,0],"gold":99,"neow_bonus":"THREE_RARE_CARDS","is_daily":false,"chose_seed":false,"campfire_upgraded":1,"win_rate":0.0,"timestamp":1609074596,"path_taken":["M","M","$","M","?","E","R","E"],"items_purchased_type":[],"build_version":"2020-12-22","purchased_purges":1,"victory":false,"max_hp_per_floor":[75,75,72,72,67,67,67,67,67],"relic_stats":{"counters":[5,16],"Golden Idol":7,"Ornamental Fan":[0],"obtain_stats":[{"Golden Idol":5,"Ornamental Fan":6,"Cracked Core":0},{"Golden Idol":3,"Ornamental Fan":4,"Cracked Core":0},{"Golden Idol":9,"Ornamental Fan":13,"Cracked Core":0}]},"card_choices":[{"not_picked":["Meteor Strike","Echo Form"],"picked":"Core Surge","floor":0.0},{"not_picked":["Steam Power","Leap"],"picked":"Coolheaded","floor":1.0},{"not_picked":["Go for the Eyes","Leap"],"picked":"Hologram","floor":2.0},{"not_picked":["Beam Cell","Skim"],"picked":"Aggregate","floor":4.0},{"not_picked":["Leap","Static Discharge"],"picked":"Scrape","floor":6.0}],"player_experience":754205,"relics_obtained":[{"floor":6.0,"key":"Ornamental Fan"}],"event_choices":[{"damage_healed":0.0,"max_hp_gain":0.0,"max_hp_loss":5.0,"gold_gain":0.0,"event_name":"Golden Idol","player_choice":"Lose Max HP","floor":5.0,"gold_loss":0.0,"damage_taken":0.0,"relics_obtained":["Golden Idol"]}],"is_beta":false,"boss_relics":[],"items_purged_floors":[3],"is_endless":false,"potions_floor_spawned":[2],"killed_by":"Lagavulin","ascension_level":3}}