{"host":"e4wnmsyty9uvvtwf","time":1609052370,"event":{"mods":["Aspiration","BaseMod","Colored Map","Colored Powertips","Marisa£®ÏF”Í°°ƒß¿Ì…≥£©","Minty Spire (QoL Compilation)","Rare Cards Sparkle","Replay The Spire","StSLib"],"gold_per_floor":[113,113,127,142,155,155,183,183,183,199,199,199,216,216,216],"floor_reached":14,"playtime":353,"items_purged":[],"score":175,"play_id":"75b34c66-df79-4bbd-a2c5-4be976e39937","local_time":"20201227145930","is_ascension_mode":true,"campfire_choices":[{"data":"ReplayTheSpireMod:Limb From Limb","floor":6.0,"key":"SMITH"},{"data":"Whirlwind","floor":8.0,"key":"SMITH"}],"circlet_count":0,"master_deck":["AscendersBane","Strike_R","Strike_R","Strike_R","Defend_R","Defend_R","Defend_R","Defend_R","Bash","Rage","Metallicize","ReplayTheSpireMod:Limb From Limb+1","Cleave","Iron Wave","Whirlwind+1","Uppercut","Flex","Self Repair+1","Scorching Beam"],"relics":["Letter Opener","Replay:Bottled Flurry","Iron Core"],"acts_visited":["Exordium"],"potions_floor_usage":[13],"damage_taken":[{"damage":0.0,"enemies":"Small Slimes","floor":1.0,"turns":4.0},{"damage":0.0,"enemies":"Cultist","floor":3.0,"turns":3.0},{"damage":7.0,"enemies":"2 Louse","floor":4.0,"turns":3.0},{"damage":7.0,"enemies":"Looter","floor":5.0,"turns":4.0},{"damage":35.0,"enemies":"Lagavulin","floor":7.0,"turns":9.0},{"damage":29.0,"enemies":"Gremlin Gang","floor":10.0,"turns":7.0},{"damage":0,"enemies":"Blue Slaver","floor":13,"turns":2},{"damage":17,"enemies":"3 Sentries","floor":14,"turns":2}],"seed_played":"2175160022134162730","potions_obtained":[{"floor":1.0,"key":"DuplicationPotion"},{"floor":2.0,"key":"Flashbang"}],"is_trial":false,"path_per_floor":["M","?","M","M","M","R","E","R","T","M","$","?","M","E"],"character_chosen":"IRONCLAD","items_purchased":[],"campfire_rested":0,"item_purchase_floors":[],"current_hp_per_floor":[56,56,62,61,60,60,31,31,31,8,8,8,8,0,0],"gold":216,"neow_bonus":"TRANSFORM_TWO_CARDS","is_daily":false,"chose_seed":false,"campfire_upgraded":2,"win_rate":0.0,"timestamp":1609052370,"path_taken":["M","?","M","?","M","R","E","R","T","M","$","?","M","E"],"items_purchased_type":[],"build_version":"2020-12-22","purchased_purges":0,"victory":false,"max_hp_per_floor":[75,75,75,75,75,75,75,75,75,75,75,75,75,75,75],"card_choices":[{"not_picked":["Thunderclap","ReplayReversal"],"picked":"ReplayTheSpireMod:Limb From Limb","floor":1.0},{"not_picked":["Heavy Blade","Hemokinesis"],"picked":"Cleave","floor":3.0},{"not_picked":["Combust","Intimidate"],"picked":"Iron Wave","floor":4.0},{"not_picked":["Twin Strike","Iron Wave"],"picked":"Whirlwind","floor":5.0},{"not_picked":["Sword Boomerang","Run Through"],"picked":"Uppercut","floor":7.0},{"not_picked":["Flame Barrier","Headbutt"],"picked":"Flex","floor":10.0},{"not_picked":["Heavy Blade","Searing Blow"],"picked":"Scorching Beam","floor":13}],"player_experience":659005,"relics_obtained":[{"floor":7.0,"key":"Letter Opener"},{"floor":9.0,"key":"Replay:Bottled Flurry"}],"event_choices":[{"damage_healed":0.0,"max_hp_gain":0.0,"max_hp_loss":0.0,"gold_gain":0.0,"event_name":"Lab","player_choice":"Got Potions","floor":2.0,"gold_loss":0.0,"damage_taken":0.0}],"is_beta":false,"boss_relics":[],"items_purged_floors":[],"is_endless":false,"potions_floor_spawned":[1],"killed_by":"3 Sentries","ascension_level":18}}