{"host":"a4s27ghlnr83kbqz","time":1609037174,"event":{"mods":["AchievementEnabler","BaseMod","Colored Map","Minty Spire (QoL Compilation)","Permanent Neow","SuperFastMode"],"gold_per_floor":[119,139,149,168,188,188,188,188,188,78,92,104,104,118,118,192,192,203,22,22,56,75,100,100,112,112,112,126,126,140,15,15,89,89,109,128,142,142,69,69,69,81,106,135,147,147,172,188,188,188],"floor_reached":51,"playtime":1664,"items_purged":["Strike_B","Strike_B","Strike_B"],"score":1279,"play_id":"49e45e79-205b-471c-8e50-01a69bdd8637","local_time":"20201227104614","is_ascension_mode":true,"campfire_choices":[{"data":"Defragment","floor":6,"key":"SMITH"},{"data":"Dualcast","floor":8,"key":"SMITH"},{"data":"Coolheaded","floor":13,"key":"SMITH"},{"floor":15,"key":"REST"},{"data":"Defragment","floor":27,"key":"SMITH"},{"data":"Storm","floor":29,"key":"SMITH"},{"data":"Capacitor","floor":32,"key":"SMITH"},{"data":"Coolheaded","floor":40,"key":"SMITH"},{"data":"Loop","floor":46,"key":"SMITH"},{"data":"Electrodynamics","floor":49,"key":"SMITH"}],"circlet_count":0,"master_deck":["AscendersBane","Defend_B","Defend_B","Zap","Dualcast+1","Core Surge","Coolheaded+1","Conserve Battery","Defragment+1","Ball Lightning","Steam","Melter","Cold Snap","Electrodynamics+1","Echo Form","Loop+1","Capacitor+1","Defragment+1","Storm+1","Creative AI","Barrage+1","Double Energy+1","Auto Shields+1","Coolheaded+1","Glacier"],"relics":["Cracked Core","Incense Burner","Snecko Eye","Red Mask","Bird Faced Urn","Pear","Astrolabe","Bag of Preparation","Ice Cream","Pen Nib"],"acts_visited":["Exordium","TheCity","TheBeyond"],"potions_floor_usage":[16,16,23,25,37,42,47,50],"damage_taken":[{"damage":7,"enemies":"Jaw Worm","floor":1,"turns":3},{"damage":7,"enemies":"Small Slimes","floor":2,"turns":3},{"damage":0,"enemies":"Cultist","floor":3,"turns":3},{"damage":15,"enemies":"Exordium Wildlife","floor":4,"turns":7},{"damage":11,"enemies":"Red Slaver","floor":5,"turns":3},{"damage":1,"enemies":"3 Louse","floor":11,"turns":3},{"damage":8,"enemies":"2 Fungi Beasts","floor":12,"turns":3},{"damage":6,"enemies":"Blue Slaver","floor":14,"turns":3},{"damage":0,"enemies":"The Guardian","floor":16,"turns":9},{"damage":4,"enemies":"2 Thieves","floor":18,"turns":2},{"damage":10,"enemies":"Masked Bandits","floor":21,"turns":2},{"damage":0,"enemies":"Chosen","floor":22,"turns":4},{"damage":3,"enemies":"Gremlin Leader","floor":23,"turns":5},{"damage":10,"enemies":"Shelled Parasite and Fungi","floor":25,"turns":6},{"damage":8,"enemies":"Centurion and Healer","floor":28,"turns":5},{"damage":3,"enemies":"Cultist and Chosen","floor":30,"turns":3},{"damage":8,"enemies":"Champ","floor":33,"turns":8},{"damage":20,"enemies":"Orb Walker","floor":35,"turns":4},{"damage":10,"enemies":"3 Shapes","floor":36,"turns":4},{"damage":53,"enemies":"Sphere and 2 Shapes","floor":37,"turns":4},{"damage":0,"enemies":"Transient","floor":42,"turns":5},{"damage":12,"enemies":"Giant Head","floor":44,"turns":8},{"damage":0,"enemies":"Maw","floor":45,"turns":6},{"damage":43,"enemies":"Nemesis","floor":47,"turns":7},{"damage":3,"enemies":"Spire Growth","floor":48,"turns":6},{"damage":52,"enemies":"Time Eater","floor":50,"turns":10}],"seed_played":"-4953478591761699663","potions_obtained":[{"floor":2,"key":"LiquidBronze"},{"floor":5,"key":"AttackPotion"},{"floor":12,"key":"FocusPotion"},{"floor":22,"key":"Block Potion"},{"floor":23,"key":"EssenceOfSteel"},{"floor":28,"key":"Fire Potion"},{"floor":30,"key":"SmokeBomb"},{"floor":35,"key":"AttackPotion"},{"floor":45,"key":"GamblersBrew"}],"is_trial":false,"path_per_floor":["M","M","M","M","M","R","?","R","T","$","M","M","R","M","R","B",null,"M","$","?","?","M","E","?","M","T","R","M","R","M","$","R","B",null,"M","M","M","?","$","R","?","M","T","E","M","R","E","M","R","B",null],"character_chosen":"DEFECT","items_purchased":["Melter","Capacitor","PotionOfCapacity"],"campfire_rested":1,"item_purchase_floors":[10,19,39],"current_hp_per_floor":[57,50,50,35,24,24,29,29,29,29,28,20,20,14,34,34,60,56,56,56,46,46,43,43,49,59,59,61,61,70,70,70,73,78,63,73,30,30,30,30,30,50,50,64,75,75,54,71,71,57],"gold":188,"neow_bonus":"THREE_RARE_CARDS","is_daily":false,"chose_seed":false,"campfire_upgraded":9,"win_rate":0.0,"timestamp":1609037174,"path_taken":["M","M","M","M","M","R","?","R","T","$","M","M","R","M","R","BOSS","M","$","?","?","M","E","?","M","T","R","M","R","M","?","R","BOSS","M","M","M","?","$","R","?","M","T","E","M","R","E","M","R","BOSS"],"items_purchased_type":["Card","Card","Potion"],"build_version":"2020-12-22","purchased_purges":3,"victory":true,"max_hp_per_floor":[64,64,64,64,64,64,69,69,69,69,69,69,69,69,69,69,69,69,69,69,69,69,69,69,69,79,79,79,79,79,79,79,79,79,79,79,79,79,79,79,75,75,75,75,75,75,75,75,75,75],"card_choices":[{"not_picked":["Creative AI","Fission"],"picked":"Core Surge","floor":0},{"not_picked":["Barrage","Consume"],"picked":"Coolheaded","floor":1},{"not_picked":["Reprogram","Gash"],"picked":"Conserve Battery","floor":2},{"not_picked":["Steam","Aggregate"],"picked":"Defragment","floor":3},{"not_picked":["Hologram","Streamline"],"picked":"Ball Lightning","floor":4},{"not_picked":["Barrage","Gash"],"picked":"Steam","floor":5},{"not_picked":["Hologram","Turbo"],"picked":"Cold Snap","floor":11},{"not_picked":["Recycle","Ball Lightning","Fusion"],"picked":"SKIP","floor":12},{"not_picked":["Cold Snap","Rebound"],"picked":"Electrodynamics","floor":14},{"not_picked":["Core Surge","Electrodynamics"],"picked":"Echo Form","floor":16},{"not_picked":["Cold Snap","Darkness"],"picked":"Loop","floor":18},{"not_picked":["Barrage","Steam","Rip and Tear"],"picked":"SKIP","floor":22},{"not_picked":["Steam Power","Stack","Conserve Battery"],"picked":"SKIP","floor":23},{"not_picked":["Static Discharge","Loop","Steam"],"picked":"SKIP","floor":25},{"not_picked":["Double Energy","Conserve Battery"],"picked":"Storm","floor":28},{"not_picked":["Reinforced Body","Go for the Eyes","Barrage+1"],"picked":"SKIP","floor":30},{"not_picked":["Machine Learning","Fission"],"picked":"Creative AI","floor":33},{"not_picked":["Hologram","Undo"],"picked":"Coolheaded","floor":35},{"not_picked":["Conserve Battery","Self Repair+1","Streamline+1"],"picked":"SKIP","floor":36},{"not_picked":["Steam","Defragment"],"picked":"Glacier","floor":37},{"not_picked":["Reprogram+1","Recycle","Darkness"],"picked":"SKIP","floor":42},{"not_picked":["Multi-Cast","Cold Snap","Lockon"],"picked":"SKIP","floor":44},{"not_picked":["Compile Driver","Gash","Stack"],"picked":"SKIP","floor":45},{"not_picked":["Hello World","Hologram","Darkness+1"],"picked":"SKIP","floor":47},{"not_picked":["Beam Cell","Hologram+1","Blizzard+1"],"picked":"SKIP","floor":48}],"player_experience":1050535,"relics_obtained":[{"floor":9,"key":"Incense Burner"},{"floor":21,"key":"Red Mask"},{"floor":23,"key":"Bird Faced Urn"},{"floor":26,"key":"Pear"},{"floor":43,"key":"Bag of Preparation"},{"floor":44,"key":"Ice Cream"},{"floor":47,"key":"Pen Nib"}],"event_choices":[{"damage_healed":0,"gold_gain":0,"player_choice":"Donut","damage_taken":0,"max_hp_gain":5,"max_hp_loss":0,"event_name":"Big Fish","floor":7,"gold_loss":0},{"damage_healed":0,"gold_gain":0,"player_choice":"Ignored","damage_taken":0,"max_hp_gain":0,"max_hp_loss":0,"event_name":"The Mausoleum","floor":20,"gold_loss":0},{"damage_healed":0,"gold_gain":0,"player_choice":"Fought Bandits","damage_taken":0,"max_hp_gain":0,"max_hp_loss":0,"event_name":"Masked Bandits","floor":21,"gold_loss":0},{"damage_healed":0,"gold_gain":0,"player_choice":"Read","damage_taken":0,"max_hp_gain":0,"max_hp_loss":0,"event_name":"The Library","floor":24,"gold_loss":0,"cards_obtained":["Defragment"]},{"damage_healed":0,"gold_gain":0,"player_choice":"Memory 1","damage_taken":0,"max_hp_gain":0,"max_hp_loss":0,"event_name":"SensoryStone","floor":38,"gold_loss":0},{"damage_healed":0,"gold_gain":0,"player_choice":"Max HP","damage_taken":0,"max_hp_gain":0,"max_hp_loss":4,"event_name":"Winding Halls","floor":41,"gold_loss":0}],"is_beta":false,"boss_relics":[{"not_picked":["Sozu","Black Star"],"picked":"Snecko Eye"},{"not_picked":["Velvet Choker","SlaversCollar"],"picked":"Astrolabe"}],"items_purged_floors":[10,19,31],"is_endless":false,"potions_floor_spawned":[2,5,12,14,22,23,28,30,35,36,45],"ascension_level":14}}