{"host":"24b6s3brhctmowir","time":1609073703,"event":{"mods":["BaseMod","Minty Spire (QoL Compilation)"],"gold_per_floor":[119,119,137,157,157,157,198,198,221,521,521,561,575,575,575],"floor_reached":14,"playtime":997,"items_purged":[],"score":108,"play_id":"dc0ae86c-97bd-4efb-8d27-f8ce766702f3","local_time":"20201227215503","is_ascension_mode":true,"campfire_choices":[{"data":"Bash","floor":6,"key":"SMITH"},{"floor":8,"key":"REST"},{"floor":11,"key":"REST"}],"circlet_count":0,"master_deck":["Strike_R","Strike_R","Strike_R","Strike_R","Strike_R","Defend_R","Defend_R","Defend_R","Defend_R","Bash+1","Decay","Disarm","Spot Weakness","Intimidate","Cleave"],"relics":["Burning Blood","Bird Faced Urn","Golden Idol","Nunchaku","Centennial Puzzle","Old Coin","Mummified Hand"],"acts_visited":["Exordium"],"potions_floor_usage":[7,12],"damage_taken":[{"damage":7,"enemies":"Jaw Worm","floor":1,"turns":5},{"damage":7,"enemies":"Cultist","floor":3,"turns":4},{"damage":0,"enemies":"Small Slimes","floor":4,"turns":3},{"damage":34,"enemies":"Lagavulin","floor":7,"turns":8},{"damage":54,"enemies":"3 Sentries","floor":12,"turns":12},{"damage":4,"enemies":"Looter","floor":13,"turns":4},{"damage":61,"enemies":"Gremlin Nob","floor":14,"turns":5}],"seed_played":"8857245843354164028","potions_obtained":[{"floor":4,"key":"BlessingOfTheForge"},{"floor":7,"key":"Regen Potion"},{"floor":12,"key":"Energy Potion"}],"is_trial":false,"path_per_floor":["M","?","M","M","?","R","E","R","T","?","R","E","M","E"],"character_chosen":"IRONCLAD","items_purchased":[],"campfire_rested":2,"item_purchase_floors":[],"current_hp_per_floor":[79,79,78,80,60,60,32,56,56,49,73,40,42,0,0],"gold":575,"neow_bonus":"ONE_RARE_RELIC","is_daily":false,"chose_seed":false,"campfire_upgraded":1,"win_rate":0.0,"timestamp":1609073703,"path_taken":["M","?","M","?","?","R","E","R","T","?","R","E","M","E"],"items_purchased_type":[],"build_version":"2020-12-22","purchased_purges":0,"victory":false,"max_hp_per_floor":[80,80,80,80,80,80,80,80,80,80,80,80,80,80,80],"card_choices":[{"not_picked":["Havoc","Blood for Blood"],"picked":"Disarm","floor":1},{"not_picked":["Combust","Anger","Entrench"],"picked":"SKIP","floor":3},{"not_picked":["Rupture","Flame Barrier"],"picked":"Spot Weakness","floor":4},{"not_picked":["Flex","Havoc","Clash"],"picked":"SKIP","floor":7},{"not_picked":["Infernal Blade","Sword Boomerang"],"picked":"Intimidate","floor":12},{"not_picked":["Searing Blow","Body Slam"],"picked":"Cleave","floor":13}],"player_experience":166435,"relics_obtained":[{"floor":7,"key":"Nunchaku"},{"floor":9,"key":"Centennial Puzzle"},{"floor":12,"key":"Mummified Hand"}],"event_choices":[{"damage_healed":0,"gold_gain":0,"player_choice":"Bought 0 Potions","damage_taken":0,"max_hp_gain":0,"max_hp_loss":0,"event_name":"The Woman in Blue","floor":2,"gold_loss":0},{"damage_healed":0,"gold_gain":0,"player_choice":"Take Damage","damage_taken":20,"relics_obtained":["Golden Idol"],"max_hp_gain":0,"max_hp_loss":0,"event_name":"Golden Idol","floor":5,"gold_loss":0},{"damage_healed":0,"gold_gain":0,"player_choice":"Success","damage_taken":7,"relics_obtained":["Old Coin"],"max_hp_gain":0,"max_hp_loss":0,"event_name":"Scrap Ooze","floor":10,"gold_loss":0}],"is_beta":false,"boss_relics":[],"items_purged_floors":[],"is_endless":false,"potions_floor_spawned":[4,7,12],"killed_by":"Gremlin Nob","ascension_level":2}}