{"host":"wx0faojc3iccakqy","time":1609068268,"event":{"mods":["Act Like it!","Ascension Reborn","BaseMod","BetterRewards","Colored Map","Colored Powertips","Downfall","Hallownest","Infinite Spire","Jorbs\u0027s Wanderer Trilogy","Minty Spire (QoL Compilation)","Pale of the Ancients","Permanent Neow","Quick Restart","Replay The Spire","Spire Birthday Party","StSLib","The Jungle","Wandering Minibosses"],"gold_per_floor":[113,113,113,113,113,113,113,109,109,129,129,129,129,17,17,12,12],"floor_reached":16,"playtime":731,"items_purged":["Sucker Punch"],"score":86,"play_id":"061a358c-bb3a-491a-b13f-99f4a2109505","local_time":"20201227052428","daily_mods":["Draft","Heirloom","Time Dilation","Flight"],"is_ascension_mode":true,"campfire_choices":[{"floor":6,"key":"REST"},{"data":"Catalyst","floor":15,"key":"SMITH"}],"circlet_count":0,"master_deck":["Bane","Quick Slash","Poisoned Stab","Backstab+1","Noxious Fumes","Endless Agony","Deflect","Dagger Spray","Dash+1","Toxin Wave+1","Slice","Doppelganger","Deflect","Deflect","Die Die Die","Catalyst+1"],"relics":["Ring of the Snake","Shovel","Hallownest:DreamNailRelic","Replay:WaspNest"],"acts_visited":["Hallownest:Greenpath"],"potions_floor_usage":[16,16],"damage_taken":[{"damage":6,"enemies":"Hallownest:2_Baldur","floor":1,"turns":2},{"damage":3,"enemies":"Hallownest:monsterHuskGuard","floor":8,"turns":5},{"damage":2,"enemies":"2_ Uuma","floor":10,"turns":2},{"damage":84,"enemies":"Hallownest:BossHornet","floor":16,"turns":4}],"seed_played":"-6680538564783454557","potions_obtained":[{"floor":8,"key":"Regen Potion"},{"floor":10,"key":"Strength Potion"}],"is_trial":true,"path_per_floor":["M","WH","WH","WH","?","R","?","M","T","M","WH","WH","?","$","R","B"],"character_chosen":"THE_SILENT","items_purchased":["Catalyst"],"campfire_rested":1,"item_purchase_floors":[14],"current_hp_per_floor":[64,64,64,46,46,67,67,64,64,62,62,62,62,62,62,0,0],"gold":12,"neow_bonus":"TRANSFORM_CARD","is_daily":false,"chose_seed":false,"campfire_upgraded":1,"win_rate":0.0,"timestamp":1609068268,"path_taken":["M","WH","WH","WH","?","R","?","?","T","M","WH","WH","?","$","R","BOSS"],"items_purchased_type":["Card"],"build_version":"2020-12-22","purchased_purges":1,"victory":false,"max_hp_per_floor":[70,70,70,70,70,70,70,70,70,70,70,70,70,70,70,70,70],"card_choices":[{"not_picked":["Hidden Blade","ReplayTheSpireMod:Shiv Toss"],"picked":"Bane","floor":0},{"not_picked":["Acrobatics","Cloak And Dagger"],"picked":"Quick Slash","floor":0},{"not_picked":["Tactician","Outmaneuver"],"picked":"Acrobatics","floor":0},{"not_picked":["Infinite Blades","Prepared"],"picked":"Poisoned Stab","floor":0},{"not_picked":["Blade Dance","Tactician"],"picked":"Quick Slash","floor":0},{"not_picked":["Cloak And Dagger","Bane"],"picked":"Backstab","floor":0},{"not_picked":["Cloak And Dagger","Escape Plan"],"picked":"Noxious Fumes","floor":0},{"not_picked":["Leg Sweep","Footwork"],"picked":"Endless Agony","floor":0},{"not_picked":["Hidden Blade","Backstab"],"picked":"Deflect","floor":0},{"not_picked":["Dagger Throw","Sucker Punch"],"picked":"Outmaneuver","floor":0},{"not_picked":["Dagger Throw","Concentrate"],"picked":"Sucker Punch","floor":0},{"not_picked":["Dagger Throw","ReplayTheSpireMod:Speed Training"],"picked":"Outmaneuver","floor":0},{"not_picked":["ReplayTheSpireMod:Speed Training","Underhanded Strike"],"picked":"Dagger Spray","floor":0},{"not_picked":["Prepared","Cloak And Dagger"],"picked":"Dash","floor":0},{"not_picked":["Outmaneuver","Dagger Spray"],"picked":"Toxin Wave","floor":0},{"not_picked":["Prepared","Masterful Stab"],"picked":"Slice","floor":1},{"not_picked":["Bane","PiercingWail"],"picked":"Deflect","floor":8},{"not_picked":["Calculated Gamble","Hidden Blade"],"picked":"Deflect","floor":10}],"player_experience":38637,"relics_obtained":[{"floor":9,"key":"Replay:WaspNest"}],"event_choices":[],"is_beta":false,"boss_relics":[],"items_purged_floors":[14],"is_endless":false,"potions_floor_spawned":[8,10],"killed_by":"Hallownest:BossHornet","ascension_level":0}}