{"host":"p9ipwvgp8zk1gu4u","time":1609068258,"event":{"mods":["Act Like it!","BaseMod","BetterRewards","Block Reminder","Colored Map","Colored Powertips","DeckTracker","Downfall","Gensokyo","Gold Saver","Hermit","Marisa????????","Minty Spire (QoL Compilation)","Nova Terra(??·??)","Relic Filter","Replay The Spire","StSLib","The Alterego","The Bladedancer","The Hierophant","The Servant 0.9.4","TheSwordswoman","Yakumo Yukari mod","Yuri Mod"],"gold_per_floor":[517,517,592,397,397,426,199,225,275,287,305,305,305,318,318,413,413,431,442,442,442,187,217,235,235,259,259,259,284,284,302,302,405,405,418,418,418,428,448,448,467,485,485,41,53,53,86,141,141,141],"floor_reached":51,"playtime":2747,"items_purged":["Writhe"],"score":723,"play_id":"12d831cc-43bb-48e1-8d51-348d4817d0b8","local_time":"20201227062418","is_ascension_mode":false,"campfire_choices":[{"data":"ReplayTheSpireMod:Muscle Training","floor":15,"key":"SMITH"},{"floor":25,"key":"REST"},{"floor":27,"key":"RECALL"},{"floor":30,"key":"REST"},{"floor":32,"key":"REST"},{"floor":40,"key":"REST"},{"floor":46,"key":"REST"},{"floor":49,"key":"REST"}],"circlet_count":0,"master_deck":["Strike_R","Strike_R","Strike_R","Strike_R","Strike_R","Defend_R","Defend_R","Defend_R","Defend_R","Bash","Heavy Blade+1","Shrug It Off","ReplayTheSpireMod:Muscle Training+1","Clash+1","Thunderclap+1","ReplayTheSpireMod:LeadingStrike+1","ReplayTheSpireMod:Stacked","Flex","Feed+1","Perfected Strike+1","Pommel Strike+1","Inflame","Run Through+1","Offering","Clash+1","Flex+1","Clash+1","ReplayTheSpireMod:Limb From Limb+1","Reckless Charge+1","Perfected Strike+1","Anger+1","Anger+1","Anger+1"],"relics":["Burning Blood","Old Coin","Lantern","ReplayTheSpireMod:TigerMarble","Molten Egg 2","ReplayTheSpireMod:CursedCoin","Replay:Wax Seal","Centennial Puzzle","Fusion Hammer","Ornamental Fan","Happy Flower","Art of War","Replay:Bottled Flurry","Vajra","Runic Cube","Juzu Bracelet","Snack Pack","King of Hearts","Bag of Marbles","Pocketwatch"],"acts_visited":["Exordium","TheCity","TheBeyond"],"potions_floor_usage":[6,33,48,50,50],"damage_taken":[{"damage":1,"enemies":"Cultist","floor":1,"turns":3},{"damage":27,"enemies":"Gremlin Nob","floor":6,"turns":4},{"damage":20,"enemies":"Lagavulin","floor":8,"turns":5},{"damage":1,"enemies":"Small Slimes","floor":10,"turns":2},{"damage":0,"enemies":"2 Louse","floor":11,"turns":1},{"damage":6,"enemies":"Exordium Wildlife","floor":14,"turns":1},{"damage":38,"enemies":"Slime Boss","floor":16,"turns":10},{"damage":1,"enemies":"Chosen","floor":18,"turns":2},{"damage":10,"enemies":"3 Byrds","floor":19,"turns":4},{"damage":17,"enemies":"Slavers","floor":23,"turns":5},{"damage":24,"enemies":"Cultist and Chosen","floor":24,"turns":5},{"damage":25,"enemies":"Book of Stabbing","floor":29,"turns":5},{"damage":1,"enemies":"Snake Plant","floor":31,"turns":2},{"damage":57,"enemies":"Automaton","floor":33,"turns":7},{"damage":0,"enemies":"Orb Walker","floor":35,"turns":2},{"damage":12,"enemies":"3 Shapes","floor":38,"turns":2},{"damage":7,"enemies":"Jaw Worm Horde","floor":39,"turns":3},{"damage":10,"enemies":"Sphere and 2 Shapes","floor":41,"turns":1},{"damage":7,"enemies":"Transient","floor":42,"turns":5},{"damage":11,"enemies":"4 Shapes","floor":45,"turns":3},{"damage":43,"enemies":"Nemesis","floor":47,"turns":3},{"damage":20,"enemies":"2 Orb Walkers","floor":48,"turns":3},{"damage":65,"enemies":"Time Eater","floor":50,"turns":7}],"seed_played":"9140963449690597032","potions_obtained":[{"floor":1,"key":"Regen Potion"},{"floor":8,"key":"LifebloodPotion"},{"floor":11,"key":"Cursed Concoction"},{"floor":14,"key":"EntropicBrew"},{"floor":18,"key":"DuplicationPotion"},{"floor":29,"key":"SmokeBomb"},{"floor":33,"key":"Adrenaline Potion"},{"floor":38,"key":"Block Potion"},{"floor":41,"key":"AttackPotion"},{"floor":42,"key":"FearPotion"},{"floor":47,"key":"FearPotion"}],"is_trial":false,"path_per_floor":["M","?","?","$","?","E","$","E","T","M","M","?","?","M","R","B",null,"M","M","?","?","$","E","M","R","T","R","T","E","R","M","R","B",null,"M","?","?","M","M","R","M","M","T","$","M","R","E","?","R","B",null],"character_chosen":"IRONCLAD","items_purchased":["Lantern","Shrug It Off","Molten Egg 2","Clash+1","ReplayTheSpireMod:CursedCoin","Ornamental Fan","Snack Pack","King of Hearts","Perfected Strike+1"],"campfire_rested":6,"item_purchase_floors":[4,4,7,7,7,22,44,44,44],"current_hp_per_floor":[72,72,61,61,61,45,45,31,31,36,42,42,42,42,42,10,72,72,72,72,72,72,65,51,76,76,76,76,57,82,84,84,33,84,84,84,84,78,83,84,80,79,79,79,78,84,49,39,64,21],"gold":141,"neow_bonus":"ONE_RARE_RELIC","is_daily":false,"chose_seed":false,"campfire_upgraded":1,"win_rate":0.0,"timestamp":1609068258,"path_taken":["M","?","?","$","?","E","$","E","T","M","?","?","?","?","R","BOSS","M","M","?","?","$","E","M","R","T","R","?","E","R","M","R","BOSS","M","?","?","?","M","R","M","M","T","$","M","R","E","?","R","BOSS"],"items_purchased_type":["Relic","Card","Relic","Card","Relic","Relic","Relic","Relic","Card"],"build_version":"2020-12-22","purchased_purges":1,"victory":true,"max_hp_per_floor":[72,72,72,72,72,72,72,72,72,72,72,72,72,72,72,72,72,72,76,76,76,76,80,84,84,84,84,84,84,84,84,84,84,84,84,84,84,84,84,84,84,84,84,84,84,84,84,84,84,84],"card_choices":[{"not_picked":["Fire Breathing","ReplayReversal"],"picked":"Heavy Blade","floor":1},{"not_picked":["Uppercut","Evolve"],"picked":"ReplayTheSpireMod:Muscle Training","floor":6},{"not_picked":["Second Wind","Heavy Blade+1"],"picked":"Thunderclap+1","floor":8},{"not_picked":["Feel No Pain","Run Through+1"],"picked":"ReplayTheSpireMod:LeadingStrike+1","floor":10},{"not_picked":["Headbutt+1","Sword Boomerang+1"],"picked":"ReplayTheSpireMod:Stacked","floor":11},{"not_picked":["Brutality","Sever Soul+1"],"picked":"Flex","floor":14},{"not_picked":["Barricade","Corruption"],"picked":"Feed+1","floor":16},{"not_picked":["Wild Strike+1","Thunderclap+1"],"picked":"Perfected Strike+1","floor":18},{"not_picked":["True Grit","ReplayTheSpireMod:Strike From Hell+1"],"picked":"Pommel Strike+1","floor":19},{"not_picked":["Rupture+1","Defy Death+1","ReplayTheSpireMod:Muscle Training"],"picked":"SKIP","floor":23},{"not_picked":["Run Through+1","Fire Breathing+1"],"picked":"Inflame","floor":24},{"not_picked":["Disarm","Sever Soul+1","Combust"],"picked":"SKIP","floor":29},{"not_picked":["Carnage+1","True Grit+1"],"picked":"Run Through+1","floor":31},{"not_picked":["Fiend Fire+1","Berserk"],"picked":"Offering","floor":33},{"not_picked":["Shrug It Off","Metallicize+1"],"picked":"Clash+1","floor":35},{"not_picked":["Sentinel+1","ReplayTheSpireMod:Muscle Training"],"picked":"Flex+1","floor":38},{"not_picked":["Fire Breathing+1","Havoc+1"],"picked":"Clash+1","floor":39},{"not_picked":["Run Through+1","Combust"],"picked":"ReplayTheSpireMod:Limb From Limb+1","floor":41},{"not_picked":["Replay:Undeath\u0027s Touch+1","Body Slam+1"],"picked":"Reckless Charge+1","floor":42},{"not_picked":["Sword Boomerang+1","Flame Barrier+1"],"picked":"Anger+1","floor":45},{"not_picked":["ReplayTheSpireMod:Limb From Limb+1","Hemogenesis+1"],"picked":"Anger+1","floor":47},{"not_picked":["Body Slam+1","Seeing Red"],"picked":"Anger+1","floor":48}],"player_experience":322013,"relics_obtained":[{"floor":6,"key":"ReplayTheSpireMod:TigerMarble"},{"floor":8,"key":"Replay:Wax Seal"},{"floor":9,"key":"Centennial Puzzle"},{"floor":23,"key":"Happy Flower"},{"floor":26,"key":"Art of War"},{"floor":28,"key":"Replay:Bottled Flurry"},{"floor":29,"key":"Vajra"},{"floor":43,"key":"Juzu Bracelet"},{"floor":47,"key":"Bag of Marbles"},{"floor":48,"key":"Pocketwatch"}],"event_choices":[{"damage_healed":0,"gold_gain":0,"player_choice":"Ignored","damage_taken":0,"max_hp_gain":0,"max_hp_loss":0,"event_name":"Liars Game","floor":2,"gold_loss":0},{"damage_healed":0,"gold_gain":75,"player_choice":"Gather Gold","damage_taken":11,"max_hp_gain":0,"max_hp_loss":0,"event_name":"World of Goop","floor":3,"gold_loss":0},{"damage_healed":0,"gold_gain":0,"player_choice":"Ignored","damage_taken":0,"max_hp_gain":0,"max_hp_loss":0,"event_name":"Golden Idol","floor":12,"gold_loss":0},{"damage_healed":0,"gold_gain":0,"player_choice":"Bought 0 Potions","damage_taken":0,"max_hp_gain":0,"max_hp_loss":0,"event_name":"The Woman in Blue","floor":13,"gold_loss":0},{"damage_healed":0,"gold_gain":0,"player_choice":"Ignored","damage_taken":0,"max_hp_gain":0,"max_hp_loss":0,"event_name":"Purifier","floor":37,"gold_loss":0},{"damage_healed":0,"gold_gain":0,"player_choice":"Fight","damage_taken":0,"max_hp_gain":0,"max_hp_loss":0,"event_name":"Mysterious Sphere","floor":48,"gold_loss":0}],"is_beta":false,"boss_relics":[{"not_picked":["Replay:Bronze Core","Calling Bell"],"picked":"Fusion Hammer"},{"not_picked":["Snecko Eye","Empty Cage"],"picked":"Runic Cube"}],"items_purged_floors":[7],"is_endless":false,"potions_floor_spawned":[1,8,11,14,18,29,33,38,41,42,47],"ascension_level":0}}