{"host":"28p8ce41sjwa6lzf","time":1609042179,"event":{"mods":["AchievementEnabler","BaseMod","Colored Map","Colored Powertips","Highlight Path","Minty Spire (QoL Compilation)","Permanent Neow","Quick Restart","Random Character Button","Rare Cards Sparkle","Relic Stats","StSLib"],"gold_per_floor":[118,134,146,162,178,178,192,203,284,310,322,472,486,16,16,88,88,103,117,135,135,135],"floor_reached":21,"playtime":1390,"items_purged":["Strike_G"],"score":378,"play_id":"022cf8ec-da47-4788-9f14-fe3f9e4f3176","local_time":"20201226220939","is_ascension_mode":true,"campfire_choices":[{"data":"Unload","floor":6.0,"key":"SMITH"},{"data":"Prepared","floor":15.0,"key":"SMITH"}],"circlet_count":0,"master_deck":["AscendersBane","Strike_G","Strike_G","Strike_G","Strike_G","Defend_G","Defend_G","Defend_G","Defend_G","Defend_G","Survivor","Neutralize","Unload+1","Deflect","Cloak And Dagger","Deadly Poison","Cloak And Dagger","Deadly Poison","Prepared","Dash","Bane+1","Prepared+1","Doubt","Deflect","Outmaneuver","Wraith Form v2","Noxious Fumes+1","Reflex+1"],"relics":["Ring of the Snake","Molten Egg 2","Akabeko","Lee\u0027s Waffle","PreservedInsect","Coffee Dripper"],"acts_visited":["Exordium","TheCity"],"potions_floor_usage":[16],"damage_taken":[{"damage":1.0,"enemies":"Cultist","floor":1.0,"turns":3.0},{"damage":0.0,"enemies":"2 Louse","floor":2.0,"turns":3.0},{"damage":1.0,"enemies":"Jaw Worm","floor":3.0,"turns":4.0},{"damage":0.0,"enemies":"Red Slaver","floor":4.0,"turns":4.0},{"damage":12.0,"enemies":"Exordium Thugs","floor":5.0,"turns":5.0},{"damage":3.0,"enemies":"Blue Slaver","floor":7.0,"turns":4.0},{"damage":0.0,"enemies":"2 Fungi Beasts","floor":8.0,"turns":3.0},{"damage":23.0,"enemies":"Lagavulin","floor":10.0,"turns":6.0},{"damage":11.0,"enemies":"Exordium Thugs","floor":11.0,"turns":5.0},{"damage":5.0,"enemies":"Large Slime","floor":13.0,"turns":8.0},{"damage":43,"enemies":"The Guardian","floor":16,"turns":11},{"damage":8,"enemies":"Chosen","floor":18,"turns":3},{"damage":17,"enemies":"3 Byrds","floor":19,"turns":5},{"damage":21,"enemies":"Snake Plant","floor":20,"turns":5},{"damage":18,"enemies":"Sentry and Sphere","floor":21,"turns":3}],"seed_played":"5934551766771420858","potions_obtained":[{"floor":1.0,"key":"CultistPotion"},{"floor":2.0,"key":"Energy Potion"},{"floor":11.0,"key":"LiquidBronze"},{"floor":13.0,"key":"Strength Potion"},{"floor":19,"key":"AttackPotion"}],"is_trial":false,"path_per_floor":["M","M","M","M","M","R","M","M","T","E","M","?","M","$","R","B",null,"M","M","M","M"],"character_chosen":"THE_SILENT","items_purchased":["Lee\u0027s Waffle","PreservedInsect","Outmaneuver"],"campfire_rested":0,"item_purchase_floors":[14,14,14],"current_hp_per_floor":[58,58,57,57,45,45,42,42,42,19,8,8,3,73,73,30,62,54,37,16,0,0],"gold":135,"neow_bonus":"ONE_RANDOM_RARE_CARD","is_daily":false,"chose_seed":false,"campfire_upgraded":2,"win_rate":0.0,"timestamp":1609042179,"path_taken":["M","M","M","M","M","R","M","?","T","E","M","?","M","$","R","BOSS","M","M","M","M"],"items_purchased_type":["Relic","Relic","Card"],"build_version":"2020-12-22","purchased_purges":1,"victory":false,"max_hp_per_floor":[66,66,66,66,66,66,66,66,66,66,66,66,66,73,73,73,73,73,73,73,73,73],"relic_stats":{"Lee\u0027s Waffle":70,"counters":[15,72],"PreservedInsect":0,"obtain_stats":[{"Lee\u0027s Waffle":14,"Molten Egg 2":9,"PreservedInsect":14,"Coffee Dripper":17,"Akabeko":10,"Ring of the Snake":0},{"Lee\u0027s Waffle":10,"Molten Egg 2":7,"PreservedInsect":10,"Coffee Dripper":11,"Akabeko":8,"Ring of the Snake":0},{"Lee\u0027s Waffle":45,"Molten Egg 2":26,"PreservedInsect":45,"Coffee Dripper":56,"Akabeko":32,"Ring of the Snake":0}],"Ring of the Snake":[30]},"card_choices":[{"not_picked":["Heel Hook","Caltrops"],"picked":"Deflect","floor":1.0},{"not_picked":["Backflip","Sucker Punch"],"picked":"Cloak And Dagger","floor":2.0},{"not_picked":["Backstab","Endless Agony"],"picked":"Deadly Poison","floor":3.0},{"not_picked":["Accuracy","Underhanded Strike"],"picked":"Cloak And Dagger","floor":4.0},{"not_picked":["Acrobatics","Riddle With Holes"],"picked":"Deadly Poison","floor":5.0},{"not_picked":["Calculated Gamble","Skewer"],"picked":"Prepared","floor":7.0},{"not_picked":["Backflip","Heel Hook"],"picked":"Dash","floor":8.0},{"not_picked":["Masterful Stab+1","Underhanded Strike+1"],"picked":"Bane+1","floor":10.0},{"not_picked":["Bane+1","Accuracy"],"picked":"Prepared","floor":11.0},{"not_picked":["Masterful Stab+1","Deadly Poison"],"picked":"Deflect","floor":13.0},{"not_picked":["Burst","Glass Knife+1"],"picked":"Wraith Form v2","floor":16},{"not_picked":["Slice+1","PiercingWail"],"picked":"Noxious Fumes+1","floor":18},{"not_picked":["Sucker Punch+1","Infinite Blades"],"picked":"Reflex+1","floor":19},{"not_picked":["Backflip","Accuracy","Outmaneuver"],"picked":"SKIP","floor":20}],"player_experience":1049790,"relics_obtained":[{"floor":9.0,"key":"Molten Egg 2"},{"floor":10.0,"key":"Akabeko"}],"event_choices":[{"damage_healed":0.0,"max_hp_gain":0.0,"max_hp_loss":0.0,"gold_gain":150.0,"event_name":"Liars Game","player_choice":"AGREE","floor":12.0,"gold_loss":0.0,"damage_taken":0.0,"cards_obtained":["Doubt"]}],"is_beta":false,"boss_relics":[{"not_picked":["Velvet Choker","SacredBark"],"picked":"Coffee Dripper"}],"items_purged_floors":[14],"is_endless":false,"potions_floor_spawned":[1,2,4,11,13,19,20],"killed_by":"Sentry and Sphere","ascension_level":20}}