{"host":"kt8hnmh0cryhc4tq","time":1609050419,"event":{"mods":["Act Like it!","Ascension Reborn","BaseMod","CapriCore","Colored Powertips","Gensokyo","Lobotomy","LobotomyExtend","Minty Spire (QoL Compilation)","Remilia（蕾米莉亚）","RumiaBox-露米娅的神秘盒子","Shop Mod","StSLib","TestMod","Yakumo Yukari mod","noobMod","【功能Mod】混沌之环修复补丁"],"gold_per_floor":[123,123,147,164,180,180,204,33,122,122,135,34,64,64,64,479,479,678,702,702,715,169,169,49,49,107,107,107,446,0,11,11,124,124,141,141,141,430,251,251,459,459,552,552,552,351,351,374,374,374,374,374,374,243,276,276],"floor_reached":57,"playtime":4077,"items_purged":["FieryBird","BigBird","Gluttony_TH"],"score":485,"play_id":"7c4ce498-7b09-44eb-8c7b-598cd5c3b3cc","local_time":"20201227142659","is_ascension_mode":true,"campfire_choices":[{"data":"EternalNight","floor":6,"key":"SMITH"},{"data":"ScarletImprint","floor":10,"key":"SMITH"},{"data":"Stigmanizer","floor":15,"key":"SMITH"},{"data":"BloodHunter","floor":25,"key":"SMITH"},{"data":"HeartBreak","floor":27,"key":"SMITH"},{"data":"Gensokyo:FourOfAKind","floor":32,"key":"SMITH"},{"floor":42,"key":"RECALL"},{"data":"Gensokyo:FourOfAKind","floor":45,"key":"SMITH"},{"data":"KillingBlow","floor":47,"key":"SMITH"},{"data":"VampirishNight","floor":49,"key":"SMITH"},{"floor":53,"key":"REST"}],"circlet_count":0,"master_deck":["ApocalypseBird","PunishingBird","LongBird","Strike_RM+1","Strike_RM+1","Strike_RM+1","Defend_RM+1","Defend_RM+1","Defend_RM+1","RedMoon+1","ScarletShoot+1","EternalNight+1","BombardNight+1","VampirishNight+1","ScarletImprint+1","Stigmanizer+1","BloodHunter+1","EternalNight+1","HeartBreak+1","OSAHOGD","BlasphemousPunishment+1","Gensokyo:MissMary+1","DiffusionOfMisfortune+1","Gensokyo:FourOfAKind+1","Gensokyo:FourOfAKind+1","Gensokyo:FourOfAKind+1","Gensokyo:FourOfAKind+1","UltimateOffering+1","KillingBlow+1","Lust_TH","Doubt","Gensokyo:ScrapIron"],"relics":["ScarletHat","testmod-TestBox","ice","testmod-ArcanaOfDestiny","CogitoBucket","RabbitCall","LetterFromLob","Ice Cream","MerchantsRug","testmod-IndustrialRevolution","Juzu Bracelet","Gungnir","Justitia_r","Toy Ornithopter","Regal Pillow","MagicDraw1","SkinProphecy","testmod-Charity","OrangePellets","Twilight","Gensokyo:LionMask","Ccalipers","Lamp_r","Oddly Smooth Stone","WingedGreaves","Philosopher\u0027s Stone","AtMidnight","Singing Bowl","testmod-Justice","Gensokyo:EmptyGrave","Sundial","Molten Egg 2","testmod-BouquetWithThorns","testmod-Laevatain","Frozen Eye","testmod-ThousandKnives"],"acts_visited":["Gensokyo:Gensokyo","Gensokyo:Gensokyoer","Gensokyo:Gensokyoest","TheEnding"],"potions_floor_usage":[1,7,13,23,23,31,41,50],"damage_taken":[{"damage":0,"enemies":"Gensokyo:2_Kodama","floor":1,"turns":1},{"damage":2,"enemies":"Gensokyo:3_Fairies","floor":3,"turns":3},{"damage":0,"enemies":"Gensokyo:Gryphon","floor":4,"turns":1},{"damage":5,"enemies":"Gensokyo:3_Kodama","floor":5,"turns":2},{"damage":0,"enemies":"Gensokyo:2_Rabbits","floor":7,"turns":4},{"damage":22,"enemies":"Gensokyo:LivingMonolith","floor":11,"turns":3},{"damage":1,"enemies":"Gensokyo:Aya","floor":13,"turns":3},{"damage":10,"enemies":"Gensokyo:Reimu","floor":16,"turns":6},{"damage":13,"enemies":"Gensokyo:2_Gloops","floor":18,"turns":5},{"damage":8,"enemies":"Gensokyo:AngelMirror","floor":19,"turns":1},{"damage":3,"enemies":"Gensokyo:Chomper_and_Gloop","floor":21,"turns":3},{"damage":34,"enemies":"Gensokyo:Tenshi","floor":23,"turns":6},{"damage":16,"enemies":"Gensokyo:Tenshi","floor":29,"turns":2},{"damage":0,"enemies":"Gensokyo:Swordslinger","floor":31,"turns":1},{"damage":1,"enemies":"Gensokyo:Eternal_Rivals","floor":33,"turns":2},{"damage":16,"enemies":"Gensokyo:3_Bats","floor":35,"turns":3},{"damage":7,"enemies":"Gensokyo:Marisa","floor":41,"turns":3},{"damage":2,"enemies":"Gensokyo:3_Boulders","floor":48,"turns":2},{"damage":16,"enemies":"Gensokyo:Scarlet_Devils","floor":50,"turns":4},{"damage":40,"enemies":"Shield and Spear","floor":55,"turns":3},{"damage":53,"enemies":"The Heart","floor":56,"turns":3}],"seed_played":"-8914623805816341204","potions_obtained":[{"floor":1,"key":"EntropicBrew"},{"floor":3,"key":"EssenceOfSteel"},{"floor":5,"key":"Swift Potion"},{"floor":5,"key":"EntropicBrew"},{"floor":7,"key":"AttackPotion"},{"floor":18,"key":"Energy Potion"},{"floor":23,"key":"GamblersBrew"},{"floor":29,"key":"AttackPotion"},{"floor":31,"key":"DuplicationPotion"},{"floor":33,"key":"Block Potion"},{"floor":41,"key":"PowerPotion"}],"is_trial":false,"path_per_floor":["M","?","M","M","M","R","M","COS","T","R","M","$","E","?","R","B",null,"M","M","T","M","COS","E","?","R","T","R","?","E","?","M","R","B",null,"M","?","?","$","$","?","E","R","T","T","R","COS","R","M","R","B",null,null,"R","$","E","B",null],"character_chosen":"REMILIA","items_purchased":["MerchantsRug","BloodHunter","testmod-Justice","Energy Potion"],"campfire_rested":1,"item_purchase_floors":[12,12,39,54],"current_hp_per_floor":[80,80,78,80,80,80,80,80,80,80,63,63,69,37,37,77,85,78,70,70,76,76,73,73,73,74,74,62,57,57,61,61,71,77,83,75,75,79,79,79,83,83,88,88,88,88,88,93,93,100,100,100,100,100,60,112],"gold":276,"neow_bonus":"","is_daily":false,"chose_seed":false,"campfire_upgraded":9,"win_rate":0.0,"timestamp":1609050419,"path_taken":["M","?","M","?","M","R","M","COS","T","R","M","$","E","?","R","BOSS","M","M","?","M","COS","E","?","R","T","R","?","E","?","M","R","BOSS","M","?","?","?","$","?","E","R","T","?","R","COS","R","M","R","BOSS","R","$","E","BOSS"],"items_purchased_type":["Relic","Card","Relic","Potion"],"build_version":"2020-12-22","purchased_purges":3,"victory":true,"max_hp_per_floor":[80,80,80,80,80,80,80,80,80,80,80,80,80,80,80,85,85,85,85,85,85,85,87,87,87,88,88,62,66,66,69,69,77,77,84,84,84,88,88,81,87,87,88,88,88,88,88,93,93,100,100,100,100,100,105,112],"card_choices":[{"not_picked":["GreedKing","VoidDream","Scorched"],"picked":"Singing Bowl","floor":1},{"not_picked":["VoidDream","OldLady"],"picked":"PunishingBird","floor":1},{"not_picked":["RedRainbow","UnderTheZenith"],"picked":"EternalNight","floor":1},{"not_picked":["UnstableMagic","FavorOfDestiny"],"picked":"BombardNight","floor":3},{"not_picked":["Freischutz","ShyLook"],"picked":"FieryBird","floor":3},{"not_picked":["BeautyBeast","Woodsman","Wellcheers"],"picked":"Singing Bowl","floor":4},{"not_picked":["BloodyMagicSquare","ScarletDevil"],"picked":"VampirishNight","floor":4},{"not_picked":["BombardNight","BloodyCatastrophe"],"picked":"ScarletImprint","floor":5},{"not_picked":["Wellcheers","Murderer","OldLady"],"picked":"Singing Bowl","floor":5},{"not_picked":["ChainGang","EmergencyRegeneration"],"picked":"ScarletImprint","floor":7},{"not_picked":["FairyFestival","WallGazer","CrumblingArmor"],"picked":"Singing Bowl","floor":7},{"not_picked":["GlobalNightmare","AfternoonTea"],"picked":"Stigmanizer","floor":11},{"not_picked":["OldLady","WallGazer","Alriune"],"picked":"Singing Bowl","floor":11},{"not_picked":["ChainGang","EmergencyRegeneration"],"picked":"EternalNight","floor":13},{"not_picked":["Scorched","MeatLantern","UniverseFragment"],"picked":"Singing Bowl","floor":13},{"not_picked":["DemonKingCradle","EquivalentExchange"],"picked":"HeartBreak","floor":16},{"not_picked":["Yin","Bloodbath"],"picked":"LongBird","floor":16},{"not_picked":["SnowQueen","MeatLantern"],"picked":"OSAHOGD","floor":18},{"not_picked":["VampirishNight","ScarletImprint+1","ScarletDevilSign"],"picked":"SKIP","floor":18},{"not_picked":["NothingThere","BeautyBeast","MHz"],"picked":"Singing Bowl","floor":19},{"not_picked":["StarOfDavid+1","DevilSight","RedRainbow"],"picked":"SKIP","floor":19},{"not_picked":["ShyLook","Scarecrow","SingingMachine"],"picked":"Singing Bowl","floor":21},{"not_picked":["CrumblingArmor","CherryBlossoms"],"picked":"BigBird","floor":21},{"not_picked":["MastersStateliness","SuperhumanBloodyKnife+1"],"picked":"BlasphemousPunishment+1","floor":21},{"not_picked":["StarOfDavid","ScarletImprint"],"picked":"DiffusionOfMisfortune+1","floor":23},{"not_picked":["HeroicMonk","NakedNest","Yin"],"picked":"Singing Bowl","floor":23},{"not_picked":["NightLord","UnstableMagic+1"],"picked":"UltimateOffering","floor":29},{"not_picked":["CherryBlossoms","LaLuna","SpiderBud"],"picked":"Singing Bowl","floor":29},{"not_picked":["Porccubus","Scorched","FieryBird"],"picked":"Singing Bowl","floor":31},{"not_picked":["ScarletDevilSign","ChainGang","ScarletDevil"],"picked":"SKIP","floor":31},{"not_picked":["CurseOfVladTepes","ScarletMeister"],"picked":"KillingBlow","floor":33},{"not_picked":["HappyTeddy","CrumblingArmor","OldLady"],"picked":"Singing Bowl","floor":33},{"not_picked":["UnstableMagic","SuperhumanBloodyKnife","GlobalNightmare"],"picked":"Singing Bowl","floor":35},{"not_picked":["NakedNest","UniverseFragment"],"picked":"DespairKnight","floor":35},{"not_picked":["VoidDream","BlackArmy","BlueStar"],"picked":"Singing Bowl","floor":41},{"not_picked":["TricksterDevil","NightLord","MastersStateliness+1"],"picked":"Singing Bowl","floor":41},{"not_picked":["Variant","GreedKing","LittleHelper"],"picked":"Singing Bowl","floor":48},{"not_picked":["UltimateOffering+1","Stigmanizer+1","BombardNight+1"],"picked":"Singing Bowl","floor":48},{"not_picked":["BlackArmy","BigBird","LittleHelper"],"picked":"Singing Bowl","floor":55},{"not_picked":["EndlessAdversity+1","NightLord+1","RedNightlessCastle+1"],"picked":"Singing Bowl","floor":55}],"player_experience":99858,"relics_obtained":[{"floor":1,"key":"LetterFromLob"},{"floor":3,"key":"Ice Cream"},{"floor":9,"key":"Dream Catcher"},{"floor":13,"key":"Juzu Bracelet"},{"floor":16,"key":"Lizard Tail"},{"floor":18,"key":"Toy Ornithopter"},{"floor":19,"key":"Du-Vu Doll"},{"floor":20,"key":"Regal Pillow"},{"floor":20,"key":"MagicDraw1"},{"floor":23,"key":"Twilight"},{"floor":26,"key":"Ccalipers"},{"floor":29,"key":"Art of War"},{"floor":31,"key":"Oddly Smooth Stone"},{"floor":33,"key":"WingedGreaves"},{"floor":35,"key":"AtMidnight"},{"floor":35,"key":"Singing Bowl"},{"floor":41,"key":"Sundial"},{"floor":43,"key":"Molten Egg 2"},{"floor":44,"key":"testmod-BouquetWithThorns"},{"floor":44,"key":"testmod-Laevatain"},{"floor":55,"key":"testmod-ThousandKnives"}],"event_choices":[{"damage_healed":0,"gold_gain":0,"player_choice":"Ignored","damage_taken":8,"max_hp_gain":0,"max_hp_loss":0,"event_name":"恩洛斯的盘子","floor":36,"gold_loss":0}],"is_beta":false,"boss_relics":[{"not_picked":["Runic Dome","Coffee Dripper"],"picked":"testmod-Nine"},{"not_picked":["AddBug","Black Star"],"picked":"Philosopher\u0027s Stone"}],"items_purged_floors":[12,38,54],"is_endless":false,"potions_floor_spawned":[5,7],"ascension_level":-20}}