{"host":"ow9msrs9p2ctkx99","time":1609076568,"event":{"mods":["AchievementEnabler","BaseMod","Colored Map","Colored Powertips","Minty Spire (QoL Compilation)","Permanent Neow","Quick Restart","SuperFastMode"],"gold_per_floor":[213,213,213,225,72,100,100,129,129,129,156,156,183,205,205,311,311,339,35,62,71,71,71,111,111,111,123,123,133,155,199,199,312,312,330,353,353,378,29,29,50,91,91,112,138,138,196,216,216,216,216],"floor_reached":50,"playtime":1718,"items_purged":["Regret","Strike_B"],"score":943,"play_id":"a025d5f1-487f-40fe-a726-ec67fbedf2a0","local_time":"20201227144248","is_ascension_mode":true,"campfire_choices":[{"floor":7.0,"key":"REST"},{"floor":10.0,"key":"REST"},{"data":"Defragment","floor":15.0,"key":"SMITH"},{"data":"Coolheaded","floor":23.0,"key":"SMITH"},{"data":"Zap","floor":25.0,"key":"SMITH"},{"floor":32.0,"key":"REST"},{"floor":40.0,"key":"RECALL"},{"floor":46,"key":"REST"},{"floor":49,"key":"REST"}],"circlet_count":0,"master_deck":["AscendersBane","Strike_B","Strike_B","Defend_B","Defend_B","Defend_B","Zap+1","Dualcast","Undo","Defragment+1","Doom and Gloom","Coolheaded+1","Beam Cell+1","Barrage+1","Conserve Battery","Hyperbeam+1","Chill","Compile Driver+1","Glacier+1","Cold Snap+1","Hologram","Hologram","Skim","Meteor Strike+1","Go for the Eyes+1","FTL+1","Loop+1","Lockon+1","Redo","Sweeping Beam+1","FTL+1"],"relics":["FrozenCore","Matryoshka","Blue Candle","Molten Egg 2","CeramicFish","Potion Belt","Nuclear Battery","Mercury Hourglass","Nilry\u0027s Codex","Art of War","Akabeko","StrikeDummy","Bag of Marbles","Cables","Pear","Mango"],"acts_visited":["Exordium","TheCity","TheBeyond"],"potions_floor_usage":[42,47],"damage_taken":[{"damage":8.0,"enemies":"Small Slimes","floor":1.0,"turns":3.0},{"damage":6.0,"enemies":"Jaw Worm","floor":4.0,"turns":4.0},{"damage":23.0,"enemies":"3 Sentries","floor":6.0,"turns":5.0},{"damage":37.0,"enemies":"Gremlin Nob","floor":8.0,"turns":5.0},{"damage":0.0,"enemies":"Cultist","floor":11.0,"turns":3.0},{"damage":1.0,"enemies":"Looter","floor":13.0,"turns":4.0},{"damage":0.0,"enemies":"2 Fungi Beasts","floor":14.0,"turns":2.0},{"damage":21.0,"enemies":"Slime Boss","floor":16.0,"turns":6.0},{"damage":9.0,"enemies":"2 Thieves","floor":18.0,"turns":2.0},{"damage":4.0,"enemies":"Chosen","floor":20.0,"turns":4.0},{"damage":0.0,"enemies":"Gremlin Leader","floor":24.0,"turns":7.0},{"damage":0.0,"enemies":"Centurion and Healer","floor":27.0,"turns":6.0},{"damage":2.0,"enemies":"Snake Plant","floor":29.0,"turns":3.0},{"damage":6.0,"enemies":"Sentry and Sphere","floor":30.0,"turns":4.0},{"damage":4.0,"enemies":"Slavers","floor":31.0,"turns":3.0},{"damage":14.0,"enemies":"Champ","floor":33.0,"turns":13.0},{"damage":0.0,"enemies":"3 Darklings","floor":35.0,"turns":1.0},{"damage":7.0,"enemies":"Orb Walker","floor":36.0,"turns":3.0},{"damage":5.0,"enemies":"Sphere and 2 Shapes","floor":38.0,"turns":2.0},{"damage":12,"enemies":"Writhing Mass","floor":41,"turns":7},{"damage":4,"enemies":"Giant Head","floor":42,"turns":10},{"damage":19,"enemies":"Transient","floor":44,"turns":5},{"damage":14,"enemies":"Spire Growth","floor":45,"turns":4},{"damage":0,"enemies":"2 Orb Walkers","floor":47,"turns":5},{"damage":20,"enemies":"Writhing Mass","floor":48,"turns":4},{"damage":75,"enemies":"Donu and Deca","floor":50,"turns":6}],"seed_played":"-1338983817244514318","potions_obtained":[{"floor":1.0,"key":"Block Potion"},{"floor":8.0,"key":"LiquidBronze"},{"floor":18.0,"key":"DuplicationPotion"},{"floor":24.0,"key":"SteroidPotion"},{"floor":29.0,"key":"LiquidBronze"},{"floor":33.0,"key":"Fruit Juice"},{"floor":36.0,"key":"DuplicationPotion"},{"floor":37.0,"key":"CultistPotion"},{"floor":44,"key":"SneckoOil"},{"floor":48,"key":"EntropicBrew"}],"is_trial":false,"path_per_floor":["M","?","?","M","$","E","R","E","T","R","M","?","M","M","R","B",null,"M","$","M","?","?","R","E","R","T","M","?","M","M","E","R","B",null,"M","M","?","M","$","R","M","E","T","M","M","R","?","M","R","B"],"character_chosen":"DEFECT","items_purchased":["Doom and Gloom","Compile Driver+1","Mercury Hourglass","Cables"],"campfire_rested":5,"item_purchase_floors":[5,19,19,39],"current_hp_per_floor":[60,53,53,47,47,24,46,9,9,31,31,31,30,30,30,9,59,50,50,46,46,30,30,30,30,30,30,30,28,22,18,40,26,63,63,56,61,56,56,56,44,50,50,31,17,44,58,38,69,0,0],"gold":216,"neow_bonus":"HUNDRED_GOLD","is_daily":false,"chose_seed":false,"campfire_upgraded":3,"win_rate":0.0,"timestamp":1609076568,"path_taken":["M","?","?","M","$","E","R","E","T","R","M","?","M","M","R","BOSS","M","$","?","?","?","R","E","R","T","M","?","?","M","E","R","BOSS","M","M","?","?","$","R","M","E","T","M","M","R","?","M","R","BOSS"],"items_purchased_type":["Card","Card","Relic","Relic"],"build_version":"2020-12-22","purchased_purges":2,"victory":false,"max_hp_per_floor":[75,75,75,75,75,75,75,75,75,75,75,75,75,75,75,75,75,75,75,75,75,75,75,75,75,75,75,75,75,75,75,75,75,75,75,75,80,80,80,80,80,90,90,90,90,90,104,104,104,104,104],"card_choices":[{"not_picked":["Force Field","Go for the Eyes"],"picked":"Undo","floor":1.0},{"not_picked":["Steam Power","Ball Lightning"],"picked":"Defragment","floor":4.0},{"not_picked":["Go for the Eyes","Loop","Consume"],"picked":"SKIP","floor":6.0},{"not_picked":["Recycle","Self Repair"],"picked":"Coolheaded","floor":8.0},{"not_picked":["Go for the Eyes+1","Hello World"],"picked":"Beam Cell+1","floor":11.0},{"not_picked":["Thunder Strike+1","Beam Cell+1"],"picked":"Barrage+1","floor":13.0},{"not_picked":["Defragment","Steam"],"picked":"Conserve Battery","floor":14.0},{"not_picked":["All For One+1","Creative AI"],"picked":"Hyperbeam+1","floor":16.0},{"not_picked":["Barrage+1","Beam Cell+1"],"picked":"Chill","floor":18.0},{"not_picked":["Fusion","Scrape+1"],"picked":"Glacier+1","floor":20.0},{"not_picked":["Storm","Rebound+1"],"picked":"Hologram","floor":24.0},{"not_picked":["Reprogram","Gash+1","Cold Snap+1"],"picked":"SKIP","floor":27.0},{"not_picked":["Hyperbeam+1","Streamline+1","Undo"],"picked":"SKIP","floor":29.0},{"not_picked":["Fusion","Rebound+1"],"picked":"Hologram","floor":30.0},{"not_picked":["Defragment","Storm"],"picked":"Skim","floor":31.0},{"not_picked":["Hyperbeam+1","Machine Learning"],"picked":"Meteor Strike+1","floor":33.0},{"not_picked":["Cold Snap+1","Gash+1","Auto Shields"],"picked":"SKIP","floor":35.0},{"not_picked":["Force Field+1","Double Energy+1"],"picked":"Go for the Eyes+1","floor":36.0},{"not_picked":["Reprogram","Stack"],"picked":"FTL+1","floor":38.0},{"not_picked":["Heatsinks","Beam Cell+1"],"picked":"Loop+1","floor":41},{"not_picked":["Double Energy+1","Aggregate+1"],"picked":"Lockon+1","floor":42},{"not_picked":["Ball Lightning+1","Fusion"],"picked":"Redo","floor":44},{"not_picked":["Compile Driver+1","Go for the Eyes+1"],"picked":"Sweeping Beam+1","floor":45},{"not_picked":["Glacier","Beam Cell+1"],"picked":"FTL+1","floor":47},{"not_picked":["Scrape+1","Meteor Strike+1","Go for the Eyes+1"],"picked":"SKIP","floor":48}],"player_experience":1098433,"relics_obtained":[{"floor":6.0,"key":"Blue Candle"},{"floor":8.0,"key":"Molten Egg 2"},{"floor":9.0,"key":"CeramicFish"},{"floor":9.0,"key":"Potion Belt"},{"floor":22.0,"key":"Nilry\u0027s Codex"},{"floor":24.0,"key":"Art of War"},{"floor":26.0,"key":"Akabeko"},{"floor":26.0,"key":"StrikeDummy"},{"floor":31.0,"key":"Bag of Marbles"},{"floor":42,"key":"Pear"},{"floor":47,"key":"Mango"}],"event_choices":[{"cards_removed":["Strike_B"],"damage_healed":0.0,"max_hp_gain":0.0,"max_hp_loss":0.0,"gold_gain":0.0,"event_name":"Golden Wing","player_choice":"Card Removal","floor":2.0,"gold_loss":0.0,"damage_taken":7.0},{"damage_healed":0.0,"max_hp_gain":0.0,"max_hp_loss":0.0,"gold_gain":0.0,"event_name":"Big Fish","player_choice":"Box","floor":3.0,"gold_loss":0.0,"damage_taken":0.0,"relics_obtained":["Matryoshka"],"cards_obtained":["Regret"]},{"cards_removed":["Defend_B"],"damage_healed":0.0,"max_hp_gain":0.0,"max_hp_loss":0.0,"gold_gain":0.0,"event_name":"Purifier","player_choice":"Purged","floor":12.0,"gold_loss":0.0,"damage_taken":0.0},{"damage_healed":0.0,"max_hp_gain":0.0,"max_hp_loss":0.0,"gold_gain":0.0,"event_name":"The Library","player_choice":"Read","floor":21.0,"gold_loss":0.0,"damage_taken":0.0,"cards_obtained":["Cold Snap"]},{"damage_healed":0.0,"max_hp_gain":0.0,"max_hp_loss":0.0,"gold_gain":0.0,"event_name":"Cursed Tome","player_choice":"Obtained Book","floor":22.0,"gold_loss":0.0,"damage_taken":16.0},{"damage_healed":0.0,"max_hp_gain":0.0,"max_hp_loss":0.0,"gold_gain":0.0,"event_name":"Match and Keep!","player_choice":"0 cards matched","floor":28.0,"gold_loss":0.0,"damage_taken":0.0,"cards_obtained":[]},{"damage_healed":0.0,"max_hp_gain":0.0,"max_hp_loss":0.0,"gold_gain":0.0,"event_name":"Lab","player_choice":"Got Potions","floor":37.0,"gold_loss":0.0,"damage_taken":0.0},{"damage_healed":0,"gold_gain":0,"player_choice":"Fight","damage_taken":0,"max_hp_gain":0,"max_hp_loss":0,"event_name":"Mysterious Sphere","floor":47,"gold_loss":0}],"is_beta":false,"boss_relics":[{"not_picked":["Velvet Choker","Philosopher\u0027s Stone"],"picked":"Nuclear Battery"},{"not_picked":["Tiny House","Busted Crown"],"picked":"FrozenCore"}],"items_purged_floors":[5,39],"is_endless":false,"potions_floor_spawned":[1,8,18,24,29,33,36,44,48],"killed_by":"Donu and Deca","ascension_level":12}}