{"host":"aaqofma31c3gm2hj","time":1609073254,"event":{"mods":["BaseMod","Minty Spire (QoL Compilation)","Replay The Spire","Spicy Shops","StSLib"],"gold_per_floor":[119,44,44,61,61,61,89,1,1,1,1,1,1,1],"floor_reached":13,"playtime":223,"items_purged":["Strike_B"],"score":208,"play_id":"5bf0a46d-7307-4d0f-a07a-e449434a1f84","local_time":"20201227204734","is_ascension_mode":true,"campfire_choices":[{"data":"ReplayTheSpireMod:Calculation Training","floor":6.0,"key":"SMITH"},{"data":"Skim","floor":10.0,"key":"SMITH"}],"circlet_count":0,"master_deck":["AscendersBane","Strike_B","Strike_B","Strike_B","Defend_B","Defend_B","Defend_B","Defend_B","Zap","Dualcast","ReplayTheSpireMod:Calculation Training+1","Skim+1","Machine Learning+1"],"relics":["Cracked Core","NeowsBlessing","ReplayTheSpireMod:Ring of Exchange","Matryoshka","Geode","TungstenRod","Replay:Antivirus Software","Pocketwatch"],"acts_visited":["Exordium"],"potions_floor_usage":[13],"damage_taken":[{"damage":0.0,"enemies":"2 Louse","floor":1.0,"turns":1.0},{"damage":0.0,"enemies":"Jaw Worm","floor":4.0,"turns":1.0},{"damage":0.0,"enemies":"Gremlin Nob","floor":7.0,"turns":1.0},{"damage":16,"enemies":"3 Sentries","floor":13,"turns":6}],"seed_played":"5964463129930559115","potions_obtained":[{"floor":1.0,"key":"PowerPotion"}],"is_trial":false,"path_per_floor":["M","$","?","M","?","R","E","$","T","R","T","?","E"],"character_chosen":"DEFECT","items_purchased":["Skim"],"campfire_rested":0,"item_purchase_floors":[8],"current_hp_per_floor":[64,64,64,64,69,69,69,69,69,69,69,69,53,53],"gold":1,"neow_bonus":"THREE_ENEMY_KILL","is_daily":false,"chose_seed":false,"campfire_upgraded":2,"win_rate":0.0,"timestamp":1609073254,"path_taken":["M","$","?","M","?","R","E","?","T","R","?","?","E"],"items_purchased_type":["Card"],"build_version":"2020-12-22","purchased_purges":1,"victory":false,"max_hp_per_floor":[71,71,71,71,76,76,76,76,76,76,76,76,76,76],"card_choices":[{"not_picked":["ReplayGash","Conserve Battery"],"picked":"ReplayTheSpireMod:Calculation Training","floor":1.0},{"not_picked":["Leap","Go for the Eyes","Conserve Battery"],"picked":"SKIP","floor":4.0},{"not_picked":["Steam","Sweeping Beam"],"picked":"ReplayTheSpireMod:System Scan","floor":7.0}],"player_experience":542878,"relics_obtained":[{"floor":3.0,"key":"ReplayTheSpireMod:Ring of Exchange"},{"floor":7.0,"key":"Matryoshka"},{"floor":9.0,"key":"Geode"},{"floor":9.0,"key":"TungstenRod"},{"floor":11.0,"key":"Replay:Antivirus Software"},{"floor":11.0,"key":"Pocketwatch"}],"event_choices":[{"damage_healed":0.0,"max_hp_gain":5.0,"max_hp_loss":0.0,"gold_gain":0.0,"event_name":"Big Fish","player_choice":"Donut","floor":5.0,"gold_loss":0.0,"damage_taken":0.0}],"is_beta":false,"boss_relics":[],"items_purged_floors":[2],"is_endless":false,"potions_floor_spawned":[1],"killed_by":"3 Sentries","ascension_level":20}}