{"host":"q8fgl2od8kqkd5ip","time":1609111357,"event":{"mods":["AchievementEnabler","BaseMod","Colored Map","Colored Powertips","Highlight Path","Minty Spire (QoL Compilation)","Rare Cards Sparkle","Replay The Spire","StSLib"],"gold_per_floor":[118,43,43,43,43,43,74,97,97,117,141,185,218,25,25,183,183,223,260,359,88,88,139,139,178,260,336,336,388,109,123,123,279,279,318,353,50,50,64],"floor_reached":40,"playtime":3364,"items_purged":["Defend_G","Strike_G","Eviscerate","Strike_G"],"score":523,"play_id":"be4ceebb-4649-4ffe-a74b-98921eb526f0","local_time":"20201228002237","is_ascension_mode":true,"campfire_choices":[{"data":"Bane","floor":6,"key":"SMITH"},{"floor":15,"key":"REST"},{"data":"Poison Darts","floor":24,"key":"SMITH"},{"floor":28,"key":"REST"}],"circlet_count":0,"master_deck":["Strike_G","Strike_G","Defend_G","Defend_G","Defend_G","Defend_G","Survivor","Neutralize+1","Bane+1","Blade Dance+1","Prepared","Noxious Fumes","Infinite Blades","Poison Darts+1","Backstab","ReplayTheSpireMod:Shiv Toss+1","Blade Dance","Replay:BasicMightCard","Burst+1","After Image+1"],"relics":["Ring of the Snake","Golden Idol","Tiny Chest","Replay:Bandana","Membership Card","Busted Crown","Chemical X","Snack Pack","MutagenicStrength","Bronze Scales","Eternal Feather","Replay:WaspNest","Iron Hammer","Oddly Smooth Stone","SlaversCollar","Bag of Marbles","Guide Book","Potion Belt"],"acts_visited":["Exordium","TheCity","TheBeyond"],"potions_floor_usage":[12,16,23,29,33,33,33,39,39],"damage_taken":[{"damage":2,"enemies":"Jaw Worm","floor":1,"turns":5},{"damage":5,"enemies":"Lagavulin","floor":7,"turns":6},{"damage":0,"enemies":"Small Slimes","floor":8,"turns":3},{"damage":0,"enemies":"2 Louse","floor":10,"turns":2},{"damage":0,"enemies":"Looter","floor":11,"turns":3},{"damage":26,"enemies":"Gremlin Nob","floor":12,"turns":4},{"damage":0,"enemies":"2 Fungi Beasts","floor":13,"turns":3},{"damage":21,"enemies":"Slime Boss","floor":16,"turns":10},{"damage":2,"enemies":"3 Byrds","floor":18,"turns":4},{"damage":10,"enemies":"2 Thieves","floor":19,"turns":4},{"damage":29,"enemies":"Gremlin Leader","floor":23,"turns":4},{"damage":16,"enemies":"Centurion and Healer","floor":25,"turns":3},{"damage":27,"enemies":"Slavers","floor":29,"turns":3},{"damage":8,"enemies":"Colosseum Slavers","floor":31,"turns":2},{"damage":26,"enemies":"Champ","floor":33,"turns":9},{"damage":18,"enemies":"3 Darklings","floor":35,"turns":5},{"damage":0,"enemies":"Orb Walker","floor":36,"turns":3},{"damage":61,"enemies":"Replay:Hell Engine","floor":39,"turns":8}],"seed_played":"-4184862645483460335","potions_obtained":[{"floor":1,"key":"Doom Potion"},{"floor":10,"key":"Energy Potion"},{"floor":13,"key":"Regen Potion"},{"floor":23,"key":"Fire Potion"},{"floor":29,"key":"BlessingOfTheForge"},{"floor":33,"key":"Elixir"},{"floor":36,"key":"Block Potion"}],"is_trial":false,"path_per_floor":["M","$","?","?","?","R","E","M","T","M","M","E","M","$","R","B",null,"M","M","?","$","?","E","R","M","T","T","R","E","$","?","R_BF","B",null,"M","M","$","?","B",null],"character_chosen":"THE_SILENT","items_purchased":["Membership Card","Infinite Blades","Chemical X","Block Potion","Snack Pack","Oddly Smooth Stone","Replay:BasicMightCard","Burst","Dexterity Potion","Bag of Marbles","Guide Book","Potion Belt"],"campfire_rested":2,"item_purchase_floors":[14,14,21,21,21,30,30,30,30,37,37,37],"current_hp_per_floor":[68,68,51,51,51,51,46,46,46,46,46,20,20,20,41,35,70,68,58,58,58,58,37,37,25,25,25,55,32,32,26,38,32,70,58,64,64,64,15],"gold":64,"neow_bonus":"UPGRADE_CARD","is_daily":false,"chose_seed":false,"campfire_upgraded":2,"win_rate":0.0,"timestamp":1609111357,"path_taken":["M","$","?","?","?","R","E","M","T","M","M","E","M","?","R","BOSS","M","M","?","$","?","E","R","M","T","?","R","E","$","?","R_BF","BOSS","M","M","$","?","BOSS"],"items_purchased_type":["Relic","Card","Relic","Potion","Relic","Relic","Card","Card","Potion","Relic","Relic","Relic"],"build_version":"2020-12-22","purchased_purges":4,"victory":true,"max_hp_per_floor":[70,70,70,70,70,70,70,70,70,70,70,70,70,70,70,70,70,70,70,70,70,70,70,70,70,70,70,70,70,70,70,70,70,70,70,70,70,70,70],"card_choices":[{"not_picked":["Outmaneuver","Escape Plan"],"picked":"Bane","floor":1},{"not_picked":["Quick Slash","Cloak And Dagger","Endless Agony"],"picked":"SKIP","floor":7},{"not_picked":["Caltrops","Backflip"],"picked":"Eviscerate","floor":8},{"not_picked":["Riddle With Holes","Hidden Blade"],"picked":"Prepared","floor":10},{"not_picked":["Choke","Escape Plan","Crippling Poison"],"picked":"SKIP","floor":11},{"not_picked":["ReplayTheSpireMod:The Works","Flechettes","All Out Attack"],"picked":"SKIP","floor":12},{"not_picked":["Skewer","Toxin Wave"],"picked":"Noxious Fumes","floor":13},{"not_picked":["ReplayTheSpireMod:Necrosis","Storm of Steel"],"picked":"Poison Darts","floor":16},{"not_picked":[],"picked":"Backstab","floor":18},{"not_picked":["Backflip+1"],"picked":"SKIP","floor":19},{"not_picked":[],"picked":"ReplayTheSpireMod:Shiv Toss+1","floor":23},{"not_picked":[],"picked":"Blade Dance","floor":25},{"not_picked":["Slice"],"picked":"SKIP","floor":29},{"not_picked":[],"picked":"After Image","floor":33},{"not_picked":["Flying Knee+1"],"picked":"SKIP","floor":35},{"not_picked":["Dagger Throw"],"picked":"SKIP","floor":36}],"player_experience":397854,"relics_obtained":[{"floor":9,"key":"Tiny Chest"},{"floor":12,"key":"Replay:Bandana"},{"floor":23,"key":"Bronze Scales"},{"floor":26,"key":"Eternal Feather"},{"floor":27,"key":"Replay:WaspNest"},{"floor":29,"key":"Iron Hammer"}],"event_choices":[{"damage_healed":0,"gold_gain":0,"player_choice":"Take Damage","damage_taken":17,"relics_obtained":["Golden Idol"],"max_hp_gain":0,"max_hp_loss":0,"event_name":"Golden Idol","floor":3,"gold_loss":0},{"damage_healed":0,"gold_gain":0,"player_choice":"Ignored","damage_taken":0,"max_hp_gain":0,"max_hp_loss":0,"event_name":"Liars Game","floor":4,"gold_loss":0},{"damage_healed":0,"gold_gain":99,"player_choice":"Stole From Cult","damage_taken":0,"max_hp_gain":0,"max_hp_loss":0,"event_name":"Nest","floor":20,"gold_loss":0},{"damage_healed":0,"gold_gain":0,"player_choice":"Inject Mutagens","damage_taken":0,"relics_obtained":["MutagenicStrength"],"max_hp_gain":0,"max_hp_loss":0,"event_name":"Drug Dealer","floor":22,"gold_loss":0},{"damage_healed":0,"gold_gain":0,"player_choice":"Fight","damage_taken":0,"max_hp_gain":0,"max_hp_loss":0,"event_name":"Colosseum","floor":31,"gold_loss":0},{"damage_healed":0,"gold_gain":0,"player_choice":"Fled From Nobs","damage_taken":0,"max_hp_gain":0,"max_hp_loss":0,"event_name":"Colosseum","floor":31,"gold_loss":0},{"damage_healed":0,"gold_gain":0,"player_choice":"Ignored","damage_taken":0,"max_hp_gain":0,"max_hp_loss":0,"event_name":"Cursed Tome","floor":32,"gold_loss":0},{"damage_healed":0,"gold_gain":0,"player_choice":"Took Portal","damage_taken":0,"max_hp_gain":0,"max_hp_loss":0,"event_name":"SecretPortal","floor":38,"gold_loss":0}],"is_beta":false,"boss_relics":[{"not_picked":["Sozu","Runic Pyramid"],"picked":"Busted Crown"},{"not_picked":["Kintsugi","Runic Dome"],"picked":"SlaversCollar"}],"items_purged_floors":[2,21,30,37],"is_endless":false,"potions_floor_spawned":[1,10,13,23,29,31,33,36],"ascension_level":2}}