{"host":"x565ttcahk6mfbvs","time":1609035593,"event":{"mods":["AchievementEnabler","BaseMod","BetterRewards","Downfall","Minty Spire (QoL Compilation)","Permanent Neow","Remove Card Discount Mod","StSLib"],"gold_per_floor":[624,116,116,116,136,147,147,147,172,223,223,223,223,223,223,223,223],"floor_reached":19,"playtime":656,"items_purged":["Strike_P","Strike_P","Strike_P","Strike_P","Defend_P","Defend_P","Defend_P","Defend_P","Eruption","Vigilance"],"score":406,"play_id":"81bee81f-d332-4f61-af56-7315b6535569","local_time":"20201226201953","is_ascension_mode":false,"campfire_choices":[{"floor":8,"key":"REST"},{"floor":12,"key":"REST"},{"floor":14,"key":"REST"},{"floor":17,"key":"REST"}],"circlet_count":0,"master_deck":["DevaForm+1","Devotion+1","Devotion+1","Devotion+1","Brilliance+1","Brilliance+1","Brilliance+1","Prostrate+1","Prostrate+1","Fasting2+1","Fasting2+1","Ragnarok+1","Ragnarok+1","ReachHeaven+1","ReachHeaven+1","ReachHeaven+1","WheelKick+1","WheelKick+1","WheelKick+1","Pray+1","Pray+1","Pray+1","Pray+1","Pray+1"],"relics":["PureWater"],"acts_visited":["Exordium","TheCity","TheBeyond"],"potions_floor_usage":[],"damage_taken":[{"damage":5,"enemies":"3 Darklings","floor":3,"turns":2},{"damage":39,"enemies":"3 Shapes","floor":6,"turns":1},{"damage":0,"enemies":"3 Darklings","floor":7,"turns":1},{"damage":0,"enemies":"Giant Head","floor":10,"turns":2},{"damage":51,"enemies":"Awakened One","floor":18,"turns":4}],"seed_played":"6191652009856158685","potions_obtained":[{"floor":6,"key":"Dexterity Potion"}],"is_trial":false,"path_per_floor":["M","?","$","M","M","R","?","E","T","R","?","R","$","?","R","B",null],"character_chosen":"WATCHER","items_purchased":["DevaForm"],"campfire_rested":4,"item_purchase_floors":[0],"current_hp_per_floor":[72,67,67,67,28,28,49,49,49,49,70,68,68,68,68,68,17],"gold":223,"neow_bonus":"","is_daily":false,"chose_seed":false,"campfire_upgraded":0,"win_rate":0.0,"timestamp":1609035593,"path_taken":["M","?","$","M","M","R","?","E","T","R","?","R","$","?","R","BOSS"],"items_purchased_type":["Card"],"build_version":"2020-12-22","purchased_purges":10,"victory":true,"max_hp_per_floor":[72,72,72,72,72,72,72,72,72,72,72,68,68,68,68,68,68],"card_choices":[{"not_picked":["Consecrate","Evaluate","Fasting2"],"picked":"SKIP","floor":3},{"not_picked":["Prostrate","PathToVictory+1","FollowUp"],"picked":"SKIP","floor":6},{"not_picked":["Adaptation+1","Indignation+1","Prostrate"],"picked":"SKIP","floor":7},{"not_picked":["EmptyMind+1","BowlingBash+1","Alpha"],"picked":"SKIP","floor":10}],"player_experience":300085,"relics_obtained":[{"floor":10,"key":"Oddly Smooth Stone"}],"event_choices":[{"damage_healed":0,"gold_gain":0,"player_choice":"Upgrade","damage_taken":0,"relics_obtained":["Mark of the Bloom"],"max_hp_gain":0,"max_hp_loss":0,"event_name":"MindBloom","floor":4,"gold_loss":0,"cards_upgraded":["DevaForm","Devotion","Devotion","Devotion","Brilliance","Brilliance","Brilliance","Brilliance","Prostrate","Prostrate","Fasting2","Fasting2","Ragnarok","Ragnarok","ReachHeaven","ReachHeaven","ReachHeaven","WheelKick","WheelKick","WheelKick","Pray","Pray","Pray","Pray","Pray"]},{"cards_removed":["Brilliance"],"damage_healed":0,"gold_gain":0,"player_choice":"Removed Attack","damage_taken":0,"max_hp_gain":0,"max_hp_loss":0,"event_name":"Falling","floor":9,"gold_loss":0},{"damage_healed":0,"gold_gain":0,"player_choice":"Max HP","damage_taken":0,"max_hp_gain":0,"max_hp_loss":4,"event_name":"Winding Halls","floor":13,"gold_loss":0},{"damage_healed":0,"gold_gain":0,"player_choice":"Ignored","damage_taken":0,"max_hp_gain":0,"max_hp_loss":0,"event_name":"Mysterious Sphere","floor":16,"gold_loss":0}],"is_beta":false,"boss_relics":[],"items_purged_floors":[0,0,0,0,0,0,0,0,0,0],"is_endless":false,"potions_floor_spawned":[6],"ascension_level":0}}