{"host":"vc42n08di9czm3e7","time":1609100199,"event":{"mods":["AchievementEnabler","Act Like it!","BaseMod","Colored Powertips","Downfall","Friendly Minions","GifTheSpireLib","Minty Spire (QoL Compilation)","Quick Restart","Rare Cards Sparkle","StSLib","The Jungle"],"gold_per_floor":[116,134,154,169,153,153,173,173,173,204,204,234,16,35,35,133,133,150,169,63,83,83,117,117,117],"floor_reached":24,"playtime":1382,"items_purged":["Defend_R","Strike_R"],"score":230,"play_id":"55ac55a0-ff1b-4ca1-8eb1-6757209cc644","local_time":"20201227151639","is_ascension_mode":false,"campfire_choices":[{"data":"Armaments","floor":6,"key":"SMITH"},{"data":"Armaments","floor":8,"key":"SMITH"},{"data":"Shrug It Off","floor":11,"key":"SMITH"},{"data":"Metallicize","floor":15,"key":"SMITH"}],"circlet_count":0,"master_deck":["Strike_R","Strike_R","Strike_R","Defend_R","Bash","Armaments+1","Shrug It Off+1","Spot Weakness","Flex","Armaments+1","Heavy Blade","Metallicize+1","Flex","Double Tap","Spot Weakness","Inflame"],"relics":["Burning Blood","NeowsBlessing","HornCleat","Red Skull","InkBottle","Membership Card","Empty Cage","Paper Frog"],"acts_visited":["Exordium","TheCity"],"potions_floor_usage":[4,10,12,16,16,21,23],"damage_taken":[{"damage":0,"enemies":"Small Slimes","floor":1,"turns":1},{"damage":0,"enemies":"Cultist","floor":2,"turns":1},{"damage":0,"enemies":"Jaw Worm","floor":3,"turns":1},{"damage":16,"enemies":"Exordium Wildlife","floor":4,"turns":3},{"damage":7,"enemies":"Exordium Thugs","floor":5,"turns":4},{"damage":8,"enemies":"Large Slime","floor":7,"turns":9},{"damage":5,"enemies":"3 Sentries","floor":10,"turns":9},{"damage":23,"enemies":"Gremlin Nob","floor":12,"turns":5},{"damage":0,"enemies":"Blue Slaver","floor":14,"turns":4},{"damage":26,"enemies":"Hexaghost","floor":16,"turns":13},{"damage":11,"enemies":"3 Byrds","floor":18,"turns":7},{"damage":18,"enemies":"Chosen","floor":19,"turns":5},{"damage":20,"enemies":"Snake Plant","floor":21,"turns":7},{"damage":47,"enemies":"Book of Stabbing","floor":23,"turns":7},{"damage":22,"enemies":"Cultist and Chosen","floor":24,"turns":4}],"seed_played":"41602430619824438","potions_obtained":[{"floor":2,"key":"champ:CounterPotion"},{"floor":5,"key":"Block Potion"},{"floor":10,"key":"FearPotion"},{"floor":12,"key":"Regen Potion"},{"floor":14,"key":"DuplicationPotion"},{"floor":16,"key":"Swift Potion"},{"floor":21,"key":"LiquidMemories"}],"is_trial":false,"path_per_floor":["M","M","M","M","M","R","M","R","T","E","R","E","$","M","R","B",null,"M","M","$","M","?","E","M"],"character_chosen":"IRONCLAD","items_purchased":["Membership Card","Flex","Spot Weakness","Inflame"],"campfire_rested":0,"item_purchase_floors":[13,13,20,20],"current_hp_per_floor":[80,80,80,70,69,69,67,67,67,68,68,51,51,57,57,49,80,75,63,63,49,49,8,0,0],"gold":117,"neow_bonus":"THREE_ENEMY_KILL","is_daily":false,"chose_seed":false,"campfire_upgraded":4,"win_rate":0.0,"timestamp":1609100199,"path_taken":["M","M","M","M","M","R","M","R","T","E","R","E","$","M","R","BOSS","M","M","$","M","?","E","?"],"items_purchased_type":["Relic","Card","Card","Card"],"build_version":"2020-12-22","purchased_purges":2,"victory":false,"max_hp_per_floor":[80,80,80,80,80,80,80,80,80,80,80,80,80,80,80,80,80,80,80,80,80,80,80,80,80],"card_choices":[{"not_picked":["Reckless Charge","Body Slam"],"picked":"Armaments","floor":1},{"not_picked":["Twin Strike","Wild Strike"],"picked":"Shrug It Off","floor":2},{"not_picked":["Power Through","Evolve"],"picked":"Spot Weakness","floor":3},{"not_picked":["Entrench","Clothesline","Warcry"],"picked":"SKIP","floor":4},{"not_picked":["Pommel Strike","Clothesline"],"picked":"Flex","floor":5},{"not_picked":["Shrug It Off","Body Slam"],"picked":"Armaments","floor":7},{"not_picked":["Pommel Strike","Uppercut"],"picked":"Heavy Blade","floor":10},{"not_picked":["Bloodletting","Body Slam"],"picked":"Metallicize","floor":12},{"not_picked":["Fiend Fire","Sword Boomerang","Searing Blow"],"picked":"SKIP","floor":14},{"not_picked":["Exhume","Impervious"],"picked":"Double Tap","floor":16},{"not_picked":["Heavy Blade","Shockwave","Headbutt"],"picked":"SKIP","floor":18},{"not_picked":["Uppercut+1","Pommel Strike","Whirlwind+1"],"picked":"SKIP","floor":19},{"not_picked":["Twin Strike","Perfected Strike","Wild Strike+1"],"picked":"SKIP","floor":21},{"not_picked":["Fiend Fire","Whirlwind","Burning Pact"],"picked":"SKIP","floor":23}],"player_experience":267362,"relics_obtained":[{"floor":9,"key":"HornCleat"},{"floor":10,"key":"Red Skull"},{"floor":12,"key":"InkBottle"},{"floor":23,"key":"Paper Frog"}],"event_choices":[{"cards_removed":["Strike_R"],"damage_healed":0,"gold_gain":0,"player_choice":"Offered Basic","damage_taken":0,"max_hp_gain":0,"max_hp_loss":0,"event_name":"Bonfire Elementals","floor":22,"gold_loss":0}],"is_beta":false,"boss_relics":[{"not_picked":["Busted Crown","Coffee Dripper"],"picked":"Empty Cage"}],"items_purged_floors":[13,20],"is_endless":false,"potions_floor_spawned":[2,5,10,12,14,16,21],"killed_by":"Cultist and Chosen","ascension_level":0}}