{"host":"m3herrhkesxm9ooc","time":1609043139,"event":{"mods":["BaseMod","Hermit","Minty Spire (QoL Compilation)","StSLib","The Hierophant"],"gold_per_floor":[117,30,30,105,47,80,80,112,185,205,205,12,41,60,60,139,139,155,172,447,10,10,10,27,27,27,27,27,46,63,79,79,79,79],"floor_reached":33,"playtime":761,"items_purged":[],"score":567,"play_id":"dceb4257-f1c4-4cf4-9889-da40aa30d354","local_time":"20201227132539","is_ascension_mode":true,"campfire_choices":[{"data":"hermit:NoHoldsBarred","floor":7.0,"key":"SMITH"},{"floor":11.0,"key":"REST"},{"floor":15.0,"key":"REST"},{"floor":23.0,"key":"REST"},{"floor":28,"key":"REST"},{"floor":32,"key":"REST"}],"circlet_count":0,"master_deck":["AscendersBane","hermit:Strike_Hermit","hermit:Strike_Hermit","hermit:Strike_Hermit","hermit:Strike_Hermit","hermit:Defend_Hermit","hermit:Defend_Hermit","hermit:Defend_Hermit","hermit:Defend_Hermit","hermit:Snapshot","hermit:Covet","hermit:Ricochet","hermit:NoHoldsBarred+1","hermit:TrackingShot","hermit:Glare","hermit:Headshot","hermit:Ricochet","hermit:Headshot","hermit:Deadeye","hermit:Gestalt","hermit:Magnum","CurseOfTheBell","hermit:CursedWeapon","hermit:WideOpen","Regret","hermit:TakeAim","hermit:Glare","hermit:Grudge","hermit:BlackWind","hermit:Snipe","hermit:HighCaliber"],"relics":["hermit:Momento","NeowsBlessing","Gremlin Horn","Question Card","Bottled Lightning","Letter Opener","Boot","Peace Pipe","Calling Bell","Regal Pillow","Mummified Hand","Gambling Chip","Potion Belt","Art of War","Bottled Flame"],"acts_visited":["Exordium","TheCity"],"potions_floor_usage":[25,29,29,33],"damage_taken":[{"damage":0.0,"enemies":"2 Louse","floor":1.0,"turns":1.0},{"damage":0.0,"enemies":"Lagavulin","floor":6.0,"turns":1.0},{"damage":0.0,"enemies":"3 Sentries","floor":8.0,"turns":1.0},{"damage":0.0,"enemies":"Small Slimes","floor":10.0,"turns":3.0},{"damage":35.0,"enemies":"Lagavulin","floor":13.0,"turns":4.0},{"damage":0.0,"enemies":"Jaw Worm","floor":14.0,"turns":2.0},{"damage":46.0,"enemies":"Hexaghost","floor":16.0,"turns":9.0},{"damage":9.0,"enemies":"3 Byrds","floor":18.0,"turns":3.0},{"damage":13.0,"enemies":"Spheric Guardian","floor":19.0,"turns":3.0},{"damage":26.0,"enemies":"Snake Plant","floor":24.0,"turns":3.0},{"damage":0,"enemies":"Shelled Parasite and Fungi","floor":25,"turns":1},{"damage":39,"enemies":"Centurion and Healer","floor":29,"turns":5},{"damage":2,"enemies":"Snecko","floor":30,"turns":2},{"damage":21,"enemies":"Cultist and Chosen","floor":31,"turns":5},{"damage":95,"enemies":"Automaton","floor":33,"turns":6}],"seed_played":"-319104519021005622","potions_obtained":[{"floor":1.0,"key":"SpeedPotion"},{"floor":6.0,"key":"SmokeBomb"},{"floor":14.0,"key":"FearPotion"},{"floor":16.0,"key":"LiquidBronze"},{"floor":19.0,"key":"hermit:Tonic"},{"floor":24.0,"key":"Fire Potion"},{"floor":30,"key":"LiquidBronze"}],"is_trial":false,"path_per_floor":["M","$","?","?","$","E","R","E","T","M","R","$","E","M","R","B",null,"M","M","?","$","?","R","M","M","T","$","R","M","M","M","R","B"],"character_chosen":"HERMIT","items_purchased":["hermit:NoHoldsBarred","hermit:TrackingShot","Boot","hermit:Headshot","Potion Belt","hermit:TakeAim","Art of War","hermit:Glare"],"campfire_rested":5,"item_purchase_floors":[2,5,12,12,21,21,21,21],"current_hp_per_floor":[64,64,53,42,42,42,42,42,42,42,63,63,28,28,49,3,54,45,32,32,32,32,68,42,42,42,42,71,32,30,9,45,0,0],"gold":79,"neow_bonus":"THREE_ENEMY_KILL","is_daily":false,"chose_seed":false,"campfire_upgraded":1,"win_rate":0.0,"timestamp":1609043139,"path_taken":["M","$","?","?","$","E","R","E","T","M","R","$","E","M","R","BOSS","M","M","?","?","?","R","M","?","T","$","R","M","M","M","R","BOSS"],"items_purchased_type":["Card","Card","Relic","Card","Relic","Card","Relic","Card"],"build_version":"2020-12-22","purchased_purges":0,"victory":false,"max_hp_per_floor":[71,71,71,71,71,71,71,71,71,71,71,71,71,71,71,71,71,71,71,71,71,71,71,71,71,71,71,71,71,71,71,71,71,71],"card_choices":[{"not_picked":["hermit:GhostlyPresence","hermit:FlashPowder"],"picked":"hermit:Ricochet","floor":1.0},{"not_picked":["hermit:HighCaliber","hermit:NoHoldsBarred"],"picked":"hermit:Glare","floor":6.0},{"not_picked":["hermit:Quickdraw","hermit:FullyLoaded","hermit:Malice"],"picked":"hermit:Headshot","floor":8.0},{"not_picked":["hermit:Glare","hermit:DeadMansHand","hermit:Snipe"],"picked":"hermit:Ricochet","floor":10.0},{"not_picked":["hermit:Glare","hermit:ItchyTrigger","hermit:FlashPowder"],"picked":"hermit:Deadeye","floor":13.0},{"not_picked":["hermit:Feint","hermit:Reprieve","hermit:ItchyTrigger"],"picked":"hermit:Gestalt","floor":14.0},{"not_picked":["hermit:FinalCanter","hermit:Purgatory","hermit:Reprieve"],"picked":"hermit:Magnum","floor":16.0},{"not_picked":["hermit:FullyLoaded+1","hermit:Feint","hermit:Roulette"],"picked":"hermit:CursedWeapon","floor":18.0},{"not_picked":["hermit:Quickdraw","hermit:Desperado","hermit:SprayPray"],"picked":"hermit:WideOpen","floor":19.0},{"not_picked":["hermit:Ricochet","hermit:ItchyTrigger","hermit:Coalescence"],"picked":"hermit:Grudge","floor":24.0},{"not_picked":["hermit:Roulette+1","hermit:LowProfile","hermit:Misfire"],"picked":"hermit:BlackWind","floor":29},{"not_picked":["hermit:GoldenBullet","hermit:Dive","hermit:TrackingShot"],"picked":"hermit:Snipe","floor":30},{"not_picked":["hermit:ItchyTrigger","hermit:Vantage","hermit:Shortfuse"],"picked":"hermit:HighCaliber","floor":31}],"player_experience":656876,"relics_obtained":[{"floor":6.0,"key":"Question Card"},{"floor":8.0,"key":"Bottled Lightning"},{"floor":9.0,"key":"Letter Opener"},{"floor":13.0,"key":"Peace Pipe"},{"floor":17.0,"key":"Regal Pillow"},{"floor":17.0,"key":"Mummified Hand"},{"floor":17.0,"key":"Gambling Chip"},{"floor":26,"key":"Bottled Flame"}],"event_choices":[{"damage_healed":0.0,"max_hp_gain":0.0,"max_hp_loss":0.0,"gold_gain":0.0,"event_name":"Scrap Ooze","player_choice":"Success","floor":3.0,"gold_loss":0.0,"damage_taken":11.0,"relics_obtained":["Gremlin Horn"]},{"damage_healed":0.0,"max_hp_gain":0.0,"max_hp_loss":0.0,"gold_gain":75.0,"event_name":"World of Goop","player_choice":"Gather Gold","floor":4.0,"gold_loss":0.0,"damage_taken":11.0},{"damage_healed":0.0,"max_hp_gain":0.0,"max_hp_loss":0.0,"gold_gain":275.0,"event_name":"Golden Shrine","player_choice":"Desecrate","floor":20.0,"gold_loss":0.0,"damage_taken":0.0,"cards_obtained":["Regret"]},{"damage_healed":0.0,"max_hp_gain":0.0,"max_hp_loss":0.0,"gold_gain":0.0,"event_name":"Vampires","player_choice":"Ignored","floor":22.0,"gold_loss":0.0,"damage_taken":0.0}],"is_beta":false,"boss_relics":[{"not_picked":["Philosopher\u0027s Stone","SlaversCollar"],"picked":"Calling Bell"}],"items_purged_floors":[],"is_endless":false,"potions_floor_spawned":[1,6,14,16,19,24,30],"killed_by":"Automaton","ascension_level":16}}