{"host":"z9811rt50ti81n54","time":1609048425,"event":{"mods":["BaseMod","Minty Spire (QoL Compilation)"],"gold_per_floor":[114,64,64,81,81,81,7,43,69,90,111,111,147,12,12,123,123,151,92,92,33,33,68,68,68,92,92,114,149,149,191,200,311,361,361,361,361,388,406,406,736,749,774,810,810,822,854,904,913,913,913],"floor_reached":50,"playtime":2759,"items_purged":["Strike_B"],"score":899,"play_id":"a896843c-fc14-4c13-8524-438b0a3cb6a3","local_time":"20201227145345","is_ascension_mode":true,"campfire_choices":[{"data":"Rainbow","floor":6,"key":"SMITH"},{"data":"Fusion","floor":12,"key":"SMITH"},{"data":"Chill","floor":15,"key":"SMITH"},{"floor":24,"key":"RECALL"},{"data":"1","floor":27,"key":"LIFT"},{"floor":30,"key":"REST"},{"floor":32,"key":"REST"},{"floor":40,"key":"REST"},{"floor":45,"key":"REST"},{"floor":49,"key":"REST"}],"circlet_count":0,"master_deck":["Defend_B","Defend_B+1","Defend_B","Defend_B+1","Zap","Dualcast","Rainbow+1","Loop+1","Chill+1","Steam+1","FTL","Compile Driver","Fusion+1","Streamline","Melter","Electrodynamics","Consume","Glacier","Meteor Strike","Seek","Skim","Steam Power","Heatsinks+1","Steam Power+1","Thunder Strike","PanicButton","PanicButton","Bandage Up","Madness","Madness","Amplify","All For One"],"relics":["Cracked Core","CeramicFish","War Paint","Ancient Tea Set","Fusion Hammer","Girya","Potion Belt","Singing Bowl","Dream Catcher","Tiny House","Old Coin","Bronze Scales","Centennial Puzzle","Calipers"],"acts_visited":["Exordium","TheCity","TheBeyond"],"potions_floor_usage":[8,8,8,8,8,16,16,35,41,44],"damage_taken":[{"damage":5,"enemies":"Jaw Worm","floor":1,"turns":4},{"damage":0,"enemies":"2 Louse","floor":4,"turns":3},{"damage":9,"enemies":"Gremlin Nob","floor":8,"turns":3},{"damage":0,"enemies":"Small Slimes","floor":10,"turns":2},{"damage":1,"enemies":"Looter","floor":11,"turns":4},{"damage":10,"enemies":"Lagavulin","floor":13,"turns":6},{"damage":8,"enemies":"Hexaghost","floor":16,"turns":7},{"damage":10,"enemies":"3 Byrds","floor":18,"turns":5},{"damage":13,"enemies":"Gremlin Leader","floor":23,"turns":8},{"damage":0,"enemies":"Shell Parasite","floor":28,"turns":4},{"damage":19,"enemies":"Slavers","floor":29,"turns":5},{"damage":16,"enemies":"Book of Stabbing","floor":31,"turns":5},{"damage":58,"enemies":"Champ","floor":33,"turns":17},{"damage":0,"enemies":"3 Shapes","floor":35,"turns":3},{"damage":25,"enemies":"Reptomancer","floor":41,"turns":7},{"damage":8,"enemies":"Orb Walker","floor":42,"turns":4},{"damage":17,"enemies":"Nemesis","floor":44,"turns":7},{"damage":0,"enemies":"Sphere and 2 Shapes","floor":46,"turns":2},{"damage":42,"enemies":"Reptomancer","floor":47,"turns":6},{"damage":14,"enemies":"Mind Bloom Boss Battle","floor":48,"turns":8},{"damage":85,"enemies":"Awakened One","floor":50,"turns":18}],"seed_played":"-8169217753315774461","potions_obtained":[{"floor":1,"key":"EntropicBrew"},{"floor":16,"key":"DuplicationPotion"},{"floor":18,"key":"SmokeBomb"},{"floor":28,"key":"ColorlessPotion"},{"floor":29,"key":"FearPotion"},{"floor":34,"key":"Swift Potion"},{"floor":42,"key":"Regen Potion"},{"floor":47,"key":"PotionOfCapacity"}],"is_trial":false,"path_per_floor":["M","?","?","M","?","R","$","E","T","M","M","R","E","$","R","B",null,"M","$","?","$","?","E","R","?","T","R","M","E","R","E","R","B",null,"M","?","?","?","?","R","E","M","T","E","R","M","E","?","R","B"],"character_chosen":"DEFECT","items_purchased":["FocusPotion","Steam","Melter","Glacier","Meteor Strike"],"campfire_rested":5,"item_purchase_floors":[7,7,14,19,21],"current_hp_per_floor":[70,70,75,75,59,59,59,50,50,50,49,49,39,39,39,31,80,70,70,70,70,70,57,57,57,57,57,57,38,62,46,70,12,87,87,87,87,77,66,89,70,68,68,55,84,90,54,46,76,0,0],"gold":913,"neow_bonus":"ONE_RANDOM_RARE_CARD","is_daily":false,"chose_seed":false,"campfire_upgraded":3,"win_rate":0.0,"timestamp":1609048425,"path_taken":["M","?","?","M","?","R","$","E","T","M","M","R","E","$","R","BOSS","M","$","?","$","?","E","R","?","T","R","M","E","R","E","R","BOSS","M","?","?","?","?","R","E","M","T","E","R","M","E","?","R","BOSS"],"items_purchased_type":["Potion","Card","Card","Card","Card"],"build_version":"2020-12-22","purchased_purges":1,"victory":false,"max_hp_per_floor":[75,75,80,80,80,80,80,80,80,80,80,80,80,80,80,80,80,80,80,80,80,80,80,80,80,80,80,80,80,80,80,80,80,87,87,87,87,87,87,89,91,93,93,93,95,97,99,101,101,101,101],"card_choices":[{"not_picked":["Double Energy","Blizzard"],"picked":"Loop","floor":1},{"not_picked":["Beam Cell","Cold Snap"],"picked":"Chill","floor":4},{"not_picked":["Cold Snap","Beam Cell"],"picked":"FTL","floor":8},{"not_picked":["Go for the Eyes","Leap"],"picked":"Compile Driver","floor":10},{"not_picked":["Rebound","Redo"],"picked":"Fusion","floor":11},{"not_picked":["Redo","Go for the Eyes"],"picked":"Streamline","floor":13},{"not_picked":["Hyperbeam","Biased Cognition"],"picked":"Electrodynamics","floor":16},{"not_picked":["Gash","Cold Snap+1"],"picked":"Consume","floor":18},{"not_picked":["Tempest","Streamline"],"picked":"Seek","floor":23},{"not_picked":["Go for the Eyes","Ball Lightning"],"picked":"Skim","floor":28},{"not_picked":["Sweeping Beam","Conserve Battery"],"picked":"Steam Power","floor":29},{"not_picked":["Hello World","Sweeping Beam+1"],"picked":"Heatsinks+1","floor":31},{"not_picked":["Sweeping Beam","Beam Cell+1"],"picked":"Steam Power+1","floor":32},{"not_picked":["Biased Cognition","Core Surge"],"picked":"Thunder Strike","floor":33},{"not_picked":["Beam Cell+1","Barrage","Darkness"],"picked":"Singing Bowl","floor":34},{"not_picked":["Transmutation","Secret Technique"],"picked":"PanicButton","floor":38},{"not_picked":["Discovery","Madness"],"picked":"PanicButton","floor":38},{"not_picked":["Chrysalis","Deep Breath"],"picked":"Bandage Up","floor":38},{"not_picked":["Barrage+1","Reprogram","Stack"],"picked":"Singing Bowl","floor":40},{"not_picked":["Ball Lightning+1","Double Energy","Coolheaded"],"picked":"Singing Bowl","floor":41},{"not_picked":["Doom and Gloom+1","Conserve Battery","Barrage+1"],"picked":"SKIP","floor":42},{"not_picked":["Doom and Gloom+1","Conserve Battery","Barrage+1"],"picked":"Singing Bowl","floor":42},{"not_picked":["Storm","Skim+1"],"picked":"Amplify","floor":44},{"not_picked":["Cold Snap+1","Chill","Double Energy"],"picked":"Singing Bowl","floor":45},{"not_picked":["Steam","Cold Snap+1","Loop"],"picked":"Singing Bowl","floor":46},{"not_picked":["Steam+1","Reprogram","Reinforced Body"],"picked":"Singing Bowl","floor":47},{"not_picked":["Hologram","Sweeping Beam+1","Force Field"],"picked":"Singing Bowl","floor":48},{"not_picked":["Redo","Steam Power"],"picked":"All For One","floor":49}],"player_experience":238483,"relics_obtained":[{"floor":8,"key":"CeramicFish"},{"floor":9,"key":"War Paint"},{"floor":13,"key":"Ancient Tea Set"},{"floor":23,"key":"Girya"},{"floor":26,"key":"Potion Belt"},{"floor":29,"key":"Singing Bowl"},{"floor":31,"key":"Dream Catcher"},{"floor":41,"key":"Old Coin"},{"floor":44,"key":"Bronze Scales"},{"floor":47,"key":"Centennial Puzzle"},{"floor":48,"key":"Calipers"}],"event_choices":[{"cards_removed":["Strike_B"],"damage_healed":0,"gold_gain":0,"player_choice":"Card Removal","damage_taken":0,"max_hp_gain":0,"max_hp_loss":0,"event_name":"The Cleric","floor":2,"gold_loss":50},{"damage_healed":0,"gold_gain":0,"player_choice":"Donut","damage_taken":0,"max_hp_gain":5,"max_hp_loss":0,"event_name":"Big Fish","floor":3,"gold_loss":0},{"damage_healed":0,"gold_gain":0,"player_choice":"Entered Light","damage_taken":16,"max_hp_gain":0,"max_hp_loss":0,"event_name":"Shining Light","floor":5,"gold_loss":0,"cards_upgraded":["Defend_B","Strike_B"]},{"damage_healed":0,"gold_gain":0,"player_choice":"Ignored","damage_taken":0,"max_hp_gain":0,"max_hp_loss":0,"event_name":"Vampires","floor":20,"gold_loss":0},{"cards_removed":["Strike_B"],"damage_healed":0,"gold_gain":0,"player_choice":"Elegance","damage_taken":0,"max_hp_gain":0,"max_hp_loss":0,"event_name":"Back to Basics","floor":22,"gold_loss":0},{"damage_healed":0,"gold_gain":0,"player_choice":"Ignored","damage_taken":0,"max_hp_gain":0,"max_hp_loss":0,"event_name":"Tomb of Lord Red Mask","floor":36,"gold_loss":0},{"cards_removed":["Strike_B"],"damage_healed":0,"gold_gain":0,"player_choice":"Removed Attack","damage_taken":0,"max_hp_gain":0,"max_hp_loss":0,"event_name":"Falling","floor":37,"gold_loss":0},{"damage_healed":0,"gold_gain":0,"player_choice":"Memory 3","damage_taken":10,"max_hp_gain":0,"max_hp_loss":0,"event_name":"SensoryStone","floor":38,"gold_loss":0},{"damage_healed":0,"gold_gain":0,"player_choice":"Embrace Madness","damage_taken":11,"max_hp_gain":0,"max_hp_loss":0,"event_name":"Winding Halls","floor":39,"gold_loss":0,"cards_obtained":["Madness","Madness"]},{"damage_healed":0,"gold_gain":0,"player_choice":"Fight","damage_taken":0,"max_hp_gain":0,"max_hp_loss":0,"event_name":"MindBloom","floor":48,"gold_loss":0}],"is_beta":false,"boss_relics":[{"not_picked":["Philosopher\u0027s Stone","Snecko Eye"],"picked":"Fusion Hammer"},{"not_picked":["Runic Pyramid","Astrolabe"],"picked":"Tiny House"}],"items_purged_floors":[14],"is_endless":false,"potions_floor_spawned":[1,13,16,18,28,29,35,42,47],"killed_by":"Awakened One","ascension_level":3}}