{"host":"sh8ot41fo7a0kahq","time":1609073858,"event":{"mods":["ATMod(°¢èªMod)","BaseMod","Better Third Choice","Colored Powertips","Displayed Cursed Tome","Minty Spire (QoL Compilation)","Quick Restart","Spicy Shops","StSLib","UnlockEverythingMod","¡¾ÒÅÎï¿¨ÅÆ¡¿REMEMod"],"gold_per_floor":[114,134,150,163,9,9,42,42,42,74,90,122,136,136,136,240,240,255,255,255,103,103,103,114,132,211,237,237,271,171,171,171,272,272,287,304,314,314,324,324,55,55,55,87,87,137,137,149,149,149,149,149,2,29,29,29],"floor_reached":55,"playtime":2109,"items_purged":["Writhe","Strike_B","Defend_B"],"score":1306,"play_id":"b6860b8e-a8bb-4527-87a2-21109b102602","local_time":"20201227205738","is_ascension_mode":true,"campfire_choices":[{"data":"AT_Desolate","floor":6.0,"key":"SMITH"},{"data":"Defragment","floor":15.0,"key":"SMITH"},{"data":"AT_RightCognition","floor":23.0,"key":"SMITH"},{"data":"AT_RightCognition","floor":28.0,"key":"SMITH"},{"data":"Capacitor","floor":32.0,"key":"SMITH"},{"data":"AT_RightCognition","floor":40.0,"key":"SMITH"},{"floor":42,"key":"REST"},{"floor":49,"key":"RECALL"},{"data":"Coolheaded","floor":52,"key":"SMITH"}],"circlet_count":0,"master_deck":["Strike_B","Defend_B","Zap","Dualcast","AT_Desolate+1","Devotion","Ball Lightning","Chill+1","Glacier","Defragment+1","REME_SelfUpgrade+1","AT_RightCognition+1","Echo Form+1","BootSequence+1","Coolheaded+1","Turbo+1","AT_RightCognition+1","Capacitor+1","AT_RightCognition+1","CurseOfTheBell","Writhe"],"relics":["Cracked Core","AT_ATBox","REME_ComplimentaryCards","NeowsBlessing","REME_HandOfSuture","Meat on the Bone","Singing Bowl","Mercury Hourglass","Symbiotic Virus","Astrolabe","Nilry\u0027s Codex","Darkstone Periapt","AT_EbonyIvory","AT_TimeSand","Potion Belt","Gremlin Horn","Calling Bell","Bag of Preparation","Question Card","Incense Burner","Runic Capacitor","Torii","Prayer Wheel","Lee\u0027s Waffle","Turnip"],"acts_visited":["Exordium","TheCity","TheBeyond","TheEnding"],"potions_floor_usage":[44,44,50,55],"damage_taken":[{"damage":0.0,"enemies":"Small Slimes","floor":1.0,"turns":1.0},{"damage":0.0,"enemies":"Jaw Worm","floor":2.0,"turns":1.0},{"damage":0.0,"enemies":"Cultist","floor":3.0,"turns":1.0},{"damage":23.0,"enemies":"3 Louse","floor":4.0,"turns":2.0},{"damage":6.0,"enemies":"Lagavulin","floor":7.0,"turns":6.0},{"damage":19.0,"enemies":"3 Sentries","floor":10.0,"turns":8.0},{"damage":9.0,"enemies":"Lots of Slimes","floor":11.0,"turns":3.0},{"damage":12.0,"enemies":"Lagavulin","floor":12.0,"turns":6.0},{"damage":6.0,"enemies":"Looter","floor":13.0,"turns":2.0},{"damage":8.0,"enemies":"The Guardian","floor":16.0,"turns":9.0},{"damage":0.0,"enemies":"Chosen","floor":18.0,"turns":3.0},{"damage":18.0,"enemies":"2 Thieves","floor":24.0,"turns":3.0},{"damage":16.0,"enemies":"Shelled Parasite and Fungi","floor":25.0,"turns":4.0},{"damage":2.0,"enemies":"Gremlin Leader","floor":27.0,"turns":9.0},{"damage":39.0,"enemies":"Book of Stabbing","floor":29.0,"turns":6.0},{"damage":10.0,"enemies":"Automaton","floor":33.0,"turns":8.0},{"damage":29.0,"enemies":"3 Shapes","floor":35.0,"turns":6.0},{"damage":32.0,"enemies":"3 Darklings","floor":36.0,"turns":5.0},{"damage":23.0,"enemies":"Transient","floor":37.0,"turns":5.0},{"damage":2.0,"enemies":"Maw","floor":39.0,"turns":7.0},{"damage":30,"enemies":"Reptomancer","floor":44,"turns":6},{"damage":36,"enemies":"Mind Bloom Boss Battle","floor":46,"turns":9},{"damage":11,"enemies":"4 Shapes","floor":48,"turns":5},{"damage":53,"enemies":"Donu and Deca","floor":50,"turns":7},{"damage":117,"enemies":"Shield and Spear","floor":54,"turns":7}],"seed_played":"-3476435284404302025","potions_obtained":[{"floor":2.0,"key":"Block Potion"},{"floor":7.0,"key":"SneckoOil"},{"floor":10.0,"key":"Weak Potion"},{"floor":27.0,"key":"Dexterity Potion"},{"floor":39.0,"key":"FocusPotion"},{"floor":44,"key":"FocusPotion"}],"is_trial":false,"path_per_floor":["M","M","M","M","$","R","E","?","T","E","M","E","M","?","R","B",null,"M","?","?","$","?","R","M","M","T","E","R","E","$","?","R","B",null,"M","M","M","?","M","R","$","R","T","E","?","?","$","M","R","B",null,"R","$","E","B"],"character_chosen":"DEFECT","items_purchased":["REME_HandOfSuture","AT_EbonyIvory","Runic Capacitor","Lee\u0027s Waffle"],"campfire_rested":1,"item_purchase_floors":[5,21,41,53],"current_hp_per_floor":[68,68,68,45,45,45,39,39,39,34,39,41,47,31,31,35,70,72,56,62,62,89,89,71,55,55,53,53,26,26,26,26,28,80,51,33,24,24,36,36,36,66,66,50,82,60,60,65,65,24,92,92,122,19,0,0],"gold":29,"neow_bonus":"THREE_ENEMY_KILL","is_daily":false,"chose_seed":false,"campfire_upgraded":7,"win_rate":0.0,"timestamp":1609073858,"path_taken":["M","M","M","M","$","R","E","?","T","E","M","E","M","?","R","BOSS","M","?","?","$","?","R","?","M","T","E","R","E","$","?","R","BOSS","M","M","?","?","M","R","$","R","T","E","?","?","$","M","R","BOSS","R","$","E","BOSS"],"items_purchased_type":["Relic","Relic","Relic","Relic"],"build_version":"2020-12-22","purchased_purges":3,"victory":false,"max_hp_per_floor":[75,75,75,75,75,75,75,75,75,77,79,81,81,81,81,81,81,83,83,89,89,89,89,89,89,89,89,89,89,89,89,89,89,95,95,97,99,99,101,101,101,101,101,103,109,111,111,115,115,115,115,115,122,124,124,124],"card_choices":[{"not_picked":["Cold Snap","Beam Cell"],"picked":"Ball Lightning","floor":1.0},{"not_picked":["Redo","Turbo"],"picked":"Chill","floor":2.0},{"not_picked":["Leap","REME_SelfUpgrade"],"picked":"Glacier","floor":3.0},{"not_picked":["Conserve Battery","REME_ForAll","Lockon"],"picked":"SKIP","floor":4.0},{"not_picked":["Self Repair","Cold Snap"],"picked":"Defragment","floor":7.0},{"not_picked":["AT_HeatAcrobatics","Darkness","Stack"],"picked":"Singing Bowl","floor":10.0},{"not_picked":["AT_HeatAcrobatics","Gash","Steam"],"picked":"Singing Bowl","floor":11.0},{"not_picked":["Conserve Battery","Force Field","Self Repair"],"picked":"Singing Bowl","floor":12.0},{"not_picked":["Barrage","Static Discharge"],"picked":"REME_SelfUpgrade","floor":13.0},{"not_picked":["REME_ForAll","Multi-Cast","Echo Form","Buffer"],"picked":"AT_RightCognition","floor":16.0},{"not_picked":["Conserve Battery","Defragment","Barrage"],"picked":"Singing Bowl","floor":18.0},{"not_picked":["Go for the Eyes+1","Hello World","Doom and Gloom","Double Energy"],"picked":"Coolheaded","floor":24.0},{"not_picked":["Tempest","Go for the Eyes","Beam Cell","Compile Driver+1"],"picked":"Turbo+1","floor":25.0},{"not_picked":["Auto Shields+1","REME_Whirling","Steam","Lockon+1"],"picked":"AT_RightCognition","floor":27.0},{"not_picked":["Turbo","Compile Driver+1"],"picked":"Capacitor","floor":29.0},{"not_picked":["REME_ForAll","Fission","Rainbow","Machine Learning"],"picked":"AT_RightCognition","floor":33.0},{"not_picked":["Defragment+1","Sweeping Beam+1","Streamline","BootSequence","White Noise+1"],"picked":"Cold Snap","floor":35.0},{"not_picked":["Go for the Eyes+1","Ball Lightning+1","Turbo","Rebound","Self Repair+1","Streamline"],"picked":"Singing Bowl","floor":36.0},{"not_picked":["Sweeping Beam+1","Doom and Gloom","Compile Driver+1","Fusion+1","Rebound","Steam+1"],"picked":"Singing Bowl","floor":37.0},{"not_picked":["Darkness","Redo","Multi-Cast","Leap+1","Hologram","Gash"],"picked":"Singing Bowl","floor":39.0},{"not_picked":["Coolheaded+1","Sweeping Beam","AT_DarkMatter","Sunder+1"],"picked":"Singing Bowl","floor":44},{"not_picked":["Sunder+1","Gash","AT_HeatAcrobatics+1","Coolheaded+1","Ball Lightning+1","Steam+1"],"picked":"Singing Bowl","floor":46},{"not_picked":["Meteor Strike","Chaos","Coolheaded+1","Ball Lightning","Hologram","AT_ThreeBodyProblem"],"picked":"Singing Bowl","floor":48},{"not_picked":["Turbo+1","Gash+1","Leap+1","Blizzard","Coolheaded+1","Beam Cell"],"picked":"Singing Bowl","floor":48},{"not_picked":["Go for the Eyes+1","REME_Compress+1","Leap+1","Reboot"],"picked":"Singing Bowl","floor":54}],"player_experience":291221,"relics_obtained":[{"floor":7.0,"key":"Meat on the Bone"},{"floor":9.0,"key":"Singing Bowl"},{"floor":10.0,"key":"Mercury Hourglass"},{"floor":12.0,"key":"Symbiotic Virus"},{"floor":26.0,"key":"AT_TimeSand"},{"floor":27.0,"key":"Potion Belt"},{"floor":29.0,"key":"Gremlin Horn"},{"floor":34.0,"key":"Bag of Preparation"},{"floor":34.0,"key":"Question Card"},{"floor":34.0,"key":"Incense Burner"},{"floor":44,"key":"Torii"},{"floor":46,"key":"Prayer Wheel"},{"floor":54,"key":"Turnip"}],"event_choices":[{"damage_healed":0.0,"max_hp_gain":0.0,"max_hp_loss":0.0,"gold_gain":0.0,"event_name":"betterThird:BetterSerpent","player_choice":"Ignored","floor":8.0,"gold_loss":0.0,"damage_taken":42.0},{"damage_healed":47.0,"max_hp_gain":0.0,"max_hp_loss":81.0,"gold_gain":0.0,"event_name":"betterThird:BetterShining","player_choice":"Upgrade","floor":14.0,"gold_loss":0.0,"damage_taken":16.0,"cards_upgraded":["REME_SelfUpgrade","Chill"]},{"damage_healed":0.0,"max_hp_gain":0.0,"max_hp_loss":0.0,"gold_gain":0.0,"event_name":"Cursed Tome","player_choice":"Obtained Book","floor":19.0,"gold_loss":0.0,"damage_taken":16.0},{"damage_healed":0.0,"max_hp_gain":0.0,"max_hp_loss":0.0,"gold_gain":0.0,"event_name":"The Mausoleum","player_choice":"Opened","floor":20.0,"gold_loss":0.0,"damage_taken":0.0,"relics_obtained":["Darkstone Periapt"],"cards_obtained":["Writhe"]},{"cards_removed":["REME_DataAnalysis"],"damage_healed":27.0,"max_hp_gain":0.0,"max_hp_loss":0.0,"gold_gain":0.0,"event_name":"Bonfire Elementals","player_choice":"Offered Uncommon","floor":22.0,"gold_loss":0.0,"damage_taken":0.0},{"cards_removed":["Strike_B"],"damage_healed":0.0,"max_hp_gain":0.0,"max_hp_loss":0.0,"gold_gain":0.0,"event_name":"Purifier","player_choice":"Purged","floor":31.0,"gold_loss":0.0,"damage_taken":0.0},{"cards_removed":["Cold Snap"],"damage_healed":0.0,"max_hp_gain":0.0,"max_hp_loss":0.0,"gold_gain":0.0,"event_name":"Falling","player_choice":"Removed Attack","floor":38.0,"gold_loss":0.0,"damage_taken":0.0},{"damage_healed":26,"gold_gain":0,"player_choice":"Writhe","damage_taken":0,"max_hp_gain":0,"max_hp_loss":0,"event_name":"Winding Halls","floor":45,"gold_loss":0,"cards_obtained":["Writhe"]},{"damage_healed":0,"gold_gain":0,"player_choice":"Fight","damage_taken":0,"max_hp_gain":0,"max_hp_loss":0,"event_name":"MindBloom","floor":46,"gold_loss":0}],"is_beta":false,"boss_relics":[{"not_picked":["Fusion Hammer","Runic Pyramid"],"picked":"Astrolabe"},{"not_picked":["Snecko Eye","Philosopher\u0027s Stone"],"picked":"Calling Bell"}],"items_purged_floors":[21,30,41],"is_endless":false,"potions_floor_spawned":[2,7,10,12,13,24,27,39,44],"killed_by":"The Heart","ascension_level":6}}