{"host":"vydapxfau6612551","time":1609032291,"event":{"mods":["AchievementEnabler","BaseMod","Minty Spire (QoL Compilation)","StSLib","SuperFastMode"],"gold_per_floor":[110,126,136,136,149,149,169,201,201,234,289,364,380,390,390,495,495,505,256,269,169,183,208,208,242,242,167,193,292,308,341,341,443,443,453,230,242,253,305,336,336,371,422,438,454,329,346,396,396,396,396,396,99,131,131,131],"floor_reached":55,"playtime":2492,"items_purged":["Defend_R","Defend_R","Defend_R"],"score":1172,"play_id":"4b8e0ed7-d0a7-4652-88b8-dbda66c08780","local_time":"20201227102451","is_ascension_mode":true,"campfire_choices":[{"floor":6.0,"key":"RECALL"},{"floor":15.0,"key":"REST"},{"floor":32.0,"key":"REST"},{"floor":41.0,"key":"REST"},{"floor":49.0,"key":"REST"},{"floor":52.0,"key":"REST"}],"circlet_count":0,"master_deck":["Strike_R","Strike_R","Strike_R","Strike_R","Strike_R","Bash","Twin Strike","Armaments","Thunderclap","Uppercut","Wild Strike","Uppercut","Perfected Strike","Perfected Strike","Twin Strike","Fiend Fire","Apotheosis","Uppercut+1","Shrug It Off+1","Carnage+1","Bludgeon","Perfected Strike","The Bomb","Perfected Strike+1"],"relics":["Burning Blood","Nunchaku","Mango","Meat on the Bone","Red Skull","Snecko Eye","Matryoshka","CaptainsWheel","Dream Catcher","Ornamental Fan","Darkstone Periapt","Gremlin Horn","Fusion Hammer","Pocketwatch","Incense Burner","Bird Faced Urn","Shuriken","Strawberry","Ginger","Happy Flower","Bag of Preparation","Orichalcum"],"acts_visited":["Exordium","TheCity","TheBeyond","TheEnding"],"potions_floor_usage":[],"damage_taken":[{"damage":6.0,"enemies":"Cultist","floor":1.0,"turns":3.0},{"damage":11.0,"enemies":"Jaw Worm","floor":2.0,"turns":4.0},{"damage":10.0,"enemies":"Small Slimes","floor":3.0,"turns":3.0},{"damage":18.0,"enemies":"Exordium Wildlife","floor":5.0,"turns":6.0},{"damage":18.0,"enemies":"3 Louse","floor":7.0,"turns":4.0},{"damage":17.0,"enemies":"3 Sentries","floor":8.0,"turns":6.0},{"damage":20.0,"enemies":"Gremlin Nob","floor":10.0,"turns":4.0},{"damage":32.0,"enemies":"3 Sentries","floor":11.0,"turns":6.0},{"damage":1.0,"enemies":"Looter","floor":13.0,"turns":2.0},{"damage":8.0,"enemies":"Large Slime","floor":14.0,"turns":2.0},{"damage":47.0,"enemies":"Hexaghost","floor":16.0,"turns":7.0},{"damage":9.0,"enemies":"Shell Parasite","floor":18.0,"turns":3.0},{"damage":0.0,"enemies":"Spheric Guardian","floor":20.0,"turns":2.0},{"damage":0.0,"enemies":"Centurion and Healer","floor":22.0,"turns":2.0},{"damage":16.0,"enemies":"Slavers","floor":23.0,"turns":5.0},{"damage":17.0,"enemies":"Gremlin Leader","floor":25.0,"turns":3.0},{"damage":11.0,"enemies":"Slavers","floor":28.0,"turns":3.0},{"damage":18.0,"enemies":"Snecko","floor":30.0,"turns":3.0},{"damage":15.0,"enemies":"Book of Stabbing","floor":31.0,"turns":3.0},{"damage":49.0,"enemies":"Collector","floor":33.0,"turns":6.0},{"damage":0.0,"enemies":"3 Shapes","floor":35.0,"turns":1.0},{"damage":7.0,"enemies":"Orb Walker","floor":37.0,"turns":2.0},{"damage":10.0,"enemies":"4 Shapes","floor":38.0,"turns":2.0},{"damage":17.0,"enemies":"2 Orb Walkers","floor":39.0,"turns":3.0},{"damage":0.0,"enemies":"Reptomancer","floor":40.0,"turns":2.0},{"damage":18.0,"enemies":"Giant Head","floor":42.0,"turns":5.0},{"damage":9.0,"enemies":"3 Darklings","floor":44.0,"turns":3.0},{"damage":5.0,"enemies":"Maw","floor":45.0,"turns":4.0},{"damage":0.0,"enemies":"Transient","floor":47.0,"turns":5.0},{"damage":0.0,"enemies":"Mind Bloom Boss Battle","floor":48.0,"turns":2.0},{"damage":70.0,"enemies":"Donu and Deca","floor":50.0,"turns":6.0},{"damage":40.0,"enemies":"Shield and Spear","floor":54.0,"turns":3.0},{"damage":114,"enemies":"The Heart","floor":55,"turns":6}],"seed_played":"-457044245282025436","potions_obtained":[{"floor":2.0,"key":"PowerPotion"},{"floor":5.0,"key":"Swift Potion"},{"floor":7.0,"key":"GamblersBrew"},{"floor":13.0,"key":"Regen Potion"},{"floor":14.0,"key":"EssenceOfSteel"},{"floor":18.0,"key":"EssenceOfSteel"},{"floor":22.0,"key":"SteroidPotion"},{"floor":25.0,"key":"FairyPotion"},{"floor":28.0,"key":"HeartOfIron"},{"floor":30.0,"key":"SteroidPotion"},{"floor":31.0,"key":"Block Potion"},{"floor":38.0,"key":"FearPotion"},{"floor":42.0,"key":"AttackPotion"},{"floor":45.0,"key":"GamblersBrew"}],"is_trial":false,"path_per_floor":["M","M","M","T","M","R","M","E","T","E","?","?","M","M","R","B",null,"M","$","M","$","M","E","?","E","T","?","E","?","M","E","R","B",null,"M","$","M","M","?","E","R","E","T","M","M","$","M","?","R","B",null,"R","$","E","B"],"character_chosen":"IRONCLAD","items_purchased":["Apotheosis","Perfected Strike","The Bomb","Happy Flower","Bag of Preparation"],"campfire_rested":5,"item_purchase_floors":[19,36,36,53,53],"current_hp_per_floor":[80,75,71,71,59,59,47,36,50,36,22,11,28,43,73,44,88,85,85,91,91,97,87,66,67,67,67,62,62,62,65,97,66,97,103,103,102,98,87,93,107,95,102,99,100,100,106,112,114,62,101,114,114,80,0,0],"gold":131,"neow_bonus":"TEN_PERCENT_HP_BONUS","is_daily":false,"chose_seed":false,"campfire_upgraded":0,"win_rate":0.0,"timestamp":1609032291,"path_taken":["M","M","M","?","M","R","M","E","T","E","?","?","M","M","R","BOSS","M","$","M","$","M","E","?","E","T","?","E","?","M","E","R","BOSS","M","$","M","M","?","E","R","E","T","M","M","$","M","?","R","BOSS","R","$","E","BOSS"],"items_purchased_type":["Card","Card","Card","Relic","Relic"],"build_version":"2020-12-22","purchased_purges":3,"victory":false,"max_hp_per_floor":[88,88,88,88,88,88,88,88,102,102,102,102,102,102,102,102,102,102,102,102,102,102,102,107,107,107,107,107,107,107,107,107,107,107,107,107,107,107,107,107,107,107,114,114,114,114,114,114,114,114,114,114,114,114,114,114],"card_choices":[{"not_picked":["Iron Wave","Cleave"],"picked":"Twin Strike","floor":1.0},{"not_picked":["Havoc","Clash"],"picked":"Armaments","floor":2.0},{"not_picked":["Body Slam","Metallicize"],"picked":"Thunderclap","floor":3.0},{"not_picked":["Twin Strike","Clothesline"],"picked":"Uppercut","floor":5.0},{"not_picked":["Anger","Entrench"],"picked":"Wild Strike","floor":7.0},{"not_picked":["Thunderclap","Heavy Blade"],"picked":"Uppercut","floor":8.0},{"not_picked":["Sever Soul","Cleave"],"picked":"Perfected Strike","floor":10.0},{"not_picked":["Bloodletting","Iron Wave"],"picked":"Perfected Strike","floor":11.0},{"not_picked":["Anger","Impervious"],"picked":"Twin Strike","floor":13.0},{"not_picked":["Cleave","Clash","Iron Wave"],"picked":"SKIP","floor":14.0},{"not_picked":["Impervious","Berserk"],"picked":"Fiend Fire","floor":16.0},{"not_picked":["Armaments","Heavy Blade","Iron Wave"],"picked":"SKIP","floor":18.0},{"not_picked":["Flame Barrier","Battle Trance"],"picked":"Uppercut+1","floor":20.0},{"not_picked":["Iron Wave","Sword Boomerang"],"picked":"Shrug It Off+1","floor":22.0},{"not_picked":["True Grit","Body Slam+1","Twin Strike+1"],"picked":"SKIP","floor":23.0},{"not_picked":["Berserk","Iron Wave","Battle Trance+1"],"picked":"SKIP","floor":25.0},{"not_picked":["Metallicize+1","Clothesline+1"],"picked":"Carnage+1","floor":28.0},{"not_picked":["Sword Boomerang","Havoc","Dark Embrace"],"picked":"SKIP","floor":30.0},{"not_picked":["Shrug It Off","Flex+1","Body Slam"],"picked":"SKIP","floor":31.0},{"not_picked":["Double Tap","Immolate"],"picked":"Bludgeon","floor":33.0},{"not_picked":["Warcry+1","Iron Wave","Twin Strike+1"],"picked":"SKIP","floor":35.0},{"not_picked":["Dual Wield","Metallicize+1","Wild Strike"],"picked":"SKIP","floor":37.0},{"not_picked":["Dual Wield","Metallicize+1","Wild Strike"],"picked":"SKIP","floor":37.0},{"not_picked":["Combust+1","Dropkick","Shrug It Off"],"picked":"SKIP","floor":38.0},{"not_picked":["Flame Barrier","Headbutt"],"picked":"Perfected Strike+1","floor":39.0},{"not_picked":["Sentinel","Sword Boomerang","Hemokinesis+1"],"picked":"SKIP","floor":40.0},{"not_picked":["Searing Blow","Rampage+1","Sword Boomerang+1"],"picked":"SKIP","floor":42.0},{"not_picked":["Second Wind+1","Searing Blow","Shockwave"],"picked":"SKIP","floor":44.0},{"not_picked":["Flex+1","Twin Strike","Rupture+1"],"picked":"SKIP","floor":45.0},{"not_picked":["Dual Wield+1","Armaments+1","Anger"],"picked":"SKIP","floor":47.0},{"not_picked":["Feel No Pain+1","Pommel Strike","Dual Wield"],"picked":"SKIP","floor":54.0}],"player_experience":379915,"relics_obtained":[{"floor":8.0,"key":"Nunchaku"},{"floor":9.0,"key":"Mango"},{"floor":10.0,"key":"Meat on the Bone"},{"floor":11.0,"key":"Red Skull"},{"floor":23.0,"key":"Matryoshka"},{"floor":25.0,"key":"CaptainsWheel"},{"floor":26.0,"key":"Dream Catcher"},{"floor":26.0,"key":"Ornamental Fan"},{"floor":28.0,"key":"Darkstone Periapt"},{"floor":31.0,"key":"Gremlin Horn"},{"floor":39.0,"key":"Pocketwatch"},{"floor":40.0,"key":"Incense Burner"},{"floor":42.0,"key":"Bird Faced Urn"},{"floor":43.0,"key":"Shuriken"},{"floor":43.0,"key":"Strawberry"},{"floor":48.0,"key":"Ginger"},{"floor":54.0,"key":"Orichalcum"}],"event_choices":[{"damage_healed":0.0,"max_hp_gain":0.0,"max_hp_loss":0.0,"gold_gain":30.0,"event_name":"Dead Adventurer","player_choice":"Searched \u00273\u0027 times","floor":11.0,"gold_loss":0.0,"damage_taken":0.0},{"damage_healed":0.0,"max_hp_gain":0.0,"max_hp_loss":0.0,"gold_gain":75.0,"event_name":"World of Goop","player_choice":"Gather Gold","floor":12.0,"gold_loss":0.0,"damage_taken":11.0},{"damage_healed":0.0,"max_hp_gain":5.0,"max_hp_loss":0.0,"gold_gain":0.0,"event_name":"Forgotten Altar","player_choice":"Shed Blood","floor":24.0,"gold_loss":0.0,"damage_taken":26.0},{"cards_removed":["Defend_R"],"damage_healed":0.0,"max_hp_gain":0.0,"max_hp_loss":0.0,"gold_gain":0.0,"event_name":"Beggar","player_choice":"Gave Gold","floor":27.0,"gold_loss":75.0,"damage_taken":0.0},{"damage_healed":0.0,"max_hp_gain":0.0,"max_hp_loss":0.0,"gold_gain":99.0,"event_name":"Nest","player_choice":"Stole From Cult","floor":29.0,"gold_loss":0.0,"damage_taken":0.0},{"damage_healed":0.0,"max_hp_gain":0.0,"max_hp_loss":0.0,"gold_gain":0.0,"event_name":"Mysterious Sphere","player_choice":"Fight","floor":39.0,"gold_loss":0.0,"damage_taken":0.0},{"damage_healed":0.0,"max_hp_gain":0.0,"max_hp_loss":0.0,"gold_gain":0.0,"event_name":"MindBloom","player_choice":"Fight","floor":48.0,"gold_loss":0.0,"damage_taken":0.0}],"is_beta":false,"boss_relics":[{"not_picked":["Tiny House","Busted Crown"],"picked":"Snecko Eye"},{"not_picked":["Astrolabe","Calling Bell"],"picked":"Fusion Hammer"}],"items_purged_floors":[19,21,46],"is_endless":false,"potions_floor_spawned":[2,5,7,13,14,18,22,25,28,30,31,38,42,45,47],"killed_by":"The Heart","ascension_level":7}}