{"host":"tfkz8stxzb1up54p","time":1609046216,"event":{"mods":["AchievementEnabler","BaseMod","Block Reminder","Colored Powertips","Disable Question Mark Monsters","Emptier Cage","Gold Saver","Gremlin Skip","Highlight Path","Minty Spire (QoL Compilation)","Permanent Neow","StSLib"],"gold_per_floor":[1036,1069,1102,1147,1201,1291,1327,1357,1357,1425,1476,763,8,62,62,368,368,419,452,491,551,596,677,754,802,802,862,907,955,1006,1063,1063,1369,1369,1405,1447,1480,1528,1570,1630,1660,1660,1660,1696,1735,1785,1824,2178,2178,2487,2487,2544,2586,2616,2658,2694,2784,2829,2862,2889,2922,2982,3018,3054,3084,3093,3405,3405,3453,3486,3543,3603,3651,3696,3726,3783,3858,3897,3957,4005,4065,4104,4104,4413,4413,4473,4473,4482,4482,5481,5511,5571,5613,5688,5688,5736,5745,5781,5811,5811,6117,6117,6168,6148,6226,6510,6555,6639,6639,6726,6726,6726],"floor_reached":111,"playtime":6713,"items_purged":[],"score":2826,"play_id":"701e3f20-1df8-4a8f-abaa-128fb05ceb0a","local_time":"20201227051656","daily_mods":["Insanity","Vintage","Allstar","Colorless Cards","Heirloom","Flight","Midas"],"is_ascension_mode":false,"campfire_choices":[{"floor":15.0,"key":"REST"},{"floor":32.0,"key":"REST"},{"floor":42.0,"key":"REST"},{"floor":49.0,"key":"REST"},{"floor":66.0,"key":"REST"},{"floor":83.0,"key":"REST"},{"data":"Forethought","floor":95.0,"key":"PURGE"},{"data":"Writhe","floor":100.0,"key":"PURGE"}],"circlet_count":0,"master_deck":["Demon Form","Echo Form","DevaForm","Cleave","Madness","Impatience","Mind Blast","Sever Soul","Wild Strike","Sword Boomerang+1","Body Slam","Pommel Strike","Rupture","Madness","Clothesline","Dark Shackles","Shockwave","Flex","Warcry","Power Through+1","Clash","Rupture","Shrug It Off","Wild Strike","Flex","True Grit","Swift Strike","Dual Wield+1","Bandage Up","Headbutt","Iron Wave","Heavy Blade+1","Rampage","Jack Of All Trades","Ghostly Armor","Heavy Blade","Sword Boomerang","Sword Boomerang","Clash","Flame Barrier","Entrench","Seeing Red","Warcry","Iron Wave","Metallicize","Clash","Dark Shackles","Disarm","Headbutt","Reckless Charge","Jack Of All Trades","Dramatic Entrance","Chrysalis","Deep Breath","Metamorphosis","Trip","Secret Weapon","Burning Pact","Dramatic Entrance+1","Flash of Steel+1","Flash of Steel+1","Flex","Uppercut+1","Apotheosis+1","Offering+1","Anger+1","Jack Of All Trades+1","Double Tap+1","Havoc+1","Heavy Blade+1","Panache+1","Fiend Fire+1","Mind Blast+1","Exhume+1","Whirlwind+1"],"relics":["Black Blood","Dead Branch","Anchor","Bottled Tornado","The Courier","Paper Frog","Pen Nib","Blood Vial","Art of War","Lantern","Letter Opener","War Paint","MawBank","Ornamental Fan","Molten Egg 2","Orrery","Bottled Flame","Shuriken","Bronze Scales","OrangePellets","Centennial Puzzle","Toxic Egg 2","Pear","StrikeDummy","Nunchaku","FossilizedHelix","Vajra","Eternal Feather","StoneCalendar","Gremlin Horn","Unceasing Top","Frozen Egg 2","Omamori","Red Skull","Akabeko","Ancient Tea Set","InkBottle","Runic Cube","Mummified Hand","Dream Catcher","Bag of Marbles","PreservedInsect","Bottled Lightning","Darkstone Periapt","MealTicket","Mercury Hourglass","Prayer Wheel","Tiny Chest","Bag of Preparation","Regal Pillow","Old Coin","SacredBark","Blue Candle","CeramicFish","Potion Belt","Whetstone","Toy Ornithopter","Pantograph","Strawberry","Orichalcum","Juzu Bracelet","Boot","Oddly Smooth Stone","Smiling Mask","Happy Flower","Fusion Hammer","White Beast Statue","Self Forming Clay","Question Card","Champion Belt","Magic Flower","HornCleat","Meat on the Bone","Singing Bowl","Kunai","Sundial","Matryoshka","Charon\u0027s Ashes","Lizard Tail","Mark of Pain","Du-Vu Doll","Turnip","Pocketwatch","Peace Pipe","Thread and Needle","Shovel","SlaversCollar","TungstenRod","Odd Mushroom","Mango"],"acts_visited":["Exordium","TheCity","TheBeyond","Exordium","TheCity","TheBeyond"],"potions_floor_usage":[],"damage_taken":[{"damage":0.0,"enemies":"Cultist","floor":1.0,"turns":1.0},{"damage":0.0,"enemies":"Small Slimes","floor":2.0,"turns":1.0},{"damage":0.0,"enemies":"Jaw Worm","floor":3.0,"turns":1.0},{"damage":0.0,"enemies":"Exordium Thugs","floor":4.0,"turns":2.0},{"damage":7.0,"enemies":"Large Slime","floor":5.0,"turns":4.0},{"damage":0.0,"enemies":"Gremlin Nob","floor":6.0,"turns":1.0},{"damage":0.0,"enemies":"Gremlin Gang","floor":7.0,"turns":3.0},{"damage":0.0,"enemies":"3 Louse","floor":8.0,"turns":1.0},{"damage":5.0,"enemies":"Large Slime","floor":10.0,"turns":3.0},{"damage":0.0,"enemies":"Blue Slaver","floor":11.0,"turns":3.0},{"damage":0.0,"enemies":"Gremlin Gang","floor":14.0,"turns":1.0},{"damage":0.0,"enemies":"Hexaghost","floor":16.0,"turns":1.0},{"damage":0.0,"enemies":"Spheric Guardian","floor":18.0,"turns":2.0},{"damage":0.0,"enemies":"3 Byrds","floor":19.0,"turns":2.0},{"damage":0.0,"enemies":"Cultist and Chosen","floor":20.0,"turns":2.0},{"damage":14.0,"enemies":"Shelled Parasite and Fungi","floor":21.0,"turns":3.0},{"damage":0.0,"enemies":"Snake Plant","floor":22.0,"turns":2.0},{"damage":0.0,"enemies":"Gremlin Leader","floor":23.0,"turns":3.0},{"damage":0.0,"enemies":"Chosen and Byrds","floor":24.0,"turns":2.0},{"damage":0.0,"enemies":"Centurion and Healer","floor":25.0,"turns":1.0},{"damage":0.0,"enemies":"3 Cultists","floor":27.0,"turns":3.0},{"damage":0.0,"enemies":"Sentry and Sphere","floor":28.0,"turns":1.0},{"damage":0.0,"enemies":"Snecko","floor":29.0,"turns":2.0},{"damage":0.0,"enemies":"3 Cultists","floor":30.0,"turns":1.0},{"damage":0.0,"enemies":"Chosen and Byrds","floor":31.0,"turns":2.0},{"damage":0.0,"enemies":"Automaton","floor":33.0,"turns":2.0},{"damage":0.0,"enemies":"Orb Walker","floor":35.0,"turns":2.0},{"damage":0.0,"enemies":"3 Darklings","floor":36.0,"turns":1.0},{"damage":0.0,"enemies":"Spire Growth","floor":37.0,"turns":2.0},{"damage":0.0,"enemies":"Jaw Worm Horde","floor":38.0,"turns":1.0},{"damage":0.0,"enemies":"Writhing Mass","floor":39.0,"turns":1.0},{"damage":0.0,"enemies":"4 Shapes","floor":40.0,"turns":1.0},{"damage":6.0,"enemies":"Transient","floor":41.0,"turns":4.0},{"damage":0.0,"enemies":"Spire Growth","floor":44.0,"turns":1.0},{"damage":0.0,"enemies":"Sphere and 2 Shapes","floor":45.0,"turns":1.0},{"damage":0.0,"enemies":"Maw","floor":46.0,"turns":2.0},{"damage":0.0,"enemies":"Writhing Mass","floor":47.0,"turns":2.0},{"damage":0.0,"enemies":"Spire Growth","floor":48.0,"turns":1.0},{"damage":0.0,"enemies":"Time Eater","floor":50.0,"turns":5.0},{"damage":0.0,"enemies":"Cultist","floor":52.0,"turns":1.0},{"damage":0.0,"enemies":"Small Slimes","floor":53.0,"turns":1.0},{"damage":0.0,"enemies":"2 Louse","floor":54.0,"turns":1.0},{"damage":0.0,"enemies":"Exordium Wildlife","floor":55.0,"turns":1.0},{"damage":0.0,"enemies":"Lots of Slimes","floor":56.0,"turns":1.0},{"damage":0.0,"enemies":"Lagavulin","floor":57.0,"turns":1.0},{"damage":0.0,"enemies":"Blue Slaver","floor":58.0,"turns":1.0},{"damage":0.0,"enemies":"3 Louse","floor":59.0,"turns":1.0},{"damage":0.0,"enemies":"Looter","floor":61.0,"turns":1.0},{"damage":0.0,"enemies":"Large Slime","floor":62.0,"turns":1.0},{"damage":0.0,"enemies":"Exordium Thugs","floor":63.0,"turns":1.0},{"damage":0.0,"enemies":"Looter","floor":64.0,"turns":1.0},{"damage":0.0,"enemies":"3 Louse","floor":65.0,"turns":1.0},{"damage":0.0,"enemies":"Hexaghost","floor":67.0,"turns":1.0},{"damage":0.0,"enemies":"Shell Parasite","floor":69.0,"turns":1.0},{"damage":0.0,"enemies":"2 Thieves","floor":70.0,"turns":1.0},{"damage":0.0,"enemies":"Shelled Parasite and Fungi","floor":71.0,"turns":1.0},{"damage":0.0,"enemies":"Snake Plant","floor":72.0,"turns":1.0},{"damage":0.0,"enemies":"Centurion and Healer","floor":73.0,"turns":1.0},{"damage":0.0,"enemies":"Cultist and Chosen","floor":74.0,"turns":1.0},{"damage":0.0,"enemies":"Snecko","floor":75.0,"turns":1.0},{"damage":0.0,"enemies":"Snake Plant","floor":76.0,"turns":1.0},{"damage":0.0,"enemies":"Gremlin Leader","floor":77.0,"turns":1.0},{"damage":0.0,"enemies":"Centurion and Healer","floor":78.0,"turns":1.0},{"damage":0.0,"enemies":"Chosen and Byrds","floor":79.0,"turns":1.0},{"damage":0.0,"enemies":"Snecko","floor":80.0,"turns":1.0},{"damage":0.0,"enemies":"3 Cultists","floor":81.0,"turns":1.0},{"damage":0.0,"enemies":"Sentry and Sphere","floor":82.0,"turns":1.0},{"damage":0.0,"enemies":"Collector","floor":84.0,"turns":1.0},{"damage":0.0,"enemies":"3 Shapes","floor":86.0,"turns":1.0},{"damage":0.0,"enemies":"Orb Walker","floor":91.0,"turns":1.0},{"damage":0.0,"enemies":"4 Shapes","floor":92.0,"turns":1.0},{"damage":0.0,"enemies":"Transient","floor":93.0,"turns":4.0},{"damage":0.0,"enemies":"Nemesis","floor":94.0,"turns":1.0},{"damage":0.0,"enemies":"Maw","floor":96.0,"turns":1.0},{"damage":0.0,"enemies":"Jaw Worm Horde","floor":98.0,"turns":1.0},{"damage":0.0,"enemies":"Spire Growth","floor":99.0,"turns":1.0},{"damage":0.0,"enemies":"Donu and Deca","floor":101.0,"turns":1.0},{"damage":0,"enemies":"2 Louse","floor":103,"turns":1},{"damage":0,"enemies":"The Mushroom Lair","floor":105,"turns":1},{"damage":0,"enemies":"Small Slimes","floor":107,"turns":1},{"damage":0,"enemies":"Lagavulin","floor":108,"turns":1},{"damage":145,"enemies":"3 Sentries","floor":110,"turns":7},{"damage":161,"enemies":"Lagavulin","floor":111,"turns":8}],"seed_played":"9186162419934856384","potions_obtained":[{"floor":1.0,"key":"AttackPotion"},{"floor":2.0,"key":"SteroidPotion"},{"floor":6.0,"key":"Fire Potion"},{"floor":8.0,"key":"PowerPotion"},{"floor":11.0,"key":"SneckoOil"},{"floor":16.0,"key":"AttackPotion"},{"floor":18.0,"key":"DuplicationPotion"},{"floor":19.0,"key":"SpeedPotion"},{"floor":20.0,"key":"Weak Potion"},{"floor":23.0,"key":"PowerPotion"},{"floor":25.0,"key":"Block Potion"},{"floor":30.0,"key":"GamblersBrew"},{"floor":31.0,"key":"Block Potion"},{"floor":35.0,"key":"AttackPotion"},{"floor":36.0,"key":"DistilledChaos"},{"floor":53.0,"key":"EntropicBrew"},{"floor":54.0,"key":"Fire Potion"},{"floor":55.0,"key":"Swift Potion"},{"floor":64.0,"key":"Ancient Potion"},{"floor":67.0,"key":"PowerPotion"},{"floor":84.0,"key":"Fruit Juice"},{"floor":91.0,"key":"LiquidBronze"},{"floor":92.0,"key":"DuplicationPotion"},{"floor":93.0,"key":"ColorlessPotion"},{"floor":101.0,"key":"BlessingOfTheForge"},{"floor":103,"key":"LiquidMemories"},{"floor":104,"key":"Fire Potion"},{"floor":105,"key":"DuplicationPotion"}],"is_trial":true,"path_per_floor":["M","M","M","M","M","E","M","M","T","M","M","$","$","M","R","B",null,"M","M","M","M","M","E","M","M","T","M","M","M","M","M","R","B",null,"M","M","M","M","M","M","M","R","T","M","M","M","M","M","R","B",null,"M","M","M","M","M","E","M","M","T","M","M","M","M","M","R","B",null,"M","M","M","M","M","M","M","M","E","M","M","M","M","M","R","B",null,"M","?","?","?","?","M","M","M","E","R","M","?","M","M","R","B",null,"M","?","?","?","M","E","?","E","E"],"character_chosen":"IRONCLAD","items_purchased":["Ornamental Fan","Molten Egg 2","Orrery","Bottled Flame","Shuriken","Bronze Scales","OrangePellets","Centennial Puzzle","Toxic Egg 2"],"campfire_rested":6,"item_purchase_floors":[12,12,12,12,13,13,13,13,13],"current_hp_per_floor":[80,80,80,80,79,80,80,80,80,80,80,80,80,90,90,90,90,90,90,90,88,90,90,90,90,90,90,90,90,90,90,90,90,90,90,90,90,90,90,90,90,90,90,90,90,90,90,90,90,90,90,90,90,90,90,90,90,90,97,97,97,97,97,97,97,97,97,97,97,97,97,97,97,97,97,97,99,99,99,99,99,99,101,101,101,111,111,111,111,111,111,111,111,113,113,113,119,119,119,119,119,119,119,119,119,125,139,141,141,123,0,0],"gold":6726,"neow_bonus":"","is_daily":false,"chose_seed":false,"campfire_upgraded":0,"win_rate":0.0,"timestamp":1609046216,"path_taken":["M","M","M","M","M","E","M","M","T","M","M","$","$","M","R","BOSS","M","M","M","M","M","E","M","M","T","M","M","M","M","M","R","BOSS","M","M","M","M","M","M","M","R","T","M","M","M","M","M","R","BOSS","M","M","M","M","M","E","M","M","T","M","M","M","M","M","R","BOSS","M","M","M","M","M","M","M","M","E","M","M","M","M","M","R","BOSS","M","?","?","?","?","M","M","M","E","R","M","?","M","M","R","BOSS","M","?","?","?","M","E","?","E","E"],"items_purchased_type":["Relic","Relic","Relic","Relic","Relic","Relic","Relic","Relic","Relic"],"build_version":"2020-12-22","purchased_purges":0,"victory":false,"max_hp_per_floor":[80,80,80,80,80,80,80,80,80,80,80,80,80,90,90,90,90,90,90,90,90,90,90,90,90,90,90,90,90,90,90,90,90,90,90,90,90,90,90,90,90,90,90,90,90,90,90,90,90,90,90,90,90,90,90,90,90,90,97,97,97,97,97,97,97,97,97,97,97,97,97,97,97,97,97,97,99,99,99,99,99,99,101,101,101,111,111,111,111,111,111,111,111,113,113,113,119,119,119,119,119,119,119,119,119,125,139,141,141,141,141,141],"card_choices":[{"not_picked":["Headbutt","Heavy Blade","Burning Pact"],"picked":"SKIP","floor":6.0},{"not_picked":["Headbutt","Heavy Blade"],"picked":"Burning Pact","floor":6.0},{"not_picked":["Twin Strike+1","Shockwave"],"picked":"Dramatic Entrance+1","floor":12.0},{"not_picked":["Fire Breathing","Shrug It Off"],"picked":"Flash of Steel+1","floor":12.0},{"not_picked":["Pommel Strike+1","Bludgeon+1"],"picked":"Flash of Steel+1","floor":12.0},{"not_picked":["Thunderclap+1","Cleave+1"],"picked":"Flex","floor":12.0},{"not_picked":["Searing Blow+1","Power Through"],"picked":"Uppercut+1","floor":12.0},{"not_picked":["Panache","Mayhem"],"picked":"Apotheosis+1","floor":16.0},{"not_picked":["Twin Strike+1","Headbutt+1","Reaper+1"],"picked":"SKIP","floor":23.0},{"not_picked":["Juggernaut+1","Demon Form+1"],"picked":"Offering+1","floor":33.0},{"not_picked":["Flex+1","Twin Strike+1"],"picked":"Anger+1","floor":42.0},{"not_picked":["Intimidate+1","Warcry+1"],"picked":"Jack Of All Trades+1","floor":49.0},{"not_picked":["Secret Technique+1","The Bomb+1"],"picked":"Double Tap+1","floor":50.0},{"not_picked":["Searing Blow+1","Pommel Strike+1"],"picked":"Havoc+1","floor":57.0},{"not_picked":["True Grit+1","Shrug It Off+1"],"picked":"Heavy Blade+1","floor":66.0},{"not_picked":["Thinking Ahead+1","Feed+1"],"picked":"Panache+1","floor":67.0},{"not_picked":["Madness+1","Clash+1","Clothesline+1","Perfected Strike+1"],"picked":"Singing Bowl","floor":77.0},{"not_picked":["Power Through+1","Shrug It Off+1","Iron Wave+1","Metallicize+1"],"picked":"Singing Bowl","floor":83.0},{"not_picked":["The Bomb+1","Offering+1","Berserk+1"],"picked":"Fiend Fire+1","floor":84.0},{"not_picked":["Hemokinesis+1","Clothesline+1","Mind Blast+1","Iron Wave+1"],"picked":"Singing Bowl","floor":94.0},{"not_picked":["Secret Weapon+1","Demon Form+1","Corruption+1"],"picked":"Exhume+1","floor":101.0},{"not_picked":["Perfected Strike+1","Wild Strike+1","Dark Embrace+1"],"picked":"Whirlwind+1","floor":105},{"not_picked":["Intimidate+1","Madness+1","Shrug It Off+1","Anger+1"],"picked":"Singing Bowl","floor":108},{"not_picked":["Iron Wave+1","Reckless Charge+1","Heavy Blade+1","Barricade+1"],"picked":"SKIP","floor":110}],"player_experience":1232241,"relics_obtained":[{"floor":1.0,"key":"Anchor"},{"floor":2.0,"key":"Bottled Tornado"},{"floor":3.0,"key":"The Courier"},{"floor":4.0,"key":"Paper Frog"},{"floor":5.0,"key":"Pen Nib"},{"floor":6.0,"key":"Blood Vial"},{"floor":7.0,"key":"Art of War"},{"floor":8.0,"key":"Lantern"},{"floor":9.0,"key":"Letter Opener"},{"floor":10.0,"key":"War Paint"},{"floor":11.0,"key":"MawBank"},{"floor":14.0,"key":"Pear"},{"floor":18.0,"key":"StrikeDummy"},{"floor":19.0,"key":"Nunchaku"},{"floor":20.0,"key":"FossilizedHelix"},{"floor":21.0,"key":"Vajra"},{"floor":22.0,"key":"Eternal Feather"},{"floor":23.0,"key":"StoneCalendar"},{"floor":24.0,"key":"Gremlin Horn"},{"floor":25.0,"key":"Unceasing Top"},{"floor":26.0,"key":"Frozen Egg 2"},{"floor":27.0,"key":"Omamori"},{"floor":28.0,"key":"Red Skull"},{"floor":29.0,"key":"Akabeko"},{"floor":30.0,"key":"Ancient Tea Set"},{"floor":31.0,"key":"InkBottle"},{"floor":35.0,"key":"Mummified Hand"},{"floor":36.0,"key":"Dream Catcher"},{"floor":37.0,"key":"Bag of Marbles"},{"floor":38.0,"key":"PreservedInsect"},{"floor":39.0,"key":"Bottled Lightning"},{"floor":40.0,"key":"Darkstone Periapt"},{"floor":41.0,"key":"MealTicket"},{"floor":43.0,"key":"Mercury Hourglass"},{"floor":44.0,"key":"Prayer Wheel"},{"floor":45.0,"key":"Tiny Chest"},{"floor":46.0,"key":"Bag of Preparation"},{"floor":47.0,"key":"Regal Pillow"},{"floor":48.0,"key":"Old Coin"},{"floor":52.0,"key":"Blue Candle"},{"floor":53.0,"key":"CeramicFish"},{"floor":54.0,"key":"Potion Belt"},{"floor":55.0,"key":"Whetstone"},{"floor":56.0,"key":"Toy Ornithopter"},{"floor":58.0,"key":"Pantograph"},{"floor":59.0,"key":"Strawberry"},{"floor":60.0,"key":"Orichalcum"},{"floor":61.0,"key":"Juzu Bracelet"},{"floor":62.0,"key":"Boot"},{"floor":63.0,"key":"Oddly Smooth Stone"},{"floor":64.0,"key":"Smiling Mask"},{"floor":65.0,"key":"Happy Flower"},{"floor":69.0,"key":"White Beast Statue"},{"floor":70.0,"key":"Self Forming Clay"},{"floor":71.0,"key":"Question Card"},{"floor":72.0,"key":"Champion Belt"},{"floor":73.0,"key":"Magic Flower"},{"floor":74.0,"key":"HornCleat"},{"floor":75.0,"key":"Meat on the Bone"},{"floor":76.0,"key":"Singing Bowl"},{"floor":78.0,"key":"Kunai"},{"floor":79.0,"key":"Sundial"},{"floor":80.0,"key":"Matryoshka"},{"floor":81.0,"key":"Charon\u0027s Ashes"},{"floor":82.0,"key":"Lizard Tail"},{"floor":86.0,"key":"Du-Vu Doll"},{"floor":91.0,"key":"Turnip"},{"floor":92.0,"key":"Pocketwatch"},{"floor":93.0,"key":"Peace Pipe"},{"floor":98.0,"key":"Thread and Needle"},{"floor":99.0,"key":"Shovel"},{"floor":103,"key":"TungstenRod"},{"floor":105,"key":"Odd Mushroom"},{"floor":107,"key":"Mango"}],"event_choices":[{"cards_removed":["Wraith Form v2"],"damage_healed":0.0,"max_hp_gain":0.0,"max_hp_loss":0.0,"gold_gain":0.0,"event_name":"Falling","player_choice":"Removed Power","floor":87.0,"gold_loss":0.0,"damage_taken":0.0},{"damage_healed":0.0,"max_hp_gain":0.0,"max_hp_loss":0.0,"gold_gain":0.0,"event_name":"Duplicator","player_choice":"Copied","floor":88.0,"gold_loss":0.0,"damage_taken":0.0,"cards_obtained":["Mind Blast"]},{"damage_healed":0.0,"max_hp_gain":0.0,"max_hp_loss":0.0,"gold_gain":0.0,"event_name":"Tomb of Lord Red Mask","player_choice":"Ignored","floor":89.0,"gold_loss":0.0,"damage_taken":0.0},{"damage_healed":0.0,"max_hp_gain":0.0,"max_hp_loss":0.0,"gold_gain":999.0,"event_name":"MindBloom","player_choice":"Gold","floor":90.0,"gold_loss":0.0,"damage_taken":0.0,"cards_obtained":["Normality","Normality"]},{"damage_healed":28.0,"max_hp_gain":0.0,"max_hp_loss":0.0,"gold_gain":0.0,"event_name":"Winding Halls","player_choice":"Writhe","floor":97.0,"gold_loss":0.0,"damage_taken":0.0,"cards_obtained":["Writhe"]},{"damage_healed":0,"gold_gain":0,"player_choice":"Bought 1 Potion","damage_taken":0,"max_hp_gain":0,"max_hp_loss":0,"event_name":"The Woman in Blue","floor":104,"gold_loss":0},{"damage_healed":0,"gold_gain":0,"player_choice":"Fought Mushrooms","damage_taken":0,"max_hp_gain":0,"max_hp_loss":0,"event_name":"Mushrooms","floor":105,"gold_loss":0},{"damage_healed":0,"gold_gain":275,"player_choice":"Desecrate","damage_taken":0,"max_hp_gain":0,"max_hp_loss":0,"event_name":"Golden Shrine","floor":106,"gold_loss":0,"cards_obtained":["Regret"]},{"cards_removed":["Regret"],"damage_healed":0,"gold_gain":0,"player_choice":"Forget","damage_taken":0,"max_hp_gain":0,"max_hp_loss":0,"event_name":"Living Wall","floor":109,"gold_loss":0}],"is_beta":false,"boss_relics":[{"not_picked":["Coffee Dripper","Sozu"],"picked":"Black Blood"},{"not_picked":["Astrolabe","Snecko Eye"],"picked":"Runic Cube"},{"not_picked":["Philosopher\u0027s Stone","Tiny House"],"picked":"SacredBark"},{"not_picked":["Runic Pyramid","Philosopher\u0027s Stone"],"picked":"Fusion Hammer"},{"not_picked":["Sozu","Astrolabe"],"picked":"Mark of Pain"},{"not_picked":["Snecko Eye","Calling Bell"],"picked":"SlaversCollar"}],"items_purged_floors":[],"is_endless":true,"potions_floor_spawned":[1,2,6,8,11,16,18,19,20,23,25,30,31,35,36,37,45,46,47,48,53,54,55,61,62,63,64,67,70,71,72,73,74,75,76,77,78,79,80,81,82,84,86,91,92,93,94,96,98,99,101,103,105,107,108,110],"killed_by":"Lagavulin","ascension_level":0}}