{"host":"v1zz5dqrlq7zjvm7","time":1609080437,"event":{"mods":["Act Like it!","BaseMod","Colored Map","Colored Powertips","Friendly Minions","Gensokyo","HololiveMod","Minty Spire (QoL Compilation)","Prisma Mod","StSLib","The Servant 0.9.4","UnlockEverythingMod","Waifu the Spire"],"gold_per_floor":[333,333,364,364,388,423,99,129,129,175,201,201,201,230,230,437,437],"floor_reached":16,"playtime":891,"items_purged":[],"score":403,"play_id":"8195e1f8-9616-4293-af5a-19704ae8fcf5","local_time":"20201228011717","is_ascension_mode":true,"campfire_choices":[{"data":"Hololive_CallHimemoriLuna","floor":15,"key":"SMITH"}],"circlet_count":0,"master_deck":["AscendersBane","Hololive_Strike","Hololive_Defend","Hololive_Defend","Hololive_CallCivia","Hololive_CallMinatoAqua","Hololive_CallYuzukiChoco","Hololive_CallHimemoriLuna+1","Hololive_CallArtia","Hololive_RevenueBasedLive","Hololive_CallInugamiKorone","Hololive_CallUsadaPekora","Gensokyo:BlemishedSteel","Hololive_CallHoushouMarine+1","Hololive_CallRoboco","Hololive_CallShirakamiFubuki","Injury","Hololive_CallOzoraSubaru"],"relics":["Hololive_TheStar","Gensokyo:Justice","WingedGreaves","Bottled Flame","Strange Spoon","FossilizedHelix","Pantograph","Bag of Marbles","PreservedInsect","Happy Flower","Bag of Preparation"],"acts_visited":["Gensokyo:Gensokyo"],"potions_floor_usage":[8,16],"damage_taken":[{"damage":0,"enemies":"Gensokyo:Gryphon","floor":1,"turns":4},{"damage":0,"enemies":"Gensokyo:Mamizou","floor":3,"turns":7},{"damage":0,"enemies":"Gensokyo:3_Fairies","floor":5,"turns":5},{"damage":0,"enemies":"Gensokyo:Mamizou","floor":6,"turns":8},{"damage":0,"enemies":"Gensokyo:Aya","floor":8,"turns":6},{"damage":0,"enemies":"Gensokyo:Cirno","floor":10,"turns":5},{"damage":0,"enemies":"Gensokyo:2_Kodama","floor":14,"turns":3},{"damage":33,"enemies":"Gensokyo:Reimu","floor":16,"turns":14}],"seed_played":"6645804648654217242","potions_obtained":[{"floor":5,"key":"AttackPotion"},{"floor":14,"key":"BlessingOfTheForge"}],"is_trial":false,"path_per_floor":["M","?","?","?","M","E","COS","E","T","E","T","?","?","M","R","B"],"character_chosen":"Hololive_HololiveCharacter","items_purchased":[],"campfire_rested":0,"item_purchase_floors":[],"current_hp_per_floor":[27,27,27,20,20,20,20,20,20,20,20,20,20,20,20,0,0],"gold":437,"neow_bonus":"TWO_FIFTY_GOLD","is_daily":false,"chose_seed":false,"campfire_upgraded":1,"win_rate":0.0,"timestamp":1609080437,"path_taken":["M","?","?","?","?","E","COS","E","T","E","?","?","?","?","R","BOSS"],"items_purchased_type":[],"build_version":"2020-12-22","purchased_purges":0,"victory":false,"max_hp_per_floor":[30,30,30,30,30,30,30,30,30,30,30,30,30,30,30,30,30],"card_choices":[{"not_picked":["Hololive_FlyingPonyTail","Hololive_Sequa","Hololive_OvertimeWork"],"picked":"Hololive_RevenueBasedLive","floor":1},{"not_picked":["Hololive_CallAyundaRisu","Hololive_CallOzoraSubaru","Hololive_BeCareful"],"picked":"Hololive_CallInugamiKorone","floor":3},{"not_picked":["Hololive_HuntDinosaur","Hololive_Breathe","Hololive_DevilCharm"],"picked":"Hololive_StrengthChampion","floor":5},{"not_picked":["Hololive_CallAkiRosenthal","Hololive_Spy","Hololive_Yoholoon"],"picked":"Hololive_CallUsadaPekora","floor":6},{"not_picked":["Hololive_CallShiroganeNoel+1","Hololive_Sequa+1","Hololive_ManjiGathering+1"],"picked":"Hololive_CallHoushouMarine+1","floor":8},{"not_picked":["Hololive_CallAmaneKanata","Hololive_OvertimeWork","Hololive_CallManoAloe"],"picked":"Hololive_CallRoboco","floor":8},{"not_picked":["Hololive_CallOmaruPolka","Hololive_CallKiryuuCoco","Hololive_IdolExercise"],"picked":"Hololive_CallShirakamiFubuki","floor":10},{"not_picked":["Hololive_Rebound","Hololive_HuntDinosaur","Hololive_Psychosis"],"picked":"Hololive_CallOzoraSubaru","floor":14}],"player_experience":162100,"relics_obtained":[{"floor":3,"key":"WingedGreaves"},{"floor":6,"key":"Bottled Flame"},{"floor":8,"key":"FossilizedHelix"},{"floor":9,"key":"Pantograph"},{"floor":10,"key":"Bag of Marbles"},{"floor":11,"key":"PreservedInsect"}],"event_choices":[],"is_beta":false,"boss_relics":[],"items_purged_floors":[],"is_endless":false,"potions_floor_spawned":[5,14],"killed_by":"Gensokyo:Reimu","ascension_level":19}}