{"host":"ba8fi0vd2808q8ml","time":1609064060,"event":{"mods":["2.2 Compatiblity","AchievementEnabler","BaseMod","Hermit","Lobotomy","LobotomyExtend","Marisa£¨Ùöéë¡¡Øª×âÞÞ£©","Minty Spire (QoL Compilation)","StSLib","SuperFastMode","Td1madao Mod","The Bug Knight","The Cursed","The Servant 0.9.4"],"gold_per_floor":[212,162,162,178,189,189,219,219,270,16,16,16,16,16],"floor_reached":13,"playtime":308,"items_purged":[],"score":85,"play_id":"3ec110b5-3cee-4000-8e94-5c90ac35f0fa","local_time":"20201227191420","is_ascension_mode":true,"campfire_choices":[{"floor":6,"key":"REST"}],"circlet_count":0,"master_deck":["SpecialBullet","SpecialBullet","SpecialBullet","SpecialBullet","SpecialBullet","SpecialBullet","SpecialBullet","ExtractionCode","InformationCode","TrainingCode","GrinderMk4","Wingbeat+1","Bloodbath","RapturousDream","CUTE+1","MeatLantern","Injury"],"relics":["CogitoBucket","Bag of Preparation","War Paint","Ornamental Fan","Golden Idol"],"acts_visited":["Exordium"],"potions_floor_usage":[],"damage_taken":[{"damage":7,"enemies":"Small Slimes","floor":1,"turns":3},{"damage":19,"enemies":"2 Louse","floor":4,"turns":3},{"damage":8,"enemies":"Cultist","floor":5,"turns":4},{"damage":16,"enemies":"3 Sentries","floor":7,"turns":8},{"damage":71,"enemies":"Lagavulin","floor":13,"turns":8}],"seed_played":"-5704078847393496777","potions_obtained":[],"is_trial":false,"path_per_floor":["M","?","?","M","M","R","E","R","T","$","?","$","E"],"character_chosen":"Angela","items_purchased":["Ornamental Fan"],"campfire_rested":1,"item_purchase_floors":[10],"current_hp_per_floor":[63,63,68,49,42,64,50,50,50,50,50,50,0,0],"gold":16,"neow_bonus":"HUNDRED_GOLD","is_daily":false,"chose_seed":false,"campfire_upgraded":0,"win_rate":0.0,"timestamp":1609064060,"path_taken":["M","?","?","M","M","R","E","R","T","$","?","$","E"],"items_purchased_type":["Relic"],"build_version":"2020-12-22","purchased_purges":0,"victory":false,"max_hp_per_floor":[70,70,75,75,75,75,75,75,75,75,75,75,75,75],"card_choices":[{"not_picked":["InTheNameOfLoveAndHate","CherryBlossom"],"picked":"SKIP","floor":1},{"not_picked":["Lantern","TodaysExpression"],"picked":"SKIP","floor":1},{"not_picked":["BlackSwan_ego"],"picked":"GrinderMk4","floor":4},{"not_picked":["SomewhereSpear"],"picked":"Wingbeat","floor":4},{"not_picked":["WallGazer","LittleHelper"],"picked":"Bloodbath","floor":4},{"not_picked":["Penitence"],"picked":"RapturousDream","floor":5},{"not_picked":["TodaysExpression"],"picked":"CUTE","floor":5},{"not_picked":["Scorched","SingingMachine"],"picked":"MeatLantern","floor":5},{"not_picked":["Tough","Horn"],"picked":"SKIP","floor":7},{"not_picked":["Tough","Horn"],"picked":"SKIP","floor":7}],"player_experience":60615,"relics_obtained":[{"floor":7,"key":"Bag of Preparation"},{"floor":9,"key":"War Paint"}],"event_choices":[{"cards_removed":["SpecialBullet"],"damage_healed":0,"gold_gain":0,"player_choice":"Card Removal","damage_taken":0,"max_hp_gain":0,"max_hp_loss":0,"event_name":"The Cleric","floor":2,"gold_loss":50},{"damage_healed":0,"gold_gain":0,"player_choice":"Donut","damage_taken":0,"max_hp_gain":5,"max_hp_loss":0,"event_name":"Big Fish","floor":3,"gold_loss":0},{"damage_healed":0,"gold_gain":0,"player_choice":"Take Wound","damage_taken":0,"relics_obtained":["Golden Idol"],"max_hp_gain":0,"max_hp_loss":0,"event_name":"Golden Idol","floor":11,"gold_loss":0,"cards_obtained":["Injury"]}],"is_beta":false,"boss_relics":[],"items_purged_floors":[],"is_endless":false,"potions_floor_spawned":[],"killed_by":"Lagavulin","ascension_level":1}}