{"host":"u3zhfyeznnb1kiy1","time":1609098323,"event":{"mods":["BaseMod","Colored Map","Colored Powertips","Downfall","GifTheSpireLib","Highlight Path","Minty Spire (QoL Compilation)","StSLib"],"gold_per_floor":[99,110,110,126,42,59,59,87,537,387,418,343,357,377,390,487,487,487,506,9,24,24,24,24,29,39,39,70,82,82,115,130,230,230,230,241,241,290,290,302,302,302,327,327,337,662,697,389,399,399,399,429,8,8,8],"floor_reached":56,"playtime":5121,"items_purged":["Slimebound:Icky","Slimebound:Icky","Guardian:Strike_Guardian"],"score":1510,"play_id":"7e675744-eba0-405b-a4eb-ba94f0a55866","local_time":"20201227144523","is_ascension_mode":false,"campfire_choices":[{"floor":1,"key":"RECALL"},{"data":"Guardian:FloatingOrbs","floor":10,"key":"SMITH"},{"data":"Guardian:DecasProtection","floor":12,"key":"SMITH"},{"data":"Guardian:StasisField","floor":18,"key":"SMITH"},{"data":"Guardian:PiercingHide","floor":23,"key":"SMITH"},{"data":"Guardian:Repulse","floor":27,"key":"SMITH"},{"data":"Guardian:Planning","floor":30,"key":"SMITH"},{"data":"Guardian:Defend_Guardian","floor":35,"key":"SMITH"},{"data":"Guardian:TwinSlam","floor":42,"key":"SMITH"},{"data":"Guardian:Harden","floor":54,"key":"SMITH"}],"circlet_count":0,"master_deck":["Guardian:Strike_Guardian+1","Guardian:Strike_Guardian+1","Guardian:Defend_Guardian+1","Guardian:Defend_Guardian+1","Guardian:CurlUp+1","Guardian:TwinSlam+1","Guardian:SphericShield","Guardian:PiercingHide+1","Guardian:MultiBeam+1","Guardian:Reroute+1","Guardian:FloatingOrbs+1","Guardian:PolyBeam+1","Guardian:SentryBeam+1","Guardian:DecasProtection+1","Guardian:Planning+1","Guardian:PrimingBeam+1","Guardian:StasisField+1","Guardian:RollAttack+1","Guardian:PrimingBeam+1","Guardian:BronzeOrb+1","Guardian:PolyBeam+1","Guardian:Repulse+1","Guardian:ChargeCore+1","Guardian:Reroute+1","Guardian:MultiBeam+1","Guardian:BaubleBeam+1","Guardian:PiercingHide+1","Guardian:Incinerate+1","Guardian:BronzeArmor","Guardian:ChargeCore+1","Guardian:Harden+1","Guardian:Incinerate+1","Guardian:PiercingHide+1","Guardian:FloatingOrbs","Guardian:DecasProtection+1","Guardian:EvasiveProtocol","Guardian:DecasProtection+1"],"relics":["Guardian:ModeShifter","Molten Egg 2","Matryoshka","downfall:HeartBlessingRed","downfall:HeartBlessingBlue","Nunchaku","downfall:HeartBlessingGreen","Busted Crown","Shuriken","Omamori","Pantograph","FossilizedHelix","War Paint","Coffee Dripper","WingedGreaves","Orichalcum","Gremlin Horn","Mercury Hourglass","Boot","Old Coin","Bag of Preparation","Orrery","Whetstone","DollysMirror","Strawberry"],"acts_visited":["Exordium","TheCity","TheBeyond","TheEnding"],"potions_floor_usage":[8,16,16,16,16,25,31,33,52,55,55],"damage_taken":[{"damage":2,"enemies":"Small Slimes","floor":2,"turns":4},{"damage":0,"enemies":"Jaw Worm","floor":4,"turns":4},{"damage":0,"enemies":"downfall:FleeingMerchant","floor":5,"turns":4},{"damage":0,"enemies":"2 Louse","floor":6,"turns":2},{"damage":2,"enemies":"Lagavulin","floor":8,"turns":4},{"damage":11,"enemies":"Gremlin Nob","floor":11,"turns":3},{"damage":1,"enemies":"Exordium Thugs","floor":13,"turns":4},{"damage":0,"enemies":"Large Slime","floor":14,"turns":4},{"damage":10,"enemies":"Exordium Thugs","floor":15,"turns":3},{"damage":7,"enemies":"downfall:Ironclad","floor":16,"turns":6},{"damage":2,"enemies":"Shell Parasite","floor":19,"turns":4},{"damage":3,"enemies":"downfall:FleeingMerchant","floor":20,"turns":4},{"damage":0,"enemies":"Spheric Guardian","floor":21,"turns":3},{"damage":4,"enemies":"downfall:FleeingMerchant","floor":25,"turns":4},{"damage":7,"enemies":"Snake Plant","floor":26,"turns":3},{"damage":4,"enemies":"Book of Stabbing","floor":28,"turns":4},{"damage":0,"enemies":"Centurion and Healer","floor":29,"turns":4},{"damage":12,"enemies":"Slavers","floor":31,"turns":3},{"damage":6,"enemies":"3 Cultists","floor":32,"turns":4},{"damage":17,"enemies":"downfall:Defect","floor":33,"turns":5},{"damage":0,"enemies":"3 Shapes","floor":36,"turns":3},{"damage":0,"enemies":"2 Orb Walkers","floor":38,"turns":3},{"damage":4,"enemies":"3 Darklings","floor":40,"turns":3},{"damage":0,"enemies":"Reptomancer","floor":43,"turns":5},{"damage":7,"enemies":"4 Shapes","floor":45,"turns":3},{"damage":0,"enemies":"Giant Head","floor":46,"turns":5},{"damage":0,"enemies":"Reptomancer","floor":47,"turns":3},{"damage":16,"enemies":"Writhing Mass","floor":49,"turns":3},{"damage":13,"enemies":"downfall:Silent","floor":50,"turns":5},{"damage":0,"enemies":"downfall:CharBossMerchant","floor":52,"turns":6},{"damage":0,"enemies":"downfall:NeowBoss","floor":55,"turns":16}],"seed_played":"115488202648662240","potions_obtained":[{"floor":4,"key":"Strength Potion"},{"floor":6,"key":"DistilledChaos"},{"floor":8,"key":"LiquidMemories"},{"floor":14,"key":"EntropicBrew"},{"floor":22,"key":"LiquidMemories"},{"floor":22,"key":"champ:CounterPotion"},{"floor":26,"key":"hexamod:EctoCoolerPotion"},{"floor":29,"key":"Regen Potion"},{"floor":32,"key":"champ:CounterPotion"},{"floor":33,"key":"Ancient Potion"},{"floor":36,"key":"PowerPotion"},{"floor":46,"key":"Regen Potion"},{"floor":52,"key":"FearPotion"}],"is_trial":false,"path_per_floor":["R","M","?","M","$","M","T","E","?","R","E","R","M","M","M","B",null,"R","M","$","M","?","R","T","$","M","R","E","M","R","E","M","B",null,"R","M","?","?","?","M","T","R","E","?","M","E","E","$","M","B",null,"E","$","R","B",null],"character_chosen":"GUARDIAN","items_purchased":["Guardian:FloatingOrbs","Shuriken","Guardian:BronzeOrb+1","Guardian:PolyBeam+1","Guardian:Gem_Synthetic","Guardian:Repulse","Guardian:Harden","Orrery","Guardian:EvasiveProtocol","DollysMirror","Guardian:Gem_Cyan","Strawberry"],"campfire_rested":0,"item_purchase_floors":[5,20,20,20,25,25,48,48,53,53,53,53],"current_hp_per_floor":[72,70,37,37,37,37,37,35,35,45,34,34,33,33,23,16,82,82,80,77,77,77,77,77,73,66,66,62,62,62,50,44,64,82,82,82,82,82,82,78,78,78,78,78,71,71,71,71,55,67,82,82,89,89,89],"gold":8,"neow_bonus":"TRANSFORM_TWO_CARDS","is_daily":false,"chose_seed":false,"campfire_upgraded":9,"win_rate":0.0,"timestamp":1609098323,"path_taken":["R","M","?","M","$","M","T","E","?","R","E","R","M","M","M","BOSS","R","M","$","M","?","R","T","$","M","R","E","?","R","E","M","BOSS","R","M","?","?","?","M","T","R","E","?","?","E","E","$","M","BOSS","E","$","R","BOSS"],"items_purchased_type":["Card","Relic","Card","Card","Card","Card","Card","Relic","Card","Relic","Card","Relic"],"build_version":"2020-12-22","purchased_purges":3,"victory":true,"max_hp_per_floor":[72,72,72,72,72,72,72,72,72,82,82,82,82,82,82,82,82,82,82,82,82,82,82,82,82,82,82,82,82,82,82,82,82,82,82,82,82,82,82,82,82,82,82,82,82,82,82,82,82,82,82,82,89,89,89],"card_choices":[{"not_picked":["Guardian:ChargeCore","Guardian:PrimingBeam"],"picked":"Guardian:PiercingHide","floor":2},{"not_picked":["Guardian:Recover","Guardian:PrimingBeam+1"],"picked":"Guardian:MultiBeam+1","floor":4},{"not_picked":["Guardian:Gem_Cyan","Guardian:TemporalShield"],"picked":"Guardian:Reroute+1","floor":5},{"not_picked":["Guardian:Gem_Green","Guardian:PiercingHide"],"picked":"Guardian:PolyBeam+1","floor":6},{"not_picked":["Guardian:GuardianWhirl+1","Guardian:PiercingHide"],"picked":"Guardian:SentryBeam+1","floor":8},{"not_picked":["Guardian:RollAttack+1","Guardian:Preprogram"],"picked":"Guardian:DecasProtection","floor":11},{"not_picked":["Guardian:Gem_Lightblue","Guardian:ArmoredProtocol"],"picked":"Guardian:Planning","floor":13},{"not_picked":["Guardian:Gem_Crimson","Guardian:Harden"],"picked":"Guardian:PrimingBeam+1","floor":14},{"not_picked":["Guardian:WalkerClaw+1","Guardian:Gem_Crimson"],"picked":"Guardian:Gem_Synthetic","floor":15},{"not_picked":["Guardian:ExploitGems","Guardian:HyperBeam_Guardian+1"],"picked":"Guardian:StasisField","floor":16},{"not_picked":[],"picked":"Guardian:RollAttack+1","floor":19},{"not_picked":[],"picked":"Guardian:PrimingBeam+1","floor":20},{"not_picked":[],"picked":"Guardian:Gem_Blue","floor":21},{"not_picked":[],"picked":"Guardian:Gem_Cyan","floor":25},{"not_picked":[],"picked":"Guardian:ChargeCore+1","floor":26},{"not_picked":[],"picked":"Guardian:Reroute+1","floor":28},{"not_picked":[],"picked":"Guardian:MultiBeam+1","floor":29},{"not_picked":["Guardian:Preprogram+1"],"picked":"SKIP","floor":31},{"not_picked":["Guardian:TemporalStrike+1"],"picked":"SKIP","floor":32},{"not_picked":[],"picked":"Guardian:BaubleBeam+1","floor":33},{"not_picked":[],"picked":"Guardian:PiercingHide+1","floor":36},{"not_picked":[],"picked":"Guardian:Gem_Cyan","floor":38},{"not_picked":[],"picked":"Guardian:Incinerate+1","floor":40},{"not_picked":[],"picked":"Guardian:BronzeArmor","floor":43},{"not_picked":["Guardian:Preprogram+1"],"picked":"SKIP","floor":45},{"not_picked":["Guardian:RollAttack+1"],"picked":"SKIP","floor":46},{"not_picked":["Guardian:RollAttack+1"],"picked":"SKIP","floor":46},{"not_picked":[],"picked":"Guardian:ChargeCore+1","floor":47},{"not_picked":[],"picked":"Guardian:Gem_White","floor":48},{"not_picked":[],"picked":"Guardian:Incinerate+1","floor":48},{"not_picked":[],"picked":"Guardian:PiercingHide+1","floor":48},{"not_picked":[],"picked":"Guardian:FloatingOrbs","floor":48},{"not_picked":[],"picked":"Guardian:DecasProtection+1","floor":49},{"not_picked":[],"picked":"Guardian:Gem_Cyan","floor":52}],"player_experience":1142330,"relics_obtained":[{"floor":8,"key":"Matryoshka"},{"floor":11,"key":"Nunchaku"},{"floor":24,"key":"Omamori"},{"floor":24,"key":"Pantograph"},{"floor":28,"key":"FossilizedHelix"},{"floor":31,"key":"War Paint"},{"floor":38,"key":"WingedGreaves"},{"floor":39,"key":"Orichalcum"},{"floor":39,"key":"Gremlin Horn"},{"floor":41,"key":"Mercury Hourglass"},{"floor":43,"key":"Boot"},{"floor":46,"key":"Old Coin"},{"floor":47,"key":"Bag of Preparation"},{"floor":52,"key":"Whetstone"}],"event_choices":[{"damage_healed":0,"gold_gain":0,"player_choice":"Success","damage_taken":33,"relics_obtained":["Molten Egg 2"],"max_hp_gain":0,"max_hp_loss":0,"event_name":"Scrap Ooze","floor":3,"gold_loss":0},{"damage_healed":0,"gold_gain":0,"player_choice":"Got Potions","damage_taken":0,"max_hp_gain":0,"max_hp_loss":0,"event_name":"Lab","floor":22,"gold_loss":0},{"cards_removed":["Guardian:Defend_Guardian"],"damage_healed":0,"gold_gain":0,"player_choice":"Removed Skill","damage_taken":0,"max_hp_gain":0,"max_hp_loss":0,"event_name":"Falling","floor":37,"gold_loss":0},{"damage_healed":0,"gold_gain":0,"player_choice":"Fight","damage_taken":0,"max_hp_gain":0,"max_hp_loss":0,"event_name":"Mysterious Sphere","floor":38,"gold_loss":0}],"is_beta":false,"boss_relics":[{"not_picked":["Runic Dome","SacredBark"],"picked":"Busted Crown"},{"not_picked":["Runic Pyramid","Black Star"],"picked":"Coffee Dripper"}],"items_purged_floors":[20,25,48],"is_endless":false,"potions_floor_spawned":[4,6,8,14,26,28,29,32,33,36,40,43,46,52],"ascension_level":0}}