{"host":"cv77zuuuekizn3ic","time":1609095938,"event":{"mods":["AchievementEnabler","BaseMod","Marisa£®ÏF”Í°°ƒß¿Ì…≥£©","Minty Spire (QoL Compilation)","StSLib","Waifu the Spire","everything is the same but u backflip on backflip","slay the spire mod where everything is the same but ironclad has a cowboy hat"],"gold_per_floor":[17,29,29,54,69,69,105,146,146,215,215,215,17,60,60,209,209,253,266,7,7,55,55,68,94,94,94,94],"floor_reached":27,"playtime":1442,"items_purged":["Defend_P","Strike_P"],"score":488,"play_id":"6efd20c0-86cb-4476-a450-c1e04ea5dbd3","local_time":"20201228030538","is_ascension_mode":true,"campfire_choices":[{"data":"Eruption","floor":6.0,"key":"SMITH"},{"floor":12.0,"key":"REST"},{"data":"Wish","floor":15.0,"key":"SMITH"},{"floor":23,"key":"REST"}],"circlet_count":0,"master_deck":["AscendersBane","Strike_P","Strike_P","Strike_P","Defend_P+1","Defend_P","Defend_P","Eruption+1","Vigilance","EmptyBody","EmptyFist+1","Prostrate","Wish+1","Collect","MentalFortress","TalkToTheHand","LessonLearned+1","Prostrate","Adaptation","WheelKick+1","LikeWater"],"relics":["PureWater","TungstenRod","Golden Idol","Akabeko","Ancient Tea Set","The Courier","SacredBark","TheAbacus","Boot","Bottled Flame"],"acts_visited":["Exordium","TheCity"],"potions_floor_usage":[22,22],"damage_taken":[{"damage":3.0,"enemies":"Small Slimes","floor":1.0,"turns":6.0},{"damage":0.0,"enemies":"Jaw Worm","floor":2.0,"turns":4.0},{"damage":0.0,"enemies":"Cultist","floor":4.0,"turns":2.0},{"damage":10.0,"enemies":"Looter","floor":5.0,"turns":4.0},{"damage":0.0,"enemies":"Gremlin Nob","floor":7.0,"turns":3.0},{"damage":3.0,"enemies":"Blue Slaver","floor":8.0,"turns":3.0},{"damage":25.0,"enemies":"Lagavulin","floor":10.0,"turns":10.0},{"damage":7.0,"enemies":"Exordium Wildlife","floor":14.0,"turns":7.0},{"damage":5.0,"enemies":"The Guardian","floor":16.0,"turns":17.0},{"damage":44.0,"enemies":"3 Byrds","floor":18.0,"turns":12.0},{"damage":1.0,"enemies":"Spheric Guardian","floor":19.0,"turns":9.0},{"damage":2,"enemies":"Cultist and Chosen","floor":22,"turns":5},{"damage":17,"enemies":"Snake Plant","floor":24,"turns":4},{"damage":12,"enemies":"Sentry and Sphere","floor":27,"turns":3}],"seed_played":"-7809607580138781086","potions_obtained":[{"floor":2.0,"key":"LiquidMemories"},{"floor":5.0,"key":"ColorlessPotion"},{"floor":7.0,"key":"DuplicationPotion"},{"floor":14.0,"key":"Fire Potion"},{"floor":18.0,"key":"GamblersBrew"},{"floor":19.0,"key":"DuplicationPotion"},{"floor":24,"key":"Energy Potion"}],"is_trial":false,"path_per_floor":["M","M","?","M","M","R","E","M","T","E","?","R","$","M","R","B",null,"M","M","$","?","M","R","M","T","T","M"],"character_chosen":"WATCHER","items_purchased":["MentalFortress","TalkToTheHand","TheAbacus","SkillPotion"],"campfire_rested":2,"item_purchase_floors":[13,13,20,20],"current_hp_per_floor":[58,58,58,58,48,48,48,45,45,20,11,29,29,22,22,17,51,7,6,6,6,4,22,5,5,5,0,0],"gold":94,"neow_bonus":"ONE_RARE_RELIC","is_daily":false,"chose_seed":false,"campfire_upgraded":2,"win_rate":0.0,"timestamp":1609095938,"path_taken":["M","M","?","M","M","R","E","M","T","E","?","R","$","?","R","BOSS","M","M","?","?","M","R","M","?","T","M"],"items_purchased_type":["Card","Card","Relic","Potion"],"build_version":"2020-12-22","purchased_purges":2,"victory":false,"max_hp_per_floor":[68,68,62,62,62,62,62,62,62,62,62,62,62,62,62,62,62,62,62,62,62,62,62,62,62,62,62,62],"card_choices":[{"not_picked":["FlyingSleeves","Evaluate"],"picked":"EmptyBody","floor":1.0},{"not_picked":["Nirvana","ThirdEye"],"picked":"EmptyFist","floor":2.0},{"not_picked":["Crescendo","DeceiveReality","FollowUp"],"picked":"SKIP","floor":4.0},{"not_picked":["ThirdEye","Consecrate"],"picked":"Prostrate","floor":5.0},{"not_picked":["SandsOfTime","WaveOfTheHand"],"picked":"Wish","floor":7.0},{"not_picked":["EmptyFist","CrushJoints"],"picked":"Collect","floor":8.0},{"not_picked":["EmptyBody","Blasphemy","CrushJoints"],"picked":"SKIP","floor":10.0},{"not_picked":["ThirdEye","ClearTheMind","FlyingSleeves"],"picked":"SKIP","floor":14.0},{"not_picked":["Establishment","Blasphemy"],"picked":"LessonLearned","floor":16.0},{"not_picked":["Crescendo","EmptyFist","PathToVictory"],"picked":"SKIP","floor":18.0},{"not_picked":["ClearTheMind","Nirvana"],"picked":"Prostrate","floor":19.0},{"not_picked":["ForeignInfluence","BattleHymn"],"picked":"WheelKick+1","floor":22},{"not_picked":["ClearTheMind","WaveOfTheHand"],"picked":"LikeWater","floor":24}],"player_experience":658803,"relics_obtained":[{"floor":7.0,"key":"Akabeko"},{"floor":10.0,"key":"Ancient Tea Set"},{"floor":25,"key":"Boot"},{"floor":26,"key":"Bottled Flame"}],"event_choices":[{"damage_healed":0.0,"max_hp_gain":0.0,"max_hp_loss":6.0,"gold_gain":0.0,"event_name":"Golden Idol","player_choice":"Lose Max HP","floor":3.0,"gold_loss":0.0,"damage_taken":0.0,"relics_obtained":["Golden Idol"]},{"damage_healed":0.0,"max_hp_gain":0.0,"max_hp_loss":0.0,"gold_gain":0.0,"event_name":"Scrap Ooze","player_choice":"Success","floor":11.0,"gold_loss":0.0,"damage_taken":11.0,"relics_obtained":["The Courier"]},{"damage_healed":0.0,"max_hp_gain":0.0,"max_hp_loss":0.0,"gold_gain":0.0,"event_name":"The Library","player_choice":"Read","floor":21.0,"gold_loss":0.0,"damage_taken":0.0,"cards_obtained":["Adaptation"]}],"is_beta":false,"boss_relics":[{"not_picked":["Snecko Eye","Ectoplasm"],"picked":"SacredBark"}],"items_purged_floors":[13,20],"is_endless":false,"potions_floor_spawned":[2,5,7,10,14,18,19,24],"killed_by":"Sentry and Sphere","ascension_level":19}}