{"host":"Fun","time":1609029826,"event":{"mods":["BaseMod","Colored Map","Filter the Spire","Minty Spire (QoL Compilation)","Relic Stats","StSLib"],"gold_per_floor":[18,28,38,38,61,92,92,92,146,180,180,180,196,217,217,345,345,368,368,22,28,49,49,80,5,31,62,75,75,75,94,94,218,218,232,246,246,264,308,308,348,348,373,397,397,416,416,749,749,749],"floor_reached":51,"playtime":2434,"items_purged":[],"score":1049,"play_id":"f2a46861-0cb6-4822-a160-a491e647ebcd","local_time":"20201226194346","is_ascension_mode":true,"campfire_choices":[{"data":"Eruption","floor":7.0,"key":"SMITH"},{"floor":12.0,"key":"REST"},{"data":"Prostrate","floor":15.0,"key":"SMITH"},{"data":"Fasting2","floor":23.0,"key":"SMITH"},{"floor":30.0,"key":"REST"},{"data":"Nirvana","floor":32.0,"key":"SMITH"},{"floor":40,"key":"REST"},{"floor":45,"key":"REST"},{"data":"Wireheading","floor":47,"key":"SMITH"},{"data":"Wish","floor":49,"key":"SMITH"}],"circlet_count":0,"master_deck":["Defend_P+1","Defend_P","Eruption+1","Vigilance","CutThroughFate","Halt","ThirdEye+1","FlurryOfBlows+1","CutThroughFate+1","Wallop","JustLucky","Prostrate+1","Ragnarok+1","Evaluate","Wireheading+1","SandsOfTime","Nirvana+1","Fasting2+1","SpiritShield","FlurryOfBlows+1","Wallop+1","LessonLearned","Protect+1","Wish+1","TalkToTheHand+1","ThirdEye+1","EmptyMind","CutThroughFate"],"relics":["PureWater","WarpedTongs","Lizard Tail","Singing Bowl","Strawberry","Lantern","Empty Cage","OrangePellets","Letter Opener","Damaru","InkBottle","Philosopher\u0027s Stone","Ancient Tea Set","Boot"],"acts_visited":["Exordium","TheCity","TheBeyond"],"potions_floor_usage":[35,35,41,50,50,50],"damage_taken":[{"damage":12.0,"enemies":"Cultist","floor":1.0,"turns":5.0},{"damage":1.0,"enemies":"2 Louse","floor":2.0,"turns":3.0},{"damage":0.0,"enemies":"Jaw Worm","floor":3.0,"turns":3.0},{"damage":1.0,"enemies":"Looter","floor":5.0,"turns":4.0},{"damage":19.0,"enemies":"3 Sentries","floor":6.0,"turns":11.0},{"damage":0.0,"enemies":"Gremlin Nob","floor":10.0,"turns":3.0},{"damage":0.0,"enemies":"Large Slime","floor":13.0,"turns":3.0},{"damage":0.0,"enemies":"Lots of Slimes","floor":14.0,"turns":3.0},{"damage":5.0,"enemies":"Hexaghost","floor":16.0,"turns":9.0},{"damage":0.0,"enemies":"Spheric Guardian","floor":18.0,"turns":1.0},{"damage":11.0,"enemies":"2 Thieves","floor":21.0,"turns":4.0},{"damage":0.0,"enemies":"Cultist and Chosen","floor":22.0,"turns":8.0},{"damage":22.0,"enemies":"Slavers","floor":24.0,"turns":6.0},{"damage":47.0,"enemies":"Book of Stabbing","floor":27.0,"turns":7.0},{"damage":0.0,"enemies":"Centurion and Healer","floor":28.0,"turns":4.0},{"damage":0.0,"enemies":"3 Cultists","floor":31.0,"turns":6.0},{"damage":0.0,"enemies":"Automaton","floor":33.0,"turns":5.0},{"damage":6,"enemies":"3 Darklings","floor":35,"turns":6},{"damage":14,"enemies":"Orb Walker","floor":36,"turns":6},{"damage":18,"enemies":"Jaw Worm Horde","floor":38,"turns":4},{"damage":4,"enemies":"Maw","floor":39,"turns":8},{"damage":0,"enemies":"Giant Head","floor":41,"turns":5},{"damage":0,"enemies":"4 Shapes","floor":44,"turns":4},{"damage":3,"enemies":"Transient","floor":46,"turns":5},{"damage":4,"enemies":"Awakened One","floor":50,"turns":8}],"seed_played":"-8588329401605675605","potions_obtained":[{"floor":2.0,"key":"GamblersBrew"},{"floor":5.0,"key":"DistilledChaos"},{"floor":10.0,"key":"BottledMiracle"},{"floor":14.0,"key":"FearPotion"},{"floor":22.0,"key":"Fire Potion"},{"floor":28.0,"key":"AttackPotion"},{"floor":31.0,"key":"BottledMiracle"},{"floor":33.0,"key":"Strength Potion"},{"floor":35,"key":"CultistPotion"},{"floor":36,"key":"BottledMiracle"},{"floor":44,"key":"DuplicationPotion"}],"is_trial":false,"path_per_floor":["M","M","M","?","M","E","R","?","T","E","?","R","M","M","R","B",null,"M","?","$","M","M","R","E","?","T","E","M","?","R","M","R","B",null,"M","M","?","M","M","R","E","?","T","M","R","M","R","?","R","B",null],"character_chosen":"WATCHER","items_purchased":["OrangePellets","Evaluate","Wireheading","SandsOfTime"],"campfire_rested":4,"item_purchase_floors":[20,20,20,20],"current_hp_per_floor":[60,59,59,59,58,39,39,32,39,39,24,46,46,46,46,41,66,68,68,68,57,57,57,37,37,37,39,39,39,62,62,62,62,74,70,56,56,38,34,58,60,60,60,60,82,79,79,79,79,75],"gold":749,"neow_bonus":"ONE_RARE_RELIC","is_daily":false,"chose_seed":false,"campfire_upgraded":6,"win_rate":0.0,"timestamp":1609029826,"path_taken":["M","M","?","?","M","E","R","?","T","E","?","R","M","M","R","BOSS","M","?","$","M","?","R","E","?","T","E","M","?","R","M","R","BOSS","M","M","?","M","?","R","E","?","T","M","R","M","R","?","R","BOSS"],"items_purchased_type":["Relic","Card","Card","Card"],"build_version":"2020-12-18","purchased_purges":0,"victory":true,"max_hp_per_floor":[72,72,72,67,67,67,67,67,74,74,74,74,74,74,74,74,74,76,76,76,76,76,76,78,78,78,78,78,78,78,78,78,78,78,80,80,80,80,80,80,82,82,82,82,82,82,82,82,82,82],"relic_stats":{"OrangePellets":[15],"Lizard Tail":39,"Singing Bowl":8,"counters":[25,131],"Letter Opener":[160],"Boot":[1],"obtain_stats":[{"Lantern":10,"Singing Bowl":6,"Golden Idol":4,"Damaru":26,"Letter Opener":24,"Empty Cage":17,"Ancient Tea Set":41,"Boot":43,"WarpedTongs":0,"OrangePellets":20,"Lizard Tail":0,"Strawberry":9,"Philosopher\u0027s Stone":34,"PureWater":0,"InkBottle":27},{"Lantern":6,"Singing Bowl":5,"Golden Idol":3,"Damaru":13,"Letter Opener":13,"Empty Cage":9,"Ancient Tea Set":22,"Boot":22,"WarpedTongs":0,"OrangePellets":10,"Lizard Tail":0,"Strawberry":5,"Philosopher\u0027s Stone":17,"PureWater":0,"InkBottle":14},{"Lantern":29,"Singing Bowl":26,"Golden Idol":11,"Damaru":63,"Letter Opener":63,"Empty Cage":44,"Ancient Tea Set":114,"Boot":114,"WarpedTongs":0,"OrangePellets":45,"Lizard Tail":0,"Strawberry":26,"Philosopher\u0027s Stone":85,"PureWater":0,"InkBottle":70}],"InkBottle":[29],"WarpedTongs":[131]},"card_choices":[{"not_picked":["ClearTheMind","Crescendo"],"picked":"CutThroughFate","floor":1.0},{"not_picked":["Crescendo","Collect"],"picked":"Halt","floor":2.0},{"not_picked":["Prostrate","Protect"],"picked":"ThirdEye","floor":3.0},{"not_picked":["Crescendo","ThirdEye"],"picked":"FlurryOfBlows","floor":5.0},{"not_picked":["Vengeance","Wireheading"],"picked":"CutThroughFate","floor":6.0},{"not_picked":["LessonLearned","ThirdEye"],"picked":"Wallop","floor":10.0},{"not_picked":["Prostrate","CrushJoints"],"picked":"JustLucky","floor":13.0},{"not_picked":["Wireheading","Swivel"],"picked":"Prostrate","floor":14.0},{"not_picked":["Blasphemy","ConjureBlade"],"picked":"Ragnarok","floor":16.0},{"not_picked":["SashWhip","FlyingSleeves","BowlingBash"],"picked":"Singing Bowl","floor":18.0},{"not_picked":["Study+1","CrushJoints"],"picked":"Nirvana","floor":21.0},{"not_picked":["FollowUp","Protect+1"],"picked":"Fasting2","floor":22.0},{"not_picked":["CutThroughFate","FlyingSleeves","FollowUp"],"picked":"Singing Bowl","floor":24.0},{"not_picked":["CrushJoints","Collect"],"picked":"SpiritShield","floor":27.0},{"not_picked":["Collect","Pray"],"picked":"FlurryOfBlows+1","floor":28.0},{"not_picked":["CrushJoints+1","ThirdEye+1"],"picked":"Wallop+1","floor":31.0},{"not_picked":["Vault","Scrawl"],"picked":"LessonLearned","floor":33.0},{"not_picked":["ClearTheMind","FollowUp+1","Consecrate+1"],"picked":"Singing Bowl","floor":35},{"not_picked":["DeceiveReality+1","ThirdEye+1"],"picked":"Protect+1","floor":36},{"not_picked":["JustLucky","Evaluate"],"picked":"TalkToTheHand+1","floor":38},{"not_picked":["ForeignInfluence+1","Protect+1"],"picked":"ThirdEye+1","floor":39},{"not_picked":["CrushJoints+1","Blasphemy","FollowUp+1"],"picked":"Singing Bowl","floor":41},{"not_picked":["Protect+1","CrushJoints"],"picked":"EmptyMind","floor":44},{"not_picked":["FollowUp+1","Conclude+1"],"picked":"CutThroughFate","floor":46}],"player_experience":122573,"relics_obtained":[{"floor":6.0,"key":"Singing Bowl"},{"floor":9.0,"key":"Strawberry"},{"floor":10.0,"key":"Lantern"},{"floor":24.0,"key":"Letter Opener"},{"floor":26.0,"key":"Damaru"},{"floor":27.0,"key":"InkBottle"},{"floor":41,"key":"Ancient Tea Set"},{"floor":43,"key":"Boot"}],"event_choices":[{"damage_healed":0.0,"max_hp_gain":0.0,"max_hp_loss":5.0,"gold_gain":0.0,"event_name":"Golden Idol","player_choice":"Lose Max HP","floor":4.0,"gold_loss":0.0,"damage_taken":0.0,"relics_obtained":["Golden Idol"]},{"cards_removed":["Strike_P"],"damage_healed":0.0,"max_hp_gain":0.0,"max_hp_loss":0.0,"gold_gain":0.0,"event_name":"Golden Wing","player_choice":"Card Removal","floor":8.0,"gold_loss":0.0,"damage_taken":7.0},{"damage_healed":0.0,"max_hp_gain":0.0,"max_hp_loss":0.0,"gold_gain":0.0,"event_name":"Shining Light","player_choice":"Entered Light","floor":11.0,"gold_loss":0.0,"damage_taken":15.0,"cards_upgraded":["Strike_P","ThirdEye"]},{"cards_removed":["Strike_P"],"damage_healed":0.0,"max_hp_gain":0.0,"max_hp_loss":0.0,"gold_gain":0.0,"event_name":"Bonfire Elementals","player_choice":"Offered Basic","floor":19.0,"gold_loss":0.0,"damage_taken":0.0},{"cards_removed":["Defend_P"],"damage_healed":0.0,"max_hp_gain":0.0,"max_hp_loss":0.0,"gold_gain":0.0,"event_name":"Beggar","player_choice":"Gave Gold","floor":25.0,"gold_loss":75.0,"damage_taken":0.0},{"cards_removed":["Defend_P"],"damage_healed":0.0,"max_hp_gain":0.0,"max_hp_loss":0.0,"gold_gain":0.0,"event_name":"Purifier","player_choice":"Purged","floor":29.0,"gold_loss":0.0,"damage_taken":0.0},{"damage_healed":0,"gold_gain":0,"player_choice":"1 cards matched","damage_taken":0,"max_hp_gain":0,"max_hp_loss":0,"event_name":"Match and Keep!","floor":37,"gold_loss":0,"cards_obtained":["Wish"]},{"damage_healed":0,"gold_gain":0,"player_choice":"Ignored","damage_taken":0,"max_hp_gain":0,"max_hp_loss":0,"event_name":"Mysterious Sphere","floor":42,"gold_loss":0},{"damage_healed":0,"gold_gain":333,"player_choice":"Gave Idol","damage_taken":0,"max_hp_gain":0,"max_hp_loss":0,"event_name":"The Moai Head","floor":48,"relics_lost":["Golden Idol"],"gold_loss":0}],"is_beta":true,"boss_relics":[{"not_picked":["Ectoplasm","Black Star"],"picked":"Empty Cage"},{"not_picked":["Runic Pyramid","SacredBark"],"picked":"Philosopher\u0027s Stone"}],"items_purged_floors":[],"is_endless":false,"potions_floor_spawned":[2,5,10,14,22,28,31,33,35,36,39,44,46],"ascension_level":5}}