{"host":"hjw1ay65n7jm40lc","time":1609080789,"event":{"mods":["AchievementEnabler","BaseMod","Block Reminder","Colored Map","Colored Powertips","Downfall","Googly Eyes","Highlight Path","Minty Spire (QoL Compilation)","Quick Restart","Relic Stats","StSLib"],"gold_per_floor":[99,117,134,134,154,169,169,169,204,204,17,78,96,96,108,181,181,181,9,9,19,30,55,55,55,65,97,109,139,170,211,239,325,337,349,371,399,421,433,445,473,515,539,424,443,453,484,409,409],"floor_reached":50,"playtime":6820,"items_purged":["Guardian:Strike_Guardian","Guardian:Strike_Guardian"],"score":1631,"play_id":"5e46aa3f-074f-4db3-9710-a5257d80acc2","local_time":"20201227095309","is_ascension_mode":true,"campfire_choices":[{"data":"Guardian:TwinSlam","floor":1.0,"key":"SMITH"},{"data":"Guardian:ArmoredProtocol","floor":8.0,"key":"SMITH"},{"floor":10.0,"key":"REST"},{"data":"Guardian:DecasProtection","floor":18,"key":"SMITH"},{"data":"Guardian:Planning","floor":25,"key":"SMITH"},{"floor":28,"key":"REST"},{"data":"Guardian:StasisEngine","floor":35,"key":"SMITH"},{"floor":48,"key":"REST"}],"circlet_count":0,"master_deck":["AscendersBane","Guardian:Strike_Guardian","Guardian:Defend_Guardian","Guardian:Defend_Guardian","Guardian:Defend_Guardian","Guardian:Defend_Guardian","Guardian:CurlUp","Guardian:TwinSlam+1","Guardian:ArmoredProtocol+1","Guardian:EvasiveProtocol","Guardian:GuardianWhirl","Guardian:StasisStrike","Guardian:DecasProtection+1","Guardian:Planning+1","Guardian:ChargeUp","Guardian:ChargeUp","Guardian:PiercingHide+1","Guardian:MultiBeam","Guardian:DecasProtection+1","Guardian:FastForward","Guardian:Clone","Guardian:MultiBeam+1","Guardian:AncientConstruct","Guardian:StasisEngine+1","Guardian:Harden+1","Magnetism","Guardian:CompilePackage","Guardian:Clone+1"],"relics":["Guardian:ModeShifter","InkBottle","Potion Belt","Membership Card","Ancient Tea Set","Runic Pyramid","DollysMirror","Mummified Hand","Bottled Tornado","MawBank","Letter Opener","Cursed Key","downfall:TeleportStone","Bag of Marbles","Guardian:StasisUpgradeRelic","Happy Flower","Lantern","Blood Vial","downfall:HeartBlessingGreen"],"acts_visited":["Exordium","TheCity","TheBeyond"],"potions_floor_usage":[15,16,33,33,33,41,44,44,46,49],"damage_taken":[{"damage":0.0,"enemies":"Jaw Worm","floor":2.0,"turns":4.0},{"damage":0.0,"enemies":"Cultist","floor":3.0,"turns":3.0},{"damage":3.0,"enemies":"2 Louse","floor":5.0,"turns":3.0},{"damage":17.0,"enemies":"Large Slime","floor":6.0,"turns":9.0},{"damage":20.0,"enemies":"Gremlin Nob","floor":9.0,"turns":5.0},{"damage":0.0,"enemies":"downfall:FleeingMerchant","floor":11.0,"turns":4.0},{"damage":11.0,"enemies":"Gremlin Nob","floor":12.0,"turns":5.0},{"damage":2.0,"enemies":"Blue Slaver","floor":13.0,"turns":4.0},{"damage":0,"enemies":"Exordium Thugs","floor":15,"turns":6},{"damage":23,"enemies":"downfall:Watcher","floor":16,"turns":12},{"damage":0,"enemies":"downfall:FleeingMerchant","floor":19,"turns":4},{"damage":5,"enemies":"Chosen","floor":21,"turns":6},{"damage":1,"enemies":"Spheric Guardian","floor":22,"turns":5},{"damage":0,"enemies":"Gremlin Leader","floor":23,"turns":8},{"damage":10,"enemies":"Snecko","floor":26,"turns":8},{"damage":1,"enemies":"Book of Stabbing","floor":27,"turns":5},{"damage":0,"enemies":"Centurion and Healer","floor":29,"turns":5},{"damage":0,"enemies":"Chosen and Byrds","floor":30,"turns":5},{"damage":10,"enemies":"Gremlin Leader","floor":31,"turns":7},{"damage":1,"enemies":"3 Cultists","floor":32,"turns":4},{"damage":1,"enemies":"downfall:Ironclad","floor":33,"turns":6},{"damage":71,"enemies":"3 Shapes","floor":36,"turns":13},{"damage":0,"enemies":"Orb Walker","floor":37,"turns":4},{"damage":0,"enemies":"3 Darklings","floor":38,"turns":4},{"damage":1,"enemies":"Transient","floor":41,"turns":6},{"damage":0,"enemies":"Reptomancer","floor":42,"turns":6},{"damage":0,"enemies":"Spire Growth","floor":43,"turns":5},{"damage":0,"enemies":"downfall:FleeingMerchant","floor":44,"turns":4},{"damage":0,"enemies":"Jaw Worm Horde","floor":45,"turns":3},{"damage":0,"enemies":"3 Darklings","floor":46,"turns":1},{"damage":0,"enemies":"Nemesis","floor":47,"turns":5},{"damage":0,"enemies":"downfall:Defect","floor":49,"turns":4}],"seed_played":"2648253853682264022","potions_obtained":[{"floor":4.0,"key":"EssenceOfSteel"},{"floor":4.0,"key":"sneckomod:MuddlingPotion"},{"floor":6.0,"key":"Explosive Potion"},{"floor":9.0,"key":"Guardian:BlockOnCardUsePotion"},{"floor":13.0,"key":"sneckomod:MuddlingPotion"},{"floor":22,"key":"DuplicationPotion"},{"floor":23,"key":"Swift Potion"},{"floor":29,"key":"hexamod:EctoCoolerPotion"},{"floor":30,"key":"FearPotion"},{"floor":37,"key":"hexamod:EctoCoolerPotion"},{"floor":38,"key":"Fire Potion"},{"floor":41,"key":"FearPotion"},{"floor":42,"key":"Guardian:DefensiveModePotion"}],"is_trial":false,"path_per_floor":["R","M","M","?","M","M","T","R","E","R","$","?","M","?","M","B",null,"R","$","?","M","M","E","T","R","M","E","R","M","M","E","M","B",null,"R","M","M","M","?","T","M","E","M","$","M","M","E","R","B",null],"character_chosen":"GUARDIAN","items_purchased":["Membership Card","Guardian:MultiBeam","DollysMirror","Guardian:StasisUpgradeRelic","Energy Potion","Happy Flower","Lantern","Magnetism","AttackPotion"],"campfire_rested":3,"item_purchase_floors":[11,19,19,44,44,44,44,44,44],"current_hp_per_floor":[72,72,72,72,69,52,52,52,32,55,55,44,42,42,42,19,64,64,64,64,59,58,58,58,58,48,47,70,70,70,60,59,58,74,74,3,3,3,3,3,2,2,2,2,2,2,2,25,27],"gold":409,"neow_bonus":"TEN_PERCENT_HP_BONUS","is_daily":false,"chose_seed":false,"campfire_upgraded":5,"win_rate":0.0,"timestamp":1609080789,"path_taken":["R","M","M","?","M","?","T","R","E","R","$","?","M","?","M","BOSS","R","$","?","M","M","E","T","R","M","E","R","M","M","E","M","BOSS","R","M","M","M","?","T","?","E","M","$","?","M","E","R","BOSS"],"items_purchased_type":["Relic","Card","Relic","Relic","Potion","Relic","Relic","Card","Potion"],"build_version":"2020-12-22","purchased_purges":2,"victory":true,"max_hp_per_floor":[79,79,79,79,79,79,79,79,79,79,79,79,79,79,79,79,79,79,79,79,79,79,79,79,79,79,79,79,79,79,79,79,79,79,79,79,79,79,79,79,79,79,79,79,79,79,79,79,79],"relic_stats":{"Blood Vial":2,"Happy Flower":[4],"counters":[32,173],"Mummified Hand":[119],"Letter Opener":[274],"MawBank":204,"Cursed Key":0,"obtain_stats":[{"Potion Belt":9,"Lantern":44,"Happy Flower":44,"Guardian:ModeShifter":0,"downfall:HeartBlessingGreen":48,"downfall:TeleportStone":39,"Letter Opener":31,"Bottled Tornado":24,"Ancient Tea Set":12,"MawBank":27,"Cursed Key":34,"Blood Vial":47,"Guardian:StasisUpgradeRelic":44,"DollysMirror":19,"Mummified Hand":23,"Bag of Marbles":42,"Membership Card":11,"InkBottle":7,"Runic Pyramid":17},{"Potion Belt":5,"Lantern":28,"Happy Flower":28,"Guardian:ModeShifter":0,"downfall:HeartBlessingGreen":31,"downfall:TeleportStone":24,"Letter Opener":19,"Bottled Tornado":14,"Ancient Tea Set":7,"MawBank":16,"Cursed Key":21,"Blood Vial":31,"Guardian:StasisUpgradeRelic":28,"DollysMirror":11,"Mummified Hand":14,"Bag of Marbles":26,"Membership Card":6,"InkBottle":4,"Runic Pyramid":10},{"Potion Belt":24,"Lantern":160,"Happy Flower":160,"Guardian:ModeShifter":0,"downfall:HeartBlessingGreen":169,"downfall:TeleportStone":139,"Letter Opener":108,"Bottled Tornado":78,"Ancient Tea Set":33,"MawBank":91,"Cursed Key":118,"Blood Vial":169,"Guardian:StasisUpgradeRelic":160,"DollysMirror":59,"Mummified Hand":78,"Bag of Marbles":151,"Membership Card":28,"InkBottle":19,"Runic Pyramid":55}],"InkBottle":[76]},"card_choices":[{"not_picked":["Guardian:Gem_Lightblue","Guardian:Gem_Green","Guardian:ShieldCharger"],"picked":"SKIP","floor":2.0},{"not_picked":["Guardian:TemporalStrike","Guardian:Gem_Red"],"picked":"Guardian:ArmoredProtocol","floor":3.0},{"not_picked":["Guardian:TemporalStrike","Guardian:Incinerate"],"picked":"Guardian:EvasiveProtocol","floor":5.0},{"not_picked":["Guardian:PiercingHide","Guardian:Incinerate"],"picked":"Guardian:GuardianWhirl","floor":6.0},{"not_picked":["Guardian:TemporalStrike","Guardian:FloatingOrbs"],"picked":"Guardian:StasisStrike","floor":9.0},{"not_picked":["Guardian:DonusPower","Guardian:SpikerProtocol"],"picked":"Guardian:DecasProtection","floor":11.0},{"not_picked":["Guardian:DonusPower","Guardian:PrismaticBeam"],"picked":"Guardian:Planning","floor":12.0},{"not_picked":["Guardian:PolyBeam","Guardian:PrismaticBarrier"],"picked":"Guardian:ChargeUp","floor":13.0},{"not_picked":["Guardian:Gem_Blue","Guardian:ShieldSpikes"],"picked":"Guardian:ChargeUp","floor":15},{"not_picked":["Guardian:StasisField","Guardian:ExploitGems"],"picked":"Guardian:Gem_Orange","floor":16},{"not_picked":["Guardian:VentSteam","Guardian:Gem_Green"],"picked":"Guardian:PiercingHide+1","floor":19},{"not_picked":["Guardian:TemporalStrike","Guardian:PiercingHide","Guardian:Recover"],"picked":"SKIP","floor":21},{"not_picked":["Guardian:MultiBeam","Guardian:ShieldCharger"],"picked":"Guardian:FastForward","floor":22},{"not_picked":["Guardian:Reroute+1","Guardian:SpikerProtocol"],"picked":"Guardian:Gem_Yellow","floor":23},{"not_picked":["Guardian:Gem_Purple","Guardian:WalkerClaw"],"picked":"Guardian:Clone","floor":26},{"not_picked":["Guardian:Gem_Red","Guardian:PrimingBeam"],"picked":"Guardian:MultiBeam+1","floor":27},{"not_picked":["Guardian:Preprogram","Guardian:Incinerate","Guardian:PiercingHide"],"picked":"SKIP","floor":29},{"not_picked":["Guardian:Gem_Lightblue","Guardian:RefractedBeam+1","Guardian:Planning"],"picked":"SKIP","floor":30},{"not_picked":["Guardian:WalkerClaw","Guardian:TemporalShield","Guardian:PiercingHide"],"picked":"SKIP","floor":31},{"not_picked":["Guardian:RollAttack","Guardian:Gem_Lightblue"],"picked":"Guardian:AncientConstruct","floor":32},{"not_picked":["Guardian:ExploitGems","Guardian:AncientConstruct"],"picked":"Guardian:StasisEngine","floor":33},{"not_picked":["Guardian:Gem_Fragmented","Guardian:Gem_Lightblue"],"picked":"Guardian:Gem_White","floor":36},{"not_picked":["Guardian:CrystalBeam","Guardian:PiercingHide","Guardian:TimeBomb"],"picked":"SKIP","floor":37},{"not_picked":["Guardian:CrystalBeam","Guardian:Incinerate"],"picked":"Guardian:Harden+1","floor":38},{"not_picked":["Guardian:PrismaticBeam","Guardian:GuardianWhirl","Guardian:BronzeArmor+1"],"picked":"SKIP","floor":41},{"not_picked":["Guardian:ShieldCharger","Guardian:VentSteam+1","Guardian:EvasiveProtocol"],"picked":"SKIP","floor":42},{"not_picked":["Guardian:PrimingBeam+1","Guardian:Recover","Guardian:Gem_Cyan"],"picked":"SKIP","floor":43},{"not_picked":["Guardian:Preprogram","Guardian:RollAttack","Guardian:BronzeArmor+1"],"picked":"SKIP","floor":44},{"not_picked":["Guardian:Gem_Lightblue","Guardian:TemporalShield"],"picked":"Guardian:CompilePackage","floor":45},{"not_picked":["Guardian:Orbwalk","Guardian:Gem_Lightblue"],"picked":"Guardian:Clone+1","floor":46},{"not_picked":["Guardian:Recover","Guardian:Reroute","Guardian:ChargeUp"],"picked":"SKIP","floor":47}],"player_experience":641457,"relics_obtained":[{"floor":7.0,"key":"InkBottle"},{"floor":9.0,"key":"Potion Belt"},{"floor":12.0,"key":"Ancient Tea Set"},{"floor":23,"key":"Mummified Hand"},{"floor":24,"key":"Bottled Tornado"},{"floor":27,"key":"MawBank"},{"floor":31,"key":"Letter Opener"},{"floor":42,"key":"Bag of Marbles"},{"floor":47,"key":"Blood Vial"}],"event_choices":[{"damage_healed":0.0,"max_hp_gain":0.0,"max_hp_loss":0.0,"gold_gain":0.0,"event_name":"Lab","player_choice":"Got Potions","floor":4.0,"gold_loss":0.0,"damage_taken":0.0},{"cards_removed":["Guardian:Strike_Guardian"],"damage_healed":0.0,"max_hp_gain":0.0,"max_hp_loss":0.0,"gold_gain":0.0,"event_name":"The Cleric","player_choice":"Card Removal","floor":14.0,"gold_loss":0.0,"damage_taken":0.0}],"is_beta":false,"boss_relics":[{"not_picked":["Empty Cage","Velvet Choker"],"picked":"Runic Pyramid"},{"not_picked":["Black Star","Pandora\u0027s Box"],"picked":"Cursed Key"}],"items_purged_floors":[19,44],"is_endless":false,"potions_floor_spawned":[6,9,13,22,23,29,30,31,37,38,41,42,45],"ascension_level":17}}