{"host":"e4wnmsyty9uvvtwf","time":1609085245,"event":{"mods":["Aspiration","BaseMod","Colored Map","Colored Powertips","Marisa£®ÏF”Í°°ƒß¿Ì…≥£©","Minty Spire (QoL Compilation)","Rare Cards Sparkle","Replay The Spire","StSLib","The Runesmith"],"gold_per_floor":[114,173,173,184,359,359,359,359,359,385,402,402,402,412,412,513,513,530,530,550,169,182,31,44,44,44,75,75,75,89,89,89,187,187,198,198,213,224,80,80,98,112,112,129,144,156,8,42,42,42,42,42,2,27,27],"floor_reached":56,"playtime":2065,"items_purged":["Strike_B"],"score":1524,"play_id":"f79565f1-ffec-45aa-a7b6-08a37fa80e73","local_time":"20201228000725","is_ascension_mode":false,"campfire_choices":[{"data":"ReplayTheSpireMod:Calculation Training","floor":6.0,"key":"SMITH"},{"data":"Zap","floor":8.0,"key":"SMITH"},{"data":"Dualcast","floor":13.0,"key":"SMITH"},{"data":"Doubt","floor":15.0,"key":"PURGE"},{"data":"Thunder Strike","floor":25.0,"key":"SMITH"},{"floor":29.0,"key":"RECALL"},{"floor":32,"key":"REST"},{"data":"Loop","floor":40,"key":"SMITH"},{"floor":49,"key":"REST"},{"data":"Crystallizer","floor":52,"key":"SMITH"}],"circlet_count":0,"master_deck":["Strike_B","Strike_B","Defend_B","Defend_B","Defend_B","Defend_B","Zap+1","Dualcast+1","Chaos+1","ReplayTheSpireMod:Calculation Training+1","Panic Button","Loop+1","Electrodynamics","White Noise+1","Genetic Algorithm+1","Pot Of Greed+1","Pot Of Greed+1","Rainbow+1","BasicCrystalCard+1","Thunder Strike+1","Steam+1","Chill+1","Aggregate+1","Multi-Cast+1","Pot Of Greed+1","Turbo+1","Iron Wave","Stack+1","Conserve Battery+1","Conserve Battery+1","Crystallizer+1","Redo+1","White Noise+1","Undo+1","Mirror Shield+1","Machine Learning","White Noise+1","Pot Of Greed+1","Storm"],"relics":["Cracked Core","Lantern","Replay:Accelerometer","Durian","Toxic Egg 2","Empty Cage","Grinning Jar","Art of War","aspiration:FetidBarrel","Enchiridion","Painkiller Herb","Replay:Frozen Program","Oddly Smooth Stone","Potion Belt","Toy Ornithopter"],"acts_visited":["Exordium","TheCity","TheBeyond","TheEnding"],"potions_floor_usage":[33,54,55,55],"damage_taken":[{"damage":0.0,"enemies":"Small Slimes","floor":1.0,"turns":3.0},{"damage":2.0,"enemies":"2 Louse","floor":4.0,"turns":3.0},{"damage":16.0,"enemies":"Lagavulin","floor":10.0,"turns":5.0},{"damage":6.0,"enemies":"Jaw Worm","floor":11.0,"turns":2.0},{"damage":0.0,"enemies":"Looter","floor":14.0,"turns":3.0},{"damage":0.0,"enemies":"Slime Boss","floor":16.0,"turns":5.0},{"damage":0.0,"enemies":"3 Byrds","floor":18.0,"turns":2.0},{"damage":6.0,"enemies":"Spheric Guardian","floor":20.0,"turns":4.0},{"damage":10.0,"enemies":"Cultist and Chosen","floor":22.0,"turns":4.0},{"damage":17.0,"enemies":"Centurion and Healer","floor":24.0,"turns":5.0},{"damage":3.0,"enemies":"Replay:Snechameleon","floor":27.0,"turns":4.0},{"damage":12.0,"enemies":"Snecko","floor":30.0,"turns":5.0},{"damage":12,"enemies":"Pondfish","floor":33,"turns":8},{"damage":0,"enemies":"3 Shapes","floor":35,"turns":2},{"damage":12,"enemies":"3 Darklings","floor":37,"turns":4},{"damage":0,"enemies":"Spire Growth","floor":38,"turns":5},{"damage":13,"enemies":"Writhing Mass","floor":41,"turns":4},{"damage":2,"enemies":"Jaw Worm Horde","floor":42,"turns":3},{"damage":2,"enemies":"4 Shapes","floor":44,"turns":3},{"damage":0,"enemies":"Spire Growth","floor":45,"turns":3},{"damage":0,"enemies":"3 Darklings","floor":46,"turns":3},{"damage":24,"enemies":"Nemesis","floor":48,"turns":11},{"damage":38,"enemies":"Donu and Deca","floor":50,"turns":8},{"damage":19,"enemies":"Shield and Spear","floor":54,"turns":5},{"damage":21,"enemies":"The Heart","floor":55,"turns":8}],"seed_played":"-4489585449454943338","potions_obtained":[{"floor":1.0,"key":"PowerPotion"},{"floor":2.0,"key":"Milkshake"},{"floor":2.0,"key":"Weak Potion"},{"floor":16.0,"key":"GamblersBrew"},{"floor":19.0,"key":"Flashbang"},{"floor":19.0,"key":"FocusPotion"},{"floor":38,"key":"Weak Potion"},{"floor":54,"key":"PotionOfCapacity"}],"is_trial":false,"path_per_floor":["M","?","?","M","?","R","T","R","T","E","M","?","R","M","R_BF","B",null,"M","?","M","$","M","$","M","R","T","E","?","R","M","?","R_BF","B",null,"?","?","?","?","T","T","?","?","T","?","?","?","T","E","T","B",null,"T","T","E","B",null],"character_chosen":"DEFECT","items_purchased":["Grinning Jar","Rainbow+1","Thunder Strike","Replay:Frozen Program","Mirror Shield+1","White Noise+1"],"campfire_rested":2,"item_purchase_floors":[21,21,23,39,47,53],"current_hp_per_floor":[82,62,62,60,60,60,60,60,60,49,43,43,43,43,43,43,87,87,87,81,81,71,71,54,54,54,51,51,51,39,23,49,37,87,87,87,75,75,75,75,62,60,60,58,58,58,58,34,60,22,87,87,87,68,57],"gold":27,"neow_bonus":"TEN_PERCENT_HP_BONUS","is_daily":false,"chose_seed":false,"campfire_upgraded":6,"win_rate":0.0,"timestamp":1609085245,"path_taken":["M","?","?","M","?","R","?","R","T","E","?","?","R","M","R_BF","BOSS","M","?","M","$","M","$","?","R","T","E","?","R","M","?","R_BF","BOSS","?","?","?","?","T","T","?","?","T","?","?","?","T","E","T","BOSS","T","T","E","BOSS"],"items_purchased_type":["Relic","Card","Card","Relic","Card","Card"],"build_version":"2020-12-22","purchased_purges":1,"victory":true,"max_hp_per_floor":[82,82,82,82,82,82,82,82,82,87,87,87,87,87,87,87,87,87,87,87,87,87,87,87,87,87,87,87,87,87,87,87,87,87,87,87,87,87,87,87,87,87,87,87,87,87,87,87,87,87,87,87,87,87,87],"card_choices":[{"not_picked":["Double Energy","Turbo"],"picked":"Chaos","floor":1.0},{"not_picked":["Turbo","ReplayTheSpireMod:GoodbyeWorld"],"picked":"ReplayTheSpireMod:Calculation Training","floor":4.0},{"not_picked":["Barrage","Turbo"],"picked":"Panic Button","floor":10.0},{"not_picked":["Go for the Eyes","Barrage"],"picked":"Loop","floor":11.0},{"not_picked":["Steam+1","Melter"],"picked":"ReplayTheSpireMod:Omega Cannon","floor":14.0},{"not_picked":["Core Surge","Fission+1"],"picked":"Electrodynamics","floor":16.0},{"not_picked":["Ball Lightning","Undo+1"],"picked":"White Noise+1","floor":18.0},{"not_picked":["ReplayGash","Hologram+1"],"picked":"Genetic Algorithm+1","floor":20.0},{"not_picked":["Coolheaded+1","Rip and Tear+1"],"picked":"BasicCrystalCard+1","floor":22.0},{"not_picked":["ReplayTheSpireMod:GoodbyeWorld","Rebound"],"picked":"Steam+1","floor":24.0},{"not_picked":["Gash","Stack+1"],"picked":"Chill+1","floor":27.0},{"not_picked":["aspiration:Polymerization+1","Turbo+1"],"picked":"Aggregate+1","floor":30.0},{"not_picked":["All For One","Thunder Strike"],"picked":"Multi-Cast+1","floor":33},{"not_picked":["Beam Cell","Coolheaded+1"],"picked":"Turbo+1","floor":35},{"not_picked":["ReplayTheSpireMod:Repulse+1","Leap+1"],"picked":"Stack+1","floor":37},{"not_picked":["Aggregate+1","Streamline"],"picked":"Conserve Battery+1","floor":38},{"not_picked":["Leap+1","Cold Snap"],"picked":"Conserve Battery+1","floor":41},{"not_picked":["Barrage","Ball Lightning+1"],"picked":"Crystallizer","floor":42},{"not_picked":["ReplayTheSpireMod:System Scan+1","Conserve Battery+1"],"picked":"Redo+1","floor":44},{"not_picked":["Rip and Tear+1","Coolheaded+1"],"picked":"White Noise+1","floor":45},{"not_picked":["Steam Power+1","Beam Cell+1"],"picked":"Undo+1","floor":46},{"not_picked":["ReplayTheSpireMod:Reroute Power+1","ReplayTheSpireMod:GoodbyeWorld"],"picked":"Machine Learning","floor":48},{"not_picked":["Chill+1","Ball Lightning+1"],"picked":"Storm","floor":54}],"player_experience":683909,"relics_obtained":[{"floor":2.0,"key":"Lantern"},{"floor":9.0,"key":"Replay:Accelerometer"},{"floor":10.0,"key":"Durian"},{"floor":26.0,"key":"Art of War"},{"floor":27.0,"key":"aspiration:FetidBarrel"},{"floor":31.0,"key":"Enchiridion"},{"floor":43,"key":"Oddly Smooth Stone"},{"floor":48,"key":"Potion Belt"},{"floor":54,"key":"Toy Ornithopter"}],"event_choices":[{"damage_healed":0.0,"max_hp_gain":0.0,"max_hp_loss":0.0,"gold_gain":0.0,"event_name":"Living Wall","player_choice":"Grow","floor":3.0,"gold_loss":0.0,"damage_taken":0.0,"cards_upgraded":["Chaos"]},{"damage_healed":0.0,"max_hp_gain":0.0,"max_hp_loss":0.0,"gold_gain":175.0,"event_name":"Liars Game","player_choice":"AGREE","floor":5.0,"gold_loss":0.0,"damage_taken":0.0,"cards_obtained":["Doubt"]},{"damage_healed":0.0,"max_hp_gain":0.0,"max_hp_loss":0.0,"gold_gain":0.0,"event_name":"Lab","player_choice":"Got Potions","floor":19.0,"gold_loss":0.0,"damage_taken":0.0},{"damage_healed":0.0,"max_hp_gain":0.0,"max_hp_loss":0.0,"gold_gain":0.0,"event_name":"Beggar","player_choice":"Ignored","floor":28.0,"gold_loss":0.0,"damage_taken":0.0},{"damage_healed":0.0,"max_hp_gain":0.0,"max_hp_loss":0.0,"gold_gain":0.0,"event_name":"Cursed Tome","player_choice":"Obtained Book","floor":31.0,"gold_loss":0.0,"damage_taken":16.0},{"cards_removed":["ReplayTheSpireMod:Omega Cannon"],"damage_healed":0,"gold_gain":0,"player_choice":"Took Card","damage_taken":0,"max_hp_gain":0,"max_hp_loss":0,"event_name":"NoteForYourself","floor":36,"gold_loss":0,"cards_obtained":["Iron Wave"]}],"is_beta":false,"boss_relics":[{"not_picked":["Pandora\u0027s Box","SacredBark"],"picked":"Empty Cage"},{"not_picked":["Replay:Ancient Bell","Runic Pyramid"],"picked":"Painkiller Herb"}],"items_purged_floors":[21],"is_endless":false,"potions_floor_spawned":[1,14,16,20,24,30,38,41,46,54],"ascension_level":0}}