{"host":"fne7yx97fnz7kq05","time":1609109241,"event":{"mods":["BaseMod","Colored Map","Colored Powertips","Highlight Path","Minty Spire (QoL Compilation)","Relic Stats"],"gold_per_floor":[109,129,149,129,149,149,180,180,180,211,211,231,251,261,261,336,336,348,30,45,65,65,65,65,77,147,147,176,176,210,21,21,93,93,109,129,129,129],"floor_reached":37,"playtime":2470,"items_purged":["Pain","Strike_G+1"],"score":870,"play_id":"fa473abe-793c-48bc-a3b6-e6be94ee8477","local_time":"20201227164721","is_ascension_mode":true,"campfire_choices":[{"data":"Glass Knife","floor":6,"key":"SMITH"},{"floor":8,"key":"REST"},{"data":"Glass Knife","floor":15,"key":"SMITH"},{"data":"Wraith Form v2","floor":23,"key":"SMITH"},{"floor":27,"key":"REST"},{"data":"Catalyst","floor":29,"key":"SMITH"},{"floor":32,"key":"REST"}],"circlet_count":0,"master_deck":["AscendersBane","Strike_G+1","Defend_G+1","Defend_G+1","Defend_G+1","Defend_G+1","Defend_G+1","Survivor","Neutralize","Glass Knife+1","Predator","Masterful Stab","Glass Knife+1","PiercingWail","Wraith Form v2+1","Backflip","Riddle With Holes","Acrobatics","Bouncing Flask","Catalyst+1","Outmaneuver","Noxious Fumes","Night Terror","Adrenaline+1","Underhanded Strike+1","Doppelganger+1","Backflip"],"relics":["Ring of the Snake","CaptainsWheel","Mango","Torii","WarpedTongs","Snecko Eye","OrangePellets","White Beast Statue","Regal Pillow","Astrolabe"],"acts_visited":["Exordium","TheCity","TheBeyond"],"potions_floor_usage":[5,7,16,16,33,33],"damage_taken":[{"damage":1,"enemies":"Jaw Worm","floor":1,"turns":4},{"damage":0,"enemies":"Cultist","floor":2,"turns":3},{"damage":1,"enemies":"Small Slimes","floor":3,"turns":4},{"damage":0,"enemies":"Gremlin Gang","floor":5,"turns":3},{"damage":29,"enemies":"3 Sentries","floor":7,"turns":7},{"damage":7,"enemies":"Lagavulin","floor":10,"turns":6},{"damage":2,"enemies":"Looter","floor":12,"turns":3},{"damage":4,"enemies":"3 Louse","floor":13,"turns":3},{"damage":5,"enemies":"Large Slime","floor":14,"turns":5},{"damage":9,"enemies":"Hexaghost","floor":16,"turns":10},{"damage":4,"enemies":"Shell Parasite","floor":18,"turns":4},{"damage":1,"enemies":"Chosen","floor":20,"turns":3},{"damage":24,"enemies":"Snecko","floor":21,"turns":8},{"damage":3,"enemies":"Snake Plant","floor":25,"turns":4},{"damage":10,"enemies":"Gremlin Leader","floor":28,"turns":8},{"damage":12,"enemies":"Slavers","floor":30,"turns":5},{"damage":34,"enemies":"Champ","floor":33,"turns":10},{"damage":25,"enemies":"3 Darklings","floor":35,"turns":5},{"damage":0,"enemies":"3 Shapes","floor":36,"turns":4},{"damage":45,"enemies":"2 Orb Walkers","floor":37,"turns":2}],"seed_played":"5415284834000239641","potions_obtained":[{"floor":1,"key":"Explosive Potion"},{"floor":3,"key":"Energy Potion"},{"floor":4,"key":"LiquidMemories"},{"floor":7,"key":"DistilledChaos"},{"floor":10,"key":"LiquidBronze"},{"floor":18,"key":"SteroidPotion"},{"floor":20,"key":"LiquidMemories"},{"floor":28,"key":"Block Potion"},{"floor":33,"key":"SteroidPotion"},{"floor":35,"key":"FearPotion"},{"floor":36,"key":"PowerPotion"}],"is_trial":false,"path_per_floor":["M","M","M","?","M","R","E","R","T","E","?","M","M","M","R","B",null,"M","$","M","M","?","R","?","M","T","R","E","R","E","$","R","B",null,"M","M","?"],"character_chosen":"THE_SILENT","items_purchased":["OrangePellets","Riddle With Holes","Noxious Fumes"],"campfire_rested":3,"item_purchase_floors":[19,19,31],"current_hp_per_floor":[43,43,42,42,42,42,13,32,46,39,39,37,33,28,28,19,65,61,61,60,36,36,36,36,33,33,57,47,47,35,35,74,40,70,45,45,0,0],"gold":129,"neow_bonus":"THREE_RARE_CARDS","is_daily":false,"chose_seed":false,"campfire_upgraded":4,"win_rate":0.0,"timestamp":1609109241,"path_taken":["M","M","M","?","?","R","E","R","T","E","?","M","?","M","R","BOSS","M","$","M","M","?","R","?","M","T","R","E","R","E","$","R","BOSS","M","M","?"],"items_purchased_type":["Relic","Card","Card"],"build_version":"2020-12-22","purchased_purges":2,"victory":false,"max_hp_per_floor":[66,66,66,66,66,66,66,66,80,80,80,80,80,80,80,80,80,80,80,80,80,80,80,80,80,80,80,80,80,80,80,80,80,80,80,80,80,80],"relic_stats":{"OrangePellets":[9],"Regal Pillow":15,"Torii":24,"counters":[20,101],"Astrolabe":["Adrenaline","Underhanded Strike","Doppelganger"],"Snecko Eye":[100,88,99,111],"obtain_stats":[{"OrangePellets":19,"CaptainsWheel":7,"Regal Pillow":30,"Torii":10,"Astrolabe":34,"Snecko Eye":17,"Mango":9,"White Beast Statue":26,"Ring of the Snake":0,"WarpedTongs":11},{"OrangePellets":11,"CaptainsWheel":5,"Regal Pillow":16,"Torii":6,"Astrolabe":17,"Snecko Eye":10,"Mango":5,"White Beast Statue":14,"Ring of the Snake":0,"WarpedTongs":6},{"OrangePellets":52,"CaptainsWheel":21,"Regal Pillow":80,"Torii":27,"Astrolabe":90,"Snecko Eye":48,"Mango":21,"White Beast Statue":67,"Ring of the Snake":0,"WarpedTongs":27}],"Ring of the Snake":[40],"WarpedTongs":[72]},"card_choices":[{"not_picked":["Envenom","Grand Finale"],"picked":"Glass Knife","floor":0},{"not_picked":["Riddle With Holes","Acrobatics"],"picked":"Predator","floor":1},{"not_picked":["Skewer","Bane"],"picked":"Masterful Stab","floor":2},{"not_picked":["Endless Agony","Riddle With Holes","Flechettes"],"picked":"SKIP","floor":3},{"not_picked":["Prepared","Escape Plan","Acrobatics"],"picked":"SKIP","floor":5},{"not_picked":["Eviscerate","Bane","Well Laid Plans"],"picked":"SKIP","floor":7},{"not_picked":["Dagger Spray","Choke","Dagger Throw"],"picked":"SKIP","floor":10},{"not_picked":["Quick Slash","Catalyst","Tactician"],"picked":"SKIP","floor":12},{"not_picked":["Dodge and Roll","Outmaneuver"],"picked":"Glass Knife","floor":13},{"not_picked":["Prepared","Outmaneuver"],"picked":"PiercingWail","floor":14},{"not_picked":["A Thousand Cuts","Unload"],"picked":"Wraith Form v2","floor":16},{"not_picked":["Flying Knee","Quick Slash"],"picked":"Backflip","floor":18},{"not_picked":["Quick Slash+1","Accuracy+1","Underhanded Strike"],"picked":"SKIP","floor":20},{"not_picked":["Dagger Spray+1","Cloak And Dagger"],"picked":"Acrobatics","floor":21},{"not_picked":["PiercingWail","Bane"],"picked":"Bouncing Flask","floor":25},{"not_picked":["Tools of the Trade","Heel Hook"],"picked":"Catalyst","floor":28},{"not_picked":["Skewer","Reflex"],"picked":"Outmaneuver","floor":30},{"not_picked":["Doppelganger","Tools of the Trade"],"picked":"Night Terror","floor":33},{"not_picked":["Sucker Punch+1","Deadly Poison"],"picked":"Backflip","floor":35},{"not_picked":["Dagger Throw","Reflex","Blade Dance+1"],"picked":"SKIP","floor":36}],"player_experience":254345,"relics_obtained":[{"floor":7,"key":"CaptainsWheel"},{"floor":9,"key":"Mango"},{"floor":10,"key":"Torii"},{"floor":26,"key":"White Beast Statue"},{"floor":30,"key":"Regal Pillow"}],"event_choices":[{"damage_healed":0,"gold_gain":0,"player_choice":"Bought 1 Potion","damage_taken":0,"max_hp_gain":0,"max_hp_loss":0,"event_name":"The Woman in Blue","floor":4,"gold_loss":0},{"damage_healed":0,"gold_gain":0,"player_choice":"Rummage","damage_taken":0,"relics_obtained":["WarpedTongs"],"max_hp_gain":0,"max_hp_loss":0,"event_name":"Accursed Blacksmith","floor":11,"gold_loss":0,"cards_obtained":["Pain"]},{"damage_healed":0,"gold_gain":0,"player_choice":"Ignored","damage_taken":0,"max_hp_gain":0,"max_hp_loss":0,"event_name":"The Mausoleum","floor":22,"gold_loss":0},{"damage_healed":0,"gold_gain":0,"player_choice":"Simplicity","damage_taken":0,"max_hp_gain":0,"max_hp_loss":0,"event_name":"Back to Basics","floor":24,"gold_loss":0,"cards_upgraded":["Strike_G","Strike_G","Strike_G","Strike_G","Strike_G","Defend_G","Defend_G","Defend_G","Defend_G","Defend_G"]},{"damage_healed":0,"gold_gain":0,"player_choice":"Fight","damage_taken":0,"max_hp_gain":0,"max_hp_loss":0,"event_name":"Mysterious Sphere","floor":37,"gold_loss":0}],"is_beta":false,"boss_relics":[{"not_picked":["Runic Pyramid","WristBlade"],"picked":"Snecko Eye"},{"not_picked":["Ring of the Serpent","Pandora\u0027s Box"],"picked":"Astrolabe"}],"items_purged_floors":[19,31],"is_endless":false,"potions_floor_spawned":[1,3,7,10,13,18,20,28,30,33,35,36],"killed_by":"2 Orb Walkers","ascension_level":19}}