{"host":"fa96ppy4vc5r7pma","time":1609080277,"event":{"mods":["BaseMod","Best Route Mod","Bestiary","Block Reminder","Colored Map","Dota2Spire","Ekko","GungeonMod","Hermit","Highlight Path","Hubris","Minty Spire (QoL Compilation)","Permanent Neow","Quick Restart","Random Character Button","Relic Stats","Replay The Spire","StSLib","The Blue Laboratory","The Servant 0.9.4"],"gold_per_floor":[214,214,214,231,244,270,283,317,371,371,406,425,425,438,438,534,534,548,518,534,549,568,568,568],"floor_reached":23,"playtime":1946,"items_purged":[],"score":331,"play_id":"ff4ba040-6fca-40e5-b9bf-46e4a002dfc7","local_time":"20201227094437","is_ascension_mode":true,"campfire_choices":[{"floor":10,"key":"REST"},{"data":"KidneyShot","floor":13,"key":"SMITH"},{"floor":15,"key":"REST"}],"circlet_count":0,"master_deck":["Strike_S","Strike_S","Strike_S","Strike_S","Defend_S","Defend_S","Defend_S","Defend_S","KidneyShot+1","Exchange","Read","Hallucinations","Rearm","StarChef","GearUp","Revamp","Misdirection","Initiator","Barrier","SurpressingFire","MurderousAura","Ricochet","SpecialFormula","Contraction","Spin+1"],"relics":["Uniform","Ring of Hypnosis","Ring of Peace","Simple Rune","Replay:Bottled Steam","Dota2Spire:LotusOrb","MealTicket","hubris:ScarierMask","DemoMod:GlassGuonStoneRelic"],"acts_visited":["Exordium","TheCity"],"potions_floor_usage":[6,6,8,8,16,16,23],"damage_taken":[{"damage":4,"enemies":"Cultist","floor":1,"turns":5},{"damage":1,"enemies":"Jaw Worm","floor":4,"turns":7},{"damage":0,"enemies":"Small Slimes","floor":5,"turns":5},{"damage":7,"enemies":"3 Sentries","floor":6,"turns":13},{"damage":34,"enemies":"Gremlin Gang","floor":7,"turns":8},{"damage":0,"enemies":"Lagavulin","floor":8,"turns":14},{"damage":0,"enemies":"3 Sentries","floor":11,"turns":18},{"damage":0,"enemies":"Blue Slaver","floor":12,"turns":6},{"damage":8,"enemies":"Exordium Thugs","floor":14,"turns":5},{"damage":0,"enemies":"Hexaghost","floor":16,"turns":16},{"damage":18,"enemies":"3 Byrds","floor":18,"turns":5},{"damage":0,"enemies":"2 Thieves","floor":19,"turns":4},{"damage":26,"enemies":"Snake Plant","floor":20,"turns":7},{"damage":0,"enemies":"Snecko","floor":21,"turns":8},{"damage":34,"enemies":"3 Cultists","floor":22,"turns":6},{"damage":7,"enemies":"Book of Stabbing","floor":23,"turns":2}],"seed_played":"5955737226145599866","potions_obtained":[{"floor":3,"key":"blueLaboratory:LouseDecoction"},{"floor":3,"key":"blueLaboratory:HummingbirdPotion"},{"floor":3,"key":"blueLaboratory:TrueEctoplasm"},{"floor":4,"key":"Fire Potion"},{"floor":6,"key":"Regen Potion"},{"floor":7,"key":"DemoMod:LeadSkinPotion"},{"floor":8,"key":"Milkshake"},{"floor":14,"key":"PowerPotion"},{"floor":20,"key":"Energy Potion"},{"floor":21,"key":"Milkshake"}],"is_trial":false,"path_per_floor":["M","?","?","M","M","E","M","E","T","R","E","M","R","M","R","B",null,"M","M","M","M","M","E"],"character_chosen":"THE_SERVANT","items_purchased":[],"campfire_rested":2,"item_purchase_floors":[],"current_hp_per_floor":[61,61,61,60,60,53,19,34,34,53,53,53,53,45,64,64,65,47,47,26,31,2,0,0],"gold":568,"neow_bonus":"HUNDRED_GOLD","is_daily":false,"chose_seed":false,"campfire_upgraded":1,"win_rate":0.0,"timestamp":1609080277,"path_taken":["M","?","?","?","M","E","M","E","T","R","E","M","R","M","R","BOSS","M","M","M","M","M","E"],"items_purchased_type":[],"build_version":"2020-12-22","purchased_purges":0,"victory":false,"max_hp_per_floor":[65,65,65,65,65,65,65,65,65,65,65,65,65,65,65,65,65,65,65,65,65,65,65,65],"relic_stats":{"counters":[16,129],"MealTicket":0,"obtain_stats":[{"Ring of Hypnosis":2,"Ring of Peace":2,"hubris:ScarierMask":17,"Simple Rune":6,"MealTicket":11,"DemoMod:GlassGuonStoneRelic":5,"Uniform":0,"Dota2Spire:LotusOrb":9,"Replay:Bottled Steam":8},{"Ring of Hypnosis":1,"Ring of Peace":1,"hubris:ScarierMask":10,"Simple Rune":4,"MealTicket":7,"DemoMod:GlassGuonStoneRelic":3,"Uniform":0,"Dota2Spire:LotusOrb":6,"Replay:Bottled Steam":6},{"Ring of Hypnosis":5,"Ring of Peace":5,"hubris:ScarierMask":97,"Simple Rune":30,"MealTicket":70,"DemoMod:GlassGuonStoneRelic":17,"Uniform":0,"Dota2Spire:LotusOrb":52,"Replay:Bottled Steam":52}]},"card_choices":[{"not_picked":["TimeWarp","DoubleEdge"],"picked":"Read","floor":1},{"not_picked":["BestPractice","BottledTime"],"picked":"Rearm","floor":4},{"not_picked":["ShatteredReality","Revamp"],"picked":"StarChef","floor":5},{"not_picked":["DoubleEdge","Desolation"],"picked":"GearUp","floor":6},{"not_picked":["Alleviate","Rewind"],"picked":"Revamp","floor":7},{"not_picked":["StarChef","Alleviate"],"picked":"Misdirection","floor":8},{"not_picked":["Manipulate","ShatteredReality"],"picked":"Initiator","floor":11},{"not_picked":["Defy","Revamp"],"picked":"Barrier","floor":12},{"not_picked":["SpecialFormula","DoubleEdge"],"picked":"SurpressingFire","floor":14},{"not_picked":["FlawlessForm","Deny"],"picked":"MurderousAura","floor":16},{"not_picked":["ReturningBlade","Potential"],"picked":"Ricochet","floor":18},{"not_picked":["Potential+1","MoonPhase"],"picked":"SpecialFormula","floor":19},{"not_picked":["Spin","Alleviate","Deny"],"picked":"SKIP","floor":20},{"not_picked":["Alleviate","Potential"],"picked":"Contraction","floor":21},{"not_picked":["FastForward","Comet+1"],"picked":"Spin+1","floor":22}],"player_experience":103644,"relics_obtained":[{"floor":2,"key":"Ring of Hypnosis"},{"floor":2,"key":"Ring of Peace"},{"floor":6,"key":"Simple Rune"},{"floor":8,"key":"Replay:Bottled Steam"},{"floor":9,"key":"Dota2Spire:LotusOrb"},{"floor":11,"key":"MealTicket"}],"event_choices":[{"damage_healed":0,"gold_gain":0,"player_choice":"Got Potions","damage_taken":0,"max_hp_gain":0,"max_hp_loss":0,"event_name":"Lab","floor":3,"gold_loss":0}],"is_beta":false,"boss_relics":[{"not_picked":["Velvet Choker","Ring of Chaos"],"picked":"hubris:ScarierMask"}],"items_purged_floors":[],"is_endless":false,"potions_floor_spawned":[4,6,7,8,14,20,21],"killed_by":"Book of Stabbing","ascension_level":1}}