{"host":"43pogpu2c981a0zh","time":1609082556,"event":{"mods":["ATMod(∞¢Ë™Mod)","AchievementEnabler","Act Like it!","Ascension Reborn","Aspiration","Astrologer","BaseMod","Better Altar","Better Match","Better Sensory Stone","CapriCore","Chen","Colored Powertips","Conspire","Custom Start","Friendly Minions","Gensokyo","Highlight Path","HololiveMod","Hubris","KinomotoSakuraMod(ƒæ÷Æ±æ”£)","Kiyohime£®«Âºß£©","Koishi","KomeijiMod","Marisa£®ÏF”Í°°ƒß¿Ì…≥£©","Marked Mod","Minty Spire (QoL Compilation)","Pale of the Ancients","Permanent Neow","Prisma Mod","Quarter Circle Forward PUNCH!","Quick Restart","Reimu£®≤©¿ˆ¡È√Œ£©","Remilia£®¿Ÿ√◊¿Ú—«£©","Replay The Spire","Shop Mod","Spicy Shops","StSLib","TestMod","The Animator","The Immortal","UnlockEverythingMod","Waifu the Spire","WarShipGirlsR/’ΩΩ¢…Ÿ≈ÆR mod","°æ“≈ŒÔø®≈∆°øREMEMod","ÛÙª÷∏ƒœ"],"gold_per_floor":[144,172,172,172,183,217,242,275,275,306,339,339,38,145,145,493,493,538,168,168,77,2,103,406,614,641,801,35,96,96,246,246,485,485,543,468,95,202,202,265,330,395,468,534,534,83,84,161,161,296,296,296,296],"floor_reached":51,"playtime":3547,"items_purged":["Pain","REME_PuzzleBox"],"score":1317,"play_id":"f752a946-316f-40ce-aa53-c1924ebdf67e","local_time":"20201227232236","daily_mods":["SealedDeck","Heirloom","Flight","Elite Swarm"],"is_ascension_mode":true,"campfire_choices":[{"floor":12,"key":"REST"},{"data":"REME_WheelOfFate","floor":15,"key":"SMITH"},{"floor":32,"key":"REST"},{"data":"MokouMod:PhoenixForm","floor":49,"key":"SMITH"}],"circlet_count":0,"master_deck":["KokorosuKi+1","AT_FamilyPortrait+1","MokouMod:InfernalWave","MokouMod:HeatCyclone","MokouMod:GuidingSmoke","MokouMod:Firecracker","MokouMod:Overheat","MokouMod:RisingSunBarrier","MokouMod:AdaptivePyromancy","MokouMod:TemporalFireSeal","MokouMod:FlickeringFlame","MokouMod:ImperishableFlame","MokouMod:FlareStarter","MokouMod:CrimsonArmoury","MokouMod:BlazingComet","MokouMod:PhoenixForm+1","MokouMod:SearingBlow+7","MokouMod:Extinguish+1","MokouMod:EnchantingBambooForest+1","MokouMod:Rebirth+1","REME_WheelOfFate+1","AT_EmpoweredMortalDraw","MokouMod:ProfanedFlare+1","MokouMod:Geothermal","MokouMod:Geothermal","MokouMod:SpontaneousHumanCombustion","Bandage Up","MokouMod:ShiftIgnition","MokouMod:DanceofFlames","MokouMod:Ventilation+1","MokouMod:Geothermal","MokouMod:Geothermal","MokouMod:BurningDraft","MokouMod:BlazingComet","MokouMod:Ventilation","MokouMod:ShiftIgnition","MokouMod:WarmUp+1","MokouMod:Ventilation","MokouMod:ProfanedFlare","MokouMod:SacredFire","MokouMod:IndiscriminateIgnition","MokouMod:WarmUp+1","MokouMod:Extinguish+1","AT_EmpoweredMortalDraw"],"relics":["MokouMod:PhoenixFeather","testmod-TestBox","REME_ComplimentaryCards","AT_ATBox","testmod-HarvestTotem","Shovel","Gremlin Food","Gensokyo:LunaticRedEyes","Strawberry","Du-Vu Doll","Garlic","KyoryuNoHagoromo","Replay:Bottled Eggs","testmod-ConstraintPeriapt","ReplayTheSpireMod:ShopPack","Pet Ghost","Mango","testmod-NegativeEmotionEnhancer","AT_MibuBalloonWealth","ReplayTheSpireMod:TigerMarble","ReplayTheSpireMod:Lightbulb","Blue Doll","testmod-TurbochargingSystem","Oddly Smooth Stone","HoshigumaDish","Boot","AT_PhaseBoots","testmod-Acrobat","hubris:Potato","Replay:Bottled Steam","testmod-Register","Omamori","Ginger","Chameleon Ring","AT_EbonyIvory","hubris:GlazedTorus","testmod-CardMagician","Guide Book","Smiling Mask","testmod-CrystalShield","AT_ArchangelStaff","Incense Burner","TungstenRod","Ornamental Fan","hubris:AstralHammer","AT_ChloranthyRing","Anchor","Chemical X","Replay:Bottled Flurry","hubris:64BitClover","hubris:BundleOfHerbs","DollysMirror","AT_MortalBlade"],"acts_visited":["Gensokyo:Gensokyo","Gensokyo:Gensokyoer","Gensokyo:Gensokyoest","Exordium"],"potions_floor_usage":[33],"damage_taken":[{"damage":12,"enemies":"Gensokyo:2_Kodama","floor":1,"turns":4},{"damage":12,"enemies":"conspire:MimicChest","floor":2,"turns":5},{"damage":6,"enemies":"Gensokyo:3_Fairies","floor":5,"turns":4},{"damage":8,"enemies":"Gensokyo:Cirno","floor":6,"turns":5},{"damage":68,"enemies":"Gensokyo:Aya","floor":7,"turns":7},{"damage":18,"enemies":"Gensokyo:Cirno","floor":8,"turns":6},{"damage":28,"enemies":"Gensokyo:Mamizou","floor":10,"turns":11},{"damage":11,"enemies":"Gensokyo:Aya","floor":11,"turns":5},{"damage":12,"enemies":"Gensokyo:Mamizou","floor":14,"turns":8},{"damage":41,"enemies":"Gensokyo:Reimu","floor":16,"turns":7},{"damage":17,"enemies":"Gensokyo:AngelMirror","floor":18,"turns":4},{"damage":10,"enemies":"Gensokyo:Reisen","floor":23,"turns":6},{"damage":90,"enemies":"Gensokyo:Koishi","floor":24,"turns":9},{"damage":57,"enemies":"Gensokyo:Tenshi","floor":25,"turns":7},{"damage":16,"enemies":"Gensokyo:Reisen","floor":27,"turns":6},{"damage":60,"enemies":"Gensokyo:Tenshi","floor":29,"turns":4},{"damage":0,"enemies":"Gensokyo:Koishi","floor":31,"turns":6},{"damage":163,"enemies":"Gensokyo:Kaguya","floor":33,"turns":17},{"damage":11,"enemies":"Gensokyo:AncientGuardian","floor":35,"turns":6},{"damage":14,"enemies":"Gensokyo:3_Boulders","floor":38,"turns":5},{"damage":0,"enemies":"Gensokyo:Doremy","floor":40,"turns":4},{"damage":68,"enemies":"Gensokyo:Marisa","floor":41,"turns":6},{"damage":0,"enemies":"Gensokyo:Doremy","floor":42,"turns":5},{"damage":15,"enemies":"Gensokyo:Marisa","floor":44,"turns":4},{"damage":0,"enemies":"Gensokyo:Dusk_and_Dawn","floor":48,"turns":3},{"damage":63,"enemies":"Gensokyo:Scarlet_Devils","floor":50,"turns":7}],"seed_played":"8550769298837773987","potions_obtained":[{"floor":5,"key":"Milkshake"},{"floor":6,"key":"Strength Potion"},{"floor":7,"key":"PowerPotion"},{"floor":38,"key":"LiquidMemories"}],"is_trial":true,"path_per_floor":["M","?","?","?","M","E","E","E","T","E","E","R","COS","E","R","B",null,"M","$","?","COS","?","E","E","E","T","E","$","E","?","E","R","B",null,"M","?","COS","M","?","E","E","E","T","E","?","$","M","M","R","B",null],"character_chosen":"MKU","items_purchased":["Bandage Up","ReplayTheSpireMod:Lightbulb","testmod-Register","Omamori","MokouMod:BurningDraft","Ginger","AT_ChloranthyRing","Anchor","Chemical X"],"campfire_rested":2,"item_purchase_floors":[19,19,28,28,28,28,46,46,46],"current_hp_per_floor":[174,162,162,162,156,176,108,90,90,62,51,171,171,171,171,188,228,219,219,219,219,219,221,165,124,124,132,132,94,94,108,242,85,244,243,243,243,244,244,250,190,206,206,205,205,205,205,215,215,180,116,116,116],"gold":296,"neow_bonus":"","is_daily":false,"chose_seed":false,"campfire_upgraded":2,"win_rate":0.0,"timestamp":1609082556,"path_taken":["M","?","?","?","?","E","E","E","T","E","E","R","COS","E","R","BOSS","M","$","?","COS","?","E","E","E","T","E","$","E","?","E","R","BOSS","M","?","COS","M","?","E","E","E","T","E","?","$","?","?","R","BOSS"],"items_purchased_type":["Card","Relic","Relic","Relic","Card","Relic","Relic","Relic","Relic"],"build_version":"2020-12-22","purchased_purges":2,"victory":false,"max_hp_per_floor":[186,186,186,186,186,200,200,200,200,200,200,200,200,200,200,228,228,230,230,230,230,230,232,234,236,236,238,238,240,240,242,242,244,244,246,246,246,248,248,250,252,254,254,256,256,256,256,258,258,260,116,116,116],"card_choices":[{"not_picked":["MokouMod:Stoke","MokouMod:ScorchingColumn"],"picked":"MokouMod:FlareStarter","floor":1},{"not_picked":["MokouMod:ThermalPressure","MokouMod:ImperishableFlame"],"picked":"MokouMod:CrimsonArmoury","floor":2},{"not_picked":["MokouMod:Sear","MokouMod:InfernalWave"],"picked":"MokouMod:BlazingComet","floor":5},{"not_picked":["MokouMod:RadiantBlade","MokouMod:EnchantingBambooForest"],"picked":"MokouMod:PhoenixForm","floor":6},{"not_picked":["MokouMod:ResonatingAura","MokouMod:EnchantingBambooForest"],"picked":"MokouMod:SearingBlow","floor":7},{"not_picked":["MokouMod:ResonatingAura","MokouMod:SacredFire"],"picked":"MokouMod:Extinguish","floor":8},{"not_picked":["MokouMod:ResonatingAura","MokouMod:Geothermal"],"picked":"MokouMod:EnchantingBambooForest","floor":10},{"not_picked":["MokouMod:Ventilation","MokouMod:ProfanedFlare"],"picked":"MokouMod:Rebirth","floor":11},{"not_picked":["AT_EmpoweredMortalDraw","HandOfGreed"],"picked":"REME_WheelOfFate","floor":13},{"not_picked":["hubris:Ssssneak","AT_CelerityRune"],"picked":"REME_PuzzleBox","floor":13},{"not_picked":["testmod-TemporaryDeletion","testmod-WeaknessCounterattack"],"picked":"AT_EmpoweredMortalDraw","floor":13},{"not_picked":["MokouMod:EnchantingBambooForest+1","MokouMod:PhoenixForm+1"],"picked":"MokouMod:ProfanedFlare+1","floor":14},{"not_picked":["MokouMod:ExplosiveFlame","MokouMod:EnchantingBambooForest"],"picked":"MokouMod:Geothermal","floor":14},{"not_picked":["MokouMod:ResonatingAura","MokouMod:RadiantBlade"],"picked":"MokouMod:Geothermal","floor":16},{"not_picked":["MokouMod:EnchantingBambooForest","MokouMod:ProfanedFlare"],"picked":"MokouMod:SpontaneousHumanCombustion","floor":16},{"not_picked":["MokouMod:Trailblazer","MokouMod:ScorchedEarth","MokouMod:UncontrollableSolarReaction+1"],"picked":"SKIP","floor":18},{"not_picked":["MokouMod:RisingSunBarrier","MokouMod:GuidingSmoke"],"picked":"MokouMod:ShiftIgnition","floor":22},{"not_picked":["MokouMod:ScorchedEarth","MokouMod:Wildfire"],"picked":"MokouMod:DanceofFlames","floor":22},{"not_picked":["MokouMod:ProfanedFlare","MokouMod:EnchantingBambooForest"],"picked":"MokouMod:Ventilation","floor":23},{"not_picked":["MokouMod:ProfanedFlare","MokouMod:Rebirth"],"picked":"MokouMod:Geothermal","floor":24},{"not_picked":["MokouMod:ExplosiveFlame","MokouMod:Rebirth","MokouMod:RadiantBlade"],"picked":"SKIP","floor":25},{"not_picked":["MokouMod:Rebirth","MokouMod:ExplosiveFlame"],"picked":"MokouMod:Geothermal","floor":27},{"not_picked":["MokouMod:BurningHiddenBullet","MokouMod:ExplosiveFlame","MokouMod:SearingBlow"],"picked":"SKIP","floor":29},{"not_picked":["MokouMod:PhoenixForm","MokouMod:ResonatingAura","MokouMod:Rebirth"],"picked":"SKIP","floor":31},{"not_picked":["MokouMod:TemporalFireSeal","MokouMod:RoaringFlare+1"],"picked":"MokouMod:BlazingComet","floor":35},{"not_picked":["MokouMod:Geothermal","MokouMod:ExplosiveFlame"],"picked":"MokouMod:Ventilation","floor":36},{"not_picked":["MokouMod:GuidingSmoke","MokouMod:Burn"],"picked":"MokouMod:ShiftIgnition","floor":36},{"not_picked":["MokouMod:Afterburner+1","MokouMod:IgnitionBarrier+1"],"picked":"MokouMod:WarmUp+1","floor":38},{"not_picked":["MokouMod:ProfanedFlare","MokouMod:Geothermal"],"picked":"MokouMod:Ventilation","floor":40},{"not_picked":["MokouMod:PhoenixForm","MokouMod:Geothermal"],"picked":"MokouMod:ProfanedFlare","floor":41},{"not_picked":["MokouMod:Rekindle","MokouMod:ExplosiveFlame"],"picked":"MokouMod:SacredFire","floor":41},{"not_picked":["MokouMod:SacredFire","MokouMod:HouraiForge","MokouMod:SearingBlow"],"picked":"SKIP","floor":42},{"not_picked":["MokouMod:EnchantingBambooForest","MokouMod:ResonatingAura","MokouMod:RadiantBlade"],"picked":"SKIP","floor":44},{"not_picked":["MokouMod:ScorchedEarth+1","MokouMod:FlareStarter"],"picked":"MokouMod:IndiscriminateIgnition","floor":48},{"not_picked":["MokouMod:Rekindle","MokouMod:Rebirth"],"picked":"MokouMod:Extinguish","floor":50}],"player_experience":293782,"relics_obtained":[{"floor":2,"key":"Gremlin Food"},{"floor":6,"key":"Strawberry"},{"floor":7,"key":"Du-Vu Doll"},{"floor":8,"key":"Garlic"},{"floor":9,"key":"KyoryuNoHagoromo"},{"floor":10,"key":"Replay:Bottled Eggs"},{"floor":11,"key":"testmod-ConstraintPeriapt"},{"floor":14,"key":"Pet Ghost"},{"floor":16,"key":"Mango"},{"floor":23,"key":"Blue Doll"},{"floor":24,"key":"Oddly Smooth Stone"},{"floor":25,"key":"Boot"},{"floor":26,"key":"AT_SpeedBoots"},{"floor":27,"key":"hubris:Potato"},{"floor":27,"key":"Replay:Bottled Steam"},{"floor":29,"key":"Chameleon Ring"},{"floor":31,"key":"AT_EbonyIvory"},{"floor":33,"key":"hubris:GlazedTorus"},{"floor":40,"key":"testmod-CrystalShield"},{"floor":41,"key":"AT_ArchangelStaff"},{"floor":42,"key":"Incense Burner"},{"floor":42,"key":"TungstenRod"},{"floor":43,"key":"Ornamental Fan"},{"floor":44,"key":"hubris:AstralHammer"},{"floor":50,"key":"hubris:BundleOfHerbs"},{"floor":50,"key":"DollysMirror"}],"event_choices":[{"damage_healed":0,"gold_gain":0,"player_choice":"1","damage_taken":0,"max_hp_gain":0,"max_hp_loss":0,"event_name":"betterMatch:BetterMatch","floor":22,"gold_loss":0,"cards_obtained":["betterMatch:UncommonCard","betterMatch:UncommonCard"]},{"damage_healed":0,"gold_gain":0,"player_choice":"1","damage_taken":0,"max_hp_gain":0,"max_hp_loss":0,"event_name":"betterMatch:BetterMatch","floor":36,"gold_loss":0,"cards_obtained":["betterMatch:RareCard","betterMatch:UncommonCard"]},{"damage_healed":0,"gold_gain":0,"player_choice":"Leave","damage_taken":0,"max_hp_gain":0,"max_hp_loss":0,"event_name":"conspire:Investor","floor":39,"gold_loss":0}],"is_beta":false,"boss_relics":[{"not_picked":["testmod-Nine","testmod-Temperance"],"picked":"testmod-NegativeEmotionEnhancer"},{"not_picked":["testmod-EnergyCheck","conspire:RoyalGoblet"],"picked":"testmod-CardMagician"},{"not_picked":["Abe\u0027s Treasure","Black Star"],"picked":"AT_MortalBlade"}],"items_purged_floors":[19,28],"is_endless":true,"potions_floor_spawned":[5,6,7,11,14,23,24,25,31,38,44,50],"ascension_level":0}}