{"host":"vc42n08di9czm3e7","time":1609112201,"event":{"mods":["AchievementEnabler","Act Like it!","BaseMod","BetterRewards","Colored Powertips","Downfall","Friendly Minions","GifTheSpireLib","Minty Spire (QoL Compilation)","Quick Restart","Rare Cards Sparkle","StSLib","The Construct","The Jungle"],"gold_per_floor":[114,130,143,158,169,194,210,210,210],"floor_reached":8,"playtime":1298,"items_purged":[],"score":62,"play_id":"5db3bcba-e6a1-4ba6-a3cb-cd8b0ed27395","local_time":"20201227183641","is_ascension_mode":false,"campfire_choices":[],"circlet_count":0,"master_deck":["construct:Strike_Gold","construct:Strike_Gold","construct:Strike_Gold","construct:Strike_Gold","construct:Strike_Gold","construct:Defend_Gold","construct:Defend_Gold","construct:Defend_Gold","construct:Defend_Gold","construct:Defend_Gold","construct:AttackMode","construct:DefenseMode","construct:SuppressiveFire","construct:FlameCore","construct:Anticipate","construct:Enhance","construct:ShiftStrike","construct:HammerDown","construct:Accumulate"],"relics":["construct:Cogwheel","NeowsBlessing","Pen Nib"],"acts_visited":["Exordium"],"potions_floor_usage":[5,6,6,8],"damage_taken":[{"damage":0,"enemies":"Cultist","floor":1,"turns":1},{"damage":0,"enemies":"2 Louse","floor":2,"turns":1},{"damage":0,"enemies":"Small Slimes","floor":3,"turns":1},{"damage":2,"enemies":"Blue Slaver","floor":4,"turns":5},{"damage":0,"enemies":"2 Fungi Beasts","floor":5,"turns":5},{"damage":58,"enemies":"Gremlin Nob","floor":6,"turns":6},{"damage":14,"enemies":"Red Slaver","floor":7,"turns":4},{"damage":13,"enemies":"3 Sentries","floor":8,"turns":2}],"seed_played":"-7359914582299229164","potions_obtained":[{"floor":1,"key":"Swift Potion"},{"floor":2,"key":"Energy Potion"},{"floor":5,"key":"SneckoOil"},{"floor":7,"key":"AttackPotion"}],"is_trial":false,"path_per_floor":["M","M","M","M","M","E","M","E"],"character_chosen":"THE_CONSTRUCT_MOD","items_purchased":[],"campfire_rested":0,"item_purchase_floors":[],"current_hp_per_floor":[85,85,85,83,83,25,11,0,0],"gold":210,"neow_bonus":"THREE_ENEMY_KILL","is_daily":false,"chose_seed":false,"campfire_upgraded":0,"win_rate":0.0,"timestamp":1609112201,"path_taken":["M","M","M","?","M","E","M","E"],"items_purchased_type":[],"build_version":"2020-12-22","purchased_purges":0,"victory":false,"max_hp_per_floor":[85,85,85,85,85,85,85,85,85],"card_choices":[{"not_picked":["construct:Forcefield","construct:Antimatter"],"picked":"construct:SuppressiveFire","floor":1},{"not_picked":["construct:Boost","construct:CriticalHit"],"picked":"construct:FlameCore","floor":2},{"not_picked":["construct:FlakBarrage","construct:SyphonStrike"],"picked":"construct:Anticipate","floor":3},{"not_picked":["construct:Reinforce","construct:Accumulate"],"picked":"construct:Enhance","floor":4},{"not_picked":["construct:SuppressiveFire","construct:ScrapCannon"],"picked":"construct:ShiftStrike","floor":5},{"not_picked":["construct:ChargeShot","construct:SweepLaser"],"picked":"construct:HammerDown","floor":6},{"not_picked":["construct:FierceBash","construct:HeavyBolt"],"picked":"construct:Accumulate","floor":7}],"player_experience":271679,"relics_obtained":[{"floor":6,"key":"Pen Nib"}],"event_choices":[],"is_beta":false,"boss_relics":[],"items_purged_floors":[],"is_endless":false,"potions_floor_spawned":[1,2,5,7],"killed_by":"3 Sentries","ascension_level":0}}