{"host":"e4wnmsyty9uvvtwf","time":1609048098,"event":{"mods":["Aspiration","BaseMod","Colored Map","Colored Powertips","Marisa£®ÏF”Í°°ƒß¿Ì…≥£©","Minty Spire (QoL Compilation)","Rare Cards Sparkle","Replay The Spire","StSLib"],"gold_per_floor":[109,109,109,122,133,133,167,167,239,268,287,321,348,403,403,480,480,491,504,1,1,21,21,49,49,94,94,144,159,159,177,177,177,177],"floor_reached":33,"playtime":1240,"items_purged":[],"score":572,"play_id":"c30c8e1c-2cdb-4c65-92b6-e60678488d4e","local_time":"20201227134818","is_ascension_mode":true,"campfire_choices":[{"data":"ReplayTheSpireMod:Limb From Limb","floor":6,"key":"SMITH"},{"data":"Spot Weakness","floor":8,"key":"SMITH"},{"data":"Replay:Many Hands","floor":15,"key":"SMITH"},{"data":"Feed","floor":23,"key":"SMITH"},{"data":"Rage","floor":25,"key":"SMITH"},{"data":"Offering","floor":27,"key":"SMITH"},{"floor":30,"key":"REST"},{"floor":32,"key":"DIG"}],"circlet_count":0,"master_deck":["AscendersBane","Strike_R+2","Strike_R","Strike_R","Strike_R+1","Defend_R","Defend_R","Defend_R","Defend_R+1","Bash","Flame Barrier","Replay:Many Hands+1","ReplayTheSpireMod:Limb From Limb+1","Iron Wave","Spot Weakness+1","Shrug It Off","Dropkick","Offering+1","Disarm","Shrug It Off+1","Feed+1","Clothesline+1","Rage+1","Clumsy"],"relics":["Burning Blood","Whetstone","Charon\u0027s Ashes","Art of War","Kunai","ReplayTheSpireMod:TigerMarble","Oddly Smooth Stone","Simple Rune","Cursed Key","Medical Kit","Juzu Bracelet","Replay:Rubber Ducky","Bronze Scales","Replay:Mystery Machine","Turnip"],"acts_visited":["TheCity"],"potions_floor_usage":[7,12,24,28,33],"damage_taken":[{"damage":5.0,"enemies":"2 Louse","floor":1.0,"turns":4.0},{"damage":1,"enemies":"Small Slimes","floor":4,"turns":4},{"damage":21,"enemies":"Lagavulin","floor":7,"turns":5},{"damage":5,"enemies":"3 Sentries","floor":10,"turns":5},{"damage":0,"enemies":"Jaw Worm","floor":11,"turns":3},{"damage":11,"enemies":"Gremlin Nob","floor":12,"turns":3},{"damage":31,"enemies":"Fading Forest","floor":16,"turns":11},{"damage":12,"enemies":"Chosen","floor":18,"turns":1},{"damage":19,"enemies":"2 Thieves","floor":19,"turns":3},{"damage":13,"enemies":"Centurion and Healer","floor":22,"turns":6},{"damage":13,"enemies":"Gremlin Leader","floor":24,"turns":6},{"damage":14,"enemies":"Slavers","floor":28,"turns":4},{"damage":10,"enemies":"Shelled Parasite and Fungi","floor":29,"turns":3},{"damage":10,"enemies":"Sentry and Sphere","floor":31,"turns":3},{"damage":71,"enemies":"Automaton","floor":33,"turns":6}],"seed_played":"-1121552275145212490","potions_obtained":[{"floor":1.0,"key":"BlessingOfTheForge"},{"floor":7,"key":"AttackPotion"},{"floor":12,"key":"ColorlessPotion"},{"floor":24,"key":"ColorlessPotion"},{"floor":28,"key":"PowerPotion"},{"floor":31,"key":"Venom Potion"}],"is_trial":false,"path_per_floor":["M","?","?","M","?","R","E","R","T","E","M","E","T","?","R","B",null,"M","M","$","?","M","R","E","R","T","R","E","M","R","M","R_BF","B"],"character_chosen":"IRONCLAD","items_purchased":["Medical Kit","Feed","Juzu Bracelet"],"campfire_rested":1,"item_purchase_floors":[20,20,20],"current_hp_per_floor":[69,69,69,74,74,74,59,59,59,60,74,69,69,69,69,48,68,62,49,49,49,45,45,38,38,38,38,34,34,59,59,59,0,0],"gold":177,"neow_bonus":"RANDOM_COMMON_RELIC","is_daily":false,"chose_seed":false,"campfire_upgraded":6,"win_rate":0.0,"timestamp":1609048098,"path_taken":["M","?","?","M","?","R","E","R","T","E","?","E","?","?","R","BOSS","M","M","$","?","M","R","E","R","T","R","E","M","R","M","R_BF","BOSS"],"items_purchased_type":["Relic","Card","Relic"],"build_version":"2020-12-22","purchased_purges":0,"victory":false,"max_hp_per_floor":[75,75,75,75,75,75,75,75,75,75,75,75,75,75,75,75,75,75,75,75,75,78,78,78,78,78,78,82,86,86,90,90,90,90],"card_choices":[{"not_picked":["Sentinel","Rupture"],"picked":"Flame Barrier","floor":1.0},{"not_picked":["Warcry","Entrench"],"picked":"ReplayTheSpireMod:Limb From Limb","floor":4},{"not_picked":["Body Slam","Heavy Blade"],"picked":"Iron Wave","floor":5},{"not_picked":["ReplayTheSpireMod:Limb From Limb","Entrench"],"picked":"Spot Weakness","floor":7},{"not_picked":["Anger","Dual Wield"],"picked":"Shrug It Off","floor":10},{"not_picked":["Heavy Blade","Dark Embrace","Thunderclap"],"picked":"SKIP","floor":11},{"not_picked":["Disarm","Warcry"],"picked":"Dropkick","floor":12},{"not_picked":["Brutality","Demonic Infusion"],"picked":"Offering","floor":16},{"not_picked":["Havoc","Warcry"],"picked":"Disarm","floor":18},{"not_picked":["Blood for Blood","Power Through"],"picked":"Shrug It Off+1","floor":19},{"not_picked":["Body Slam","Warcry+1"],"picked":"Clothesline+1","floor":22},{"not_picked":["ReplayTheSpireMod:Strike From Hell+1","Massacre"],"picked":"Rage","floor":24},{"not_picked":["Evolve","Searing Blow","Bludgeon"],"picked":"SKIP","floor":28},{"not_picked":["Perfected Strike","Shrug It Off","Rampage"],"picked":"SKIP","floor":29},{"not_picked":["Anger","Cleave","Heavy Blade"],"picked":"SKIP","floor":31}],"player_experience":654140,"relics_obtained":[{"floor":5,"key":"Charon\u0027s Ashes"},{"floor":7,"key":"Art of War"},{"floor":9,"key":"Kunai"},{"floor":10,"key":"ReplayTheSpireMod:TigerMarble"},{"floor":12,"key":"Oddly Smooth Stone"},{"floor":13,"key":"Simple Rune"},{"floor":24,"key":"Replay:Rubber Ducky"},{"floor":26,"key":"Bronze Scales"},{"floor":28,"key":"Replay:Mystery Machine"},{"floor":32,"key":"Turnip"}],"event_choices":[{"damage_healed":0,"gold_gain":0,"player_choice":"Fled","damage_taken":0,"max_hp_gain":0,"max_hp_loss":0,"event_name":"Scrap Ooze","floor":2,"gold_loss":0},{"damage_healed":0,"gold_gain":0,"cards_transformed":["Strike_R"],"player_choice":"Change","damage_taken":0,"max_hp_gain":0,"max_hp_loss":0,"event_name":"Living Wall","floor":3,"gold_loss":0,"cards_obtained":["Replay:Many Hands"]},{"damage_healed":0,"gold_gain":55,"player_choice":"Gained Gold","damage_taken":0,"max_hp_gain":0,"max_hp_loss":0,"event_name":"Golden Wing","floor":14,"gold_loss":0},{"damage_healed":0,"gold_gain":0,"player_choice":"Ignored","damage_taken":0,"max_hp_gain":0,"max_hp_loss":0,"event_name":"Vampires","floor":21,"gold_loss":0}],"is_beta":false,"boss_relics":[{"not_picked":["Electric Blood","aspiration:RunicSpoon"],"picked":"Cursed Key"}],"items_purged_floors":[],"is_endless":false,"potions_floor_spawned":[1,7,12,24,28,31],"killed_by":"Automaton","ascension_level":18}}