{"host":"ya062ahhhuj9au1o","time":1609097593,"event":{"mods":["BaseMod","Better Third Choice","Filter the Spire","Hermit","Minty Spire (QoL Compilation)","Random Character Button","Robot Space Explorer","Somnambulant","StSLib","The Bug Knight","The Cursed","The Servant 0.9.4"],"gold_per_floor":[119,166,183,201,47,47,72,72,72,72,87,118,118,136,136,212,212,212,212,15,0,0,0,0,0,0,0,0,0,0,0,0,0,0,0],"floor_reached":34,"playtime":1574,"items_purged":["HollowMod:QuickDashStart"],"score":627,"play_id":"c59ad405-2764-4a3a-b8a2-3c381e6e7acb","local_time":"20201227143313","is_ascension_mode":true,"campfire_choices":[{"data":"HollowMod:MantisMark","floor":6.0,"key":"SMITH"},{"data":"HollowMod:QuirrelsAssistance","floor":8.0,"key":"SMITH"},{"data":"HollowMod:DashSlash","floor":13.0,"key":"SMITH"},{"data":"HollowMod:PogoStrike","floor":15.0,"key":"SMITH"},{"data":"HollowMod:DashSlash","floor":23.0,"key":"SMITH"},{"floor":29.0,"key":"DIG"},{"floor":32.0,"key":"DIG"}],"circlet_count":0,"master_deck":["AscendersBane","HollowMod:NailStrikeStart","HollowMod:NailStrikeStart","HollowMod:NailStrikeStart","HollowMod:NailStrikeStart","HollowMod:QuickDashStart","HollowMod:QuickDashStart","HollowMod:QuickDashStart","HollowMod:FocusHealStart+1","HollowMod:PogoStrike+1","HollowMod:HuntersJournal","HollowMod:CloakDash","HollowMod:QuirrelsAssistance+1","HollowMod:MantisMark+1","HollowMod:DashSlash+1","HollowMod:HuntersJournal","HollowMod:VoidDash","HollowMod:CloakDash","HollowMod:DashSlash+1","HollowMod:DreamGate","CurseOfTheBell"],"relics":["Philosopher\u0027s Stone","MealTicket","Bottled Lightning","Ginger","Pen Nib","Ectoplasm","Anchor","HollowMod:LifeEnderRelic","Shovel","Singing Bowl","SsserpentHead","Lizard Tail","HollowMod:IsmasTear","Calling Bell","Bronze Scales","White Beast Statue","WingedGreaves"],"acts_visited":["Exordium","TheCity","TheBeyond"],"potions_floor_usage":[],"damage_taken":[{"damage":0.0,"enemies":"Cultist","floor":1.0,"turns":3.0},{"damage":0.0,"enemies":"Small Slimes","floor":3.0,"turns":2.0},{"damage":0.0,"enemies":"Jaw Worm","floor":4.0,"turns":4.0},{"damage":11.0,"enemies":"Lagavulin","floor":7.0,"turns":6.0},{"damage":0.0,"enemies":"2 Fungi Beasts","floor":11.0,"turns":3.0},{"damage":3.0,"enemies":"Gremlin Nob","floor":12.0,"turns":3.0},{"damage":0.0,"enemies":"Blue Slaver","floor":14.0,"turns":2.0},{"damage":34.0,"enemies":"Hexaghost","floor":16.0,"turns":7.0},{"damage":6.0,"enemies":"HollowMod:HuskSentry","floor":18.0,"turns":4.0},{"damage":1.0,"enemies":"3 Byrds","floor":19.0,"turns":3.0},{"damage":8.0,"enemies":"Snake Plant","floor":22.0,"turns":3.0},{"damage":6.0,"enemies":"Gremlin Leader","floor":24.0,"turns":3.0},{"damage":1.0,"enemies":"3 Cultists","floor":30.0,"turns":4.0},{"damage":0.0,"enemies":"Sentry and Sphere","floor":31.0,"turns":4.0},{"damage":98.0,"enemies":"Collector","floor":33.0,"turns":6.0}],"seed_played":"-4601978761366947794","potions_obtained":[{"floor":1.0,"key":"SteroidPotion"},{"floor":4.0,"key":"EssenceOfSteel"},{"floor":7.0,"key":"ColorlessPotion"},{"floor":14.0,"key":"Energy Potion"},{"floor":18.0,"key":"FearPotion"},{"floor":22.0,"key":"Dexterity Potion"},{"floor":24.0,"key":"Block Potion"}],"is_trial":false,"path_per_floor":["M","T","M","M","$","R","E","R","T","?","M","E","R","M","R","B",null,"M","M","$","?","M","R","E","?","T","?","?","R","M","M","R","B",null],"character_chosen":"THE_BUGKNIGHT","items_purchased":["HollowMod:MantisMark","Anchor","HollowMod:DashSlash"],"campfire_rested":0,"item_purchase_floors":[5,20,20],"current_hp_per_floor":[68,68,68,68,75,75,64,64,64,64,70,67,67,73,73,49,69,73,75,75,75,67,67,67,67,67,67,67,67,74,76,76,41,71,71],"gold":0,"neow_bonus":"BOSS_RELIC","is_daily":false,"chose_seed":false,"campfire_upgraded":5,"win_rate":0.0,"timestamp":1609097593,"path_taken":["M","?","M","?","$","R","E","R","T","?","?","E","R","M","R","BOSS","M","M","$","?","M","R","E","?","T","?","?","R","M","M","R","BOSS"],"items_purchased_type":["Card","Relic","Card"],"build_version":"2020-12-22","purchased_purges":1,"victory":false,"max_hp_per_floor":[75,75,75,75,75,75,75,75,75,75,75,75,75,75,75,75,75,75,75,75,75,75,75,75,75,75,75,75,75,77,79,79,81,81,81],"card_choices":[{"not_picked":["HollowMod:FallenFury","HollowMod:PerfectDash"],"picked":"HollowMod:HuntersJournal","floor":1.0},{"not_picked":["HollowMod:CrystalDash","HollowMod:GrimmsGift"],"picked":"HollowMod:CloakDash","floor":3.0},{"not_picked":["HollowMod:SoulSplash","HollowMod:CoiledNail"],"picked":"HollowMod:QuirrelsAssistance","floor":4.0},{"not_picked":["HollowMod:AbyssShriek","HollowMod:BrokenVessel","HollowMod:BaldurShell"],"picked":"SKIP","floor":7.0},{"not_picked":["HollowMod:HowlingWraiths","HollowMod:VengefulVoid"],"picked":"HollowMod:DashSlash","floor":11.0},{"not_picked":["HollowMod:SiblingsShadow","HollowMod:MonarchWings","HollowMod:NewJinnsSoul"],"picked":"SKIP","floor":12.0},{"not_picked":["HollowMod:MonarchWings","HollowMod:SoulStrike"],"picked":"HollowMod:HuntersJournal","floor":14.0},{"not_picked":["HollowMod:NewInfectedGuardian","HollowMod:Hiveblood"],"picked":"HollowMod:VoidDash","floor":16.0},{"not_picked":["HollowMod:CycloneSlash","HollowMod:InfectedAttack"],"picked":"HollowMod:CloakDash","floor":18.0},{"not_picked":["HollowMod:SoulSplash","HollowMod:BrokenVessel","HollowMod:InfectionAssault"],"picked":"SKIP","floor":19.0},{"not_picked":["HollowMod:CornifersMapStart","HollowMod:Hiveblood"],"picked":"HollowMod:DreamGate","floor":22.0},{"not_picked":["HollowMod:InfectionAssault","HollowMod:MonomonsArchive","HollowMod:SoulEater"],"picked":"SKIP","floor":24.0},{"not_picked":["HollowMod:DashSlash","HollowMod:InfectedCysts","HollowMod:ChannelNail"],"picked":"Singing Bowl","floor":30.0},{"not_picked":["HollowMod:SiblingsShadow","HollowMod:NewJinnsSoul","HollowMod:SoulShaman"],"picked":"Singing Bowl","floor":31.0},{"not_picked":["HollowMod:ElderbugsWisdom","HollowMod:VoidDash","HollowMod:AwokenDreamNail"],"picked":"Singing Bowl","floor":33.0}],"player_experience":1687412,"relics_obtained":[{"floor":2.0,"key":"MealTicket"},{"floor":7.0,"key":"Bottled Lightning"},{"floor":9.0,"key":"Ginger"},{"floor":12.0,"key":"Pen Nib"},{"floor":24.0,"key":"Shovel"},{"floor":26.0,"key":"Singing Bowl"},{"floor":29.0,"key":"Lizard Tail"},{"floor":32.0,"key":"HollowMod:IsmasTear"},{"floor":34,"key":"Bronze Scales"},{"floor":34,"key":"White Beast Statue"},{"floor":34,"key":"WingedGreaves"}],"event_choices":[{"damage_healed":0.0,"max_hp_gain":0.0,"max_hp_loss":0.0,"gold_gain":0.0,"event_name":"Accursed Blacksmith","player_choice":"Forge","floor":10.0,"gold_loss":0.0,"damage_taken":0.0,"cards_upgraded":["HollowMod:FocusHealStart"]},{"damage_healed":0.0,"max_hp_gain":0.0,"max_hp_loss":0.0,"gold_gain":0.0,"event_name":"Cursed Tome","player_choice":"Ignored","floor":27.0,"gold_loss":0.0,"damage_taken":0.0},{"damage_healed":0.0,"max_hp_gain":0.0,"max_hp_loss":0.0,"gold_gain":0.0,"event_name":"FaceTrader","player_choice":"Trade","floor":28.0,"gold_loss":0.0,"damage_taken":0.0,"relics_obtained":["SsserpentHead"]}],"is_beta":false,"boss_relics":[{"not_picked":["SacredBark","Coffee Dripper"],"picked":"Ectoplasm"},{"not_picked":["Fusion Hammer","Pandora\u0027s Box"],"picked":"Calling Bell"}],"items_purged_floors":[5],"is_endless":false,"potions_floor_spawned":[1,4,7,14,18,22,24],"ascension_level":13}}