{"host":"rvgqag7mtxu5qaaz","time":1609108869,"event":{"mods":["AchievementEnabler","BaseMod","Downfall","Hermit","Hubris","Minty Spire (QoL Compilation)","Replay The Spire","StSLib","SuperFastMode","The Animator","The Construct","The Cursed","The Disciple","The Necromancer"],"gold_per_floor":[111,61,136,154,167,194,194,208,208,226,226,226,226,242,242,342,342,360,8,24,44,58,88,88,106,106,106,106],"floor_reached":27,"playtime":1961,"items_purged":["WaveOfTheHand"],"score":249,"play_id":"76fc1d92-7aad-4855-96b1-ed753e5afb58","local_time":"20201227174109","is_ascension_mode":true,"campfire_choices":[{"floor":11,"key":"REST"},{"floor":15,"key":"REST"}],"circlet_count":0,"master_deck":["Eruption","Vigilance","SandsOfTime","EmptyFist","InnerPeace","FlurryOfBlows","ThirdEye","CutThroughFate","Replay:ManipulateFuture","DevaForm","ThirdEye","Devotion","Judgement","DeceiveReality","Adaptation","CutThroughFate+1","BattleHymn","Weave","Crescendo","JustLucky","Replay:Cycle+1","Replay:ManipulateFuture","Replay:Vibes"],"relics":["PureWater","Blue Doll","Smiling Mask","CultistMask","Pandora\u0027s Box","Replay:Rubber Ducky","Boot","hubris:64BitClover"],"acts_visited":["Exordium","TheCity"],"potions_floor_usage":[16,16,16,20,27],"damage_taken":[{"damage":0,"enemies":"Small Slimes","floor":1,"turns":3},{"damage":1,"enemies":"2 Louse","floor":4,"turns":2},{"damage":0,"enemies":"Cultist","floor":5,"turns":2},{"damage":41,"enemies":"Gremlin Nob","floor":6,"turns":5},{"damage":8,"enemies":"3 Louse","floor":8,"turns":3},{"damage":2,"enemies":"2 Fungi Beasts","floor":10,"turns":4},{"damage":6,"enemies":"Lots of Slimes","floor":14,"turns":4},{"damage":63,"enemies":"Fading Forest","floor":16,"turns":11},{"damage":0,"enemies":"Spheric Guardian","floor":18,"turns":2},{"damage":14,"enemies":"2 Thieves","floor":20,"turns":2},{"damage":9,"enemies":"Cultist and Chosen","floor":21,"turns":5},{"damage":6,"enemies":"Centurion and Healer","floor":22,"turns":6},{"damage":35,"enemies":"Slavers","floor":23,"turns":5},{"damage":0,"enemies":"Sentry and Sphere","floor":25,"turns":3},{"damage":25,"enemies":"Cultist and Chosen","floor":27,"turns":4}],"seed_played":"2741655826369528222","potions_obtained":[{"floor":1,"key":"Energy Potion"},{"floor":6,"key":"Energy Potion"},{"floor":7,"key":"LifebloodPotion"},{"floor":18,"key":"FearPotion"},{"floor":23,"key":"Death Potion"}],"is_trial":false,"path_per_floor":["M","?","?","M","M","E","?","M","T","M","R","?","?","M","R","B",null,"M","$","M","M","M","E","$","M","T","M"],"character_chosen":"WATCHER","items_purchased":["BattleHymn","Weave","Crescendo","Replay:Rubber Ducky"],"campfire_rested":2,"item_purchase_floors":[19,19,19,19],"current_hp_per_floor":[79,79,68,67,67,26,26,18,18,16,39,32,32,26,49,6,79,79,79,65,56,50,15,15,15,15,0,0],"gold":106,"neow_bonus":"TEN_PERCENT_HP_BONUS","is_daily":false,"chose_seed":false,"campfire_upgraded":0,"win_rate":0.0,"timestamp":1609108869,"path_taken":["M","?","?","M","M","E","?","?","T","M","R","?","?","M","R","BOSS","M","$","M","M","M","E","?","?","T","M"],"items_purchased_type":["Card","Card","Card","Relic"],"build_version":"2020-12-22","purchased_purges":1,"victory":false,"max_hp_per_floor":[79,79,79,79,79,79,79,79,79,79,79,79,79,79,79,79,79,79,79,79,79,79,79,79,79,79,79,79],"card_choices":[{"not_picked":["Tantrum","SashWhip"],"picked":"SandsOfTime","floor":1},{"not_picked":["Replay:ManipulateFuture","FollowUp"],"picked":"EmptyFist","floor":4},{"not_picked":["Adaptation","Replay:AtTheReady"],"picked":"InnerPeace","floor":5},{"not_picked":["Consecrate","BowlingBash"],"picked":"FlurryOfBlows","floor":6},{"not_picked":["Replay:Anticipation","Replay:Vibes"],"picked":"ThirdEye","floor":8},{"not_picked":["Vengeance","LessonLearned"],"picked":"CutThroughFate","floor":10},{"not_picked":["EmptyBody","Protect"],"picked":"Replay:ManipulateFuture","floor":14},{"not_picked":["Judgement","ConjureBlade"],"picked":"DevaForm","floor":16},{"not_picked":["CrushJoints+1","FollowUp"],"picked":"CutThroughFate+1","floor":18},{"not_picked":["BowlingBash","FollowUp+1"],"picked":"JustLucky","floor":20},{"not_picked":["Adaptation+1","Replay:AtTheReady"],"picked":"Replay:Cycle+1","floor":21},{"not_picked":["Replay:Vibes","MentalFortress"],"picked":"Replay:ManipulateFuture","floor":22},{"not_picked":["CarveReality","TalkToTheHand"],"picked":"Replay:Vibes","floor":23},{"not_picked":["Prostrate","Ragnarok","FlyingSleeves"],"picked":"SKIP","floor":25}],"player_experience":318365,"relics_obtained":[{"floor":6,"key":"Blue Doll"},{"floor":9,"key":"Smiling Mask"},{"floor":23,"key":"Boot"},{"floor":26,"key":"hubris:64BitClover"}],"event_choices":[{"cards_removed":["Defend_P"],"damage_healed":0,"gold_gain":0,"player_choice":"Card Removal","damage_taken":0,"max_hp_gain":0,"max_hp_loss":0,"event_name":"The Cleric","floor":2,"gold_loss":50},{"damage_healed":0,"gold_gain":75,"player_choice":"Gather Gold","damage_taken":11,"max_hp_gain":0,"max_hp_loss":0,"event_name":"World of Goop","floor":3,"gold_loss":0},{"damage_healed":0,"gold_gain":0,"player_choice":"Got Potions","damage_taken":0,"max_hp_gain":0,"max_hp_loss":0,"event_name":"Lab","floor":7,"gold_loss":0},{"cards_removed":["Strike_P"],"damage_healed":0,"gold_gain":0,"player_choice":"Card Removal","damage_taken":7,"max_hp_gain":0,"max_hp_loss":0,"event_name":"Golden Wing","floor":12,"gold_loss":0},{"damage_healed":0,"gold_gain":0,"player_choice":"Trade","damage_taken":0,"relics_obtained":["CultistMask"],"max_hp_gain":0,"max_hp_loss":0,"event_name":"FaceTrader","floor":13,"gold_loss":0}],"is_beta":false,"boss_relics":[{"not_picked":["Painkiller Herb","Runic Pyramid"],"picked":"Pandora\u0027s Box"}],"items_purged_floors":[19],"is_endless":false,"potions_floor_spawned":[1,6,10,18,23],"killed_by":"Cultist and Chosen","ascension_level":1}}