{"host":"svwqvw2il1zfkkg0","time":1609050115,"event":{"mods":["AchievementEnabler","BaseMod","BetterRewards","Colored Map","Colored Powertips","Custom Start","Downfall","GifTheSpireLib","Highlight Path","Hubris","Infinite Spire","Minty Spire (QoL Compilation)","Quick Restart","Replay The Spire","Shop Mod","StSLib","SuperFastMode"],"gold_per_floor":[117,117,127,147,157,191,191,26,326,326,326,326,341,341,341,446,446,460,460,460,400,414,414,7,7,17,17,49,49,49,49],"floor_reached":33,"playtime":622,"items_purged":[],"score":286,"play_id":"e8e9b6aa-d3e9-4f99-b421-db42dc350638","local_time":"20201226222155","is_ascension_mode":false,"campfire_choices":[{"floor":7,"key":"REST"},{"floor":11,"key":"REST"},{"floor":15,"key":"REST"},{"floor":24,"key":"REST"},{"floor":29,"key":"REST"},{"floor":32,"key":"REST"}],"circlet_count":0,"master_deck":["Strike_G","Strike_G","Strike_G","Strike_G","Strike_G","Defend_G","Defend_G","Defend_G+1","Defend_G","Defend_G+1","Survivor","Neutralize","Flying Knee+1","Choke","Acrobatics","Corpse Explosion","Draining Mist","infinitespire:Neurotoxin+1","Bane","Bullet Time","Poisoned Stab","Masterful Stab+1","Bane","Dagger Throw+1"],"relics":["Ring of the Snake","hubris:Teleporter","hubris:Potato","Old Coin","HoveringKite","infinitespire:Golems Mask","Blood Vial","Counterbalance"],"acts_visited":["Exordium","TheCity"],"potions_floor_usage":[8,16,18,27,30,30,33],"damage_taken":[{"damage":2,"enemies":"2 Louse","floor":1,"turns":3},{"damage":1,"enemies":"Cultist","floor":3,"turns":4},{"damage":3,"enemies":"Jaw Worm","floor":4,"turns":2},{"damage":12,"enemies":"Blue Slaver","floor":5,"turns":5},{"damage":21,"enemies":"3 Sentries","floor":6,"turns":5},{"damage":10,"enemies":"3 Louse","floor":13,"turns":3},{"damage":33,"enemies":"Fading Forest","floor":16,"turns":11},{"damage":20,"enemies":"Spheric Guardian","floor":18,"turns":4},{"damage":37,"enemies":"2 Thieves","floor":22,"turns":3},{"damage":15,"enemies":"Snecko","floor":27,"turns":3},{"damage":26,"enemies":"Book of Stabbing","floor":30,"turns":4},{"damage":48,"enemies":"Champ","floor":33,"turns":6}],"seed_played":"6395558442084770788","potions_obtained":[{"floor":1,"key":"SkillPotion"},{"floor":16,"key":"BlessingOfTheForge"},{"floor":18,"key":"Explosive Potion"},{"floor":30,"key":"Ancient Potion"}],"is_trial":false,"path_per_floor":["M","?","M","M","M","E","R","$","T","?","R","?","M","?","R","B",null,"M","?","?","?","M","R","$","T","M","R","E","R","B"],"character_chosen":"THE_SILENT","items_purchased":["infinitespire:Neurotoxin","Fruit Juice","infinitespire:Golems Mask","Strength Potion","Explosive Potion"],"campfire_rested":6,"item_purchase_floors":[8,8,25,25,25],"current_hp_per_floor":[61,61,60,57,45,24,42,47,47,33,53,53,43,43,63,48,68,48,48,48,48,11,31,31,31,18,38,14,34,0,0],"gold":49,"neow_bonus":"ONE_RARE_RELIC","is_daily":false,"chose_seed":false,"campfire_upgraded":0,"win_rate":0.0,"timestamp":1609050115,"path_taken":["M","?","?","M","M","E","R","$","T","?","R","?","M","?","R","BOSS","M","?","?","?","M","R","$","T","M","R","E","R","BOSS"],"items_purchased_type":["Card","Potion","Relic","Potion","Potion"],"build_version":"2020-12-22","purchased_purges":0,"victory":false,"max_hp_per_floor":[63,63,63,63,63,63,63,68,68,68,68,68,68,68,68,68,68,68,68,68,68,68,68,68,68,68,68,68,68,68,68],"card_choices":[{"not_picked":["Dagger Throw","Outmaneuver"],"picked":"Flying Knee","floor":1},{"not_picked":["Sneak Up","hubris:SlightOfHand"],"picked":"Choke","floor":3},{"not_picked":["Dodge and Roll","Catalyst"],"picked":"Acrobatics","floor":4},{"not_picked":["Dagger Throw","Acrobatics"],"picked":"Corpse Explosion","floor":5},{"not_picked":["hubris:Counter","Quick Slash"],"picked":"Draining Mist","floor":6},{"not_picked":["Terror","Caltrops"],"picked":"Bane","floor":13},{"not_picked":["Poison Darts","Storm of Steel"],"picked":"Bullet Time","floor":16},{"not_picked":["Draining Mist","Riddle With Holes"],"picked":"Poisoned Stab","floor":18},{"not_picked":["Sneak Up","Accuracy+1"],"picked":"Masterful Stab+1","floor":22},{"not_picked":["Heel Hook","Flying Knee"],"picked":"Bane","floor":27},{"not_picked":["PiercingWail","ReplayTheSpireMod:Scrap Shanks"],"picked":"Dagger Throw+1","floor":30}],"player_experience":426296,"relics_obtained":[{"floor":6,"key":"hubris:Potato"},{"floor":9,"key":"Old Coin"},{"floor":26,"key":"Blood Vial"},{"floor":30,"key":"Counterbalance"}],"event_choices":[{"damage_healed":0,"gold_gain":0,"player_choice":"Upgraded","damage_taken":0,"max_hp_gain":0,"max_hp_loss":0,"event_name":"Upgrade Shrine","floor":2,"gold_loss":0,"cards_upgraded":["Flying Knee"]},{"damage_healed":0,"gold_gain":0,"player_choice":"Entered Light","damage_taken":14,"max_hp_gain":0,"max_hp_loss":0,"event_name":"Shining Light","floor":10,"gold_loss":0,"cards_upgraded":["Defend_G","Defend_G"]},{"damage_healed":0,"gold_gain":0,"player_choice":"Grow","damage_taken":0,"max_hp_gain":0,"max_hp_loss":0,"event_name":"Living Wall","floor":12,"gold_loss":0,"cards_upgraded":["infinitespire:Neurotoxin"]},{"damage_healed":0,"gold_gain":0,"player_choice":"Ignored","damage_taken":0,"max_hp_gain":0,"max_hp_loss":0,"event_name":"Cursed Tome","floor":20,"gold_loss":0}],"is_beta":false,"boss_relics":[{"not_picked":["Sozu","hubris:Stopwatch"],"picked":"HoveringKite"}],"items_purged_floors":[],"is_endless":false,"potions_floor_spawned":[1,16,18,30],"killed_by":"Champ","ascension_level":0}}