{"host":"avq773cl9g5msfol","time":1609093924,"event":{"mods":["AchievementEnabler","Act Like it!","Ascension Unlocker","Aspiration","Astrologer","Bard","Bartender","BaseMod","Better Altar","Better Match","Better Note","Better Sensory Stone","Better Skull","Better Third Choice","BetterRewards","CapriCore","Colored Map","Colored Powertips","Conspire","Dio Mod","Downfall","Elementarium","Energized Spire","Gensokyo","GifTheSpireLib","GungeonMod","Hallownest","Hermit","Highlight Path","Hubris","Humility","Infinite Spire","Jorbs\u0027s Wanderer Trilogy","Koishi","Magitek Elite","Marisa????????","Marked Mod","Menagerie","Minty Spire (QoL Compilation)","Pale of the Ancients","Potionbrewer","Quarter Circle Forward PUNCH!","Rare Cards Sparkle","Reimu??????","Relic Stats","Remilia??????","Replay The Spire","SacredBarkPlus","Shade Mod","Somnambulant","Spicy Shops","StSLib","Synergy Search","The Blue Laboratory","The Bug Knight","The Construct","The Cursed","The Exalted","The Hayseed","The Hierophant","The Immortal","The Judge","The Marked","The Mystic","The Problem Sleuth","The Runesmith","The Senshi","The Vixen","The Wild Card","TheArtist","TheFirefly","Wandering Minibosses","Yakumo Yukari mod","vexMod"],"gold_per_floor":[99,116,126,142,693,693,693,693,721,542,542,557,557,693,708,784,784,784,803,803,803,803,813,813,474,474,490,520,445,477,490,509,586,586,511,528,653,653,653,653,676,705,630,648,680,100,100,100,119,119,119,146,67,67,67],"floor_reached":56,"playtime":3562,"items_purged":[],"score":2472,"play_id":"00ed1f65-afba-4728-b842-fe1ef37e8c06","local_time":"20201228013204","is_ascension_mode":true,"campfire_choices":[{"data":"champ:Taunt","floor":6,"key":"SMITH"},{"data":"champ:SwordSigil","floor":11,"key":"SMITH"},{"data":"champ:FlashCut","floor":13,"key":"SMITH"},{"floor":29,"key":"RECALL"},{"data":"champ:BerserkerStyle","floor":35,"key":"SMITH"},{"data":"Gensokyo:ShootingStar","floor":43,"key":"SMITH"},{"floor":54,"key":"REST"}],"circlet_count":0,"master_deck":["AscendersBane","champ:Execute+1","champ:Taunt+1","champ:Haymaker+1","champ:PerfectForm+1","champ:ShieldWall+1","champ:CrookedStrike+1","champ:Balance+1","champ:Improvising+1","champ:StrikeOfGenius+1","champ:DefensiveStyle+1","champ:PreciseThrust+1","champ:Haymaker+1","champ:Duel+1","champ:ShieldThrow+1","champ:BerserkersShout+1","champ:SwordSigil+1","champ:FlashCut+1","champ:Aggression+1","expansioncontent:Corrupt+1","champ:HeavySlash+1","champ:AdrenalArmor+1","infinitespire:Fortify+1","champ:Lariat+1","champ:DancingMaster+1","champ:BerserkerStyle+1","champ:ViciousMockery+1","Gensokyo:ShootingStar+1","champ:HeavySlash+1","champ:TornadoPunch+1","champ:Shatter+1","champ:BladeFlurry+1","champ:DeathBlow+1","champ:PerfectForm+1","champ:DefensiveShout+1","champ:BringItOn+1","champ:CrownThrow+1","champ:EndlessRage+1","champ:Circumvent+1"],"relics":["champ:ChampionCrown","Golden Egg","Quantum Egg","hubris:64BitClover","hubris:Towel","construct:RocketBooster","DemoMod:GlassGuonStoneRelic","Guardian:PocketSentry","Genji_Glove","qcfpunch:Chain_With_Nametags","HollowMod:LifeEnderRelic","potionbrewer:Keyblade","aspiration:RandomNobGenerator","conspire:DeflatedDodgeball","Gensokyo:RedStar","conspire:Dentures","Juzu Bracelet","Pen Nib","wanderingMiniBosses:OtherGremlinHorn","Onion Ring","downfall:HeartBlessingBlue","Replay:PocketPolymizer","construct:ClawGrip","downfall:HeartBlessingRed","WingedGreaves","Hallownest:SoulVesselRelic","Vajra","Replay:Rubber Ducky","downfall:HeartBlessingGreen","Anchor","HornCleat","champ:BerserkersGuideToSlaughter","Calipers","PureWhite:ReiMu","Orrery"],"acts_visited":["Menagerie:Menagerie","Gensokyo:Gensokyoer","Hallownest:KingdomsEdge","TheEnding"],"potions_floor_usage":[2,9,16,27,27,27,27,28,31,31,55],"damage_taken":[{"damage":15,"enemies":"Menagerie:MonstrousExperiment","floor":2,"turns":6},{"damage":5,"enemies":"Menagerie:WhisperingWraith","floor":3,"turns":4},{"damage":0,"enemies":"Menagerie:StygianBoar","floor":4,"turns":3},{"damage":0,"enemies":"downfall:FleeingMerchant","floor":5,"turns":4},{"damage":0,"enemies":"Menagerie:VoidReaper","floor":9,"turns":4},{"damage":0,"enemies":"downfall:FleeingMerchant","floor":10,"turns":4},{"damage":15,"enemies":"Menagerie:EntropyWarlock","floor":12,"turns":2},{"damage":0,"enemies":"downfall:FleeingMerchant","floor":14,"turns":4},{"damage":1,"enemies":"Menagerie:MENAGERIE_WILDLIFE","floor":15,"turns":3},{"damage":0,"enemies":"downfall:Silent","floor":16,"turns":6},{"damage":0,"enemies":"Gensokyo:AngelMirror","floor":19,"turns":2},{"damage":0,"enemies":"Gensokyo:Chomper","floor":23,"turns":2},{"damage":9,"enemies":"Gensokyo:Monolith_and_Dog","floor":27,"turns":6},{"damage":0,"enemies":"Gensokyo:Tenshi","floor":28,"turns":1},{"damage":5,"enemies":"Gensokyo:Koishi","floor":30,"turns":2},{"damage":20,"enemies":"Gensokyo:Swordslinger","floor":31,"turns":3},{"damage":0,"enemies":"Gensokyo:Wraith","floor":32,"turns":3},{"damage":9,"enemies":"downfall:Watcher","floor":33,"turns":2},{"damage":0,"enemies":"Hallownest:3_Siblings","floor":36,"turns":1},{"damage":2,"enemies":"Hallownest:eliteCollector","floor":42,"turns":4},{"damage":0,"enemies":"Hallownest:2_Littles","floor":44,"turns":2},{"damage":0,"enemies":"Hallownest:eliteHiveKnight","floor":45,"turns":4},{"damage":0,"enemies":"Hallownest:monsterPrimalAspid","floor":49,"turns":2},{"damage":0,"enemies":"downfall:Ironclad","floor":50,"turns":5},{"damage":26,"enemies":"downfall:CharBossMerchant","floor":52,"turns":4},{"damage":20,"enemies":"downfall:NeowBoss","floor":55,"turns":11}],"seed_played":"-4660075689689149964","potions_obtained":[{"floor":2,"key":"FearPotion"},{"floor":9,"key":"potionbrewer:DiscountPotion"},{"floor":15,"key":"Block Potion"},{"floor":16,"key":"Toxic Potion"},{"floor":27,"key":"potionbrewer:BarricadePotion"},{"floor":32,"key":"blueLaboratory:SavagePotion"},{"floor":38,"key":"blueLaboratory:RememoryPotion"}],"is_trial":false,"path_per_floor":["R_BF","M","M","M","$","R","T","?","E","$","R","M","R","$","M","B",null,"R_BF","M","?","?","T","M","T","$","?","M","E","R","E","M","M","B",null,"R","M","?","?","?","R","T","E","R","M","E","$","?","?","M","B",null,"E","$","R","B",null],"character_chosen":"THE_CHAMP","items_purchased":["Guardian:PocketSentry","champ:GladiatorsShout","champ:BerserkersShout","Genji_Glove","potionbrewer:Keyblade","expansioncontent:Corrupt","Juzu Bracelet","Pen Nib","champ:BerserkersGuideToSlaughter","Calipers","champ:DeathBlow","Orrery"],"campfire_rested":1,"item_purchase_floors":[5,5,5,5,10,14,25,25,46,46,46,53],"current_hp_per_floor":[89,84,84,84,84,84,84,86,89,89,89,89,89,89,88,89,89,89,89,89,89,89,89,89,89,67,78,78,88,88,89,89,99,99,99,99,99,99,99,99,99,99,99,99,99,99,99,99,99,99,99,99,99,99,99],"gold":67,"neow_bonus":"TEN_PERCENT_HP_BONUS","is_daily":false,"chose_seed":false,"campfire_upgraded":5,"win_rate":0.0,"timestamp":1609093924,"path_taken":["R_BF","M","M","M","$","R","T","?","E","$","R","M","R","$","M","BOSS","R_BF","M","?","?","?","M","T","?","?","M","E","R","E","M","M","BOSS","R","M","?","?","?","R","T","E","R","M","E","$","?","?","M","BOSS","E","$","R","BOSS"],"items_purchased_type":["Relic","Card","Card","Relic","Relic","Card","Relic","Relic","Relic","Relic","Card","Relic"],"build_version":"2020-12-22","purchased_purges":0,"victory":true,"max_hp_per_floor":[89,89,89,89,89,89,89,89,89,89,89,89,89,89,89,89,89,89,89,89,89,89,89,89,89,89,89,89,99,99,99,99,99,99,99,99,99,99,99,99,99,99,99,99,99,99,99,99,99,99,99,99,99,99,99],"relic_stats":{"counters":[26,94],"Pen Nib":[11],"Juzu Bracelet":2,"obtain_stats":[{"Golden Egg":0,"Replay:PocketPolymizer":30,"Calipers":46,"Vajra":41,"champ:ChampionCrown":0,"downfall:HeartBlessingGreen":43,"DemoMod:GlassGuonStoneRelic":2,"Juzu Bracelet":25,"wanderingMiniBosses:OtherGremlinHorn":27,"Replay:Rubber Ducky":42,"Frozen Eye":30,"HornCleat":45,"downfall:HeartBlessingBlue":29,"Genji_Glove":5,"WingedGreaves":35,"champ:BerserkersGuideToSlaughter":46,"qcfpunch:Chain_With_Nametags":7,"conspire:Dentures":22,"construct:ClawGrip":34,"construct:RocketBooster":0,"HollowMod:LifeEnderRelic":9,"downfall:HeartBlessingRed":35,"hubris:64BitClover":0,"Quantum Egg":0,"Hallownest:SoulVesselRelic":37,"Pen Nib":25,"Guardian:PocketSentry":5,"aspiration:RandomNobGenerator":17,"hubris:Towel":0,"Gensokyo:RedStar":21,"Anchor":44,"PureWhite:ReiMu":52,"Orrery":53,"Pandora\u0027s Box":5,"Onion Ring":28,"potionbrewer:Keyblade":10,"conspire:DeflatedDodgeball":19},{"Golden Egg":0,"Replay:PocketPolymizer":15,"Calipers":22,"Vajra":19,"champ:ChampionCrown":0,"downfall:HeartBlessingGreen":20,"DemoMod:GlassGuonStoneRelic":1,"Juzu Bracelet":12,"wanderingMiniBosses:OtherGremlinHorn":13,"Replay:Rubber Ducky":20,"Frozen Eye":14,"HornCleat":22,"downfall:HeartBlessingBlue":14,"Genji_Glove":4,"WingedGreaves":18,"champ:BerserkersGuideToSlaughter":22,"qcfpunch:Chain_With_Nametags":4,"conspire:Dentures":11,"construct:ClawGrip":18,"construct:RocketBooster":0,"HollowMod:LifeEnderRelic":5,"downfall:HeartBlessingRed":18,"hubris:64BitClover":0,"Quantum Egg":0,"Hallownest:SoulVesselRelic":19,"Pen Nib":12,"Guardian:PocketSentry":4,"aspiration:RandomNobGenerator":10,"hubris:Towel":0,"Gensokyo:RedStar":11,"Anchor":21,"PureWhite:ReiMu":25,"Orrery":25,"Pandora\u0027s Box":4,"Onion Ring":14,"potionbrewer:Keyblade":6,"conspire:DeflatedDodgeball":11},{"Golden Egg":0,"Replay:PocketPolymizer":53,"Calipers":72,"Vajra":62,"champ:ChampionCrown":0,"downfall:HeartBlessingGreen":66,"DemoMod:GlassGuonStoneRelic":6,"Juzu Bracelet":44,"wanderingMiniBosses:OtherGremlinHorn":50,"Replay:Rubber Ducky":66,"Frozen Eye":51,"HornCleat":72,"downfall:HeartBlessingBlue":51,"Genji_Glove":17,"WingedGreaves":61,"champ:BerserkersGuideToSlaughter":72,"qcfpunch:Chain_With_Nametags":17,"conspire:Dentures":42,"construct:ClawGrip":61,"construct:RocketBooster":0,"HollowMod:LifeEnderRelic":21,"downfall:HeartBlessingRed":61,"hubris:64BitClover":0,"Quantum Egg":0,"Hallownest:SoulVesselRelic":62,"Pen Nib":44,"Guardian:PocketSentry":17,"aspiration:RandomNobGenerator":40,"hubris:Towel":0,"Gensokyo:RedStar":42,"Anchor":68,"PureWhite:ReiMu":83,"Orrery":83,"Pandora\u0027s Box":17,"Onion Ring":51,"potionbrewer:Keyblade":25,"conspire:DeflatedDodgeball":42}]},"card_choices":[{"not_picked":["champ:BringItOn","champ:BerserkersShout"],"picked":"champ:Haymaker","floor":2},{"not_picked":["champ:SkillfulDodge","champ:AdrenalArmor"],"picked":"champ:PerfectForm","floor":3},{"not_picked":["champ:GutPunch","champ:FocusedDefense"],"picked":"champ:ShieldWall","floor":4},{"not_picked":["champ:RageSigil","champ:DefensiveShout"],"picked":"champ:CrookedStrike","floor":5},{"not_picked":["champ:FightOn","champ:IgnorePain"],"picked":"champ:SwordSigil","floor":9},{"not_picked":["champ:IronFortress","champ:FocusedDefense","champ:HeartStrike"],"picked":"SKIP","floor":10},{"not_picked":["champ:CrookedStrike","champ:DefensiveShout"],"picked":"champ:FlashCut","floor":12},{"not_picked":["champ:FocusedGladiator","champ:Control"],"picked":"champ:Aggression","floor":14},{"not_picked":["champ:PerfectedStrike","champ:FaceSlap","champ:GladiatorsShout"],"picked":"SKIP","floor":15},{"not_picked":["champ:VampiricStrike","champ:ShieldThrow"],"picked":"champ:HeavySlash","floor":16},{"not_picked":["champ:EnGarde","champ:BerserkersShout+1","champ:BladeFlurry"],"picked":"SKIP","floor":19},{"not_picked":["champ:BerserkerStyle+1","champ:GutPunch"],"picked":"champ:AdrenalArmor","floor":23},{"not_picked":["infinitespire:FinalStrike","ReplayTheSpireMod:Book of Names"],"picked":"infinitespire:Fortify","floor":26},{"not_picked":["champ:DefensiveShout","champ:PreciseThrust","champ:FlashCut"],"picked":"SKIP","floor":27},{"not_picked":["champ:HeartStrike","champ:BerserkersShout"],"picked":"champ:Lariat+1","floor":28},{"not_picked":["champ:FocusedGladiator","champ:BerserkersShout"],"picked":"champ:DancingMaster","floor":30},{"not_picked":["champ:Haymaker","champ:PerfectedStrike"],"picked":"champ:BerserkerStyle","floor":31},{"not_picked":["champ:RecklessLeap","champ:ShieldSigil+1"],"picked":"champ:ViciousMockery","floor":32},{"not_picked":[],"picked":"Gensokyo:ShootingStar","floor":33},{"not_picked":["champ:ShieldThrow","champ:LastStand"],"picked":"champ:HeavySlash","floor":33},{"not_picked":["champ:Circumvent","champ:Aggression"],"picked":"champ:TornadoPunch+1","floor":36},{"not_picked":["champ:FaceSlap+1","champ:CrookedStrike"],"picked":"champ:Shatter+1","floor":42},{"not_picked":["champ:Haymaker","champ:Circumvent","champ:EnGarde"],"picked":"SKIP","floor":44},{"not_picked":["champ:EnGarde","champ:StanceDance"],"picked":"champ:BladeFlurry+1","floor":45},{"not_picked":["champ:ShieldWall","champ:EndlessRage","champ:Duel"],"picked":"SKIP","floor":49},{"not_picked":["champ:StanceDance","champ:Circumvent"],"picked":"champ:PerfectForm","floor":52},{"not_picked":["champ:SkillfulDodge","champ:PerfectedStrike"],"picked":"champ:DefensiveShout+1","floor":53},{"not_picked":["champ:PreciseThrust","champ:Haymaker"],"picked":"champ:BringItOn","floor":53},{"not_picked":["champ:Riposte+1","champ:Circumvent"],"picked":"champ:CrownThrow","floor":53},{"not_picked":["champ:ShieldWall+1","champ:Backstep"],"picked":"champ:EndlessRage","floor":53},{"not_picked":["champ:BerserkersShout","champ:ViciousMockery"],"picked":"champ:Circumvent","floor":53}],"player_experience":1230052,"relics_obtained":[{"floor":7,"key":"qcfpunch:Chain_With_Nametags"},{"floor":9,"key":"HollowMod:LifeEnderRelic"},{"floor":19,"key":"conspire:DeflatedDodgeball"},{"floor":22,"key":"conspire:Dentures"},{"floor":27,"key":"wanderingMiniBosses:OtherGremlinHorn"},{"floor":28,"key":"Onion Ring"},{"floor":30,"key":"Replay:PocketPolymizer"},{"floor":41,"key":"Vajra"},{"floor":42,"key":"Replay:Rubber Ducky"},{"floor":44,"key":"Anchor"},{"floor":45,"key":"HornCleat"},{"floor":52,"key":"PureWhite:ReiMu"}],"event_choices":[{"damage_healed":2,"gold_gain":0,"player_choice":"LEAVE ","damage_taken":0,"relics_obtained":[],"max_hp_gain":0,"max_hp_loss":0,"event_name":"betterSkull:BetterSkull","floor":8,"gold_loss":0,"cards_upgraded":[]},{"damage_healed":2,"gold_gain":0,"player_choice":"LEAVE ","damage_taken":0,"relics_obtained":[],"max_hp_gain":0,"max_hp_loss":0,"event_name":"betterSkull:BetterSkull","floor":18,"gold_loss":0,"cards_upgraded":[]},{"damage_healed":2,"gold_gain":0,"player_choice":"LEAVE ","damage_taken":0,"relics_obtained":[],"max_hp_gain":0,"max_hp_loss":0,"event_name":"betterSkull:BetterSkull","floor":47,"gold_loss":0,"cards_upgraded":[]}],"is_beta":false,"boss_relics":[{"not_picked":["Cursed Key","SlaversCollar"],"picked":"aspiration:RandomNobGenerator"},{"not_picked":["Honey Jar","infinitespire:Cupcake"],"picked":"construct:ClawGrip"}],"items_purged_floors":[],"is_endless":false,"potions_floor_spawned":[2,9,12,15,16,27,28,32,44,49],"ascension_level":20}}