{"host":"og6lam4kt3nibbw0","time":1609089218,"event":{"mods":["AchievementEnabler","BaseMod","Colored Map","DeckTracker","Highlight Path","Keyboard Shortcuts","Minty Spire (QoL Compilation)","Permanent Neow","Quick Restart","StSLib","SuperFastMode"],"gold_per_floor":[119,137,155,155,174,217,217,233,311,342,342,253,292,323,323,421,421,442,457,493,272,272,272],"floor_reached":22,"playtime":1282,"items_purged":[],"score":428,"play_id":"741a4b5f-1899-415e-b866-58a3e94af659","local_time":"20201228021338","is_ascension_mode":true,"campfire_choices":[{"floor":7.0,"key":"REST"},{"floor":11.0,"key":"REST"},{"floor":15.0,"key":"REST"}],"circlet_count":0,"master_deck":["AscendersBane","Strike_B","Strike_B","Strike_B","Strike_B","Defend_B","Defend_B","Defend_B","Defend_B","Zap","Dualcast","Undo","Rebound","Ball Lightning","Beam Cell","Aggregate","Reboot","Conserve Battery","Defragment","Tempest","Doom and Gloom","Core Surge","Hologram","FTL","Sunder","Coolheaded","Defragment"],"relics":["Cracked Core","Strawberry","Golden Idol","Regal Pillow","InkBottle","WingedGreaves","Bag of Marbles","Vajra","SlaversCollar","Red Mask"],"acts_visited":["Exordium","TheCity"],"potions_floor_usage":[20,22],"damage_taken":[{"damage":3.0,"enemies":"2 Louse","floor":1.0,"turns":3.0},{"damage":12.0,"enemies":"Small Slimes","floor":2.0,"turns":4.0},{"damage":6.0,"enemies":"Cultist","floor":3.0,"turns":3.0},{"damage":13.0,"enemies":"Large Slime","floor":5.0,"turns":5.0},{"damage":27.0,"enemies":"3 Sentries","floor":6.0,"turns":8.0},{"damage":9.0,"enemies":"Red Slaver","floor":8.0,"turns":3.0},{"damage":11.0,"enemies":"Gremlin Nob","floor":10.0,"turns":3.0},{"damage":22.0,"enemies":"3 Sentries","floor":13.0,"turns":7.0},{"damage":11.0,"enemies":"Gremlin Nob","floor":14.0,"turns":3.0},{"damage":30.0,"enemies":"Slime Boss","floor":16.0,"turns":8.0},{"damage":35.0,"enemies":"3 Byrds","floor":18.0,"turns":5.0},{"damage":0.0,"enemies":"Chosen","floor":19.0,"turns":3.0},{"damage":22,"enemies":"Masked Bandits","floor":20,"turns":5},{"damage":21,"enemies":"Sentry and Sphere","floor":22,"turns":3}],"seed_played":"2710823523595651985","potions_obtained":[{"floor":3.0,"key":"Block Potion"},{"floor":6.0,"key":"FocusPotion"},{"floor":8.0,"key":"DuplicationPotion"},{"floor":14.0,"key":"SteroidPotion"},{"floor":19.0,"key":"SkillPotion"}],"is_trial":false,"path_per_floor":["M","M","M","?","M","E","R","M","T","E","R","$","E","E","R","B",null,"M","M","?","$","M"],"character_chosen":"DEFECT","items_purchased":["Defragment","Coolheaded","Defragment","Regen Potion"],"campfire_rested":3,"item_purchase_floors":[12,21,21,21],"current_hp_per_floor":[68,56,50,50,37,10,46,37,37,26,62,62,40,29,65,35,62,27,27,5,5,0,0],"gold":272,"neow_bonus":"RANDOM_COMMON_RELIC","is_daily":false,"chose_seed":false,"campfire_upgraded":0,"win_rate":0.0,"timestamp":1609089218,"path_taken":["M","M","M","?","M","E","R","M","T","E","R","$","E","E","R","BOSS","M","M","?","$","M"],"items_purchased_type":["Card","Card","Card","Potion"],"build_version":"2020-12-22","purchased_purges":0,"victory":false,"max_hp_per_floor":[78,78,78,71,71,71,71,71,71,71,71,71,71,71,71,71,71,71,71,71,71,71,71],"card_choices":[{"not_picked":["Stack","Coolheaded"],"picked":"Undo","floor":1.0},{"not_picked":["Stack","Auto Shields"],"picked":"Rebound","floor":2.0},{"not_picked":["Sweeping Beam","Skim"],"picked":"Ball Lightning","floor":3.0},{"not_picked":["Redo","Scrape"],"picked":"Beam Cell","floor":5.0},{"not_picked":["Undo","Redo"],"picked":"Aggregate","floor":6.0},{"not_picked":["Coolheaded","Gash"],"picked":"Reboot","floor":8.0},{"not_picked":["Beam Cell","Stack"],"picked":"Conserve Battery","floor":10.0},{"not_picked":["Conserve Battery","Cold Snap"],"picked":"Tempest","floor":13.0},{"not_picked":["Stack","Reboot"],"picked":"Doom and Gloom","floor":14.0},{"not_picked":["Meteor Strike","Seek"],"picked":"Core Surge","floor":16.0},{"not_picked":["Conserve Battery","Redo"],"picked":"Hologram","floor":18.0},{"not_picked":["Hello World","Leap"],"picked":"FTL","floor":19.0},{"not_picked":["Steam Power","Conserve Battery"],"picked":"Sunder","floor":20}],"player_experience":843216,"relics_obtained":[{"floor":6.0,"key":"Regal Pillow"},{"floor":9.0,"key":"InkBottle"},{"floor":10.0,"key":"WingedGreaves"},{"floor":13.0,"key":"Bag of Marbles"},{"floor":14.0,"key":"Vajra"},{"floor":20,"key":"Red Mask"}],"event_choices":[{"damage_healed":0.0,"max_hp_gain":0.0,"max_hp_loss":7.0,"gold_gain":0.0,"event_name":"Golden Idol","player_choice":"Lose Max HP","floor":4.0,"gold_loss":0.0,"damage_taken":0.0,"relics_obtained":["Golden Idol"]},{"damage_healed":0,"gold_gain":0,"player_choice":"Fought Bandits","damage_taken":0,"max_hp_gain":0,"max_hp_loss":0,"event_name":"Masked Bandits","floor":20,"gold_loss":0}],"is_beta":false,"boss_relics":[{"not_picked":["Runic Pyramid","Coffee Dripper"],"picked":"SlaversCollar"}],"items_purged_floors":[],"is_endless":false,"potions_floor_spawned":[3,6,8,14,19],"killed_by":"Sentry and Sphere","ascension_level":20}}