{"host":"67d7yvf7wgk1klfn","time":1609043765,"event":{"mods":["BaseMod","Colored Powertips","Filter the Spire","Minty Spire (QoL Compilation)","Relic Stats","Slay the Relics Exporter","StSLib","ojb\u0027s Better Paths Mod","ojb\u0027s Info Mod"],"gold_per_floor":[112,112,112,126,146,179,179,192,218,218,261,261,299,315,315,411,411,429,443,443,462,488,488,488],"floor_reached":23,"playtime":1525,"items_purged":[],"score":390,"play_id":"ac85a8d0-a409-40a9-a4f1-aa09185bad90","local_time":"20201226233605","is_ascension_mode":true,"campfire_choices":[{"data":"Wraith Form v2","floor":7.0,"key":"SMITH"},{"floor":12.0,"key":"REST"},{"floor":15.0,"key":"REST"}],"circlet_count":0,"master_deck":["AscendersBane","Survivor","Neutralize","Eviscerate","A Thousand Cuts","Burst","Tactician","Corpse Explosion","Dash","Terror","Dagger Spray","Expertise","Grand Finale","Deflect","Blade Dance","Wraith Form v2+1","PiercingWail","Crippling Poison","Escape Plan","Calculated Gamble","Wraith Form v2","PiercingWail","Backflip+1"],"relics":["Pandora\u0027s Box","Smiling Mask","Art of War","Bloody Idol","Bag of Marbles","StrikeDummy","Sozu","Anchor"],"acts_visited":["Exordium","TheCity"],"potions_floor_usage":[],"damage_taken":[{"damage":0.0,"enemies":"Jaw Worm","floor":1.0,"turns":3.0},{"damage":0.0,"enemies":"Cultist","floor":4.0,"turns":4.0},{"damage":12.0,"enemies":"Small Slimes","floor":5.0,"turns":2.0},{"damage":19.0,"enemies":"Gremlin Nob","floor":6.0,"turns":5.0},{"damage":8.0,"enemies":"Exordium Wildlife","floor":8.0,"turns":6.0},{"damage":4.0,"enemies":"Lagavulin","floor":11.0,"turns":6.0},{"damage":11.0,"enemies":"Gremlin Nob","floor":13.0,"turns":4.0},{"damage":1.0,"enemies":"Large Slime","floor":14.0,"turns":5.0},{"damage":46.0,"enemies":"Slime Boss","floor":16.0,"turns":12.0},{"damage":1.0,"enemies":"Spheric Guardian","floor":18.0,"turns":6.0},{"damage":21.0,"enemies":"Shell Parasite","floor":19.0,"turns":5.0},{"damage":4.0,"enemies":"Snake Plant","floor":21.0,"turns":6.0},{"damage":31,"enemies":"Book of Stabbing","floor":23,"turns":7}],"seed_played":"4508365306227377584","potions_obtained":[{"floor":4.0,"key":"Swift Potion"},{"floor":5.0,"key":"Fire Potion"},{"floor":13.0,"key":"FairyPotion"}],"is_trial":false,"path_per_floor":["M","$","?","M","M","E","R","M","T","?","E","R","E","M","R","B",null,"M","M","?","M","T","E"],"character_chosen":"THE_SILENT","items_purchased":[],"campfire_rested":2,"item_purchase_floors":[],"current_hp_per_floor":[59,59,50,50,38,19,19,11,11,11,7,25,14,13,31,9,47,46,25,25,26,31,0,0],"gold":488,"neow_bonus":"BOSS_RELIC","is_daily":false,"chose_seed":false,"campfire_upgraded":1,"win_rate":0.0,"timestamp":1609043765,"path_taken":["M","$","?","M","?","E","R","M","T","?","E","R","E","M","R","BOSS","M","M","?","M","?","E"],"items_purchased_type":[],"build_version":"2020-12-22","purchased_purges":0,"victory":false,"max_hp_per_floor":[66,66,66,66,66,66,66,66,66,60,60,60,60,60,60,60,60,60,60,60,60,60,60,60],"relic_stats":{"Sozu":3,"counters":[13,71],"Bloody Idol":10,"Pandora\u0027s Box":["Eviscerate","A Thousand Cuts","Burst","Tactician","Corpse Explosion","Dash","Terror","Dagger Spray","Expertise","Grand Finale"],"Art of War":[14],"Smiling Mask":0,"obtain_stats":[{"Sozu":17,"Anchor":22,"Golden Idol":10,"Bloody Idol":20,"Pandora\u0027s Box":0,"Art of War":9,"Bag of Marbles":11,"Smiling Mask":6,"StrikeDummy":13,"Ring of the Snake":0},{"Sozu":9,"Anchor":12,"Golden Idol":5,"Bloody Idol":11,"Pandora\u0027s Box":0,"Art of War":5,"Bag of Marbles":6,"Smiling Mask":4,"StrikeDummy":7,"Ring of the Snake":0},{"Sozu":47,"Anchor":64,"Golden Idol":20,"Bloody Idol":58,"Pandora\u0027s Box":0,"Art of War":20,"Bag of Marbles":26,"Smiling Mask":14,"StrikeDummy":30,"Ring of the Snake":0}]},"card_choices":[{"not_picked":["Cloak And Dagger","Underhanded Strike"],"picked":"Deflect","floor":1.0},{"not_picked":["Heel Hook","Choke"],"picked":"Blade Dance","floor":4.0},{"not_picked":["Cloak And Dagger","Eviscerate","Distraction"],"picked":"SKIP","floor":5.0},{"not_picked":["Dagger Throw","Noxious Fumes"],"picked":"Wraith Form v2","floor":6.0},{"not_picked":["Bouncing Flask","Outmaneuver"],"picked":"PiercingWail","floor":8.0},{"not_picked":["Bane","All Out Attack"],"picked":"Crippling Poison","floor":11.0},{"not_picked":["Infinite Blades","Flechettes"],"picked":"Escape Plan","floor":13.0},{"not_picked":["Setup","Cloak And Dagger"],"picked":"Calculated Gamble","floor":14.0},{"not_picked":["Adrenaline","Envenom"],"picked":"Wraith Form v2","floor":16.0},{"not_picked":["Poisoned Stab","Bane"],"picked":"PiercingWail","floor":18.0},{"not_picked":["Masterful Stab","Caltrops"],"picked":"Backflip+1","floor":19.0},{"not_picked":["Heel Hook+1","Sucker Punch","Riddle With Holes"],"picked":"SKIP","floor":21.0}],"player_experience":624296,"relics_obtained":[{"floor":6.0,"key":"Smiling Mask"},{"floor":9.0,"key":"Art of War"},{"floor":11.0,"key":"Bag of Marbles"},{"floor":13.0,"key":"StrikeDummy"},{"floor":22.0,"key":"Anchor"}],"event_choices":[{"damage_healed":0.0,"max_hp_gain":0.0,"max_hp_loss":0.0,"gold_gain":0.0,"event_name":"Wheel of Change","player_choice":"Damaged","floor":3.0,"gold_loss":0.0,"damage_taken":9.0},{"damage_healed":0.0,"max_hp_gain":0.0,"max_hp_loss":6.0,"gold_gain":0.0,"event_name":"Golden Idol","player_choice":"Lose Max HP","floor":10.0,"gold_loss":0.0,"damage_taken":0.0,"relics_obtained":["Golden Idol"]},{"damage_healed":0.0,"max_hp_gain":0.0,"max_hp_loss":0.0,"gold_gain":0.0,"event_name":"Forgotten Altar","player_choice":"Gave Idol","floor":20.0,"relics_lost":["Golden Idol"],"gold_loss":0.0,"damage_taken":0.0,"relics_obtained":["Bloody Idol"]}],"is_beta":false,"boss_relics":[{"not_picked":["Busted Crown","Calling Bell"],"picked":"Sozu"}],"items_purged_floors":[],"is_endless":false,"potions_floor_spawned":[4,5,11,13,14,18,19,21],"killed_by":"Book of Stabbing","ascension_level":17}}