{"host":"g53g9qlo34vrqi92","time":1609055982,"event":{"mods":["Aspiration","Bard","BaseMod","Beaked The Cultist","BetterRewards","Colored Map","Conspire","Energized Spire","Fiend Mod","GifTheSpireLib","Googly Eyes","Gremlin Skip","Halation","Hermit","Hubris","Infinite Spire","Jedi Mod","Minty Spire (QoL Compilation)","Permanent Neow","Quick Restart","Relic Filter","Replay The Spire","Spikes Relics","StSLib","Stuff the Spire","Synergy Search","The Bladedancer","The Bug Knight","The Construct","The Cursed","The Factory","The Forsaken","The Jungle","The Necromancer","The Spell Scribe","The Trickster","Trackpad","slay the spire mod where everything is the same but ironclad has a cowboy hat","vexMod"],"gold_per_floor":[111,123,123,143,163,190,201,232,259,278,296,306,338,358,358,463,463,474,474,484,459,478,478,681,691,691,485,485,485,485,520,520,653,653,713,774,836,836,515,515,574,574,598,598,650,650,709,773,773,773,773,773,455,520,520,520],"floor_reached":55,"playtime":3031,"items_purged":["Regret","Strike_W"],"score":1291,"play_id":"f84b55b0-5268-4af7-b749-b97f849028fe","local_time":"20201226235942","is_ascension_mode":false,"campfire_choices":[{"data":"Blood_Curse","floor":15.0,"key":"SMITH"},{"data":"Summon_Undead","floor":23.0,"key":"SMITH"},{"floor":29.0,"key":"REST"},{"floor":32.0,"key":"RECALL"},{"data":"Apotheosis","floor":40.0,"key":"SMITH"},{"floor":42.0,"key":"REST"},{"floor":46.0,"key":"REST"},{"data":"Summon_Undead_Army","floor":49.0,"key":"SMITH"},{"data":"Summon_Undead_Army","floor":52.0,"key":"SMITH"}],"circlet_count":0,"master_deck":["Strike_W","Strike_W+1","Strike_W","Defend_W","Defend_W","Defend_W","Defend_W","Negative_Energy_Arrows+1","Bone_Wall","Summon_Undead_Army+1","Toxic_Smoke_Screen","Summon_Lich","Siphon_Strength","Summon_Undead_Army+1","Summon_Undead_Army","Toxic_Smoke_Screen","Bone_Bullets","Summon_Lich","Summon_Undead","Summon_Undead+1","Death_Knell","Blood_Curse+1","Spectral_Walk","Negative_Energy_Mist","Toxic_Smoke_Screen","Skeleton_Dragon","Stop_Heart","Stop_Heart","Vampiric_Strike","Vampiric_Strike","Bone_Bullets","Cloudkill","Spectral_Armor","Bone_Prison+1","Negative_Energy_Mist","Spectral_Walk","Vampiric_Strike","Negative_Energy_Shield+1","Apotheosis+1","Summon_Death_Knight","Corrupt","Negative_Energy_Shield","Uncharnel","Summon_Undead","Scare","hubris:Insight","Bone_Armor","Bone_Armor+1"],"relics":["Vampire_Amulet","ReplayTheSpireMod:CursedCoin","Vajra","trackpad:RapidFire","Membership Card","Whetstone","StuffTheSpire:SapphireSignet","StuffTheSpire:Experiment12","Pondfish Scales","halation:Prosthetics","infinitespire:Eraser","aspiration:HummingbirdHeart","halation:TwoAmDonut","infinitespire:EvilPickle","conspire:RoyalGoblet","conspire:DeflatedDodgeball","hubris:FunFungus","Incense Burner","halation:PapillonHeart","vexMod:PlasmaPancake","ReplayTheSpireMod:Shallot","StuffTheSpire:OldFever","Replay:Wax Seal"],"acts_visited":["Exordium","TheCity","TheBeyond","TheEnding"],"potions_floor_usage":[55],"damage_taken":[{"damage":0.0,"enemies":"Cultist","floor":1.0,"turns":4.0},{"damage":6.0,"enemies":"Small Slimes","floor":2.0,"turns":3.0},{"damage":0.0,"enemies":"Jaw Worm","floor":4.0,"turns":3.0},{"damage":12.0,"enemies":"Blue Slaver","floor":5.0,"turns":3.0},{"damage":3.0,"enemies":"HollowMod:MossKnight","floor":6.0,"turns":6.0},{"damage":5.0,"enemies":"3 Louse","floor":7.0,"turns":3.0},{"damage":21.0,"enemies":"Gremlin Nob","floor":8.0,"turns":4.0},{"damage":3.0,"enemies":"Looter","floor":10.0,"turns":3.0},{"damage":2.0,"enemies":"2 Fungi Beasts","floor":11.0,"turns":3.0},{"damage":0.0,"enemies":"Exordium Thugs","floor":12.0,"turns":3.0},{"damage":0.0,"enemies":"Replay:BlueRogue","floor":13.0,"turns":5.0},{"damage":4.0,"enemies":"Red Slaver","floor":14.0,"turns":3.0},{"damage":0.0,"enemies":"The Guardian","floor":16.0,"turns":7.0},{"damage":3.0,"enemies":"Shell Parasite","floor":18.0,"turns":5.0},{"damage":0.0,"enemies":"Spheric Guardian","floor":20.0,"turns":5.0},{"damage":7.0,"enemies":"Snake Plant","floor":22.0,"turns":3.0},{"damage":20.0,"enemies":"Sentry and Sphere","floor":25.0,"turns":6.0},{"damage":4.0,"enemies":"Slavers","floor":31.0,"turns":5.0},{"damage":13.0,"enemies":"Pondfish","floor":33.0,"turns":11.0},{"damage":4.0,"enemies":"Orb Walker","floor":35.0,"turns":4.0},{"damage":0.0,"enemies":"3 Shapes","floor":36.0,"turns":5.0},{"damage":1.0,"enemies":"Spire Growth","floor":37.0,"turns":5.0},{"damage":22.0,"enemies":"Giant Head","floor":41.0,"turns":9.0},{"damage":29.0,"enemies":"2 Orb Walkers","floor":45.0,"turns":6.0},{"damage":0.0,"enemies":"Maw","floor":47.0,"turns":7.0},{"damage":1.0,"enemies":"Jaw Worm Horde","floor":48.0,"turns":4.0},{"damage":2.0,"enemies":"Donu and Deca","floor":50.0,"turns":10.0},{"damage":0.0,"enemies":"Shield and Spear","floor":54.0,"turns":7.0},{"damage":50,"enemies":"The Heart","floor":55,"turns":6}],"seed_played":"8233670810636448908","potions_obtained":[{"floor":4.0,"key":"LiquidBronze"},{"floor":5.0,"key":"Energy Potion"},{"floor":6.0,"key":"Weak Potion"},{"floor":18.0,"key":"Explosive Potion"},{"floor":25.0,"key":"SpeedPotion"},{"floor":31.0,"key":"Energy Potion"},{"floor":41.0,"key":"CultistPotion"}],"is_trial":false,"path_per_floor":["M","M","$","M","M","E","M","E","T","M","M","M","E","M","R","B",null,"M","?","M","$","M","R","?","M","T","$","?","R","?","E","R","B",null,"M","M","M","?","$","R","E","R","T","?","?","R","M","M","R","B",null,"R","$","E","B"],"character_chosen":"NECROMANCER","items_purchased":["ReplayTheSpireMod:CursedCoin","Summon_Undead_Army","Toxic_Smoke_Screen","Summon_Lich","Vajra","Siphon_Strength","trackpad:RapidFire","Summon_Undead_Army","Toxic_Smoke_Screen","Bone_Bullets","Membership Card","Summon_Lich","Summon_Undead","Negative_Energy_Mist","aspiration:HummingbirdHeart","Apotheosis","conspire:DeflatedDodgeball","Uncharnel","hubris:FunFungus","ReplayTheSpireMod:Shallot","StuffTheSpire:OldFever","hubris:Insight","Bone_Armor"],"campfire_rested":3,"item_purchase_floors":[0,0,0,0,0,0,0,0,0,0,0,0,0,21,27,27,39,39,39,53,53,53,53],"current_hp_per_floor":[46,47,47,49,48,49,53,40,40,39,41,45,50,52,52,56,40,40,40,40,40,35,35,19,25,25,25,25,37,37,40,40,40,40,38,40,40,40,40,40,21,33,33,33,23,36,44,44,44,44,44,44,44,44,0,0],"gold":520,"neow_bonus":"","is_daily":false,"chose_seed":false,"campfire_upgraded":5,"win_rate":0.0,"timestamp":1609055982,"path_taken":["M","M","$","M","?","E","M","E","T","M","M","?","E","M","R","BOSS","M","?","M","$","M","R","?","M","T","$","?","R","?","E","R","BOSS","M","M","M","?","$","R","E","R","T","?","?","R","M","?","R","BOSS","R","$","E","BOSS"],"items_purchased_type":["Relic","Card","Card","Card","Relic","Card","Relic","Card","Card","Card","Relic","Card","Card","Card","Relic","Card","Relic","Card","Relic","Relic","Relic","Card","Card"],"build_version":"2020-12-22","purchased_purges":2,"victory":false,"max_hp_per_floor":[75,75,75,75,75,75,75,75,75,75,75,75,75,75,75,75,40,40,40,40,40,40,40,40,40,40,40,40,40,40,40,40,40,40,40,40,40,40,40,40,40,40,40,38,44,44,44,44,44,44,44,44,44,44,44,44],"card_choices":[{"not_picked":["Bone_Shift","Negative_Energy_Javelin","Blood_for_Blood"],"picked":"SKIP","floor":1.0},{"not_picked":["Bone_Shift","Death_March_Dance"],"picked":"Death_Knell","floor":2.0},{"not_picked":["Bone_Armor","Blood_Shield"],"picked":"Blood_Curse","floor":4.0},{"not_picked":["Bone_Armor","Necromantic_Selection"],"picked":"Spectral_Walk","floor":5.0},{"not_picked":["Chill_Blood","Negative_Energy_Javelin"],"picked":"Negative_Energy_Mist","floor":6.0},{"not_picked":["Death_March_Dance","Summon_Lich"],"picked":"Toxic_Smoke_Screen","floor":7.0},{"not_picked":["Death_March_Dance","Whirlwind_of_Bones"],"picked":"Skeleton_Dragon","floor":8.0},{"not_picked":["Bones_to_Steel","Summon_Lich"],"picked":"Stop_Heart","floor":10.0},{"not_picked":["Flesh_Made_Foul","Death_March_Dance"],"picked":"Stop_Heart","floor":11.0},{"not_picked":["Negative_Energy_Javelin","Pandemic"],"picked":"Vampiric_Strike","floor":12.0},{"not_picked":["Scare","Blood_Whip"],"picked":"Vampiric_Strike","floor":13.0},{"not_picked":["Toxic_Smoke_Screen","Violent_Necrosis"],"picked":"Bone_Bullets","floor":14.0},{"not_picked":["Skeleton_Dragon","Grasp_Heart"],"picked":"Cloudkill","floor":16.0},{"not_picked":["Exploit","Strike_from_Beyond"],"picked":"Spectral_Armor","floor":18.0},{"not_picked":["Bone_Armor","Negative_Energy_Sphere"],"picked":"Bone_Prison+1","floor":20.0},{"not_picked":["Death_Knell","Bones_to_Steel"],"picked":"Spectral_Walk","floor":22.0},{"not_picked":["Negative_Energy_Sphere","Blood_Whip"],"picked":"Vampiric_Strike","floor":24.0},{"not_picked":["Summon_Undead_Army","Detonate_Bones"],"picked":"Negative_Energy_Shield+1","floor":25.0},{"not_picked":["Bone_Spikes","Bone_Shift","Plague_Bolt"],"picked":"SKIP","floor":31.0},{"not_picked":["Requiem","Blood_Wake"],"picked":"Summon_Death_Knight","floor":33.0},{"not_picked":["Shackles_Of_Pain","Chill_Blood","Negative_Energy_Sphere"],"picked":"SKIP","floor":35.0},{"not_picked":["Acid_Javelin+1","Bone_Armor+1"],"picked":"Corrupt","floor":36.0},{"not_picked":["Death_Coil","Necrotic_Claws+1"],"picked":"Negative_Energy_Shield","floor":37.0},{"not_picked":["Plague_Bolt","Exploit+1"],"picked":"Summon_Undead","floor":41.0},{"not_picked":["Life_Tap+1","Vampiric_Strike"],"picked":"Scare","floor":45.0},{"not_picked":["Plague_Bolt","Consume_Illness+1","Pandemic+1"],"picked":"SKIP","floor":47.0},{"not_picked":["Plague_Bolt","Consume_Illness+1","Pandemic+1"],"picked":"SKIP","floor":47.0},{"not_picked":["Chill_Blood","Stop_Heart+1","Negative_Energy_Javelin"],"picked":"SKIP","floor":48.0},{"not_picked":["Exploit","Blood_Is_Power+1"],"picked":"Bone_Armor+1","floor":54.0}],"player_experience":1087432,"relics_obtained":[{"floor":6.0,"key":"Whetstone"},{"floor":8.0,"key":"StuffTheSpire:SapphireSignet"},{"floor":9.0,"key":"StuffTheSpire:Experiment12"},{"floor":13.0,"key":"Pondfish Scales"},{"floor":26.0,"key":"infinitespire:Eraser"},{"floor":31.0,"key":"halation:TwoAmDonut"},{"floor":41.0,"key":"Incense Burner"},{"floor":45.0,"key":"vexMod:PlasmaPancake"},{"floor":54.0,"key":"Replay:Wax Seal"}],"event_choices":[{"damage_healed":0.0,"max_hp_gain":0.0,"max_hp_loss":0.0,"gold_gain":0.0,"event_name":"Vampires","player_choice":"Ignored","floor":30.0,"gold_loss":0.0,"damage_taken":0.0},{"damage_healed":0.0,"max_hp_gain":0.0,"max_hp_loss":0.0,"gold_gain":0.0,"event_name":"Tomb of Lord Red Mask","player_choice":"Ignored","floor":38.0,"gold_loss":0.0,"damage_taken":0.0},{"damage_healed":0.0,"max_hp_gain":0.0,"max_hp_loss":0.0,"gold_gain":0.0,"event_name":"Mysterious Sphere","player_choice":"Fight","floor":45.0,"gold_loss":0.0,"damage_taken":0.0}],"is_beta":false,"boss_relics":[{"not_picked":["Replay:Fungal Core","vexMod:ImprovementManual"],"picked":"halation:Prosthetics"},{"not_picked":["aspiration:RitualDagger","conspire:SeveredTorchhead"],"picked":"conspire:RoyalGoblet"}],"items_purged_floors":[0,53],"is_endless":false,"potions_floor_spawned":[4,5,6,13,18,25,31,33,35,41,54],"killed_by":"The Heart","ascension_level":0}}