{"host":"1a84zblnbc53ppiq","time":1609087832,"event":{"mods":["2.2 Compatiblity","AchievementEnabler","Ascension Reborn","Ascension Unlocker","Aspiration","BaseMod","Beaked The Cultist","Better Note","Better Vampires","BetterRewards","Colored Map","Conspire","Custom Start","Downfall","Friendly Minions","GifTheSpireLib","Hubris","Infinite Spire","Marisa????????","Marked Mod","Minty Spire (QoL Compilation)","Rare Cards Sparkle","Remilia??????","Replay The Spire","StSLib","Stuff the Spire","Synergy Search","Td1madao Mod","The Administrix","The Bug Knight","The Disciple","The Dragon Tamer","The Gatherer","The Hierophant","The IronCluck","The Mystic","The Necromancer","The Servant 0.9.4","The Spell Scribe","The Vixen","TheFirefly","TheSwordswoman","Thieving Mod"],"gold_per_floor":[99,99,99,99,84,84,84,18,18,18,18,18,18,18,18,18,18,18,18,18,18,18,18,18,18,18,18,3,3,3,3,3,3,3,3,3,3,3,3,3,3,3,3,3,3,3,3,3,3,3,3,3,3,3,3],"floor_reached":56,"playtime":2886,"items_purged":[],"score":1442,"play_id":"bbb7b7e3-7384-4105-9b40-c3782ae0682f","local_time":"20201227175032","is_ascension_mode":true,"campfire_choices":[{"floor":1.0,"key":"RECALL"},{"data":"Slimebound:FlameTackle","floor":9,"key":"SMITH"},{"data":"Slimebound:RollThrough","floor":11,"key":"SMITH"},{"data":"Slimebound:SlimeBarrage","floor":18,"key":"SMITH"},{"data":"Slimebound:MassFeed","floor":23,"key":"SMITH"},{"floor":35,"key":"REST"},{"floor":40,"key":"REST"},{"floor":46,"key":"REST"},{"floor":54,"key":"REST"}],"circlet_count":0,"master_deck":["Slimebound:Strike_Slimebound+1","Slimebound:Strike_Slimebound+1","Slimebound:Strike_Slimebound+1","Slimebound:Tackle+1","Slimebound:Defend_Slimebound+1","Slimebound:Defend_Slimebound+1","Slimebound:Defend_Slimebound+1","Slimebound:Defend_Slimebound+1","Slimebound:Split+1","Slimebound:CorrosiveSpit+1","Slimebound:RollThrough+1","Slimebound:SplitAcid+1","Slimebound:ItLooksTasty+1","Slimebound:FlameTackle+1","Doubt","Slimebound:ForwardTackle","Slimebound:SlimeTap+1","Slimebound:SamplingLick+1","Slimebound:ViciousTackle","Slimebound:SlimeBarrage+1","Slimebound:SplitLeeching","Slimebound:MassFeed+1","Slimebound:Schlurp+1","Slimebound:LeadByExample+1","Slimebound:Gluttony+1","Slimebound:SlimeTap+1","EnergyFlow+1","SporeBomb+1","Slimebound:DouseInSlime","Slimebound:Equalize","Slimebound:SplitMire","Slimebound:Replication","Slimebound:PrepareCrush","Slimebound:RainOfGoop+1","Slimebound:LivingWall","Slimebound:SamplingLick+1","Slimebound:MegaLick+1","Slimebound:LevelUp+1","Slimebound:Schlurp","Slimebound:ProtectTheBoss+1"],"relics":["downfall:Hecktoplasm","Ornamental Fan","downfall:HeartBlessingRed","downfall:HeartBlessingBlue","hubris:CuriousFeather","aspiration:MarisaSkillbook","Pen Nib","infinitespire:WardingShard","Lizard Tail","Bronze Scales","infinitespire:EmpoweringShard","StuffTheSpire:ForceGauntlet","Calipers","Fusion Hammer","downfall:HeartBlessingGreen","Peace Pipe","Gremlin Food","aspiration:AnachronicSnailShell","hubris:BottledRain","infinitespire:Lucky Rock","hubris:SlimyHat"],"acts_visited":["Exordium","TheCity","TheBeyond","TheEnding"],"potions_floor_usage":[8,16,25,28,28,29,29,29,29,33,33,33,36],"damage_taken":[{"damage":16.0,"enemies":"2 Louse","floor":2.0,"turns":2.0},{"damage":8.0,"enemies":"conspire:RoseBush","floor":3.0,"turns":2.0},{"damage":12.0,"enemies":"Small Slimes","floor":4.0,"turns":2.0},{"damage":17.0,"enemies":"downfall:FleeingMerchant","floor":5.0,"turns":4.0},{"damage":22,"enemies":"downfall:FleeingMerchant","floor":8,"turns":4},{"damage":7,"enemies":"2 Fungi Beasts","floor":12,"turns":1},{"damage":7,"enemies":"Blue Slaver","floor":13,"turns":1},{"damage":7,"enemies":"Lots of Slimes","floor":14,"turns":1},{"damage":15,"enemies":"Gremlin Gang","floor":15,"turns":2},{"damage":12,"enemies":"downfall:Defect","floor":16,"turns":2},{"damage":16,"enemies":"conspire:HollyBat","floor":19,"turns":7},{"damage":18,"enemies":"Centurion and Healer","floor":20,"turns":2},{"damage":7,"enemies":"Snake Plant","floor":21,"turns":1},{"damage":20,"enemies":"Shelled Parasite and Fungi","floor":22,"turns":3},{"damage":40,"enemies":"Nightmare","floor":25,"turns":5},{"damage":27,"enemies":"Gremlin Leader","floor":27,"turns":3},{"damage":21,"enemies":"downfall:FleeingMerchant","floor":28,"turns":4},{"damage":14,"enemies":"Chosen and Byrds","floor":29,"turns":2},{"damage":14,"enemies":"conspire:SneckoGhost","floor":30,"turns":2},{"damage":8,"enemies":"Centurion and Healer","floor":31,"turns":1},{"damage":9,"enemies":"Snake Plant","floor":32,"turns":2},{"damage":22,"enemies":"downfall:Watcher","floor":33,"turns":2},{"damage":14,"enemies":"3 Shapes","floor":36,"turns":2},{"damage":29,"enemies":"3 Darklings","floor":38,"turns":2},{"damage":3,"enemies":"Writhing Mass","floor":39,"turns":2},{"damage":32,"enemies":"Jaw Worm Horde","floor":43,"turns":4},{"damage":13,"enemies":"Transient","floor":44,"turns":5},{"damage":14,"enemies":"HollowMod:StalkingDevout","floor":45,"turns":4},{"damage":20,"enemies":"Giant Head","floor":47,"turns":6},{"damage":0,"enemies":"Sphere and 2 Shapes","floor":48,"turns":3},{"damage":30,"enemies":"HollowMod:SlobberingHusk","floor":49,"turns":4},{"damage":16,"enemies":"downfall:Ironclad","floor":50,"turns":5},{"damage":33,"enemies":"downfall:CharBossMerchant","floor":52,"turns":5},{"damage":20,"enemies":"downfall:NeowBoss","floor":55,"turns":15}],"seed_played":"6485539109134760127","potions_obtained":[{"floor":2.0,"key":"ColorlessPotion"},{"floor":3.0,"key":"Dexterity Potion"},{"floor":3.0,"key":"Swift Potion"},{"floor":4.0,"key":"FearPotion"},{"floor":5,"key":"FearPotion"},{"floor":5,"key":"SpeedPotion"},{"floor":8,"key":"Elixir"},{"floor":12,"key":"LiquidMemories"},{"floor":13,"key":"Slimebound:ThreeZeroPotion"},{"floor":15,"key":"DuplicationPotion"},{"floor":16,"key":"AttackPotion"},{"floor":22,"key":"EntropicBrew"},{"floor":25,"key":"Slimebound:ThreeZeroPotion"},{"floor":28,"key":"Dexterity Potion"},{"floor":29,"key":"Fire Potion"},{"floor":30,"key":"sneckomod:MuddlingPotion"},{"floor":31,"key":"Dexterity Potion"},{"floor":31,"key":"Dexterity Potion"},{"floor":33,"key":"Fire Potion"},{"floor":36,"key":"Fruit Juice"},{"floor":37,"key":"Slimebound:SlimedPotion"},{"floor":37,"key":"Dexterity Potion"},{"floor":39,"key":"FearPotion"},{"floor":47,"key":"Milkshake"},{"floor":49,"key":"Slimebound:ThreeZeroPotion"},{"floor":49,"key":"DuplicationPotion"}],"is_trial":false,"path_per_floor":["R","M","M","M","$","?","T","$","R","?","R","M","M","M","M","B",null,"R","M","M","M","M","R","T","NM","?","E","$","M","E","M","M","B",null,"R","M","?","M","M","R","T","$","M","M","E","R","E","M","M","B",null,"E","$","R","B",null],"character_chosen":"SLIMEBOUND","items_purchased":["Slimebound:ForwardTackle"],"campfire_rested":4,"item_purchase_floors":[8],"current_hp_per_floor":[66,61,64,66,66,66,66,61,75,75,75,74,73,72,74,82,82,82,85,84,83,80,80,80,69,69,59,53,51,49,59,50,59,99,99,104,104,98,101,116,116,116,119,124,124,124,128,132,137,150,150,138,138,150,156],"gold":3,"neow_bonus":"BOSS_RELIC","is_daily":false,"chose_seed":false,"campfire_upgraded":4,"win_rate":0.0,"timestamp":1609087832,"path_taken":["R","M","M","M","$","?","T","$","R","?","R","M","M","M","M","BOSS","R","M","M","M","M","R","T","NM","?","E","$","M","E","M","M","BOSS","R","M","?","M","M","R","T","$","M","M","E","R","E","M","M","BOSS","E","$","R","BOSS"],"items_purchased_type":["Card"],"build_version":"2020-12-22","purchased_purges":0,"victory":true,"max_hp_per_floor":[66,66,66,66,66,66,66,66,76,76,76,76,76,76,76,82,82,82,85,85,85,85,85,85,89,89,89,89,89,89,93,93,99,99,99,112,112,112,116,116,116,116,124,124,124,124,128,132,140,150,150,150,150,150,156],"card_choices":[{"not_picked":["Slimebound:LeadByExample+1","Slimebound:PressTheAttack"],"picked":"Slimebound:RollThrough","floor":2.0},{"not_picked":["Slimebound:LeechingTouch+1","Slimebound:PressTheAttack"],"picked":"Slimebound:SplitAcid+1","floor":3.0},{"not_picked":["Slimebound:FormOfPuddle","Slimebound:SlimeSpikes+1"],"picked":"Slimebound:ItLooksTasty+1","floor":4.0},{"not_picked":["Slimebound:Replication","Slimebound:RollThrough+1"],"picked":"Slimebound:FlameTackle","floor":5},{"not_picked":["Slimebound:GoopTackle","Slimebound:ComboTackle"],"picked":"Slimebound:Prepare","floor":8},{"not_picked":["Slimebound:FinishingTackle+1","Slimebound:BestDefense+1"],"picked":"Slimebound:SamplingLick","floor":12},{"not_picked":["Slimebound:LeechEnergy","Slimebound:SamplingLick+1"],"picked":"Slimebound:ViciousTackle","floor":13},{"not_picked":["Slimebound:ComboTackle","Slimebound:PressTheAttack"],"picked":"Slimebound:SlimeBarrage","floor":14},{"not_picked":["Slimebound:GrowthPunch+1","Slimebound:SlimeTap"],"picked":"Slimebound:SplitLeeching","floor":15},{"not_picked":["Slimebound:OneTwoCombo","Slimebound:Teamwork"],"picked":"Slimebound:MassFeed","floor":16},{"not_picked":["ManaConvection+1","WitchLeyline","OortCloud"],"picked":"Slimebound:Schlurp+1","floor":19},{"not_picked":["Acceleration+1","Slimebound:BestDefense","GravityBeat"],"picked":"Slimebound:LeadByExample+1","floor":20},{"not_picked":["Slimebound:RejuvenatingLick","Acceleration","Slimebound:ComboTackle"],"picked":"Slimebound:Gluttony+1","floor":21},{"not_picked":["MysteriousBeam+1","GrandCross","ManaConvection"],"picked":"Slimebound:SlimeTap+1","floor":22},{"not_picked":["WitchLeyline+1","WitchOfGreed+1","MysteriousBeam+1"],"picked":"EnergyFlow","floor":25},{"not_picked":["WitchLeyline","Slimebound:Nibble+1","Slimebound:SlimeBrawl"],"picked":"SporeBomb+1","floor":27},{"not_picked":["FairyDestructionRay","Slimebound:GoopTackle+1","EventHorizon"],"picked":"Slimebound:DouseInSlime","floor":28},{"not_picked":["Slimebound:RollThrough","SporeBomb","Slimebound:PressTheAttack","IllusionStar"],"picked":"SKIP","floor":29},{"not_picked":["Slimebound:GrowthPunch","OneTimeOff","AbsoluteMagnitude"],"picked":"Slimebound:Equalize","floor":30},{"not_picked":["PulseMagic","Slimebound:ViciousTackle","Slimebound:ComboTackle"],"picked":"Slimebound:SplitMire","floor":31},{"not_picked":["LuminesStrike+1","PowerUp","OpenUniverse+1"],"picked":"Slimebound:Replication","floor":32},{"not_picked":["FinalSpark","Slimebound:WasteNot","Slimebound:SlimeSlap"],"picked":"Slimebound:PrepareCrush","floor":33},{"not_picked":["Slimebound:SplitLeeching","MilkyWay+1","Slimebound:SplitMire+1"],"picked":"Slimebound:RainOfGoop+1","floor":36},{"not_picked":["Slimebound:SplitAcid+1","GalacticHalo+1","MilkyWay+1"],"picked":"Slimebound:LivingWall","floor":38},{"not_picked":["DC+1","DarkSpark+1","MeteoricShower+1"],"picked":"Slimebound:SamplingLick+1","floor":39},{"not_picked":["DoubleSpark+1","OpenUniverse","EventHorizon+1","AsteroidBelt"],"picked":"SKIP","floor":43},{"not_picked":["PropBag+1","Slimebound:Gluttony","IllusionStar","ShootingEcho+1"],"picked":"SKIP","floor":44},{"not_picked":["Slimebound:MassRepurpose","Slimebound:SpikyOuterGoop","AlicesGift+1"],"picked":"Slimebound:MegaLick+1","floor":45},{"not_picked":["ShootingEcho+1","Slimebound:Replication+1","Slimebound:BestDefense+1"],"picked":"Slimebound:LevelUp+1","floor":47},{"not_picked":["AsteroidBelt+1","ShootingEcho+1","GrandCross+1","Slimebound:RollThrough+1"],"picked":"SKIP","floor":48},{"not_picked":["FairyDestructionRay","Slimebound:GoopSpray+1","Slimebound:LeechingTouch+1"],"picked":"Slimebound:Schlurp","floor":49},{"not_picked":["AlicesGift+1","Slimebound:LeechingTouch","SprinkleStarSeal"],"picked":"Slimebound:ProtectTheBoss+1","floor":52}],"player_experience":150174,"relics_obtained":[{"floor":7,"key":"Ornamental Fan"},{"floor":15,"key":"StuffTheSpire:Gunfinga"},{"floor":16,"key":"hubris:CuriousFeather"},{"floor":24,"key":"Pen Nib"},{"floor":24,"key":"infinitespire:WardingShard"},{"floor":25,"key":"Lizard Tail"},{"floor":27,"key":"Bronze Scales"},{"floor":29,"key":"infinitespire:EmpoweringShard"},{"floor":30,"key":"StuffTheSpire:ForceGauntlet"},{"floor":33,"key":"Calipers"},{"floor":38,"key":"Peace Pipe"},{"floor":41,"key":"Gremlin Food"},{"floor":41,"key":"aspiration:AnachronicSnailShell"},{"floor":47,"key":"hubris:BottledRain"},{"floor":48,"key":"infinitespire:Lucky Rock"},{"floor":52,"key":"hubris:SlimyHat"}],"event_choices":[{"damage_healed":0,"gold_gain":0,"player_choice":"Ignored","damage_taken":0,"max_hp_gain":0,"max_hp_loss":0,"event_name":"betterNote:BetterNote","floor":26,"gold_loss":0,"cards_obtained":["hubris:InfiniteBlow"]}],"is_beta":false,"boss_relics":[{"not_picked":["conspire:SeveredTorchhead","hubris:RunicObelisk"],"picked":"aspiration:MarisaSkillbook"},{"not_picked":["Philosopher\u0027s Stone","StuffTheSpire:RunicHypercube"],"picked":"Fusion Hammer"}],"items_purged_floors":[],"is_endless":false,"potions_floor_spawned":[3,4,12,13,20,27,31,32,38,39,43,47,49],"ascension_level":0}}