{"host":"calynag5ibgivyo2","time":1609044589,"event":{"mods":["AchievementEnabler","BaseMod","Colored Map","DeckTracker","Minty Spire (QoL Compilation)","StSLib"],"gold_per_floor":[113,188,188,208,16,16,52,76,76,120,120,20,20,55,55,179,179,198,221,68,87,87,126,126,166,166,166,201,222,247,291,291,422,422,454,528,528,114,148,148,182,182,182,207,232,232,252,0,0,0,0,0,0,36,36],"floor_reached":56,"playtime":3313,"items_purged":["Strike_P","Strike_P","Conclude"],"score":1733,"play_id":"433ed90b-77e6-48cd-83dd-1bcaef80d301","local_time":"20201226204949","is_ascension_mode":true,"campfire_choices":[{"data":"Eruption","floor":6.0,"key":"SMITH"},{"floor":11.0,"key":"REST"},{"floor":15.0,"key":"REST"},{"data":"DeusExMachina","floor":24.0,"key":"SMITH"},{"data":"ConjureBlade","floor":27.0,"key":"SMITH"},{"floor":32.0,"key":"REST"},{"floor":40,"key":"RECALL"},{"data":"Study","floor":42,"key":"SMITH"},{"data":"SpiritShield","floor":49,"key":"SMITH"},{"data":"InnerPeace","floor":52,"key":"SMITH"}],"circlet_count":0,"master_deck":["Defend_P","Defend_P","Defend_P","Eruption+1","Vigilance","Study+1","InnerPeace+1","Adaptation","Consecrate+1","Sanctity","ClearTheMind","DeusExMachina+1","SpiritShield+1","Consecrate+1","WaveOfTheHand+1","ConjureBlade+1","LikeWater","SignatureMove","Adaptation","Collect+1","Meditate+1"],"relics":["PureWater","CloakClasp","Golden Idol","TeardropLocket","Gremlin Horn","Whetstone","Prayer Wheel","Runic Pyramid","Chemical X","Bottled Lightning","Bronze Scales","FossilizedHelix","CeramicFish","HornCleat","VioletLotus","Incense Burner","Ice Cream","Pear","Toolbox","TungstenRod"],"acts_visited":["Exordium","TheCity","TheBeyond","TheEnding"],"potions_floor_usage":[36,41,41,47,50,55,55,55],"damage_taken":[{"damage":0.0,"enemies":"2 Louse","floor":1.0,"turns":2.0},{"damage":6.0,"enemies":"Jaw Worm","floor":4.0,"turns":4.0},{"damage":25.0,"enemies":"3 Sentries","floor":7.0,"turns":10.0},{"damage":0.0,"enemies":"Small Slimes","floor":8.0,"turns":3.0},{"damage":6.0,"enemies":"Lagavulin","floor":10.0,"turns":7.0},{"damage":3.0,"enemies":"3 Sentries","floor":14.0,"turns":6.0},{"damage":13.0,"enemies":"Slime Boss","floor":16.0,"turns":7.0},{"damage":6.0,"enemies":"3 Byrds","floor":18.0,"turns":3.0},{"damage":2.0,"enemies":"Chosen","floor":19.0,"turns":5.0},{"damage":0.0,"enemies":"Centurion and Healer","floor":21.0,"turns":3.0},{"damage":4.0,"enemies":"Book of Stabbing","floor":23.0,"turns":5.0},{"damage":0.0,"enemies":"Slavers","floor":25.0,"turns":5.0},{"damage":0.0,"enemies":"Gremlin Leader","floor":28.0,"turns":4.0},{"damage":0.0,"enemies":"3 Cultists","floor":29.0,"turns":3.0},{"damage":13.0,"enemies":"Shelled Parasite and Fungi","floor":30.0,"turns":3.0},{"damage":14.0,"enemies":"Slavers","floor":31.0,"turns":2.0},{"damage":0.0,"enemies":"Champ","floor":33.0,"turns":8.0},{"damage":0.0,"enemies":"3 Shapes","floor":35.0,"turns":4.0},{"damage":0,"enemies":"2 Orb Walkers","floor":36,"turns":6},{"damage":0,"enemies":"3 Darklings","floor":39,"turns":4},{"damage":0,"enemies":"Giant Head","floor":41,"turns":5},{"damage":0,"enemies":"Spire Growth","floor":44,"turns":4},{"damage":0,"enemies":"Maw","floor":45,"turns":6},{"damage":0,"enemies":"Jaw Worm Horde","floor":47,"turns":5},{"damage":0,"enemies":"Donu and Deca","floor":50,"turns":6},{"damage":0,"enemies":"Shield and Spear","floor":54,"turns":6},{"damage":51,"enemies":"The Heart","floor":55,"turns":8}],"seed_played":"1631347221067706688","potions_obtained":[{"floor":4.0,"key":"Energy Potion"},{"floor":14.0,"key":"Strength Potion"},{"floor":16.0,"key":"BottledMiracle"},{"floor":19.0,"key":"AttackPotion"},{"floor":25.0,"key":"Fire Potion"},{"floor":29.0,"key":"Energy Potion"},{"floor":33.0,"key":"BlessingOfTheForge"},{"floor":36,"key":"EntropicBrew"},{"floor":41,"key":"BlessingOfTheForge"},{"floor":47,"key":"DistilledChaos"},{"floor":54,"key":"GamblersBrew"}],"is_trial":false,"path_per_floor":["M","?","?","M","$","R","E","M","T","E","R","$","?","E","R","B",null,"M","M","$","M","?","E","R","E","T","R","E","M","M","E","R","B",null,"M","?","?","$","M","R","E","R","T","M","M","?","M","$","R","B",null,"R","$","E","B",null],"character_chosen":"WATCHER","items_purchased":["Adaptation","Consecrate","Chemical X","Ice Cream","Toolbox","CultistPotion"],"campfire_rested":3,"item_purchase_floors":[5,5,20,38,48,48],"current_hp_per_floor":[65,54,38,32,32,32,7,7,7,1,20,20,20,17,36,23,55,49,47,47,47,47,43,43,43,43,43,43,43,30,16,35,35,58,58,58,58,58,58,58,68,68,68,68,68,68,68,68,68,68,73,73,73,73,22],"gold":36,"neow_bonus":"ONE_RARE_RELIC","is_daily":false,"chose_seed":false,"campfire_upgraded":6,"win_rate":0.0,"timestamp":1609044589,"path_taken":["M","?","?","M","?","R","E","M","T","E","R","$","?","E","R","BOSS","M","?","$","M","?","E","R","E","T","R","E","M","?","E","R","BOSS","M","?","?","$","M","R","E","R","T","M","M","?","M","$","R","BOSS","R","$","E","BOSS"],"items_purchased_type":["Card","Card","Relic","Relic","Relic","Potion"],"build_version":"2020-12-22","purchased_purges":3,"victory":true,"max_hp_per_floor":[65,65,65,65,65,65,65,65,65,65,65,65,65,65,65,65,65,65,65,65,65,65,65,65,65,65,65,65,65,65,65,65,65,65,65,65,65,65,65,65,75,75,75,75,75,75,75,75,75,75,75,75,75,75,75],"card_choices":[{"not_picked":["CutThroughFate","Crescendo"],"picked":"Study","floor":1.0},{"not_picked":["Evaluate","FollowUp"],"picked":"InnerPeace","floor":4.0},{"not_picked":["EmptyFist","CarveReality"],"picked":"Sanctity","floor":7.0},{"not_picked":["Sanctity","SashWhip"],"picked":"ClearTheMind","floor":8.0},{"not_picked":["CrushJoints","ClearTheMind"],"picked":"DeusExMachina","floor":10.0},{"not_picked":["EmptyFist","Crescendo"],"picked":"Conclude","floor":14.0},{"not_picked":["Blasphemy","DevaForm"],"picked":"SpiritShield","floor":16.0},{"not_picked":["Protect","Conclude"],"picked":"Consecrate+1","floor":18.0},{"not_picked":["Fasting2","ThirdEye+1"],"picked":"WaveOfTheHand+1","floor":18.0},{"not_picked":["CrushJoints","SashWhip"],"picked":"ConjureBlade","floor":19.0},{"not_picked":["CarveReality","JustLucky","Prostrate"],"picked":"SKIP","floor":19.0},{"not_picked":["BowlingBash","FlyingSleeves","FollowUp"],"picked":"SKIP","floor":21.0},{"not_picked":["ReachHeaven","ThirdEye","SandsOfTime"],"picked":"SKIP","floor":21.0},{"not_picked":["BattleHymn","ThirdEye"],"picked":"LikeWater","floor":23.0},{"not_picked":["DeceiveReality+1","SpiritShield","Crescendo"],"picked":"SKIP","floor":25.0},{"not_picked":["CutThroughFate","Prostrate","CrushJoints"],"picked":"SKIP","floor":28.0},{"not_picked":["EmptyFist","Prostrate+1","FlyingSleeves+1"],"picked":"SKIP","floor":29.0},{"not_picked":["Protect","FlurryOfBlows","Study"],"picked":"SKIP","floor":29.0},{"not_picked":["EmptyFist","EmptyBody+1","FlurryOfBlows"],"picked":"SKIP","floor":30.0},{"not_picked":["Halt","Scrawl","Study+1"],"picked":"SKIP","floor":30.0},{"not_picked":["FlurryOfBlows","WindmillStrike","PathToVictory+1"],"picked":"SKIP","floor":31.0},{"not_picked":["Adaptation","Crescendo+1"],"picked":"SignatureMove","floor":35.0},{"not_picked":["FlyingSleeves+1","FlurryOfBlows","BattleHymn"],"picked":"SKIP","floor":35.0},{"not_picked":["WheelKick","ClearTheMind+1"],"picked":"Adaptation","floor":36},{"not_picked":["PathToVictory+1","FollowUp+1"],"picked":"Collect+1","floor":39},{"not_picked":["Indignation+1","Crescendo","EmptyFist"],"picked":"SKIP","floor":39},{"not_picked":["ForeignInfluence","Prostrate+1","Conclude"],"picked":"SKIP","floor":41},{"not_picked":["Crescendo+1","Protect"],"picked":"Meditate+1","floor":44},{"not_picked":["ThirdEye+1","Evaluate","Nirvana"],"picked":"SKIP","floor":44},{"not_picked":["FlyingSleeves","Prostrate+1","Pray+1"],"picked":"SKIP","floor":45},{"not_picked":["FlyingSleeves","EmptyBody","EmptyFist"],"picked":"SKIP","floor":45},{"not_picked":["Evaluate+1","Sanctity","Swivel"],"picked":"SKIP","floor":47},{"not_picked":["EmptyBody+1","Study","FollowUp"],"picked":"SKIP","floor":47},{"not_picked":["Vengeance+1","BowlingBash+1","Wallop"],"picked":"SKIP","floor":54}],"player_experience":436360,"relics_obtained":[{"floor":7.0,"key":"TeardropLocket"},{"floor":9.0,"key":"Gremlin Horn"},{"floor":10.0,"key":"Whetstone"},{"floor":14.0,"key":"Prayer Wheel"},{"floor":23.0,"key":"Bottled Lightning"},{"floor":25.0,"key":"Bronze Scales"},{"floor":26.0,"key":"FossilizedHelix"},{"floor":28.0,"key":"CeramicFish"},{"floor":31.0,"key":"HornCleat"},{"floor":36,"key":"Incense Burner"},{"floor":41,"key":"Pear"},{"floor":54,"key":"TungstenRod"}],"event_choices":[{"damage_healed":0.0,"max_hp_gain":0.0,"max_hp_loss":0.0,"gold_gain":75.0,"event_name":"World of Goop","player_choice":"Gather Gold","floor":2.0,"gold_loss":0.0,"damage_taken":11.0},{"damage_healed":0.0,"max_hp_gain":0.0,"max_hp_loss":0.0,"gold_gain":0.0,"event_name":"Golden Idol","player_choice":"Take Damage","floor":3.0,"gold_loss":0.0,"damage_taken":16.0,"relics_obtained":["Golden Idol"]},{"cards_removed":["Strike_P"],"damage_healed":0.0,"max_hp_gain":0.0,"max_hp_loss":0.0,"gold_gain":0.0,"event_name":"Wheel of Change","player_choice":"Card Removal","floor":13.0,"gold_loss":0.0,"damage_taken":0.0},{"cards_removed":["Strike_P"],"damage_healed":0.0,"max_hp_gain":0.0,"max_hp_loss":0.0,"gold_gain":0.0,"event_name":"Purifier","player_choice":"Purged","floor":22.0,"gold_loss":0.0,"damage_taken":0.0},{"damage_healed":0,"gold_gain":0,"player_choice":"Fight","damage_taken":0,"max_hp_gain":0,"max_hp_loss":0,"event_name":"Mysterious Sphere","floor":36,"gold_loss":0},{"damage_healed":0,"gold_gain":0,"player_choice":"Ignored","damage_taken":0,"max_hp_gain":0,"max_hp_loss":0,"event_name":"Tomb of Lord Red Mask","floor":37,"gold_loss":0},{"cards_removed":["Defend_P"],"damage_healed":0,"gold_gain":0,"player_choice":"Removed Skill","damage_taken":0,"max_hp_gain":0,"max_hp_loss":0,"event_name":"Falling","floor":46,"gold_loss":0}],"is_beta":false,"boss_relics":[{"not_picked":["Tiny House","Astrolabe"],"picked":"Runic Pyramid"},{"not_picked":["Black Star","Empty Cage"],"picked":"VioletLotus"}],"items_purged_floors":[5,12,38],"is_endless":false,"potions_floor_spawned":[4,14,16,19,25,29,33,36,41,47,54],"ascension_level":5}}