{"host":"knghpd923z1q8993","time":1609096167,"event":{"mods":["BaseMod","Colored Map","Colored Powertips","Minty Spire (QoL Compilation)","StSLib"],"gold_per_floor":[114,39,39,52,70,70,101,101,124,134,134,165,175,210,210,312,312,287,162,179,198,107,138,148,148,172,172,87,87,118,134,134,237,237,257,257,207,221,221,255,255,285,309,323,353,155,173,204,204,204],"floor_reached":51,"playtime":7005,"items_purged":["Strike_G","Strike_G","Strike_G","Underhanded Strike","Defend_G"],"score":988,"play_id":"1c4ed694-bea5-4dbb-8070-892e10636112","local_time":"20201227200927","is_ascension_mode":true,"campfire_choices":[{"data":"Neutralize","floor":6.0,"key":"SMITH"},{"floor":8.0,"key":"REST"},{"floor":15.0,"key":"REST"},{"data":"Accuracy","floor":25.0,"key":"SMITH"},{"floor":27.0,"key":"REST"},{"data":"Accuracy","floor":32.0,"key":"SMITH"},{"data":"Cloak And Dagger","floor":41,"key":"SMITH"},{"data":"Accuracy","floor":49,"key":"SMITH"}],"circlet_count":0,"master_deck":["Defend_G","Defend_G","Survivor","Neutralize+1","Infinite Blades+1","Underhanded Strike","Masterful Stab","Malaise","Acrobatics","A Thousand Cuts","Phantasmal Killer","Blade Dance","Accuracy+1","Prepared+1","Calculated Gamble","Accuracy+1","Cloak And Dagger+1","Cloak And Dagger","Wraith Form v2","Burst+1","Skewer+1","Predator+1","Prepared","Terror","After Image","Madness","Deflect+1","Acrobatics+1","Slice+1","Cloak And Dagger","Accuracy+1","Blade Dance+1"],"relics":["HoveringKite","Bag of Marbles","Smiling Mask","Pen Nib","MealTicket","WristBlade","CaptainsWheel","Oddly Smooth Stone","Paper Crane","Bag of Preparation","Astrolabe","Anchor","Bottled Lightning","Ancient Tea Set","The Specimen","Frozen Egg 2"],"acts_visited":["Exordium","TheCity","TheBeyond"],"potions_floor_usage":[42,44,45,47,50,50],"damage_taken":[{"damage":5.0,"enemies":"Cultist","floor":1.0,"turns":5.0},{"damage":6.0,"enemies":"Small Slimes","floor":4.0,"turns":5.0},{"damage":0.0,"enemies":"2 Louse","floor":5.0,"turns":3.0},{"damage":24.0,"enemies":"Lagavulin","floor":7.0,"turns":9.0},{"damage":8.0,"enemies":"Gremlin Gang","floor":10.0,"turns":5.0},{"damage":9.0,"enemies":"Gremlin Nob","floor":12.0,"turns":4.0},{"damage":9.0,"enemies":"Exordium Thugs","floor":13.0,"turns":5.0},{"damage":16.0,"enemies":"3 Sentries","floor":14.0,"turns":5.0},{"damage":1.0,"enemies":"Hexaghost","floor":16.0,"turns":8.0},{"damage":22.0,"enemies":"2 Thieves","floor":18.0,"turns":5.0},{"damage":13.0,"enemies":"Shell Parasite","floor":20.0,"turns":3.0},{"damage":20.0,"enemies":"Centurion and Healer","floor":21.0,"turns":4.0},{"damage":11.0,"enemies":"Gremlin Leader","floor":23.0,"turns":5.0},{"damage":8.0,"enemies":"Cultist and Chosen","floor":24.0,"turns":4.0},{"damage":11.0,"enemies":"Book of Stabbing","floor":30.0,"turns":4.0},{"damage":0.0,"enemies":"Sentry and Sphere","floor":31.0,"turns":2.0},{"damage":13.0,"enemies":"Collector","floor":33.0,"turns":6.0},{"damage":0.0,"enemies":"Orb Walker","floor":35.0,"turns":2.0},{"damage":1.0,"enemies":"3 Darklings","floor":38.0,"turns":6.0},{"damage":0.0,"enemies":"Giant Head","floor":40.0,"turns":5.0},{"damage":7,"enemies":"Reptomancer","floor":42,"turns":4},{"damage":0,"enemies":"4 Shapes","floor":44,"turns":4},{"damage":0,"enemies":"Giant Head","floor":45,"turns":4},{"damage":12,"enemies":"Jaw Worm Horde","floor":47,"turns":3},{"damage":5,"enemies":"Reptomancer","floor":48,"turns":5},{"damage":63,"enemies":"Awakened One","floor":50,"turns":7}],"seed_played":"-7527403604633799827","potions_obtained":[{"floor":1.0,"key":"SpeedPotion"},{"floor":5.0,"key":"Swift Potion"},{"floor":12.0,"key":"Explosive Potion"},{"floor":14.0,"key":"Energy Potion"},{"floor":18.0,"key":"Dexterity Potion"},{"floor":21.0,"key":"PowerPotion"},{"floor":30.0,"key":"Poison Potion"},{"floor":33.0,"key":"Block Potion"},{"floor":36.0,"key":"EntropicBrew"},{"floor":42,"key":"Fire Potion"},{"floor":45,"key":"GamblersBrew"},{"floor":47,"key":"Fruit Juice"},{"floor":48,"key":"EntropicBrew"}],"is_trial":false,"path_per_floor":["M","$","?","M","M","R","E","R","T","M","?","E","M","E","R","B",null,"M","$","M","M","$","E","M","R","T","R","?","?","E","M","R","B",null,"M","?","$","M","?","E","R","E","T","M","E","$","M","E","R","B",null],"character_chosen":"THE_SILENT","items_purchased":["Accuracy","Accuracy","FairyPotion","Cloak And Dagger"],"campfire_rested":3,"item_purchase_floors":[19,22,46,46],"current_hp_per_floor":[65,65,58,52,52,52,28,49,49,41,41,32,23,7,28,27,70,48,63,50,30,45,34,26,26,26,47,47,47,36,36,36,23,70,70,70,70,69,69,69,69,62,62,62,62,70,63,58,58,22],"gold":204,"neow_bonus":"BOSS_RELIC","is_daily":false,"chose_seed":false,"campfire_upgraded":5,"win_rate":0.0,"timestamp":1609096167,"path_taken":["M","$","?","M","M","R","E","R","T","M","?","E","M","E","R","BOSS","M","$","M","M","$","E","M","R","T","R","?","?","E","?","R","BOSS","M","?","$","?","?","E","R","E","T","M","E","$","M","E","R","BOSS"],"items_purchased_type":["Card","Card","Potion","Card"],"build_version":"2020-12-22","purchased_purges":5,"victory":true,"max_hp_per_floor":[70,70,70,70,70,70,70,70,70,70,70,70,70,70,70,70,70,70,70,70,70,70,70,70,70,70,70,70,70,70,70,70,70,70,70,70,70,70,70,70,70,70,70,70,70,70,75,75,75,75],"card_choices":[{"not_picked":["Noxious Fumes","Quick Slash"],"picked":"Underhanded Strike","floor":1.0},{"not_picked":["Choke","Riddle With Holes","Sucker Punch"],"picked":"SKIP","floor":4.0},{"not_picked":["PiercingWail","Cloak And Dagger"],"picked":"Infinite Blades","floor":5.0},{"not_picked":["Cloak And Dagger","Blade Dance"],"picked":"Underhanded Strike","floor":7.0},{"not_picked":["Flechettes","PiercingWail"],"picked":"Masterful Stab","floor":10.0},{"not_picked":["Terror","Underhanded Strike"],"picked":"Malaise","floor":12.0},{"not_picked":["Accuracy","Bane"],"picked":"Acrobatics","floor":13.0},{"not_picked":["Bane","Reflex"],"picked":"A Thousand Cuts","floor":14.0},{"not_picked":["Die Die Die","Envenom"],"picked":"Phantasmal Killer","floor":16.0},{"not_picked":["Finisher","All Out Attack"],"picked":"Blade Dance","floor":18.0},{"not_picked":["Skewer","Deflect"],"picked":"Prepared+1","floor":20.0},{"not_picked":["Flying Knee","Endless Agony"],"picked":"Calculated Gamble","floor":21.0},{"not_picked":["Sucker Punch","Poisoned Stab","Underhanded Strike"],"picked":"SKIP","floor":23.0},{"not_picked":["Bouncing Flask","Predator","Flying Knee"],"picked":"SKIP","floor":24.0},{"not_picked":["Underhanded Strike+1","Flechettes"],"picked":"Cloak And Dagger","floor":30.0},{"not_picked":["Blur","Bane"],"picked":"Cloak And Dagger","floor":31.0},{"not_picked":["Phantasmal Killer","Night Terror"],"picked":"Wraith Form v2","floor":33.0},{"not_picked":["Poisoned Stab+1","Eviscerate+1"],"picked":"Prepared","floor":35.0},{"not_picked":["Underhanded Strike","Heel Hook+1"],"picked":"Terror","floor":38.0},{"not_picked":["Bane","Slice+1","Sucker Punch"],"picked":"SKIP","floor":40.0},{"not_picked":["Acrobatics","Deadly Poison+1"],"picked":"Deflect+1","floor":42},{"not_picked":["Predator","Dagger Spray+1"],"picked":"Acrobatics+1","floor":44},{"not_picked":["Catalyst+1","Dash+1"],"picked":"Slice+1","floor":45},{"not_picked":["Predator","Deadly Poison+1"],"picked":"Accuracy","floor":47},{"not_picked":["Predator+1","Flying Knee"],"picked":"Blade Dance+1","floor":48}],"player_experience":57753,"relics_obtained":[{"floor":7.0,"key":"Bag of Marbles"},{"floor":9.0,"key":"Smiling Mask"},{"floor":12.0,"key":"Pen Nib"},{"floor":14.0,"key":"MealTicket"},{"floor":23.0,"key":"CaptainsWheel"},{"floor":26.0,"key":"Oddly Smooth Stone"},{"floor":30.0,"key":"Bag of Preparation"},{"floor":40.0,"key":"Anchor"},{"floor":42,"key":"Bottled Lightning"},{"floor":43,"key":"Ancient Tea Set"},{"floor":45,"key":"The Specimen"},{"floor":48,"key":"Frozen Egg 2"}],"event_choices":[{"cards_removed":["Defend_G"],"damage_healed":0.0,"max_hp_gain":0.0,"max_hp_loss":0.0,"gold_gain":0.0,"event_name":"Golden Wing","player_choice":"Card Removal","floor":3.0,"gold_loss":0.0,"damage_taken":7.0},{"damage_healed":0.0,"max_hp_gain":0.0,"max_hp_loss":0.0,"gold_gain":0.0,"cards_transformed":["Strike_G"],"event_name":"Transmorgrifier","player_choice":"Transformed","floor":11.0,"gold_loss":0.0,"damage_taken":0.0,"cards_obtained":["Flechettes"]},{"damage_healed":0.0,"max_hp_gain":0.0,"max_hp_loss":0.0,"gold_gain":0.0,"event_name":"Addict","player_choice":"Obtained Relic","floor":28.0,"gold_loss":85.0,"damage_taken":0.0,"relics_obtained":["Paper Crane"]},{"damage_healed":0.0,"max_hp_gain":0.0,"max_hp_loss":0.0,"gold_gain":0.0,"event_name":"Upgrade Shrine","player_choice":"Upgraded","floor":29.0,"gold_loss":0.0,"damage_taken":0.0,"cards_upgraded":["Infinite Blades"]},{"damage_healed":0.0,"max_hp_gain":0.0,"max_hp_loss":0.0,"gold_gain":0.0,"event_name":"Lab","player_choice":"Got Potions","floor":36.0,"gold_loss":0.0,"damage_taken":0.0},{"damage_healed":0.0,"max_hp_gain":0.0,"max_hp_loss":0.0,"gold_gain":0.0,"event_name":"Match and Keep!","player_choice":"2 cards matched","floor":39.0,"gold_loss":0.0,"damage_taken":0.0,"cards_obtained":["After Image","Madness"]}],"is_beta":false,"boss_relics":[{"not_picked":["Empty Cage","SacredBark"],"picked":"WristBlade"},{"not_picked":["SlaversCollar","Snecko Eye"],"picked":"Astrolabe"}],"items_purged_floors":[2,19,22,37,46],"is_endless":false,"potions_floor_spawned":[1,5,12,14,18,21,30,33,42,45,47,48],"ascension_level":4}}