{"host":"uua02xqorlefedoe","time":1609061559,"event":{"mods":["AchievementEnabler","BaseMod","Bestiary","Colored Map","DeckTracker","Googly Eyes","Minty Spire (QoL Compilation)","Quick Restart","StSLib"],"gold_per_floor":[138,138,213,388,63,94,131,150,174,215,272,47,82,108,108,233,233,274,274,49,76,119,174,174,204,228,228,228,255,255,299,299,400,400,412,426,139,139,0,26,376,376,376,421,421,454,466,492,492,492,492,492,10,41,41],"floor_reached":56,"playtime":4263,"items_purged":["Doubt"],"score":2086,"play_id":"5b2993aa-367b-401f-912d-8a6e4c074a08","local_time":"20201227093239","is_ascension_mode":true,"campfire_choices":[{"data":"Scrawl","floor":15.0,"key":"SMITH"},{"floor":30.0,"key":"REST"},{"data":"Adaptation","floor":32.0,"key":"SMITH"},{"floor":45.0,"key":"RECALL"},{"floor":49.0,"key":"REST"},{"data":"Fasting2","floor":52.0,"key":"SMITH"}],"circlet_count":0,"master_deck":["AscendersBane","Eruption+1","Vigilance","TalkToTheHand","EmptyMind","Fasting2","FearNoEvil","Fasting2+1","Sanctity","Wish","Weave","WindmillStrike","Master of Strategy","Tantrum","Protect","BowlingBash","JustLucky","Scrawl+1","FlurryOfBlows","Wallop","InnerPeace","Protect","FlurryOfBlows","WaveOfTheHand","DevaForm","Halt+1","Adaptation+1","CutThroughFate+1","DeusExMachina","JustLucky","JustLucky","WheelKick","Halt+1","Omniscience","JustLucky","Fasting2","Omniscience","Scrawl+1","Wireheading+1","Meditate+1","Secret Technique"],"relics":["Pandora\u0027s Box","Bronze Scales","Regal Pillow","StoneCalendar","Orrery","Nunchaku","Pen Nib","Philosopher\u0027s Stone","Oddly Smooth Stone","Damaru","Shuriken","Lantern","Bag of Preparation","Happy Flower","Runic Dome","DollysMirror","Red Mask","Boot","Old Coin","Lizard Tail","Dream Catcher","War Paint","Strawberry","Orichalcum"],"acts_visited":["Exordium","TheCity","TheBeyond","TheEnding"],"potions_floor_usage":[54,55],"damage_taken":[{"damage":10.0,"enemies":"Small Slimes","floor":1.0,"turns":4.0},{"damage":0.0,"enemies":"Lagavulin","floor":6.0,"turns":5.0},{"damage":6.0,"enemies":"2 Louse","floor":7.0,"turns":3.0},{"damage":0.0,"enemies":"Jaw Worm","floor":8.0,"turns":2.0},{"damage":0.0,"enemies":"Exordium Wildlife","floor":10.0,"turns":3.0},{"damage":20.0,"enemies":"Gremlin Nob","floor":11.0,"turns":3.0},{"damage":8.0,"enemies":"Lagavulin","floor":13.0,"turns":5.0},{"damage":0.0,"enemies":"Slime Boss","floor":16.0,"turns":4.0},{"damage":0.0,"enemies":"3 Byrds","floor":18.0,"turns":3.0},{"damage":18.0,"enemies":"Chosen","floor":22.0,"turns":5.0},{"damage":16.0,"enemies":"Slavers","floor":23.0,"turns":3.0},{"damage":12.0,"enemies":"Book of Stabbing","floor":25.0,"turns":3.0},{"damage":0.0,"enemies":"Slavers","floor":29.0,"turns":3.0},{"damage":4.0,"enemies":"Snake Plant","floor":31.0,"turns":3.0},{"damage":5.0,"enemies":"Champ","floor":33.0,"turns":4.0},{"damage":17.0,"enemies":"3 Darklings","floor":35.0,"turns":3.0},{"damage":0.0,"enemies":"Orb Walker","floor":36.0,"turns":1.0},{"damage":0.0,"enemies":"Nemesis","floor":40.0,"turns":5.0},{"damage":0.0,"enemies":"Mind Bloom Boss Battle","floor":41.0,"turns":5.0},{"damage":0.0,"enemies":"4 Shapes","floor":44.0,"turns":4.0},{"damage":0.0,"enemies":"Giant Head","floor":46.0,"turns":3.0},{"damage":0.0,"enemies":"3 Darklings","floor":47.0,"turns":2.0},{"damage":12.0,"enemies":"Reptomancer","floor":48.0,"turns":5.0},{"damage":18.0,"enemies":"Awakened One","floor":50.0,"turns":5.0},{"damage":37,"enemies":"Shield and Spear","floor":54,"turns":4},{"damage":130,"enemies":"The Heart","floor":55,"turns":4}],"seed_played":"-7971073297756849921","potions_obtained":[{"floor":1.0,"key":"Strength Potion"},{"floor":6.0,"key":"SkillPotion"},{"floor":10.0,"key":"Ambrosia"},{"floor":13.0,"key":"FearPotion"},{"floor":16.0,"key":"FairyPotion"},{"floor":31.0,"key":"SmokeBomb"},{"floor":35.0,"key":"PowerPotion"},{"floor":41.0,"key":"StancePotion"}],"is_trial":false,"path_per_floor":["M","?","?","?","$","E","M","M","T","M","E","$","E","T","R","B",null,"M","?","$","T","M","E","?","E","T","$","?","E","R","M","R","B",null,"M","M","$","?","?","E","?","?","T","M","R","E","M","E","R","B",null,"R","$","E","B",null],"character_chosen":"WATCHER","items_purchased":["WindmillStrike","Master of Strategy","Conclude","Orrery","Oddly Smooth Stone","Adaptation","DollysMirror","Scrawl","Secret Technique","War Paint","Strawberry"],"campfire_rested":2,"item_purchase_floors":[5,5,12,12,20,20,37,37,53,53,53],"current_hp_per_floor":[55,55,44,44,44,44,38,38,38,38,18,18,10,10,10,10,57,57,57,57,57,39,23,23,11,11,11,11,11,47,43,43,38,64,47,47,47,47,47,47,47,47,47,47,47,47,47,35,68,50,64,64,71,34,21],"gold":41,"neow_bonus":"BOSS_RELIC","is_daily":false,"chose_seed":false,"campfire_upgraded":3,"win_rate":0.0,"timestamp":1609061559,"path_taken":["M","?","?","?","$","E","M","?","T","M","E","$","E","?","R","BOSS","M","?","$","?","M","E","?","E","T","?","?","E","R","M","R","BOSS","M","M","$","?","?","E","?","?","T","M","R","E","?","E","R","BOSS","R","$","E","BOSS"],"items_purchased_type":["Card","Card","Card","Relic","Relic","Card","Relic","Card","Card","Relic","Relic"],"build_version":"2020-12-22","purchased_purges":1,"victory":true,"max_hp_per_floor":[72,72,72,72,72,72,72,72,72,72,72,72,72,72,72,72,72,72,72,72,72,72,72,72,72,72,72,72,72,72,72,72,72,72,72,72,72,68,68,68,68,68,68,68,68,68,68,68,68,68,68,68,75,75,75],"card_choices":[{"not_picked":["Halt","Swivel"],"picked":"Weave","floor":1.0},{"not_picked":["WreathOfFlame","DeceiveReality"],"picked":"Tantrum","floor":6.0},{"not_picked":["InnerPeace","EmptyFist"],"picked":"Protect","floor":7.0},{"not_picked":["JustLucky","Prostrate"],"picked":"BowlingBash","floor":8.0},{"not_picked":["FearNoEvil","ReachHeaven"],"picked":"JustLucky","floor":10.0},{"not_picked":["Collect","Brilliance"],"picked":"Scrawl","floor":11.0},{"not_picked":["Crescendo","CutThroughFate"],"picked":"FlurryOfBlows","floor":12.0},{"not_picked":["Collect","EmptyBody"],"picked":"Wallop","floor":12.0},{"not_picked":["Nirvana","ClearTheMind"],"picked":"InnerPeace","floor":12.0},{"not_picked":["SandsOfTime","BowlingBash"],"picked":"Protect","floor":12.0},{"not_picked":["Protect","ClearTheMind"],"picked":"FlurryOfBlows","floor":12.0},{"not_picked":["ClearTheMind","Fasting2"],"picked":"WaveOfTheHand","floor":13.0},{"not_picked":["ConjureBlade","Scrawl"],"picked":"DevaForm","floor":16.0},{"not_picked":["EmptyBody","Consecrate+1"],"picked":"Halt+1","floor":18.0},{"not_picked":["CrushJoints","FlyingSleeves+1"],"picked":"CutThroughFate+1","floor":22.0},{"not_picked":["FlurryOfBlows","FearNoEvil"],"picked":"DeusExMachina","floor":23.0},{"not_picked":["Prostrate","Conclude+1"],"picked":"JustLucky","floor":25.0},{"not_picked":["ThirdEye","DeceiveReality+1"],"picked":"WheelKick","floor":29.0},{"not_picked":["EmptyBody","FlurryOfBlows+1"],"picked":"Halt","floor":31.0},{"not_picked":["DevaForm","Wish"],"picked":"Omniscience","floor":33.0},{"not_picked":["Halt+1","SignatureMove+1"],"picked":"JustLucky","floor":35.0},{"not_picked":["Consecrate+1","Tantrum+1"],"picked":"Fasting2","floor":36.0},{"not_picked":["CrushJoints","ForeignInfluence+1","FlurryOfBlows"],"picked":"SKIP","floor":40.0},{"not_picked":["PathToVictory+1","Consecrate+1","Evaluate"],"picked":"SKIP","floor":44.0},{"not_picked":["MasterReality","JustLucky"],"picked":"Wireheading+1","floor":46.0},{"not_picked":["Evaluate+1","CrushJoints+1","JustLucky"],"picked":"SKIP","floor":47.0},{"not_picked":["ClearTheMind","JustLucky","FearNoEvil+1"],"picked":"SKIP","floor":48.0},{"not_picked":["FlyingSleeves","Study"],"picked":"Meditate+1","floor":49.0},{"not_picked":["Pray","CrushJoints+1","Crescendo+1"],"picked":"SKIP","floor":54}],"player_experience":506910,"relics_obtained":[{"floor":6.0,"key":"Bronze Scales"},{"floor":9.0,"key":"Regal Pillow"},{"floor":11.0,"key":"StoneCalendar"},{"floor":13.0,"key":"Nunchaku"},{"floor":14.0,"key":"Pen Nib"},{"floor":21.0,"key":"Damaru"},{"floor":23.0,"key":"Shuriken"},{"floor":25.0,"key":"Lantern"},{"floor":26.0,"key":"Bag of Preparation"},{"floor":29.0,"key":"Happy Flower"},{"floor":40.0,"key":"Boot"},{"floor":41.0,"key":"Old Coin"},{"floor":46.0,"key":"Lizard Tail"},{"floor":48.0,"key":"Dream Catcher"},{"floor":54,"key":"Orichalcum"}],"event_choices":[{"damage_healed":0.0,"max_hp_gain":0.0,"max_hp_loss":0.0,"gold_gain":0.0,"event_name":"Living Wall","player_choice":"Grow","floor":2.0,"gold_loss":0.0,"damage_taken":0.0,"cards_upgraded":["Eruption"]},{"damage_healed":0.0,"max_hp_gain":0.0,"max_hp_loss":0.0,"gold_gain":75.0,"event_name":"World of Goop","player_choice":"Gather Gold","floor":3.0,"gold_loss":0.0,"damage_taken":11.0},{"damage_healed":0.0,"max_hp_gain":0.0,"max_hp_loss":0.0,"gold_gain":175.0,"event_name":"Liars Game","player_choice":"AGREE","floor":4.0,"gold_loss":0.0,"damage_taken":0.0,"cards_obtained":["Doubt"]},{"cards_removed":["Prostrate"],"damage_healed":0.0,"max_hp_gain":0.0,"max_hp_loss":0.0,"gold_gain":0.0,"event_name":"Purifier","player_choice":"Purged","floor":19.0,"gold_loss":0.0,"damage_taken":0.0},{"damage_healed":0.0,"max_hp_gain":0.0,"max_hp_loss":0.0,"gold_gain":0.0,"event_name":"The Library","player_choice":"Read","floor":24.0,"gold_loss":0.0,"damage_taken":0.0,"cards_obtained":["JustLucky"]},{"cards_removed":["Conclude"],"damage_healed":0.0,"max_hp_gain":0.0,"max_hp_loss":0.0,"gold_gain":0.0,"event_name":"Back to Basics","player_choice":"Elegance","floor":28.0,"gold_loss":0.0,"damage_taken":0.0},{"damage_healed":0.0,"max_hp_gain":0.0,"max_hp_loss":4.0,"gold_gain":0.0,"event_name":"Winding Halls","player_choice":"Max HP","floor":38.0,"gold_loss":0.0,"damage_taken":0.0},{"damage_healed":0.0,"max_hp_gain":0.0,"max_hp_loss":0.0,"gold_gain":0.0,"event_name":"Tomb of Lord Red Mask","player_choice":"Paid","floor":39.0,"gold_loss":139.0,"damage_taken":0.0,"relics_obtained":["Red Mask"]},{"damage_healed":0.0,"max_hp_gain":0.0,"max_hp_loss":0.0,"gold_gain":0.0,"event_name":"MindBloom","player_choice":"Fight","floor":41.0,"gold_loss":0.0,"damage_taken":0.0},{"damage_healed":0.0,"max_hp_gain":0.0,"max_hp_loss":0.0,"gold_gain":0.0,"event_name":"SensoryStone","player_choice":"Memory 1","floor":42.0,"gold_loss":0.0,"damage_taken":0.0}],"is_beta":false,"boss_relics":[{"not_picked":["Astrolabe","Velvet Choker"],"picked":"Philosopher\u0027s Stone"},{"not_picked":["Empty Cage","Runic Pyramid"],"picked":"Runic Dome"}],"items_purged_floors":[5],"is_endless":false,"potions_floor_spawned":[1,6,10,13,16,18,22,31,35,40,41,44,48],"ascension_level":10}}