{"host":"x6tlfgqpy55vgxdn","time":1609045433,"event":{"mods":["AchievementEnabler","BaseMod","DeckTracker","Minty Spire (QoL Compilation)","Permanent Neow","StSLib","SuperFastMode"],"gold_per_floor":[118,131,148,223,223,241,276,276,276,311,311,342,342,385,685,792,792,810,822,591,605,605,63,63,92,92,101,121,121,163,272,272,386,386,408,408,183,183,63,63,97,97,146,146,171,208,256,306,306,306,306,306,20,58,58],"floor_reached":56,"playtime":2766,"items_purged":["Pain","Strike_B","Defend_B","Defend_B"],"score":1598,"play_id":"c9cdd98f-501a-41f7-8713-7dfe4505abb3","local_time":"20201227140353","is_ascension_mode":true,"campfire_choices":[{"data":"Sunder","floor":8.0,"key":"SMITH"},{"floor":11.0,"key":"DIG"},{"floor":13.0,"key":"DIG"},{"floor":15.0,"key":"DIG"},{"floor":24.0,"key":"DIG"},{"floor":29.0,"key":"DIG"},{"floor":32.0,"key":"DIG"},{"floor":40.0,"key":"DIG"},{"floor":42.0,"key":"DIG"},{"floor":44.0,"key":"DIG"},{"floor":49.0,"key":"RECALL"},{"floor":52.0,"key":"DIG"}],"circlet_count":0,"master_deck":["Defend_B+1","Defend_B","Zap","Dualcast","Amplify","Sunder+1","Beam Cell","Conserve Battery+1","Self Repair","Hyperbeam","Genetic Algorithm","Creative AI+1","Meteor Strike","Coolheaded+1","Compile Driver+1","Buffer+1","Chaos+1","Coolheaded+1","Skim+1","Ball Lightning","Finesse","Master of Strategy","Purity","Madness","Enlightenment","Loop+1"],"relics":["Cracked Core","WarpedTongs","Matryoshka","Boot","Pocketwatch","Shovel","Frozen Egg 2","Cables","CeramicFish","Ancient Tea Set","Old Coin","Inserter","Oddly Smooth Stone","Bronze Scales","The Courier","Runic Capacitor","Bag of Preparation","Calipers","Meat on the Bone","Lantern","Ice Cream","Blue Candle","Lizard Tail","CaptainsWheel","Bottled Tornado","Prayer Wheel","Coffee Dripper","Juzu Bracelet","Mercury Hourglass","Centennial Puzzle","War Paint","InkBottle","Dream Catcher","Unceasing Top","Ginger","Pantograph","Membership Card","Pear"],"acts_visited":["Exordium","TheCity","TheBeyond","TheEnding"],"potions_floor_usage":[55,55],"damage_taken":[{"damage":1.0,"enemies":"Small Slimes","floor":1.0,"turns":3.0},{"damage":0.0,"enemies":"2 Louse","floor":2.0,"turns":1.0},{"damage":0.0,"enemies":"Cultist","floor":3.0,"turns":3.0},{"damage":1.0,"enemies":"Gremlin Gang","floor":6.0,"turns":4.0},{"damage":21.0,"enemies":"3 Sentries","floor":7.0,"turns":5.0},{"damage":9.0,"enemies":"Lagavulin","floor":10.0,"turns":4.0},{"damage":2.0,"enemies":"3 Sentries","floor":12.0,"turns":2.0},{"damage":27.0,"enemies":"Lagavulin","floor":14.0,"turns":6.0},{"damage":17.0,"enemies":"The Guardian","floor":16.0,"turns":9.0},{"damage":21.0,"enemies":"Spheric Guardian","floor":18.0,"turns":5.0},{"damage":28.0,"enemies":"Chosen","floor":19.0,"turns":5.0},{"damage":2.0,"enemies":"Snecko","floor":21.0,"turns":3.0},{"damage":5.0,"enemies":"Slavers","floor":25.0,"turns":2.0},{"damage":29.0,"enemies":"Sentry and Sphere","floor":28.0,"turns":6.0},{"damage":0.0,"enemies":"Gremlin Leader","floor":30.0,"turns":5.0},{"damage":0.0,"enemies":"Colosseum Slavers","floor":31.0,"turns":2.0},{"damage":0.0,"enemies":"Colosseum Nobs","floor":31.0,"turns":4.0},{"damage":19.0,"enemies":"Collector","floor":33.0,"turns":7.0},{"damage":0.0,"enemies":"Orb Walker","floor":35.0,"turns":3.0},{"damage":0.0,"enemies":"Nemesis","floor":41.0,"turns":4.0},{"damage":13.0,"enemies":"Reptomancer","floor":45.0,"turns":5.0},{"damage":0.0,"enemies":"3 Shapes","floor":46.0,"turns":3.0},{"damage":31.0,"enemies":"2 Orb Walkers","floor":47.0,"turns":4.0},{"damage":0.0,"enemies":"Mind Bloom Boss Battle","floor":48.0,"turns":4.0},{"damage":18.0,"enemies":"Donu and Deca","floor":50.0,"turns":7.0},{"damage":18.0,"enemies":"Shield and Spear","floor":54.0,"turns":4.0},{"damage":35,"enemies":"The Heart","floor":55,"turns":7}],"seed_played":"-6074975255134990331","potions_obtained":[{"floor":3.0,"key":"Explosive Potion"},{"floor":10.0,"key":"DuplicationPotion"},{"floor":14.0,"key":"Block Potion"},{"floor":16.0,"key":"EssenceOfSteel"},{"floor":18.0,"key":"LiquidMemories"},{"floor":25.0,"key":"DuplicationPotion"},{"floor":31.0,"key":"Block Potion"},{"floor":47.0,"key":"Dexterity Potion"}],"is_trial":false,"path_per_floor":["M","M","M","?","?","M","E","R","T","E","R","E","R","E","R","B",null,"M","M","$","M","T","$","R","E","T","?","M","R","E","?","R","B",null,"M","?","$","?","$","R","E","R","T","R","E","M","?","?","R","B",null,"R","$","E","B",null],"character_chosen":"DEFECT","items_purchased":["Oddly Smooth Stone","Runic Capacitor","Bag of Preparation","Calipers","Juzu Bracelet","Membership Card","Ball Lightning","Finesse","Master of Strategy","Purity","Madness","Enlightenment"],"campfire_rested":0,"item_purchase_floors":[20,23,23,23,37,53,53,53,53,53,53,53],"current_hp_per_floor":[53,53,53,42,42,41,40,40,40,38,38,36,36,23,23,13,75,68,54,54,59,59,59,59,68,68,68,53,53,53,67,67,62,75,75,75,75,75,75,75,75,75,75,75,72,75,51,65,65,61,75,75,75,74,57],"gold":58,"neow_bonus":"TRANSFORM_TWO_CARDS","is_daily":false,"chose_seed":false,"campfire_upgraded":1,"win_rate":0.0,"timestamp":1609045433,"path_taken":["M","M","M","?","?","?","E","R","T","E","R","E","R","E","R","BOSS","M","?","$","M","?","$","R","E","T","?","?","R","E","?","R","BOSS","M","?","$","?","$","R","E","R","T","R","E","M","?","?","R","BOSS","R","$","E","BOSS"],"items_purchased_type":["Relic","Relic","Relic","Relic","Relic","Relic","Card","Card","Card","Card","Card","Card"],"build_version":"2020-12-22","purchased_purges":4,"victory":true,"max_hp_per_floor":[75,75,75,75,75,75,75,75,75,75,75,75,75,75,75,75,75,75,75,75,75,75,75,75,75,75,75,75,75,75,75,75,75,75,75,75,75,75,75,75,75,75,75,75,75,75,75,75,75,75,75,75,75,85,85],"card_choices":[{"not_picked":["Conserve Battery","Gash"],"picked":"Beam Cell","floor":1.0},{"not_picked":["Hello World","Sweeping Beam"],"picked":"Conserve Battery","floor":2.0},{"not_picked":["Stack","Beam Cell","White Noise"],"picked":"SKIP","floor":3.0},{"not_picked":["Recycle","Barrage"],"picked":"Self Repair","floor":6.0},{"not_picked":["Barrage","Steam Power"],"picked":"Hyperbeam","floor":7.0},{"not_picked":["Static Discharge","Beam Cell","FTL"],"picked":"SKIP","floor":10.0},{"not_picked":["Steam","BootSequence"],"picked":"Genetic Algorithm","floor":12.0},{"not_picked":["FTL","Glacier"],"picked":"Creative AI+1","floor":14.0},{"not_picked":["Multi-Cast","All For One"],"picked":"Meteor Strike","floor":16.0},{"not_picked":["Cold Snap","Steam","Conserve Battery"],"picked":"SKIP","floor":18.0},{"not_picked":["Cold Snap","Force Field","Streamline"],"picked":"SKIP","floor":19.0},{"not_picked":["Gash","Sweeping Beam","Rebound"],"picked":"SKIP","floor":21.0},{"not_picked":["Leap","Self Repair+1","Steam Power"],"picked":"SKIP","floor":25.0},{"not_picked":["Multi-Cast","Streamline","Cold Snap"],"picked":"SKIP","floor":28.0},{"not_picked":["Darkness+1","Barrage+1"],"picked":"Coolheaded+1","floor":30.0},{"not_picked":["Self Repair+1","Reinforced Body"],"picked":"Compile Driver+1","floor":31.0},{"not_picked":["All For One","Reboot"],"picked":"Buffer+1","floor":33.0},{"not_picked":["Undo+1","Heatsinks+1"],"picked":"Chaos+1","floor":35.0},{"not_picked":["Gash+1","Loop+1","Stack+1"],"picked":"SKIP","floor":35.0},{"not_picked":["Redo+1","Amplify","Cold Snap"],"picked":"SKIP","floor":41.0},{"not_picked":["Stack","Cold Snap+1","BootSequence"],"picked":"SKIP","floor":45.0},{"not_picked":["Steam Power+1","White Noise+1"],"picked":"Coolheaded+1","floor":46.0},{"not_picked":["Rip and Tear","Turbo"],"picked":"Skim+1","floor":46.0},{"not_picked":["Chaos","Hello World+1"],"picked":"Loop+1","floor":54.0}],"player_experience":194558,"relics_obtained":[{"floor":7.0,"key":"Matryoshka"},{"floor":9.0,"key":"Boot"},{"floor":9.0,"key":"Pocketwatch"},{"floor":10.0,"key":"Shovel"},{"floor":11.0,"key":"Frozen Egg 2"},{"floor":12.0,"key":"Cables"},{"floor":13.0,"key":"CeramicFish"},{"floor":14.0,"key":"Ancient Tea Set"},{"floor":15.0,"key":"Old Coin"},{"floor":22.0,"key":"Bronze Scales"},{"floor":22.0,"key":"The Courier"},{"floor":24.0,"key":"Meat on the Bone"},{"floor":25.0,"key":"Lantern"},{"floor":26.0,"key":"Ice Cream"},{"floor":29.0,"key":"Blue Candle"},{"floor":30.0,"key":"Lizard Tail"},{"floor":31.0,"key":"CaptainsWheel"},{"floor":31.0,"key":"Bottled Tornado"},{"floor":32.0,"key":"Prayer Wheel"},{"floor":40.0,"key":"Mercury Hourglass"},{"floor":41.0,"key":"Centennial Puzzle"},{"floor":42.0,"key":"War Paint"},{"floor":44.0,"key":"InkBottle"},{"floor":45.0,"key":"Dream Catcher"},{"floor":47.0,"key":"Unceasing Top"},{"floor":48.0,"key":"Ginger"},{"floor":52.0,"key":"Pantograph"},{"floor":54.0,"key":"Pear"}],"event_choices":[{"damage_healed":0.0,"max_hp_gain":0.0,"max_hp_loss":0.0,"gold_gain":75.0,"event_name":"World of Goop","player_choice":"Gather Gold","floor":4.0,"gold_loss":0.0,"damage_taken":11.0},{"damage_healed":0.0,"max_hp_gain":0.0,"max_hp_loss":0.0,"gold_gain":0.0,"event_name":"Accursed Blacksmith","player_choice":"Rummage","floor":5.0,"gold_loss":0.0,"damage_taken":0.0,"relics_obtained":["WarpedTongs"],"cards_obtained":["Pain"]},{"damage_healed":0.0,"max_hp_gain":0.0,"max_hp_loss":0.0,"gold_gain":0.0,"cards_transformed":["Strike_B"],"event_name":"Transmorgrifier","player_choice":"Transformed","floor":27.0,"gold_loss":0.0,"damage_taken":0.0,"cards_obtained":["FTL"]},{"damage_healed":0.0,"max_hp_gain":0.0,"max_hp_loss":0.0,"gold_gain":0.0,"event_name":"Colosseum","player_choice":"Fight","floor":31.0,"gold_loss":0.0,"damage_taken":0.0},{"damage_healed":0.0,"max_hp_gain":0.0,"max_hp_loss":0.0,"gold_gain":0.0,"event_name":"Colosseum","player_choice":"Fought Nobs","floor":31.0,"gold_loss":0.0,"damage_taken":0.0},{"cards_removed":["FTL"],"damage_healed":0.0,"max_hp_gain":0.0,"max_hp_loss":0.0,"gold_gain":0.0,"event_name":"Falling","player_choice":"Removed Attack","floor":36.0,"gold_loss":0.0,"damage_taken":0.0},{"damage_healed":0.0,"max_hp_gain":0.0,"max_hp_loss":0.0,"gold_gain":0.0,"event_name":"Tomb of Lord Red Mask","player_choice":"Ignored","floor":38.0,"gold_loss":0.0,"damage_taken":0.0},{"damage_healed":0.0,"max_hp_gain":0.0,"max_hp_loss":0.0,"gold_gain":0.0,"event_name":"Mysterious Sphere","player_choice":"Fight","floor":47.0,"gold_loss":0.0,"damage_taken":0.0},{"damage_healed":0.0,"max_hp_gain":0.0,"max_hp_loss":0.0,"gold_gain":0.0,"event_name":"MindBloom","player_choice":"Fight","floor":48.0,"gold_loss":0.0,"damage_taken":0.0}],"is_beta":false,"boss_relics":[{"not_picked":["Velvet Choker","SlaversCollar"],"picked":"Inserter"},{"not_picked":["Philosopher\u0027s Stone","Runic Pyramid"],"picked":"Coffee Dripper"}],"items_purged_floors":[20,23,37,39],"is_endless":false,"potions_floor_spawned":[3,10,14,16,18,25,31,33,35,47,48],"ascension_level":4}}