{"host":"39ak8fbxntk7f8my","time":1609054061,"event":{"mods":["AchievementEnabler","Act Like it!","Ascension Reborn","BaseMod","Challenge The Spire","Colored Map","Colored Powertips","Conspire","Custom Start","Highlight Path","HumanHunterMod(怪物杀人mod)","Marked Mod","Minty Spire (QoL Compilation)","MostiFishMod","Quick Restart","Rare Cards Sparkle","Relic Stats","Reorder Act Four","Replay The Spire","RumiaBox-露米娅的神秘盒子","Ryuuou龙王","Shop Mod","Spicy Shops","StSLib","SuperFastMode","Uncapped","Waifu the Spire","noobMod","【功能Mod】混沌之环修复补丁","【功能Mod】聪明的最终Boss"],"gold_per_floor":[296,296,314],"floor_reached":4,"playtime":363,"items_purged":[],"score":297,"play_id":"8b7a2596-714d-494f-8944-6b884181e188","local_time":"20201227152741","is_ascension_mode":true,"campfire_choices":[],"circlet_count":1,"master_deck":["Strike_R","Strike_R","Strike_R","Strike_R","Strike_R","Defend_R","Defend_R","Defend_R","Defend_R","Bash","Hemogenesis","Blood for Blood+1"],"relics":["Burning Blood","DaveBox","ice","NeowsBlessing","Transparent","The Courier","The Courier","Circlet","NightmareShop","AddBug","SecretRecord","Baka2"],"acts_visited":["Exordium","TheCity","TheBeyond"],"potions_floor_usage":[],"damage_taken":[{"damage":16,"enemies":"Fading Forest","floor":0,"turns":2},{"damage":8,"enemies":"conspire:MysteriousRune","floor":1,"turns":1},{"damage":51,"enemies":"3 Shapes","floor":3,"turns":2},{"damage":28,"enemies":"Donu and Deca","floor":3,"turns":1}],"seed_played":"-1502090705708581976","potions_obtained":[{"floor":0,"key":"Dexterity Potion"}],"is_trial":false,"path_per_floor":[null,null,"M",null],"character_chosen":"IRONCLAD","items_purchased":[],"campfire_rested":0,"item_purchase_floors":[],"current_hp_per_floor":[80,80,80],"gold":314,"neow_bonus":"THREE_ENEMY_KILL","is_daily":false,"chose_seed":false,"campfire_upgraded":0,"win_rate":0.0,"timestamp":1609054061,"path_taken":["BOSS","BOSS","M","BOSS"],"items_purchased_type":[],"build_version":"2020-12-22","purchased_purges":0,"victory":true,"max_hp_per_floor":[80,80,80],"relic_stats":{"counters":[4,6],"obtain_stats":[{"Baka2":3,"DaveBox":0,"NeowsBlessing":0,"Transparent":0,"NightmareShop":1,"Circlet":0,"The Courier":0,"AddBug":1,"SecretRecord":1,"ice":0,"Baka":1,"Burning Blood":0},{"Baka2":3,"DaveBox":0,"NeowsBlessing":0,"Transparent":0,"NightmareShop":1,"Circlet":1,"The Courier":1,"AddBug":2,"SecretRecord":2,"ice":0,"Baka":2,"Burning Blood":0},{"Baka2":5,"DaveBox":0,"NeowsBlessing":0,"Transparent":0,"NightmareShop":2,"Circlet":2,"The Courier":2,"AddBug":3,"SecretRecord":3,"ice":0,"Baka":3,"Burning Blood":0}],"Burning Blood":24},"card_choices":[{"not_picked":["Double Tap","Demonic Infusion"],"picked":"Hemogenesis","floor":1},{"not_picked":["Thunderclap+1","Headbutt+1"],"picked":"Blood for Blood+1","floor":3}],"player_experience":120912,"relics_obtained":[{"floor":1,"key":"AddBug"},{"floor":1,"key":"Baka"},{"floor":1,"key":"SynthV:TestCard"},{"floor":3,"key":"Baka2"}],"event_choices":[],"is_beta":false,"boss_relics":[{"not_picked":["GreenFoldingFan","OneHitWonderSystem"],"picked":"NightmareShop"},{"not_picked":["TimeKeys","Replay:Drink Me"],"picked":"Runic Cube"}],"items_purged_floors":[],"is_endless":false,"potions_floor_spawned":[0],"ascension_level":0}}