{"host":"26mrfot5w7uj2ebc","time":1609075611,"event":{"mods":["AchievementEnabler","BaseMod","Colored Map","Minty Spire (QoL Compilation)"],"gold_per_floor":[110,28,203,215,215,215,242,242,269,294,309,320,345,356,356,461,461,479,490,92,102,102,128,128,28,28,44,44,58,58,69,69,164,164,183,183,183,195,211,211,221,221,221,240,240,267,267,284,284,284,284,284,29,63,63,63],"floor_reached":55,"playtime":1710,"items_purged":["Doubt","Defend_R"],"score":718,"play_id":"5a27bc95-8023-4c14-84d1-485983a38c46","local_time":"20201227222651","is_ascension_mode":true,"campfire_choices":[{"data":"Seeing Red","floor":6.0,"key":"SMITH"},{"data":"Armaments","floor":8.0,"key":"SMITH"},{"floor":15.0,"key":"REST"},{"floor":24.0,"key":"REST"},{"floor":30.0,"key":"REST"},{"floor":32.0,"key":"RECALL"},{"floor":40.0,"key":"REST"},{"floor":42.0,"key":"REST"},{"floor":45.0,"key":"REST"},{"floor":47.0,"key":"REST"},{"floor":49.0,"key":"REST"},{"data":"Rage","floor":52.0,"key":"SMITH"}],"circlet_count":0,"master_deck":["Strike_R","Strike_R+1","Strike_R","Strike_R","Strike_R","Defend_R+1","Defend_R+1","Defend_R","Bash+1","Seeing Red+1","Infernal Blade","Dual Wield","Armaments+1","Warcry","Inflame","Pommel Strike","Disarm","Demon Form+1","Rage+1","Clash","Spot Weakness","Offering","Twin Strike","Sword Boomerang","Offering+1","Clothesline","Mind Blast","Rage+1","Clash","Shame","Shame","Warcry+1","Warcry+1"],"relics":["Burning Blood","NeowsBlessing","Pantograph","Happy Flower","Strawberry","Toy Ornithopter","Busted Crown","Oddly Smooth Stone","Bronze Scales","Potion Belt","Tiny Chest","Cursed Key","Akabeko","Whetstone","War Paint"],"acts_visited":["Exordium","TheCity","TheBeyond","TheEnding"],"potions_floor_usage":[54,54,54,55,55],"damage_taken":[{"damage":0.0,"enemies":"Small Slimes","floor":1.0,"turns":1.0},{"damage":0.0,"enemies":"2 Louse","floor":4.0,"turns":1.0},{"damage":0.0,"enemies":"3 Sentries","floor":7.0,"turns":1.0},{"damage":20.0,"enemies":"Lagavulin","floor":10.0,"turns":5.0},{"damage":0.0,"enemies":"Jaw Worm","floor":11.0,"turns":1.0},{"damage":35.0,"enemies":"Gremlin Gang","floor":12.0,"turns":9.0},{"damage":17.0,"enemies":"3 Sentries","floor":13.0,"turns":6.0},{"damage":21.0,"enemies":"Exordium Thugs","floor":14.0,"turns":5.0},{"damage":65.0,"enemies":"Slime Boss","floor":16.0,"turns":9.0},{"damage":22.0,"enemies":"2 Thieves","floor":18.0,"turns":4.0},{"damage":29.0,"enemies":"3 Byrds","floor":19.0,"turns":6.0},{"damage":14.0,"enemies":"Centurion and Healer","floor":21.0,"turns":4.0},{"damage":21.0,"enemies":"Book of Stabbing","floor":23.0,"turns":4.0},{"damage":6.0,"enemies":"Snake Plant","floor":27.0,"turns":3.0},{"damage":19.0,"enemies":"Snecko","floor":29.0,"turns":5.0},{"damage":26.0,"enemies":"Centurion and Healer","floor":31.0,"turns":5.0},{"damage":47.0,"enemies":"Champ","floor":33.0,"turns":6.0},{"damage":10.0,"enemies":"Orb Walker","floor":35.0,"turns":2.0},{"damage":11.0,"enemies":"3 Shapes","floor":38.0,"turns":4.0},{"damage":68.0,"enemies":"Spire Growth","floor":39.0,"turns":4.0},{"damage":58.0,"enemies":"Sphere and 2 Shapes","floor":41.0,"turns":5.0},{"damage":38.0,"enemies":"Transient","floor":44.0,"turns":5.0},{"damage":23.0,"enemies":"Spire Growth","floor":48.0,"turns":3.0},{"damage":82.0,"enemies":"Awakened One","floor":50.0,"turns":11.0},{"damage":97,"enemies":"Shield and Spear","floor":54,"turns":8},{"damage":83,"enemies":"The Heart","floor":55,"turns":3}],"seed_played":"7559857763505008323","potions_obtained":[{"floor":4.0,"key":"EssenceOfSteel"},{"floor":7.0,"key":"AttackPotion"},{"floor":11.0,"key":"BloodPotion"},{"floor":14.0,"key":"Fire Potion"},{"floor":16.0,"key":"GamblersBrew"},{"floor":19.0,"key":"GamblersBrew"},{"floor":23.0,"key":"Weak Potion"},{"floor":33.0,"key":"GamblersBrew"},{"floor":39.0,"key":"HeartOfIron"},{"floor":48.0,"key":"Regen Potion"},{"floor":54,"key":"Fruit Juice"}],"is_trial":false,"path_per_floor":["M","$","?","M","?","R","E","R","T","E","M","M","E","M","R","B",null,"M","M","$","M","?","E","R","$","T","M","?","M","R","M","R","B",null,"M","$","?","M","M","R","M","R","T","M","R","T","R","M","R","B",null,"R","$","E","B"],"character_chosen":"IRONCLAD","items_purchased":["Infernal Blade","Strength Potion","FairyPotion","Spot Weakness","Oddly Smooth Stone","Whetstone","EntropicBrew"],"campfire_rested":8,"item_purchase_floors":[2,2,20,20,20,53,53],"current_hp_per_floor":[80,80,80,80,64,64,70,70,70,63,69,40,29,14,40,11,87,71,48,48,40,40,25,51,51,51,56,56,43,69,49,49,33,87,83,83,83,78,16,42,17,43,43,11,37,37,63,46,72,16,87,87,87,46,0,0],"gold":63,"neow_bonus":"THREE_ENEMY_KILL","is_daily":false,"chose_seed":false,"campfire_upgraded":3,"win_rate":0.0,"timestamp":1609075611,"path_taken":["M","$","?","M","?","R","E","R","T","E","M","?","E","?","R","BOSS","M","M","$","M","?","E","R","$","T","M","?","M","R","M","R","BOSS","M","?","?","M","M","R","M","R","T","M","R","?","R","M","R","BOSS","R","$","E","BOSS"],"items_purchased_type":["Card","Potion","Potion","Card","Relic","Relic","Potion"],"build_version":"2020-12-22","purchased_purges":2,"victory":false,"max_hp_per_floor":[80,80,80,80,80,80,80,80,80,87,87,87,87,87,87,87,87,87,87,87,87,87,87,87,87,87,87,87,87,87,87,87,87,87,87,87,87,87,87,87,87,87,87,87,87,87,87,87,87,87,87,87,87,92,92,92],"card_choices":[{"not_picked":["Flex","Wild Strike"],"picked":"Seeing Red","floor":1.0},{"not_picked":["Ghostly Armor","Wild Strike"],"picked":"Dual Wield","floor":4.0},{"not_picked":["Flame Barrier","Whirlwind"],"picked":"Armaments","floor":7.0},{"not_picked":["Thunderclap","Anger"],"picked":"Warcry","floor":10.0},{"not_picked":["Burning Pact","Wild Strike","Flex"],"picked":"SKIP","floor":11.0},{"not_picked":["Thunderclap","Cleave"],"picked":"Inflame","floor":12.0},{"not_picked":["True Grit","Bludgeon"],"picked":"Pommel Strike","floor":13.0},{"not_picked":["Rupture","Body Slam"],"picked":"Disarm","floor":14.0},{"not_picked":["Exhume","Brutality"],"picked":"Demon Form","floor":16.0},{"not_picked":[],"picked":"Rage","floor":18.0},{"not_picked":[],"picked":"Clash","floor":19.0},{"not_picked":["Anger"],"picked":"SKIP","floor":21.0},{"not_picked":[],"picked":"Offering","floor":23.0},{"not_picked":[],"picked":"Twin Strike","floor":27.0},{"not_picked":[],"picked":"Sword Boomerang","floor":29.0},{"not_picked":["Sword Boomerang"],"picked":"SKIP","floor":31.0},{"not_picked":[],"picked":"Offering","floor":33.0},{"not_picked":[],"picked":"Clothesline","floor":35.0},{"not_picked":[],"picked":"Mind Blast","floor":37.0},{"not_picked":[],"picked":"Rage+1","floor":38.0},{"not_picked":["Armaments"],"picked":"SKIP","floor":39.0},{"not_picked":[],"picked":"Clash","floor":41.0},{"not_picked":["Pommel Strike"],"picked":"SKIP","floor":44.0},{"not_picked":[],"picked":"Warcry","floor":48.0},{"not_picked":[],"picked":"Warcry+1","floor":54}],"player_experience":218204,"relics_obtained":[{"floor":7.0,"key":"Pantograph"},{"floor":9.0,"key":"Happy Flower"},{"floor":10.0,"key":"Strawberry"},{"floor":13.0,"key":"Toy Ornithopter"},{"floor":23.0,"key":"Potion Belt"},{"floor":26.0,"key":"Tiny Chest"},{"floor":46.0,"key":"Akabeko"},{"floor":54,"key":"War Paint"}],"event_choices":[{"damage_healed":0.0,"max_hp_gain":0.0,"max_hp_loss":0.0,"gold_gain":175.0,"event_name":"Liars Game","player_choice":"AGREE","floor":3.0,"gold_loss":0.0,"damage_taken":0.0,"cards_obtained":["Doubt"]},{"damage_healed":0.0,"max_hp_gain":0.0,"max_hp_loss":0.0,"gold_gain":0.0,"event_name":"Shining Light","player_choice":"Entered Light","floor":5.0,"gold_loss":0.0,"damage_taken":16.0,"cards_upgraded":["Defend_R","Defend_R"]},{"damage_healed":0.0,"max_hp_gain":0.0,"max_hp_loss":0.0,"gold_gain":0.0,"event_name":"The Mausoleum","player_choice":"Opened","floor":22.0,"gold_loss":0.0,"damage_taken":0.0,"relics_obtained":["Bronze Scales"]},{"damage_healed":0.0,"max_hp_gain":0.0,"max_hp_loss":0.0,"gold_gain":0.0,"event_name":"Upgrade Shrine","player_choice":"Upgraded","floor":28.0,"gold_loss":0.0,"damage_taken":0.0,"cards_upgraded":["Demon Form"]},{"damage_healed":0.0,"max_hp_gain":0.0,"max_hp_loss":0.0,"gold_gain":0.0,"event_name":"SensoryStone","player_choice":"Memory 1","floor":37.0,"gold_loss":0.0,"damage_taken":0.0}],"is_beta":false,"boss_relics":[{"not_picked":["Sozu","Empty Cage"],"picked":"Busted Crown"},{"not_picked":["Runic Cube","Black Blood"],"picked":"Cursed Key"}],"items_purged_floors":[20,25],"is_endless":false,"potions_floor_spawned":[4,7,11,14,16,19,21,23,33,39,48,54],"killed_by":"The Heart","ascension_level":1}}