{"host":"6qo42zgaknezulyg","time":1609059611,"event":{"mods":["2.2 Compatiblity","BaseMod","Colored Map","Downfall","Highlight Path","Keyboard Shortcuts","Minty Spire (QoL Compilation)","Permanent Neow","Quick Restart","StSLib","SuperFastMode"],"gold_per_floor":[349,369,383,383,214,228,228,228,256,272,299,332,332,82,98,201,201,201,219,219,219,219,239,239,239,250,250,135,150,150,170,180,284,284,284,311,26,26,26,26,50,50,50,50,79,79,79,97,113,113],"floor_reached":51,"playtime":2485,"items_purged":["champ:Strike","champ:MurderStrike"],"score":1085,"play_id":"e6d165b0-7be2-406a-874f-260ad9856509","local_time":"20201227180011","is_ascension_mode":true,"campfire_choices":[{"data":"champ:Taunt","floor":1.0,"key":"SMITH"},{"floor":13.0,"key":"REST"},{"data":"expansioncontent:DashGenerateEvil","floor":18.0,"key":"SMITH"},{"data":"champ:Improvising","floor":30.0,"key":"SMITH"},{"data":"champ:Aggression","floor":35.0,"key":"SMITH"},{"data":"expansioncontent:QuickStudy","floor":40,"key":"SMITH"},{"data":"champ:Aggression","floor":42,"key":"SMITH"},{"floor":44,"key":"REST"},{"floor":47,"key":"REST"}],"circlet_count":0,"master_deck":["AscendersBane","champ:Strike","champ:Defend","champ:Defend","champ:Defend","champ:Execute","champ:Taunt+1","champ:AdrenalArmor","champ:RecklessLeap","champ:FaceSlap","champ:HoldFirm","champ:Aggression+1","expansioncontent:DashGenerateEvil+1","champ:Haymaker","champ:Improvising+1","champ:ShieldThrow","champ:FocusedDefense+1","champ:Aggression+1","champ:Backstep+1","champ:CrookedStrike+1","champ:SteelEdge+1","expansioncontent:QuickStudy+1","expansioncontent:Flail+1","champ:ArenaPreparation","champ:Shatter+1"],"relics":["champ:ChampionCrown","InkBottle","Kunai","Bronze Scales","Darkstone Periapt","sneckomod:SneckoTalon","Molten Egg 2","Sozu","Nunchaku","Gambling Chip","Pen Nib","champ:FightingForDummies","Gremlin Horn","Anchor"],"acts_visited":["Exordium","TheCity","TheBeyond"],"potions_floor_usage":[50],"damage_taken":[{"damage":10.0,"enemies":"Jaw Worm","floor":2.0,"turns":4.0},{"damage":11.0,"enemies":"Cultist","floor":3.0,"turns":4.0},{"damage":10.0,"enemies":"downfall:FleeingMerchant","floor":5.0,"turns":4.0},{"damage":22.0,"enemies":"Small Slimes","floor":6.0,"turns":3.0},{"damage":31.0,"enemies":"Lagavulin","floor":9.0,"turns":5.0},{"damage":31.0,"enemies":"Blue Slaver","floor":10.0,"turns":5.0},{"damage":45.0,"enemies":"3 Sentries","floor":12.0,"turns":7.0},{"damage":26.0,"enemies":"downfall:FleeingMerchant","floor":14.0,"turns":4.0},{"damage":7.0,"enemies":"2 Fungi Beasts","floor":15.0,"turns":3.0},{"damage":58.0,"enemies":"downfall:Defect","floor":16.0,"turns":5.0},{"damage":8.0,"enemies":"Spheric Guardian","floor":19.0,"turns":1.0},{"damage":0.0,"enemies":"Chosen","floor":22.0,"turns":1.0},{"damage":32.0,"enemies":"3 Cultists","floor":23.0,"turns":5.0},{"damage":8.0,"enemies":"Sentry and Sphere","floor":26.0,"turns":3.0},{"damage":14.0,"enemies":"downfall:FleeingMerchant","floor":28.0,"turns":4.0},{"damage":25.0,"enemies":"Centurion and Healer","floor":29.0,"turns":4.0},{"damage":4.0,"enemies":"Snake Plant","floor":31.0,"turns":2.0},{"damage":30.0,"enemies":"Snecko","floor":32.0,"turns":4.0},{"damage":77.0,"enemies":"downfall:Watcher","floor":33.0,"turns":11.0},{"damage":31.0,"enemies":"downfall:FleeingMerchant","floor":37.0,"turns":4.0},{"damage":45,"enemies":"Nemesis","floor":45,"turns":5},{"damage":32,"enemies":"3 Shapes","floor":48,"turns":2},{"damage":15,"enemies":"Orb Walker","floor":49,"turns":2},{"damage":92,"enemies":"downfall:Ironclad","floor":50,"turns":10}],"seed_played":"-7379628566144517765","potions_obtained":[{"floor":2.0,"key":"SpeedPotion"},{"floor":8.0,"key":"CultistPotion"},{"floor":8.0,"key":"AttackPotion"},{"floor":9.0,"key":"LiquidBronze"},{"floor":19.0,"key":"champ:CounterPotion"},{"floor":31.0,"key":"Ancient Potion"},{"floor":33.0,"key":"AttackPotion"}],"is_trial":false,"path_per_floor":["R","M","M","?","$","M","T","?","E","M","T","E","R","$","M","B",null,"R","M","?","?","M","M","T","?","M","?","$","M","R","M","M","B",null,"R","?","$","?","?","R","T","R","T","R","E","?","R","M","M","B",null],"character_chosen":"THE_CHAMP","items_purchased":["champ:RecklessLeap","champ:Aggression","expansioncontent:DashGenerateEvil","expansioncontent:QuickStudy","Gambling Chip","Pen Nib"],"campfire_rested":3,"item_purchase_floors":[5,14,14,37,37,37],"current_hp_per_floor":[81,81,75,75,75,75,75,75,71,59,59,39,63,63,63,29,68,68,68,68,68,68,68,68,68,65,65,62,60,60,56,35,14,64,64,64,61,61,61,61,61,61,61,81,64,64,81,81,81,47],"gold":113,"neow_bonus":"TWO_FIFTY_GOLD","is_daily":false,"chose_seed":false,"campfire_upgraded":6,"win_rate":0.0,"timestamp":1609059611,"path_taken":["R","M","M","?","$","M","T","?","E","?","?","E","R","$","M","BOSS","R","M","?","?","M","M","T","?","?","?","$","M","R","M","M","BOSS","R","?","$","?","?","R","T","R","?","R","E","?","R","M","M","BOSS"],"items_purchased_type":["Card","Card","Card","Card","Relic","Relic"],"build_version":"2020-12-22","purchased_purges":2,"victory":true,"max_hp_per_floor":[81,81,81,81,81,81,81,81,81,81,81,81,81,81,81,81,81,81,81,81,81,81,81,81,81,81,81,81,81,81,81,81,81,81,81,81,81,81,81,81,81,81,81,81,81,81,81,81,81,81],"card_choices":[{"not_picked":["champ:ShieldSigil","champ:BerserkersShout","champ:StanceDance"],"picked":"SKIP","floor":2.0},{"not_picked":["champ:Riposte","champ:FlashCut","champ:Circumvent"],"picked":"SKIP","floor":3.0},{"not_picked":["champ:StanceDance","champ:PerfectedStrike"],"picked":"champ:AdrenalArmor","floor":5.0},{"not_picked":["champ:BladeFlurry","champ:BerserkersShout","champ:RageSigil"],"picked":"SKIP","floor":6.0},{"not_picked":["champ:BladeFlurry","champ:BerserkersShout","champ:RageSigil"],"picked":"SKIP","floor":6.0},{"not_picked":["champ:HeartStrike","champ:ShieldSigil","champ:GutPunch"],"picked":"SKIP","floor":9.0},{"not_picked":["champ:RapidStrikes","champ:GladiatorStyle"],"picked":"champ:FaceSlap","floor":10.0},{"not_picked":["champ:CalledShot","champ:DefensiveShout","champ:GladiatorsShout"],"picked":"SKIP","floor":12.0},{"not_picked":["champ:ShieldWall","champ:EnGarde"],"picked":"champ:HoldFirm","floor":14.0},{"not_picked":["champ:GladiatorsShout","champ:ShieldSigil"],"picked":"champ:Haymaker","floor":15.0},{"not_picked":["champ:HeavySlash","champ:EnchantSword"],"picked":"champ:Improvising","floor":16.0},{"not_picked":["champ:CalledShot","champ:StanceDance","champ:DeathBlow"],"picked":"SKIP","floor":19.0},{"not_picked":["champ:DefensiveStyle","champ:FlashCut"],"picked":"champ:FocusedDefense+1","floor":22.0},{"not_picked":["champ:RageSigil","champ:Backstep"],"picked":"champ:Aggression","floor":23.0},{"not_picked":["champ:PerfectedStrike+1","champ:GladiatorsShout"],"picked":"champ:Backstep+1","floor":26.0},{"not_picked":["champ:PerfectedStrike+1","champ:EndlessRage"],"picked":"champ:CrookedStrike+1","floor":28.0},{"not_picked":["champ:GladiatorStyle","champ:BerserkersShout","champ:EnGarde"],"picked":"SKIP","floor":29.0},{"not_picked":["champ:LastStand","champ:BringItOn","champ:TornadoPunch+1"],"picked":"SKIP","floor":31.0},{"not_picked":["champ:StanceDance+1","champ:RapidStrikes+1","champ:RageSigil"],"picked":"SKIP","floor":32.0},{"not_picked":["champ:ShieldSlam+1","champ:MurderStrike+1"],"picked":"champ:SteelEdge+1","floor":33.0},{"not_picked":["champ:PerfectedStrike+1","champ:AdrenalArmor","champ:IronFortress"],"picked":"SKIP","floor":37.0},{"not_picked":["expansioncontent:Hexaburn+1","expansioncontent:YouAreMine"],"picked":"expansioncontent:Flail+1","floor":39},{"not_picked":["champ:Duel+1","champ:Riposte"],"picked":"champ:ArenaPreparation","floor":45},{"not_picked":["champ:Shatter+1","champ:FlashCut+1","champ:EnchantShield"],"picked":"SKIP","floor":48},{"not_picked":["champ:FlashCut+1","champ:EnchantShield"],"picked":"champ:Shatter+1","floor":48},{"not_picked":["champ:PerfectedStrike+1","champ:Circumvent","champ:GladiatorsShout"],"picked":"SKIP","floor":49}],"player_experience":1067705,"relics_obtained":[{"floor":7.0,"key":"InkBottle"},{"floor":9.0,"key":"Kunai"},{"floor":11.0,"key":"Bronze Scales"},{"floor":12.0,"key":"Darkstone Periapt"},{"floor":24.0,"key":"Molten Egg 2"},{"floor":36.0,"key":"Nunchaku"},{"floor":41,"key":"champ:FightingForDummies"},{"floor":43,"key":"Gremlin Horn"},{"floor":45,"key":"Anchor"}],"event_choices":[{"damage_healed":0.0,"max_hp_gain":0.0,"max_hp_loss":0.0,"gold_gain":0.0,"event_name":"Lab","player_choice":"Got Potions","floor":8.0,"gold_loss":0.0,"damage_taken":0.0},{"damage_healed":0.0,"max_hp_gain":0.0,"max_hp_loss":0.0,"gold_gain":0.0,"cards_transformed":["champ:Strike","champ:Strike"],"event_name":"Drug Dealer","player_choice":"Became Test Subject","floor":20.0,"gold_loss":0.0,"damage_taken":0.0,"cards_obtained":["champ:MurderStrike","champ:ShieldThrow"]},{"damage_healed":0.0,"max_hp_gain":0.0,"max_hp_loss":0.0,"gold_gain":0.0,"event_name":"Vampires","player_choice":"Ignored","floor":21.0,"gold_loss":0.0,"damage_taken":0.0},{"damage_healed":0.0,"max_hp_gain":0.0,"max_hp_loss":0.0,"gold_gain":0.0,"event_name":"FaceTrader","player_choice":"Leave","floor":25.0,"gold_loss":0.0,"damage_taken":0.0},{"damage_healed":0.0,"max_hp_gain":0.0,"max_hp_loss":0.0,"gold_gain":0.0,"event_name":"Mysterious Sphere","player_choice":"Ignored","floor":38.0,"gold_loss":0.0,"damage_taken":0.0},{"cards_removed":["champ:Defend"],"damage_healed":0,"gold_gain":0,"player_choice":"Removed Skill","damage_taken":0,"max_hp_gain":0,"max_hp_loss":0,"event_name":"Falling","floor":46,"gold_loss":0}],"is_beta":false,"boss_relics":[{"not_picked":["Pandora\u0027s Box","SlaversCollar"],"picked":"sneckomod:SneckoTalon"},{"not_picked":["Runic Dome","Coffee Dripper"],"picked":"Sozu"}],"items_purged_floors":[5,28],"is_endless":false,"potions_floor_spawned":[2,9,12,15,19,31,33,45],"ascension_level":12}}