{"host":"dpbezu80jg8zk7un","time":1609109902,"event":{"mods":["BaseMod","Colored Map","Colored Powertips","Custom Start","DeckTracker","Minty Spire (QoL Compilation)","Quick Restart","StSLib","SuperFastMode"],"gold_per_floor":[16,16,29,42,58,58,58,81,162,175,200,36,55,72,72,148,148,162,172,97,112,112,112,147,147,147,147,164,180,180,2,2,2,2],"floor_reached":33,"playtime":1281,"items_purged":["Strike_G","Skewer"],"score":538,"play_id":"f81a0f64-90e0-4d7f-9735-4de92a375f2b","local_time":"20201228075822","is_ascension_mode":true,"campfire_choices":[{"data":"Poisoned Stab","floor":6.0,"key":"SMITH"},{"floor":15.0,"key":"REST"},{"floor":23.0,"key":"REST"},{"data":"Prepared","floor":25.0,"key":"SMITH"},{"data":"Tactician","floor":27.0,"key":"SMITH"},{"data":"Noxious Fumes","floor":32,"key":"SMITH"}],"circlet_count":0,"master_deck":["AscendersBane","Defend_G","Defend_G","Defend_G","Survivor","Neutralize","Backflip","PiercingWail","Poisoned Stab+1","Tactician+1","Prepared+1","Adrenaline","Noxious Fumes+1","Bouncing Flask","Adrenaline","Venomology","Terror+1","Bouncing Flask+1","Choke+1","Dagger Throw+1","Corpse Explosion","Well Laid Plans"],"relics":["Ring of the Snake","Odd Mushroom","Ornamental Fan","Anchor","Astrolabe","Eternal Feather","InkBottle"],"acts_visited":["Exordium","TheCity"],"potions_floor_usage":[33,33,33],"damage_taken":[{"damage":2.0,"enemies":"Small Slimes","floor":1.0,"turns":5.0},{"damage":0.0,"enemies":"Cultist","floor":3.0,"turns":3.0},{"damage":0.0,"enemies":"2 Louse","floor":4.0,"turns":3.0},{"damage":12.0,"enemies":"Large Slime","floor":5.0,"turns":8.0},{"damage":12.0,"enemies":"The Mushroom Lair","floor":8.0,"turns":5.0},{"damage":2.0,"enemies":"Blue Slaver","floor":10.0,"turns":5.0},{"damage":26.0,"enemies":"3 Sentries","floor":11.0,"turns":11.0},{"damage":0.0,"enemies":"2 Fungi Beasts","floor":13.0,"turns":3.0},{"damage":0.0,"enemies":"Red Slaver","floor":14.0,"turns":3.0},{"damage":7.0,"enemies":"Slime Boss","floor":16.0,"turns":8.0},{"damage":8.0,"enemies":"2 Thieves","floor":18.0,"turns":5.0},{"damage":0.0,"enemies":"Spheric Guardian","floor":19.0,"turns":2.0},{"damage":30.0,"enemies":"Cultist and Chosen","floor":21.0,"turns":5.0},{"damage":18.0,"enemies":"Slavers","floor":24.0,"turns":6.0},{"damage":0,"enemies":"Shelled Parasite and Fungi","floor":28,"turns":3},{"damage":10,"enemies":"Snecko","floor":29,"turns":4},{"damage":54,"enemies":"Automaton","floor":33,"turns":6}],"seed_played":"-8492180714969693880","potions_obtained":[{"floor":4.0,"key":"PowerPotion"},{"floor":11.0,"key":"FearPotion"},{"floor":13.0,"key":"Fire Potion"},{"floor":18.0,"key":"PowerPotion"},{"floor":29,"key":"SkillPotion"}],"is_trial":false,"path_per_floor":["M","?","M","M","M","R","$","?","T","M","E","$","M","M","R","B",null,"M","M","$","M","?","R","E","R","T","R","M","M","?","$","R","B"],"character_chosen":"THE_SILENT","items_purchased":["Adrenaline","Noxious Fumes","Well Laid Plans"],"campfire_rested":2,"item_purchase_floors":[12,12,31],"current_hp_per_floor":[57,57,57,57,45,45,45,33,33,31,5,5,5,5,24,17,54,46,46,46,16,16,35,17,29,29,41,41,31,31,31,43,0,0],"gold":2,"neow_bonus":"REMOVE_TWO","is_daily":false,"chose_seed":false,"campfire_upgraded":4,"win_rate":0.0,"timestamp":1609109902,"path_taken":["M","?","M","?","M","R","$","?","T","M","E","$","M","M","R","BOSS","M","M","$","M","?","R","E","R","T","R","M","M","?","$","R","BOSS"],"items_purchased_type":["Card","Card","Card"],"build_version":"2020-12-22","purchased_purges":2,"victory":false,"max_hp_per_floor":[66,66,66,66,66,66,66,66,66,66,66,66,66,66,66,66,66,66,66,66,66,66,66,66,66,66,66,66,66,66,66,66,66,66],"card_choices":[{"not_picked":["Dodge and Roll","Blade Dance"],"picked":"Backflip","floor":1.0},{"not_picked":["Outmaneuver","Bane"],"picked":"PiercingWail","floor":3.0},{"not_picked":["Phantasmal Killer","Underhanded Strike"],"picked":"Poisoned Stab","floor":4.0},{"not_picked":["Underhanded Strike","Leg Sweep","Backflip"],"picked":"SKIP","floor":5.0},{"not_picked":["Catalyst","Deflect"],"picked":"Tactician","floor":8.0},{"not_picked":["Distraction","Catalyst"],"picked":"Skewer","floor":10.0},{"not_picked":["Quick Slash","Outmaneuver"],"picked":"Prepared","floor":11.0},{"not_picked":["Escape Plan","Prepared"],"picked":"Bouncing Flask","floor":13.0},{"not_picked":["Prepared","Crippling Poison"],"picked":"Adrenaline","floor":14.0},{"not_picked":["Night Terror","Adrenaline"],"picked":"Venomology","floor":16.0},{"not_picked":["Prepared","Backflip","Dagger Throw"],"picked":"SKIP","floor":18.0},{"not_picked":["Dodge and Roll","Quick Slash","Expertise"],"picked":"SKIP","floor":19.0},{"not_picked":["Heel Hook","Sucker Punch"],"picked":"Dagger Throw+1","floor":21.0},{"not_picked":["Dash","Caltrops+1","Flying Knee+1"],"picked":"SKIP","floor":24.0},{"not_picked":["Flying Knee","Calculated Gamble"],"picked":"Corpse Explosion","floor":28},{"not_picked":["Cloak And Dagger","Dagger Spray","PiercingWail"],"picked":"SKIP","floor":29}],"player_experience":2784217,"relics_obtained":[{"floor":8.0,"key":"Odd Mushroom"},{"floor":9.0,"key":"Ornamental Fan"},{"floor":11.0,"key":"Anchor"},{"floor":24.0,"key":"Eternal Feather"},{"floor":26.0,"key":"InkBottle"}],"event_choices":[{"cards_removed":["Defend_G"],"damage_healed":0.0,"max_hp_gain":0.0,"max_hp_loss":0.0,"gold_gain":0.0,"event_name":"Purifier","player_choice":"Purged","floor":2.0,"gold_loss":0.0,"damage_taken":0.0},{"damage_healed":0.0,"max_hp_gain":0.0,"max_hp_loss":0.0,"gold_gain":0.0,"event_name":"Mushrooms","player_choice":"Fought Mushrooms","floor":8.0,"gold_loss":0.0,"damage_taken":0.0},{"damage_healed":0.0,"max_hp_gain":0.0,"max_hp_loss":0.0,"gold_gain":0.0,"event_name":"Vampires","player_choice":"Ignored","floor":22.0,"gold_loss":0.0,"damage_taken":0.0},{"damage_healed":0,"gold_gain":0,"player_choice":"Ignored","damage_taken":0,"max_hp_gain":0,"max_hp_loss":0,"event_name":"Ghosts","floor":30,"gold_loss":0}],"is_beta":false,"boss_relics":[{"not_picked":["SlaversCollar","Philosopher\u0027s Stone"],"picked":"Astrolabe"}],"items_purged_floors":[20,31],"is_endless":false,"potions_floor_spawned":[4,11,13,14,18,19,29],"killed_by":"Automaton","ascension_level":20}}