{"host":"q79spna8ofw6hj3r","time":1609043213,"event":{"mods":["Aspiration","Bard","BaseMod","Beaked The Cultist","Bestiary","Better Altar","Better Match","Better Note","Better Sensory Stone","Better Skull","Better Third Choice","Better Vampires","BetterRewards","Block Reminder","Challenge The Spire","Colored Map","Colored Powertips","Conspire","Custom Start","Energized Spire","Friendly Minions","Halation","Hubris","Infinite Spire","Jedi Mod","Mimic Mod","Minty Spire (QoL Compilation)","Permanent Neow","Quick Restart","Relic Filter","Relic Sorter","Replay The Spire","Shop Mod","StSLib","SuperFastMode","Synergy Search","The Cursed","The Hierophant","The Runesmith","slay the spire mod where everything is the same but ironclad has a cowboy hat","vexMod"],"gold_per_floor":[110,110,110,110,127,127,139,139,164,135,167,179,179,192,192,294,294,310,322,322,333,352,352,372,372,372,201,201,201,213,241,241,336,336,352,370,386,386,386,386,406,436,436,436,453,488,504,530,530,530,530],"floor_reached":50,"playtime":3265,"items_purged":["Strike_G","Strike_G","Strike_G","Defend_G"],"score":747,"play_id":"7b886cbd-faeb-4537-9041-6ca94b8713b0","local_time":"20201227062653","is_ascension_mode":true,"campfire_choices":[{"data":"Acrobatics","floor":6.0,"key":"SMITH"},{"data":"The Bomb","floor":8.0,"key":"SMITH"},{"floor":15,"key":"REST"},{"data":"Strike_G","floor":23,"key":"PURGE"},{"data":"Defend_G","floor":28,"key":"PURGE"},{"floor":32,"key":"REST"},{"floor":40,"key":"REST"},{"floor":44,"key":"RECALL"},{"data":"A Thousand Cuts","floor":49,"key":"SMITH"}],"circlet_count":0,"master_deck":["Defend_G","Neutralize","The Bomb+1","Acrobatics+1","Dodge and Roll","Dodge and Roll","Dodge and Roll+1","A Thousand Cuts+1","Deflect+1","Prepared+1","Backflip+1","Outmaneuver+1","Replay:Bootleg Shield Generator+1","Burst+1","Prepared+1","Reflex+1","Calculated Gamble+1","jedi:pocketpoison+1"],"relics":["Ring of the Snake","halation:EternalFortune","Runesmith:AutoHammer","Potion Belt","betterThird:SlimedRelic","vexMod:InvisibilityCloak","Toxic Egg 2","halation:Prosthetics","hubris:Backtick","Peace Pipe","halation:OrihimeAndHikoboshiSamaAndTears","aspiration:Stabinomicon","Empty Cage","infinitespire:Cupcake","HornCleat","Golden Egg","aspiration:VileToxins"],"acts_visited":["Exordium","TheCity","TheBeyond"],"potions_floor_usage":[16,16,31,33,46,48,48],"damage_taken":[{"damage":0.0,"enemies":"Cultist","floor":1.0,"turns":3.0},{"damage":7.0,"enemies":"2 Louse","floor":5.0,"turns":3.0},{"damage":4.0,"enemies":"Jaw Worm","floor":7.0,"turns":4.0},{"damage":16.0,"enemies":"Lagavulin","floor":11.0,"turns":7.0},{"damage":5.0,"enemies":"3 Louse","floor":12.0,"turns":4.0},{"damage":2,"enemies":"Looter","floor":14,"turns":4},{"damage":3,"enemies":"Hexaghost","floor":16,"turns":14},{"damage":10,"enemies":"Chosen","floor":18,"turns":7},{"damage":9,"enemies":"3 Byrds","floor":19,"turns":4},{"damage":0,"enemies":"Snake Plant","floor":21,"turns":8},{"damage":14,"enemies":"Centurion and Healer","floor":22,"turns":6},{"damage":1,"enemies":"conspire:HollyBat","floor":24,"turns":10},{"damage":0,"enemies":"Chosen and Byrds","floor":30,"turns":9},{"damage":0,"enemies":"Book of Stabbing","floor":31,"turns":10},{"damage":10,"enemies":"Collector","floor":33,"turns":11},{"damage":0,"enemies":"3 Shapes","floor":35,"turns":3},{"damage":11,"enemies":"Orb Walker","floor":36,"turns":3},{"damage":23,"enemies":"4 Shapes","floor":37,"turns":4},{"damage":9,"enemies":"Maw","floor":41,"turns":7},{"damage":7,"enemies":"R_Hoarder","floor":42,"turns":12},{"damage":13,"enemies":"3 Darklings","floor":45,"turns":4},{"damage":0,"enemies":"Nightmare","floor":46,"turns":12},{"damage":24,"enemies":"Jaw Worm Horde","floor":47,"turns":5},{"damage":0,"enemies":"Giant Head","floor":48,"turns":6},{"damage":1,"enemies":"conspire:OrnateMirror","floor":50,"turns":7}],"seed_played":"1185728738199230922","potions_obtained":[{"floor":1.0,"key":"AttackPotion"},{"floor":7.0,"key":"Milkshake"},{"floor":14,"key":"AttackPotion"},{"floor":24,"key":"Poison Potion"},{"floor":30,"key":"Weak Potion"},{"floor":33,"key":"Energy Potion"},{"floor":41,"key":"SmokeBomb"},{"floor":45,"key":"ColorlessPotion"},{"floor":46,"key":"Dexterity Potion"},{"floor":47,"key":"AttackPotion"}],"is_trial":false,"path_per_floor":["M","?","?","?","M","R","M","R","T","?","E","M","?","M","R","B",null,"M","M","AVR","M","M","R","M","$","T","$","R","?","M","E","R","B",null,"M","M","M","HB","?","R","M","E","T","R","M","NM","M","E","R","B"],"character_chosen":"THE_SILENT","items_purchased":["Replay:Bootleg Shield Generator+1"],"campfire_rested":3,"item_purchase_floors":[27],"current_hp_per_floor":[70,70,73,66,59,59,55,55,55,44,28,23,23,21,42,39,38,28,19,19,19,15,15,14,2,2,2,2,2,5,5,17,20,44,44,33,10,10,10,23,14,38,38,38,25,25,1,1,1,0,0],"gold":530,"neow_bonus":"COLORLESS_CARD","is_daily":false,"chose_seed":false,"campfire_upgraded":3,"win_rate":0.0,"timestamp":1609043213,"path_taken":["M","?","?","?","M","R","?","R","T","?","E","M","?","M","R","BOSS","M","M","AVR","M","M","R","M","?","T","$","R","?","M","E","R","BOSS","M","M","M","HB","?","R","M","E","T","R","M","NM","?","E","R","BOSS"],"items_purchased_type":["Card"],"build_version":"2020-12-22","purchased_purges":4,"victory":false,"max_hp_per_floor":[70,70,73,73,73,73,73,73,73,73,73,73,73,73,73,73,38,38,38,38,38,38,38,38,38,38,38,38,38,41,41,41,44,44,44,44,44,44,44,44,44,44,44,44,44,44,44,44,44,44,44],"card_choices":[{"not_picked":["Outmaneuver","Deflect"],"picked":"Acrobatics","floor":1.0},{"not_picked":["Hidden Blade","Toxin Wave"],"picked":"Dodge and Roll","floor":5.0},{"not_picked":["Cloak And Dagger","Flying Knee","hubris:TrickCloak"],"picked":"SKIP","floor":7.0},{"not_picked":["PiercingWail","Bullet Time","Poisoned Stab"],"picked":"SKIP","floor":11.0},{"not_picked":["Dagger Spray","Hidden Blade"],"picked":"Dodge and Roll","floor":12},{"not_picked":["Skewer","Poisoned Stab"],"picked":"Dodge and Roll+1","floor":14},{"not_picked":["Venomology+1","jedi:rejectivetoxin+1"],"picked":"A Thousand Cuts","floor":16},{"not_picked":["Cloak And Dagger+1","Accuracy+1"],"picked":"Deflect+1","floor":18},{"not_picked":["Dodge and Roll+1","jedi:brewingpoison+1"],"picked":"Prepared+1","floor":19},{"not_picked":["Slice","Skewer+1","PiercingWail+1"],"picked":"SKIP","floor":21},{"not_picked":["PiercingWail+1","Skewer"],"picked":"Backflip+1","floor":22},{"not_picked":["Heel Hook","Acrobatics+1"],"picked":"Outmaneuver+1","floor":24},{"not_picked":["jedi:collectorvenom+1","Deadly Poison+1","Acrobatics+1"],"picked":"SKIP","floor":30},{"not_picked":["PiercingWail+1","Sucker Punch+1","Heel Hook"],"picked":"SKIP","floor":31},{"not_picked":["Atom Bomb","jedi:studyshivs+1"],"picked":"Burst+1","floor":33},{"not_picked":["Backstab+1","Draining Mist+1","Eviscerate+1"],"picked":"SKIP","floor":35},{"not_picked":["ReplayTheSpireMod:Scrap Shanks+1","Poisoned Stab","Outmaneuver+1"],"picked":"SKIP","floor":36},{"not_picked":["Bane","Dodge and Roll+1"],"picked":"Prepared+1","floor":37},{"not_picked":["Flying Knee+1","Replay:Poison Smokescreen+1"],"picked":"Reflex+1","floor":41},{"not_picked":["jedi:brewingpoison+1","jedi:studyshivs+1"],"picked":"Calculated Gamble+1","floor":42},{"not_picked":["Blade Dance+1","Acrobatics+1","Quick Slash"],"picked":"SKIP","floor":45},{"not_picked":["Deadly Poison+1","ReplayTheSpireMod:Tripwire+1","Corpse Explosion+1"],"picked":"SKIP","floor":46},{"not_picked":["Deadly Poison+1","ReplayTheSpireMod:Tripwire+1","Corpse Explosion+1"],"picked":"SKIP","floor":46},{"not_picked":["Flechettes","Infinite Blades"],"picked":"jedi:pocketpoison+1","floor":47},{"not_picked":["Poisoned Stab+1","Blade Dance+1","Backflip+1"],"picked":"SKIP","floor":48}],"player_experience":182214,"relics_obtained":[{"floor":9.0,"key":"Potion Belt"},{"floor":11.0,"key":"vexMod:InvisibilityCloak"},{"floor":26,"key":"halation:OrihimeAndHikoboshiSamaAndTears"},{"floor":30,"key":"halation:EternalFortune"},{"floor":31,"key":"aspiration:Stabinomicon"},{"floor":33,"key":"halation:EternalFortune"},{"floor":42,"key":"HornCleat"},{"floor":46,"key":"Golden Egg"},{"floor":48,"key":"aspiration:VileToxins"}],"event_choices":[{"damage_healed":0.0,"max_hp_gain":0.0,"max_hp_loss":0.0,"gold_gain":0.0,"event_name":"betterThird:BetterScrap","player_choice":"Relic ","floor":4.0,"gold_loss":0.0,"damage_taken":7.0,"cards_obtained":["Spot Weakness"]},{"damage_healed":0.0,"max_hp_gain":0.0,"max_hp_loss":0.0,"gold_gain":0.0,"event_name":"betterThird:BetterGoop","player_choice":"Slimed","floor":10.0,"gold_loss":29.0,"damage_taken":11.0},{"damage_healed":0,"gold_gain":0,"player_choice":"Gave Potion","damage_taken":0,"relics_obtained":["Toxic Egg 2"],"max_hp_gain":0,"max_hp_loss":0,"event_name":"WeMeetAgain","floor":13,"gold_loss":0},{"damage_healed":0,"gold_gain":0,"player_choice":"Leave","damage_taken":0,"max_hp_gain":0,"max_hp_loss":0,"event_name":"conspire:Investor","floor":29,"gold_loss":0},{"cards_removed":["Defend_G"],"damage_healed":0,"gold_gain":0,"player_choice":"Offered Basic","damage_taken":0,"max_hp_gain":0,"max_hp_loss":0,"event_name":"Bonfire Elementals","floor":39,"gold_loss":0}],"is_beta":false,"boss_relics":[{"not_picked":["Ring of Chaos","WristBlade"],"picked":"halation:Prosthetics"},{"not_picked":["energizedSpire:NeverEndingSparkler","Snecko Eye"],"picked":"Empty Cage"}],"items_purged_floors":[20,25,25,27],"is_endless":true,"potions_floor_spawned":[1,7,14,24,30,33,41,45,46,47],"killed_by":"conspire:OrnateMirror","ascension_level":2}}