{"host":"6r3ioyv75hs1gp74","time":1609030349,"event":{"mods":["AchievementEnabler","BaseMod","Colored Map","Colored Powertips","Minty Spire (QoL Compilation)"],"gold_per_floor":[15,15,35,47,65,65,15,15,38,38,53,85,102,82,82,180,180,197,40,53,70,24,24,24,24,93,108,108,126,160,160,160,255,255,267,286,41,41,41,41,41],"floor_reached":40,"playtime":2870,"items_purged":["Strike_B"],"score":428,"play_id":"9f4ee3b0-1544-4beb-b080-4f95ed0b6bb8","local_time":"20201227005229","is_ascension_mode":true,"campfire_choices":[{"floor":6,"key":"REST"},{"data":"Machine Learning","floor":8,"key":"SMITH"},{"data":"Machine Learning","floor":15,"key":"SMITH"},{"floor":23,"key":"REST"},{"data":"Zap","floor":25,"key":"SMITH"},{"data":"Dualcast","floor":28,"key":"SMITH"},{"floor":32,"key":"REST"}],"circlet_count":0,"master_deck":["Strike_B","Strike_B","Defend_B","Defend_B","Defend_B","Zap+1","Dualcast+1","Machine Learning+1","Auto Shields","Machine Learning+1","Conserve Battery","FTL","Blizzard","Ball Lightning","Barrage","Reboot","Beam Cell","Sweeping Beam","Compile Driver","Cold Snap","FTL","Steam","Heatsinks","Electrodynamics","Barrage+1","Redo+1","Steam"],"relics":["Cracked Core","Regal Pillow","Juzu Bracelet","Black Star","Happy Flower","Letter Opener","Unceasing Top","Pen Nib","Nuclear Battery","PrismaticShard"],"acts_visited":["Exordium","TheCity","TheBeyond"],"potions_floor_usage":[5,16,20,21,30,31,33,40],"damage_taken":[{"damage":6,"enemies":"Jaw Worm","floor":1,"turns":3},{"damage":1,"enemies":"Cultist","floor":3,"turns":4},{"damage":6,"enemies":"2 Louse","floor":4,"turns":3},{"damage":13,"enemies":"Lots of Slimes","floor":5,"turns":4},{"damage":2,"enemies":"2 Fungi Beasts","floor":11,"turns":4},{"damage":4,"enemies":"Lagavulin","floor":12,"turns":8},{"damage":6,"enemies":"Red Slaver","floor":13,"turns":3},{"damage":27,"enemies":"The Guardian","floor":16,"turns":11},{"damage":3,"enemies":"Chosen","floor":18,"turns":5},{"damage":9,"enemies":"3 Byrds","floor":20,"turns":5},{"damage":20,"enemies":"Centurion and Healer","floor":21,"turns":5},{"damage":22,"enemies":"Snake Plant","floor":27,"turns":5},{"damage":8,"enemies":"Cultist and Chosen","floor":29,"turns":4},{"damage":27,"enemies":"Book of Stabbing","floor":30,"turns":5},{"damage":0,"enemies":"Shelled Parasite and Fungi","floor":31,"turns":1},{"damage":50,"enemies":"Collector","floor":33,"turns":13},{"damage":4,"enemies":"3 Shapes","floor":35,"turns":3},{"damage":6,"enemies":"3 Darklings","floor":36,"turns":3},{"damage":74,"enemies":"Giant Head","floor":40,"turns":7}],"seed_played":"-8821797427913670031","potions_obtained":[{"floor":4,"key":"ColorlessPotion"},{"floor":5,"key":"Fire Potion"},{"floor":11,"key":"Ancient Potion"},{"floor":16,"key":"Dexterity Potion"},{"floor":18,"key":"Fruit Juice"},{"floor":20,"key":"BlessingOfTheForge"},{"floor":30,"key":"SmokeBomb"},{"floor":33,"key":"FearPotion"},{"floor":35,"key":"Fire Potion"}],"is_trial":false,"path_per_floor":["M","?","M","M","M","R","?","R","T","$","M","E","M","?","R","B",null,"M","$","M","M","$","R","$","R","T","M","R","M","E","M","R","B",null,"M","M","$","?","?","E"],"character_chosen":"DEFECT","items_purchased":["Happy Flower","Cold Snap","PrismaticShard","Steam"],"campfire_rested":3,"item_purchase_floors":[19,22,37,37],"current_hp_per_floor":[69,69,68,62,49,71,71,71,71,71,69,65,59,59,59,32,75,72,72,68,48,48,80,80,80,80,58,58,50,23,23,62,12,80,76,70,70,70,70,0,0],"gold":41,"neow_bonus":"THREE_RARE_CARDS","is_daily":false,"chose_seed":false,"campfire_upgraded":4,"win_rate":0.0,"timestamp":1609030349,"path_taken":["M","?","M","?","M","R","?","R","T","$","M","E","M","?","R","BOSS","M","$","M","M","$","R","?","R","T","M","R","M","E","M","R","BOSS","M","M","$","?","?","E"],"items_purchased_type":["Relic","Card","Relic","Card"],"build_version":"2020-12-22","purchased_purges":1,"victory":false,"max_hp_per_floor":[75,75,75,75,75,75,75,75,75,75,75,75,75,75,75,75,75,75,75,80,80,80,80,80,80,80,80,80,80,80,80,80,80,80,80,80,80,80,80,80,80],"card_choices":[{"not_picked":["All For One","Reboot"],"picked":"Machine Learning","floor":0},{"not_picked":["Barrage","Gash"],"picked":"Auto Shields","floor":1},{"not_picked":["Hello World","Steam"],"picked":"Conserve Battery","floor":3},{"not_picked":["Stack","Skim"],"picked":"FTL","floor":4},{"not_picked":["Leap","Gash"],"picked":"Blizzard","floor":5},{"not_picked":["Redo","Conserve Battery"],"picked":"Cold Snap","floor":11},{"not_picked":["Compile Driver","Beam Cell"],"picked":"Ball Lightning","floor":12},{"not_picked":["Reinforced Body","Force Field"],"picked":"Barrage","floor":13},{"not_picked":["Buffer","Biased Cognition"],"picked":"Reboot","floor":16},{"not_picked":["Steam","Hologram"],"picked":"Beam Cell","floor":18},{"not_picked":["Steam Power","Scrape"],"picked":"Sweeping Beam","floor":20},{"not_picked":["Blizzard+1","Gash+1"],"picked":"Compile Driver","floor":21},{"not_picked":["Sweeping Beam","Reprogram+1"],"picked":"FTL","floor":27},{"not_picked":["Hologram","Sweeping Beam"],"picked":"Steam","floor":29},{"not_picked":["Creative AI","Multi-Cast"],"picked":"Heatsinks","floor":30},{"not_picked":["Fission","Machine Learning"],"picked":"Electrodynamics","floor":33},{"not_picked":["Reinforced Body+1","Sweeping Beam"],"picked":"Barrage+1","floor":35},{"not_picked":["Rip and Tear","Reprogram"],"picked":"Redo+1","floor":36}],"player_experience":12449,"relics_obtained":[{"floor":9,"key":"Regal Pillow"},{"floor":12,"key":"Juzu Bracelet"},{"floor":26,"key":"Letter Opener"},{"floor":30,"key":"Unceasing Top"},{"floor":30,"key":"Pen Nib"}],"event_choices":[{"damage_healed":0,"gold_gain":0,"cards_transformed":["Strike_B"],"player_choice":"Transformed","damage_taken":0,"max_hp_gain":0,"max_hp_loss":0,"event_name":"Transmorgrifier","floor":2,"gold_loss":0,"cards_obtained":["Machine Learning"]},{"cards_removed":["Defend_B"],"damage_healed":0,"gold_gain":0,"player_choice":"Card Removal","damage_taken":0,"max_hp_gain":0,"max_hp_loss":0,"event_name":"The Cleric","floor":7,"gold_loss":50},{"damage_healed":0,"gold_gain":0,"player_choice":"Bought 1 Potion","damage_taken":0,"max_hp_gain":0,"max_hp_loss":0,"event_name":"The Woman in Blue","floor":14,"gold_loss":0},{"damage_healed":0,"gold_gain":0,"player_choice":"Ignored","damage_taken":0,"max_hp_gain":0,"max_hp_loss":0,"event_name":"SecretPortal","floor":38,"gold_loss":0},{"cards_removed":["Cold Snap"],"damage_healed":0,"gold_gain":0,"player_choice":"Removed Attack","damage_taken":0,"max_hp_gain":0,"max_hp_loss":0,"event_name":"Falling","floor":39,"gold_loss":0}],"is_beta":false,"boss_relics":[{"not_picked":["Cursed Key","Fusion Hammer"],"picked":"Black Star"},{"not_picked":["SlaversCollar","Runic Pyramid"],"picked":"Nuclear Battery"}],"items_purged_floors":[37],"is_endless":false,"potions_floor_spawned":[4,5,11,16,18,20,30,33,35],"killed_by":"Giant Head","ascension_level":1}}