{"host":"mykjnfgvckiyjptv","time":1609037824,"event":{"mods":["2.2 Compatiblity","Act Like it!","Aspiration","BaseMod","Better Altar","Better Third Choice","BetterRewards","Card Forge","Custom Start","Dio Mod","Energized Spire","GifTheSpireLib","Gold Saver","Halation","Hermit","Hubris","Hyrulean Relics","Jedi Mod","Minty Spire (QoL Compilation)","Pale of the Ancients","Practice Mode","Replay The Spire","Shade Mod","Small Relic Pack","Spicy Shops","Spikes Relics","StSLib","Stuff the Spire","vexMod"],"gold_per_floor":[110,110,110,124,140,140,174,174,224,224,242,258,258,278,278,383,383,396,409,423,423,423,423],"floor_reached":22,"playtime":1445,"items_purged":[],"score":224,"play_id":"4589ef28-7315-4b47-adb8-faec2e21491a","local_time":"20201226205704","is_ascension_mode":true,"campfire_choices":[{"floor":6,"key":"REST"}],"circlet_count":0,"master_deck":["Strike_P","Strike_P","Strike_P","Strike_P","Defend_P","Defend_P","Defend_P","Defend_P","Eruption+1","Vigilance+1","ClearTheMind+1","Blasphemy+1","Study+1","Replay:Hum+1","Crescendo+1","jedi:nirvanicrebirth"],"relics":["StuffTheSpire:OccultApparatus","Hammer of Thor","Seething Fire","Anvil of the Gods","ReplayTheSpireMod:Ring of Collecting","ReplayTheSpireMod:Ring of Exchange","relicPack:DSword","jedi:heavyjacket","Bag of Preparation","hubris:RunicObelisk"],"acts_visited":["Exordium","TheCity"],"potions_floor_usage":[4,7,7,22],"damage_taken":[{"damage":7,"enemies":"Small Slimes","floor":1,"turns":5},{"damage":9,"enemies":"2 Louse","floor":4,"turns":2},{"damage":3,"enemies":"Jaw Worm","floor":5,"turns":4},{"damage":0,"enemies":"3 Sentries","floor":7,"turns":6},{"damage":0,"enemies":"Large Slime","floor":11,"turns":4},{"damage":9,"enemies":"3 Louse","floor":12,"turns":3},{"damage":0,"enemies":"Looter","floor":14,"turns":2},{"damage":25,"enemies":"Hexaghost","floor":16,"turns":5},{"damage":16,"enemies":"3 Byrds","floor":18,"turns":6},{"damage":0,"enemies":"Chosen","floor":19,"turns":5},{"damage":26,"enemies":"Snake Plant","floor":20,"turns":6},{"damage":54,"enemies":"Chosen and Byrds","floor":22,"turns":5}],"seed_played":"6516371211354184662","potions_obtained":[{"floor":1,"key":"Reflective Coating"},{"floor":4,"key":"StancePotion"},{"floor":5,"key":"Dexterity Potion"},{"floor":20,"key":"DuplicationPotion"}],"is_trial":false,"path_per_floor":["M","?","?","M","M","R","E","?","T","?","M","M","?","M","R","B",null,"M","M","M","?","M"],"character_chosen":"WATCHER","items_purchased":[],"campfire_rested":1,"item_purchase_floors":[],"current_hp_per_floor":[65,65,30,21,18,39,39,39,39,39,39,30,30,30,51,26,72,56,56,30,30,0,0],"gold":423,"neow_bonus":"","is_daily":false,"chose_seed":false,"campfire_upgraded":0,"win_rate":0.0,"timestamp":1609037824,"path_taken":["M","?","?","M","?","R","E","?","T","?","M","M","?","?","R","BOSS","M","?","M","?","?"],"items_purchased_type":[],"build_version":"2020-12-22","purchased_purges":0,"victory":false,"max_hp_per_floor":[72,72,72,72,72,72,72,72,72,72,72,72,72,72,72,72,72,72,72,72,72,72,72],"card_choices":[{"not_picked":["Fasting2","Protect"],"picked":"ClearTheMind","floor":1},{"not_picked":["EmptyBody","ClearTheMind"],"picked":"Blasphemy","floor":4},{"not_picked":["ClearTheMind","Replay:Anticipation"],"picked":"Study","floor":5},{"not_picked":["Protect","CrushJoints","LessonLearned"],"picked":"SKIP","floor":7},{"not_picked":["ClearTheMind","Evaluate","PathToVictory"],"picked":"SKIP","floor":11},{"not_picked":["MentalFortress","CutThroughFate"],"picked":"Replay:Hum","floor":12},{"not_picked":["Replay:BluntJabs","TalkToTheHand","BowlingBash"],"picked":"SKIP","floor":14},{"not_picked":["LessonLearned","Replay:AllIn"],"picked":"jedi:nirvanicrebirth","floor":16},{"not_picked":["Replay:Battleflow+1","Halt","Replay:AtTheReady+1"],"picked":"SKIP","floor":18},{"not_picked":["EmptyFist","Replay:Anticipation","Replay:BluntJabs"],"picked":"SKIP","floor":19},{"not_picked":["SashWhip","Replay:ManipulateFuture","BowlingBash"],"picked":"SKIP","floor":20}],"player_experience":436564,"relics_obtained":[{"floor":2,"key":"ReplayTheSpireMod:Ring of Collecting"},{"floor":2,"key":"ReplayTheSpireMod:Ring of Exchange"},{"floor":7,"key":"jedi:heavyjacket"},{"floor":9,"key":"Bag of Preparation"}],"event_choices":[{"damage_healed":0,"gold_gain":0,"player_choice":"1 cards matched","damage_taken":0,"max_hp_gain":0,"max_hp_loss":0,"event_name":"Match and Keep!","floor":21,"gold_loss":0,"cards_obtained":["jedi:nirvanicrebirth"]}],"is_beta":false,"boss_relics":[{"not_picked":["energizedSpire:EnergizedDie","vexMod:ImprovementManual"],"picked":"hubris:RunicObelisk"}],"items_purged_floors":[],"is_endless":false,"potions_floor_spawned":[1,4,5,20],"killed_by":"Chosen and Byrds","ascension_level":1}}