{"host":"uikxj58mzlixykyi","time":1609089985,"event":{"mods":["AchievementEnabler","BaseMod","BetterRewards","Colored Map","Colored Powertips","Downfall","Friendly Minions","Highlight Path","Minty Spire (QoL Compilation)","Replay The Spire","Shop Mod","StSLib","The Construct"],"gold_per_floor":[119,119,119,139,139,164,164,164,243,274,290,303,303,282,282,282,282],"floor_reached":16,"playtime":390,"items_purged":[],"score":153,"play_id":"4bb11643-16b7-4041-b616-8eb691b4ce88","local_time":"20201227192625","is_ascension_mode":true,"campfire_choices":[{"data":"ReplayTheSpireMod:Shiv Toss","floor":7,"key":"SMITH"},{"floor":15,"key":"REST"}],"circlet_count":0,"master_deck":["Strike_G","Strike_G+1","Strike_G","Strike_G+1","Strike_G","Defend_G","Defend_G","Defend_G","Defend_G","Defend_G","Survivor","Neutralize","ReplayTheSpireMod:Shiv Toss+1","Hidden Blade","Blade Dance","Blade Dance","Hallucinations"],"relics":["Ring of the Snake","NeowsBlessing","Simple Rune","Blue Doll","Replay:Mystery Machine","ReplayTheSpireMod:Ring of Exchange","Ring of Peace"],"acts_visited":["Exordium"],"potions_floor_usage":[10,10,16,16],"damage_taken":[{"damage":0,"enemies":"Jaw Worm","floor":1,"turns":1},{"damage":0,"enemies":"Cultist","floor":4,"turns":1},{"damage":0,"enemies":"Replay:BlueRogue","floor":6,"turns":1},{"damage":22,"enemies":"Gremlin Nob","floor":10,"turns":4},{"damage":0,"enemies":"2 Louse","floor":11,"turns":3},{"damage":4,"enemies":"Looter","floor":12,"turns":3},{"damage":59,"enemies":"The Guardian","floor":16,"turns":9}],"seed_played":"-3236869879743637761","potions_obtained":[{"floor":2,"key":"construct:ShiftPotion"},{"floor":2,"key":"construct:ShiftPotion"},{"floor":2,"key":"Venom Potion"},{"floor":11,"key":"Elixir"},{"floor":12,"key":"CunningPotion"}],"is_trial":false,"path_per_floor":["M","?","$","M","?","E","R","?","T","E","M","M","?","?","R","B"],"character_chosen":"THE_SILENT","items_purchased":[],"campfire_rested":1,"item_purchase_floors":[],"current_hp_per_floor":[70,70,70,70,63,63,63,63,63,41,41,37,37,37,58,0,0],"gold":282,"neow_bonus":"THREE_ENEMY_KILL","is_daily":false,"chose_seed":false,"campfire_upgraded":1,"win_rate":0.0,"timestamp":1609089985,"path_taken":["M","?","$","?","?","E","R","?","T","E","?","M","?","?","R","BOSS"],"items_purchased_type":[],"build_version":"2020-12-22","purchased_purges":0,"victory":false,"max_hp_per_floor":[70,70,70,70,70,70,70,70,70,70,70,70,70,70,70,70,70],"card_choices":[{"not_picked":["Quick Slash","Underhanded Strike","Predator"],"picked":"SKIP","floor":1},{"not_picked":["ReplayTheSpireMod:Scrap Shanks","Prepared","Bane"],"picked":"SKIP","floor":4},{"not_picked":["Distraction","Sucker Punch"],"picked":"ReplayTheSpireMod:Shiv Toss","floor":6},{"not_picked":["ReplayTheSpireMod:The Works","Infinite Blades"],"picked":"Hidden Blade","floor":10},{"not_picked":["Outmaneuver","Underhanded Strike"],"picked":"Blade Dance","floor":11},{"not_picked":["Outmaneuver","Accuracy"],"picked":"Blade Dance","floor":12}],"player_experience":41358,"relics_obtained":[{"floor":6,"key":"Blue Doll"},{"floor":10,"key":"Replay:Mystery Machine"},{"floor":13,"key":"ReplayTheSpireMod:Ring of Exchange"},{"floor":13,"key":"Ring of Peace"}],"event_choices":[{"damage_healed":0,"gold_gain":0,"player_choice":"Got Potions","damage_taken":0,"max_hp_gain":0,"max_hp_loss":0,"event_name":"Lab","floor":2,"gold_loss":0},{"damage_healed":0,"gold_gain":0,"player_choice":"Success","damage_taken":7,"relics_obtained":["Simple Rune"],"max_hp_gain":0,"max_hp_loss":0,"event_name":"Scrap Ooze","floor":5,"gold_loss":0},{"damage_healed":0,"gold_gain":0,"player_choice":"Bought 0 Potions","damage_taken":0,"max_hp_gain":0,"max_hp_loss":0,"event_name":"The Woman in Blue","floor":8,"gold_loss":0},{"damage_healed":0,"gold_gain":0,"player_choice":"Left Gold","damage_taken":0,"max_hp_gain":0,"max_hp_loss":0,"event_name":"World of Goop","floor":14,"gold_loss":21}],"is_beta":false,"boss_relics":[],"items_purged_floors":[],"is_endless":false,"potions_floor_spawned":[4,11,12],"killed_by":"The Guardian","ascension_level":3}}