{"host":"3j2m8n0ywf988fwb","time":1609107677,"event":{"mods":["2.2 Compatiblity","Act Like it!","Aspiration","Astrologer","BaseMod","Beaked The Cultist","Better Altar","Better Match","Better Note","Better Sensory Stone","Better Skull","Better Third Choice","CCEM","Colored Map","Colored Powertips","Conspire","Energized Spire","Fireblade Mod","GifTheSpireLib","Googly Eyes","Halation","Hallownest","Highlight Path","Hubris","Infinite Spire","Jedi Mod","Marisa????????","Marked Mod","Mimic Mod","Minty Spire (QoL Compilation)","Random Character Button","Relic Stats","Replay The Spire","Robot Space Explorer","Shop Mod","Somnambulant","StSLib","Stuff the Spire","The Bug Knight","The Hierophant","The Marked","The Runesmith","TheFirefly","Unceasing Turn Reminder","everything is the same but u backflip on backflip"],"gold_per_floor":[116,116,116,127,142,156,29,55,81,96,107,117,57,75,75,173,173,185,185,198,131,147,147,182,195,229,229,229,248,262,262,262],"floor_reached":31,"playtime":1622,"items_purged":["Regret"],"score":263,"play_id":"e20e4061-042c-4c28-b108-d9b3eec3d0d2","local_time":"20201227162117","is_ascension_mode":false,"campfire_choices":[{"floor":15,"key":"REST"},{"data":"FireBladeMod:FinishingBarrage","floor":23,"key":"SMITH"},{"floor":28,"key":"REST"}],"circlet_count":0,"master_deck":["FireBladeMod:StrikeFireBlade","FireBladeMod:StrikeFireBlade","FireBladeMod:StrikeFireBlade","FireBladeMod:StrikeFireBlade","FireBladeMod:DefendFireBlade","FireBladeMod:DefendFireBlade","FireBladeMod:DefendFireBlade","FireBladeMod:DefendFireBlade","FireBladeMod:FlamingSword","FireBladeMod:FireBarrier","FireBladeMod:AdrenalineBoost","FireBladeMod:SmashingEndurance","FireBladeMod:WellPrepared","FireBladeMod:ComboCleave","FireBladeMod:TorsoSmash+1","FireBladeMod:TorsoSmash+1","FireBladeMod:Speed","FireBladeMod:RapidDodges","FireBladeMod:GetPumped","FireBladeMod:ArmSmash+1","FireBladeMod:FinalSmash","FireBladeMod:Shove","FireBladeMod:StingingSlash","FireBladeMod:FinishingBarrage+1","FireBladeMod:BasicSmash","FireBladeMod:SpinningSmash","FireBladeMod:BasicSmash+1","FireBladeMod:TorsoSmash+1","FireBladeMod:Shove"],"relics":["FireBladeMod:DuelistLocket","StuffTheSpire:ForceGauntlet","hubris:TenFootPole","aspiration:FutureDiary","Runesmith:Nanobots","Replay:Bottled Eggs"],"acts_visited":["Exordium","TheCity"],"potions_floor_usage":[8],"damage_taken":[{"damage":4,"enemies":"Small Slimes","floor":1,"turns":4},{"damage":4,"enemies":"2 Louse","floor":4,"turns":3},{"damage":2,"enemies":"Jaw Worm","floor":5,"turns":4},{"damage":15,"enemies":"Exordium Thugs","floor":6,"turns":5},{"damage":13,"enemies":"3 Sentries","floor":8,"turns":7},{"damage":2,"enemies":"Large Slime","floor":10,"turns":4},{"damage":0,"enemies":"conspire:2 RoseBushes","floor":11,"turns":6},{"damage":1,"enemies":"Exordium Wildlife","floor":12,"turns":4},{"damage":9,"enemies":"HollowMod:HuskWarrior","floor":14,"turns":6},{"damage":6,"enemies":"The Guardian","floor":16,"turns":12},{"damage":11,"enemies":"Shell Parasite","floor":18,"turns":5},{"damage":20,"enemies":"Spheric Guardian","floor":20,"turns":5},{"damage":28,"enemies":"Snake Plant","floor":22,"turns":4},{"damage":6,"enemies":"HollowMod:Nosk","floor":24,"turns":8},{"damage":14,"enemies":"Centurion and Healer","floor":25,"turns":5},{"damage":0,"enemies":"Shelled Parasite and Fungi","floor":26,"turns":2},{"damage":14,"enemies":"Shelled Parasite and Fungi","floor":29,"turns":3},{"damage":15,"enemies":"Chosen and Byrds","floor":30,"turns":4},{"damage":7,"enemies":"conspire:SneckoGhost","floor":31,"turns":2}],"seed_played":"1685824937036651975","potions_obtained":[{"floor":4,"key":"BlessingOfTheForge"},{"floor":6,"key":"AttackPotion"},{"floor":11,"key":"PowerPotion"},{"floor":16,"key":"jedi:StrikingPotion"},{"floor":24,"key":"LiquidBronze"}],"is_trial":false,"path_per_floor":["M","?","?","M","M","M","$","E","T","M","M","M","$","M","R","B",null,"M","?","M","$","M","R","E","M","MIM","?","R","M","M","E"],"character_chosen":"THE_FIREBLADE","items_purchased":["FireBladeMod:TorsoSmash","FireBladeMod:ArmSmash+1","FireBladeMod:FinishingBarrage"],"campfire_rested":2,"item_purchase_floors":[7,13,21],"current_hp_per_floor":[66,66,66,62,60,45,45,38,38,36,36,35,35,26,47,41,70,59,70,56,56,28,28,22,14,14,14,35,21,6,0,0],"gold":262,"neow_bonus":"RANDOM_EVENT","is_daily":false,"chose_seed":false,"campfire_upgraded":1,"win_rate":0.0,"timestamp":1609107677,"path_taken":["M","?","?","M","?","?","$","E","T","M","M","M","$","M","R","BOSS","M","?","M","$","M","R","E","M","MIM","?","R","?","?","E"],"items_purchased_type":["Card","Card","Card"],"build_version":"2020-12-22","purchased_purges":1,"victory":false,"max_hp_per_floor":[70,70,70,70,70,70,70,70,70,70,70,70,70,70,70,70,70,70,70,70,70,70,70,70,70,70,70,70,70,70,70,70],"relic_stats":{"counters":[19,93],"obtain_stats":[{"Runesmith:Nanobots":24,"FireBladeMod:DuelistLocket":0,"StuffTheSpire:ForceGauntlet":0,"hubris:TenFootPole":8,"aspiration:FutureDiary":17,"Replay:Bottled Eggs":26},{"Runesmith:Nanobots":14,"FireBladeMod:DuelistLocket":0,"StuffTheSpire:ForceGauntlet":0,"hubris:TenFootPole":5,"aspiration:FutureDiary":10,"Replay:Bottled Eggs":16},{"Runesmith:Nanobots":77,"FireBladeMod:DuelistLocket":0,"StuffTheSpire:ForceGauntlet":0,"hubris:TenFootPole":23,"aspiration:FutureDiary":55,"Replay:Bottled Eggs":84}]},"card_choices":[{"not_picked":["FireBladeMod:ArmSmash","FireBladeMod:ComplexAttack"],"picked":"FireBladeMod:AdrenalineBoost","floor":1},{"not_picked":["FireBladeMod:RapidDodges","FireBladeMod:SteadyEndurance"],"picked":"FireBladeMod:WellPrepared","floor":4},{"not_picked":["FireBladeMod:Unbalance","FireBladeMod:ThirdDegree"],"picked":"FireBladeMod:ComboCleave","floor":5},{"not_picked":["FireBladeMod:Unbalance","FireBladeMod:Arson","FireBladeMod:StingingSlash"],"picked":"SKIP","floor":6},{"not_picked":["FireBladeMod:Arson","FireBladeMod:LightningCombo"],"picked":"FireBladeMod:Speed","floor":8},{"not_picked":["FireBladeMod:SmokeScreen","FireBladeMod:Turtle"],"picked":"FireBladeMod:RapidDodges","floor":10},{"not_picked":["FireBladeMod:Robust","FireBladeMod:ScorchingStrike"],"picked":"FireBladeMod:GetPumped","floor":11},{"not_picked":["FireBladeMod:GetPumped","FireBladeMod:EruptionSlash"],"picked":"FireBladeMod:AbsorbEnergy","floor":12},{"not_picked":["FireBladeMod:ScorchingStrike","FireBladeMod:ComboSlashes","FireBladeMod:OverCharge"],"picked":"SKIP","floor":14},{"not_picked":["FireBladeMod:BattleMage","FireBladeMod:BodyAsFuel"],"picked":"FireBladeMod:FinalSmash","floor":16},{"not_picked":["FireBladeMod:ThirstForBlood","FireBladeMod:Feint+1"],"picked":"FireBladeMod:Shove","floor":18},{"not_picked":["FireBladeMod:IronEndurance","FireBladeMod:ComplexDefense"],"picked":"FireBladeMod:StingingSlash","floor":20},{"not_picked":["FireBladeMod:ComboCleave","FireBladeMod:AbsorbEnergy+1","FireBladeMod:Turtle+1"],"picked":"SKIP","floor":22},{"not_picked":["FireBladeMod:SmokeScreen","FireBladeMod:BattleMage"],"picked":"FireBladeMod:BasicSmash","floor":24},{"not_picked":["FireBladeMod:ThirdDegree","FireBladeMod:AbsorbEnergy"],"picked":"FireBladeMod:SpinningSmash","floor":25},{"not_picked":["FireBladeMod:SmokySwing","FireBladeMod:SoulStrike"],"picked":"FireBladeMod:BasicSmash+1","floor":26},{"not_picked":["FireBladeMod:ScorchingCleave","FireBladeMod:ScorchingStrike","FireBladeMod:EruptionSlash"],"picked":"SKIP","floor":29},{"not_picked":["FireBladeMod:SteadyEndurance","FireBladeMod:StingingSlash"],"picked":"FireBladeMod:Shove","floor":30}],"player_experience":1044893,"relics_obtained":[{"floor":8,"key":"hubris:TenFootPole"},{"floor":24,"key":"Runesmith:Nanobots"},{"floor":26,"key":"Replay:Bottled Eggs"}],"event_choices":[{"damage_healed":0,"gold_gain":0,"player_choice":"Box","damage_taken":0,"relics_obtained":["StuffTheSpire:ForceGauntlet"],"max_hp_gain":0,"max_hp_loss":0,"event_name":"Big Fish","floor":0,"gold_loss":0,"cards_obtained":["Regret"]},{"damage_healed":0,"gold_gain":0,"player_choice":"Disagree","damage_taken":0,"max_hp_gain":0,"max_hp_loss":0,"event_name":"conspire:LoneGhost","floor":3,"gold_loss":0},{"cards_removed":["FireBladeMod:AbsorbEnergy"],"damage_healed":11,"gold_gain":0,"player_choice":"Offered Uncommon","damage_taken":0,"max_hp_gain":0,"max_hp_loss":0,"event_name":"Bonfire Elementals","floor":19,"gold_loss":0},{"damage_healed":0,"gold_gain":0,"player_choice":"Copied","damage_taken":0,"max_hp_gain":0,"max_hp_loss":0,"event_name":"Duplicator","floor":27,"gold_loss":0,"cards_obtained":["FireBladeMod:TorsoSmash"]}],"is_beta":false,"boss_relics":[{"not_picked":["aspiration:SilentSkillbook","hubris:GrandSneckoEye"],"picked":"aspiration:FutureDiary"}],"items_purged_floors":[7],"is_endless":false,"potions_floor_spawned":[4,6,11,16,22,24,25,29],"killed_by":"conspire:SneckoGhost","ascension_level":0}}