{"host":"6to8m083wj0ro91z","time":1609089983,"event":{"mods":["BaseMod","Better Third Choice","BetterRewards","CatGirl Mod","ChefMod","Friendly Minions","Hubris","Mad Scientist","Marisa????????","Minty Spire (QoL Compilation)","Robot Space Explorer","Shade Mod","Spicy Shops","StSLib","The Blackbeard","The Death Knight","The Dragon Tamer","The Gatherer","The Marked","The Mystic","The Necromancer","The Servant 0.9.4"],"gold_per_floor":[119,131,58,58,29,29,61,12,93,107,140,140,172,194,206,317,329,357,369,397,409,421,458,481,493,505,82,102,23,42,61,61,166,166,181,194,494,514,260,287,90,107,107,157,190,190,220,234,234,234],"floor_reached":51,"playtime":3288,"items_purged":["chefmod:Strike","chefmod:Strike","chefmod:Strike"],"score":950,"play_id":"ab5c4c97-1292-45c3-a348-d077e2d6a21d","local_time":"20201227182623","is_ascension_mode":false,"campfire_choices":[{"data":"chefmod:KnifeFlurry","floor":6,"key":"SMITH"},{"data":"chefmod:TodaysSpecial","floor":12,"key":"SMITH"},{"data":"chefmod:QuickThaw","floor":15,"key":"SMITH"},{"data":"chefmod:Puree","floor":25,"key":"SMITH"},{"data":"chefmod:RisingDough","floor":32,"key":"SMITH"},{"data":"Good Instincts","floor":49,"key":"SMITH"}],"circlet_count":0,"master_deck":["chefmod:Defend","chefmod:Defend+1","chefmod:QuickThaw+1","chefmod:TodaysSpecial+1","chefmod:FireUp","chefmod:KnifeFlurry+1","chefmod:FireUp","chefmod:RisingDough+1","chefmod:Puree+1","chefmod:Granita+1","chefmod:FrozenTuna","Good Instincts+1","chefmod:LiquidNitrogen","chefmod:FireUp+1","chefmod:NewMenu","chefmod:FrozenTuna"],"relics":["chefmod:TrustyPot","HandDrill","betterThird:SlimedRelic","Centennial Puzzle","Meat on the Bone","Ancient Tea Set","MawBank","Black Star","Anchor","hubris:CuriousFeather","Matryoshka","hubris:Reverence","hubris:ToyBattleship","Membership Card","hubris:EmptyBottle","HornCleat","chefmod:CookieJar","hubris:HollowSoul","Bag of Marbles","Blood Vial","War Paint","hubris:SlimyHat","Toy Ornithopter","DeathKnight:PutricidesVial","TheAbacus","Bronze Scales","StoneCalendar","Ice Cream","hubris:PeanutButter","Strawberry","Lantern","Question Card"],"acts_visited":["Exordium","TheCity","TheBeyond"],"potions_floor_usage":[16,16,20,23],"damage_taken":[{"damage":1,"enemies":"Jaw Worm","floor":1,"turns":2},{"damage":5,"enemies":"Small Slimes","floor":2,"turns":4},{"damage":8,"enemies":"Lagavulin","floor":7,"turns":7},{"damage":0,"enemies":"Cultist","floor":10,"turns":3},{"damage":14,"enemies":"Gremlin Nob","floor":11,"turns":4},{"damage":8,"enemies":"Lagavulin","floor":13,"turns":8},{"damage":3,"enemies":"Red Slaver","floor":14,"turns":4},{"damage":5,"enemies":"Slime Boss","floor":16,"turns":11},{"damage":5,"enemies":"Spheric Guardian","floor":18,"turns":3},{"damage":4,"enemies":"3 Byrds","floor":20,"turns":6},{"damage":9,"enemies":"Gremlin Leader","floor":23,"turns":6},{"damage":2,"enemies":"Centurion and Healer","floor":24,"turns":7},{"damage":0,"enemies":"Snecko","floor":28,"turns":4},{"damage":2,"enemies":"Sentry and Sphere","floor":30,"turns":5},{"damage":13,"enemies":"Shelled Parasite and Fungi","floor":31,"turns":4},{"damage":15,"enemies":"Automaton","floor":33,"turns":7},{"damage":0,"enemies":"Orb Walker","floor":35,"turns":2},{"damage":0,"enemies":"3 Shapes","floor":36,"turns":3},{"damage":6,"enemies":"Spire Growth","floor":38,"turns":5},{"damage":11,"enemies":"Reptomancer","floor":40,"turns":6},{"damage":0,"enemies":"Jaw Worm Horde","floor":42,"turns":4},{"damage":0,"enemies":"Mind Bloom Boss Battle","floor":44,"turns":6},{"damage":0,"enemies":"Giant Head","floor":45,"turns":7},{"damage":0,"enemies":"Reptomancer","floor":47,"turns":3},{"damage":0,"enemies":"4 Shapes","floor":48,"turns":3},{"damage":0,"enemies":"Awakened One","floor":50,"turns":7}],"seed_played":"5261006147129304515","potions_obtained":[{"floor":1,"key":"Weak Potion"},{"floor":13,"key":"PowerPotion"},{"floor":14,"key":"PowerPotion"},{"floor":20,"key":"Fruit Juice"},{"floor":24,"key":"Ancient Potion"},{"floor":30,"key":"chefmod:PotionOfPlenty"},{"floor":35,"key":"ColorlessPotion"},{"floor":42,"key":"SkillPotion"},{"floor":47,"key":"Block Potion"}],"is_trial":false,"path_per_floor":["M","M","$","?","?","R","E","$","T","M","E","R","E","M","R","B",null,"M","?","M","?","?","E","M","R","T","$","M","$","M","M","R","B",null,"M","M","?","M","$","E","$","M","T","?","E","?","E","M","R","B",null],"character_chosen":"THE_CHEF","items_purchased":["HandDrill","Block Potion","Membership Card","hubris:EmptyBottle","HornCleat","chefmod:CookieJar","Bag of Marbles","Blood Vial","War Paint","DeathKnight:PutricidesVial","TheAbacus","Good Instincts"],"campfire_rested":0,"item_purchase_floors":[3,8,27,27,27,29,39,39,39,41,41,41],"current_hp_per_floor":[82,77,77,70,59,59,51,51,51,51,49,49,53,50,50,45,83,78,62,63,63,63,54,52,52,52,52,52,52,50,49,49,46,93,93,93,93,87,87,78,78,80,80,82,91,91,93,95,95,97],"gold":234,"neow_bonus":"TEN_PERCENT_HP_BONUS","is_daily":false,"chose_seed":false,"campfire_upgraded":6,"win_rate":0.0,"timestamp":1609089983,"path_taken":["M","M","$","?","?","R","E","?","T","M","E","R","E","M","R","BOSS","M","?","M","?","?","E","M","R","T","$","M","$","M","M","R","BOSS","M","M","?","?","$","E","?","M","T","?","E","?","E","M","R","BOSS"],"items_purchased_type":["Relic","Potion","Relic","Relic","Relic","Relic","Relic","Relic","Relic","Relic","Relic","Card"],"build_version":"2020-12-22","purchased_purges":3,"victory":true,"max_hp_per_floor":[83,83,83,83,83,83,83,83,83,83,83,83,83,83,83,83,83,83,88,93,93,93,93,93,93,93,93,93,93,93,93,93,93,93,93,93,93,93,93,93,93,93,93,93,100,100,100,100,100,100],"card_choices":[{"not_picked":["chefmod:SaveForLater","chefmod:HotSoup"],"picked":"chefmod:FireUp","floor":1},{"not_picked":["chefmod:Chop","chefmod:CuttingBoard"],"picked":"chefmod:KnifeFlurry","floor":2},{"not_picked":["chefmod:AllYouCanEat","chefmod:SliceAndDice","chefmod:FreezerBurn"],"picked":"SKIP","floor":7},{"not_picked":["chefmod:ZaruSoba","chefmod:Defrost","chefmod:DinoKale"],"picked":"SKIP","floor":10},{"not_picked":["chefmod:ZaruSoba","chefmod:SliceAndDice"],"picked":"chefmod:FireUp","floor":11},{"not_picked":["chefmod:Defrost","chefmod:Escargot","chefmod:HotSoup"],"picked":"SKIP","floor":13},{"not_picked":["chefmod:FireUp","chefmod:CleanHouse","chefmod:Leftovers"],"picked":"SKIP","floor":14},{"not_picked":["chefmod:FullCourseMeal","chefmod:DeathByChocolate"],"picked":"chefmod:RisingDough","floor":16},{"not_picked":["chefmod:ColdSteel+1","chefmod:HotSoup+1","chefmod:BaoBuns+1"],"picked":"SKIP","floor":18},{"not_picked":["chefmod:FreshProduce","chefmod:Gelato","chefmod:Fillet"],"picked":"SKIP","floor":20},{"not_picked":["chefmod:SushiPlatter","chefmod:IcePick"],"picked":"chefmod:Puree","floor":23},{"not_picked":["chefmod:HotSoup+1","chefmod:Granita","chefmod:FryPan"],"picked":"SKIP","floor":24},{"not_picked":["chefmod:HotSoup+1","chefmod:FryPan"],"picked":"chefmod:Granita","floor":24},{"not_picked":["chefmod:FryPan","chefmod:BaoBuns","chefmod:FreezeSolid"],"picked":"SKIP","floor":28},{"not_picked":["chefmod:BleedOut+1","chefmod:HotSoup","chefmod:Bruschetta"],"picked":"SKIP","floor":30},{"not_picked":["chefmod:IceCreamCone","chefmod:FreshProduce+1","chefmod:ColdSteel"],"picked":"SKIP","floor":31},{"not_picked":["chefmod:RaidPantry","chefmod:TastyDistraction"],"picked":"chefmod:FrozenTuna","floor":33},{"not_picked":["chefmod:FireUp+1","chefmod:FreezerBurn","chefmod:Defrost+1"],"picked":"SKIP","floor":35},{"not_picked":["chefmod:Gelato+1","chefmod:BaoBuns+1","chefmod:FreezeSolid+1"],"picked":"SKIP","floor":36},{"not_picked":["chefmod:FireUp","chefmod:Defrost+1","chefmod:AllYouCanEat"],"picked":"SKIP","floor":38},{"not_picked":["chefmod:DinoKale","chefmod:FireUp","chefmod:HotSoup"],"picked":"SKIP","floor":40},{"not_picked":["chefmod:SliceAndDice+1","chefmod:FreezerBurn"],"picked":"chefmod:LiquidNitrogen","floor":42},{"not_picked":["chefmod:FryPan","chefmod:Chop"],"picked":"chefmod:FireUp+1","floor":45},{"not_picked":["chefmod:Sorbet+1","chefmod:HotSoup+1"],"picked":"chefmod:FrozenTuna","floor":47},{"not_picked":["chefmod:SliceAndDice+1","chefmod:FreezeSolid","chefmod:Gelato+1","chefmod:HotSoup"],"picked":"SKIP","floor":48}],"player_experience":1049211,"relics_obtained":[{"floor":7,"key":"Centennial Puzzle"},{"floor":9,"key":"Meat on the Bone"},{"floor":11,"key":"Ancient Tea Set"},{"floor":13,"key":"MawBank"},{"floor":23,"key":"hubris:CuriousFeather"},{"floor":23,"key":"Matryoshka"},{"floor":26,"key":"hubris:Reverence"},{"floor":26,"key":"hubris:ToyBattleship"},{"floor":40,"key":"hubris:SlimyHat"},{"floor":40,"key":"Toy Ornithopter"},{"floor":43,"key":"Bronze Scales"},{"floor":43,"key":"StoneCalendar"},{"floor":44,"key":"Ice Cream"},{"floor":45,"key":"hubris:PeanutButter"},{"floor":45,"key":"Strawberry"},{"floor":47,"key":"Lantern"},{"floor":47,"key":"Question Card"}],"event_choices":[{"cards_removed":["chefmod:Strike"],"damage_healed":0,"gold_gain":0,"player_choice":"Card Removal","damage_taken":7,"max_hp_gain":0,"max_hp_loss":0,"event_name":"Golden Wing","floor":4,"gold_loss":0},{"damage_healed":0,"gold_gain":0,"player_choice":"Slimed","damage_taken":11,"max_hp_gain":0,"max_hp_loss":0,"event_name":"betterThird:BetterGoop","floor":5,"gold_loss":29},{"damage_healed":0,"gold_gain":0,"player_choice":"Shed Blood","damage_taken":21,"max_hp_gain":5,"max_hp_loss":0,"event_name":"Forgotten Altar","floor":19,"gold_loss":0},{"cards_removed":["chefmod:Strike"],"damage_healed":0,"gold_gain":0,"player_choice":"Elegance","damage_taken":0,"max_hp_gain":0,"max_hp_loss":0,"event_name":"betterThird:BetterWriting","floor":21,"gold_loss":0},{"damage_healed":0,"gold_gain":0,"player_choice":"Opened","damage_taken":0,"relics_obtained":["Anchor"],"max_hp_gain":0,"max_hp_loss":0,"event_name":"The Mausoleum","floor":22,"gold_loss":0},{"damage_healed":0,"gold_gain":300,"player_choice":"Gold","damage_taken":0,"max_hp_gain":0,"max_hp_loss":0,"event_name":"Wheel of Change","floor":37,"gold_loss":0},{"damage_healed":0,"gold_gain":0,"player_choice":"Fight","damage_taken":0,"max_hp_gain":0,"max_hp_loss":0,"event_name":"MindBloom","floor":44,"gold_loss":0},{"damage_healed":0,"gold_gain":0,"cards_transformed":["chefmod:Defend"],"player_choice":"Transformed","damage_taken":0,"max_hp_gain":0,"max_hp_loss":0,"event_name":"Transmorgrifier","floor":46,"gold_loss":0,"cards_obtained":["chefmod:NewMenu"]}],"is_beta":false,"boss_relics":[{"not_picked":["Velvet Choker","hubris:Backtick"],"picked":"Black Star"},{"not_picked":["Pandora\u0027s Box","hubris:TerracottaHorce"],"picked":"hubris:HollowSoul"}],"items_purged_floors":[27,27,39],"is_endless":false,"potions_floor_spawned":[1,13,14,20,24,30,35,42,47,48],"ascension_level":0}}