{"host":"m77rrhbqzv44va4v","time":1609083588,"event":{"mods":["AchievementEnabler","BaseMod","Colored Map","DeckTracker","Keyboard Shortcuts","Minty Spire (QoL Compilation)","StSLib","SuperFastMode","everything is the same but u backflip on backflip"],"gold_per_floor":[111,123,123,135,150,150,180,180,180,205,10,27,58,58,76,76,177,177,192,202,215,215,26,61,61,61,61,92,102,102,134,134,134,134,134],"floor_reached":34,"playtime":835,"items_purged":["Strike_R","Rupture"],"score":505,"play_id":"b8e1cea8-8896-43da-9c5f-49cd93fab2fd","local_time":"20201228003948","is_ascension_mode":true,"campfire_choices":[{"data":"Pommel Strike","floor":6,"key":"SMITH"},{"data":"True Grit","floor":8,"key":"SMITH"},{"data":"Reaper","floor":9,"key":"SMITH"},{"floor":14,"key":"REST"},{"data":"Inflame","floor":16,"key":"SMITH"},{"floor":25,"key":"REST"},{"floor":30,"key":"DIG"},{"floor":33,"key":"DIG"}],"circlet_count":0,"master_deck":["AscendersBane","Bash","Shrug It Off","Pommel Strike+1","True Grit+1","Wild Strike+1","Reaper+1","Inflame+1","Shrug It Off","Disarm","Flame Barrier","Sword Boomerang","Immolate","Immolate","Uppercut","Reaper","Pommel Strike","Seeing Red","Iron Wave+1","Rage","Metallicize+1","Ghostly Armor","Purity","Body Slam+1","Impervious"],"relics":["Burning Blood","NeowsBlessing","Vajra","Bag of Preparation","Juzu Bracelet","Strawberry","Pandora\u0027s Box","Whetstone","Shovel","Red Mask","Red Skull","TungstenRod","Pear","Peace Pipe"],"acts_visited":["Exordium","TheCity"],"potions_floor_usage":[13,21,24,24,31],"damage_taken":[{"damage":0,"enemies":"Jaw Worm","floor":1,"turns":1},{"damage":0,"enemies":"Cultist","floor":2,"turns":1},{"damage":0,"enemies":"Small Slimes","floor":4,"turns":1},{"damage":14,"enemies":"Exordium Wildlife","floor":5,"turns":7},{"damage":39,"enemies":"Lagavulin","floor":7,"turns":6},{"damage":11,"enemies":"Looter","floor":12,"turns":3},{"damage":48,"enemies":"Gremlin Nob","floor":13,"turns":6},{"damage":11,"enemies":"Gremlin Gang","floor":15,"turns":6},{"damage":26,"enemies":"The Guardian","floor":17,"turns":12},{"damage":32,"enemies":"Chosen","floor":19,"turns":7},{"damage":46,"enemies":"2 Thieves","floor":20,"turns":4},{"damage":16,"enemies":"3 Cultists","floor":21,"turns":4},{"damage":53,"enemies":"Book of Stabbing","floor":24,"turns":8},{"damage":12,"enemies":"Masked Bandits","floor":28,"turns":2},{"damage":20,"enemies":"Snecko","floor":29,"turns":5},{"damage":19,"enemies":"Slavers","floor":31,"turns":4},{"damage":62,"enemies":"Champ","floor":34,"turns":15}],"seed_played":"-4573825637486058262","potions_obtained":[{"floor":2,"key":"Energy Potion"},{"floor":4,"key":"BloodPotion"},{"floor":5,"key":"BloodPotion"},{"floor":17,"key":"Fire Potion"},{"floor":21,"key":"FearPotion"},{"floor":29,"key":"Strength Potion"}],"is_trial":false,"path_per_floor":["M","M","?","M","M","R","E","R","R","T","$","M","E","R","M","R","B",null,"M","M","M","?","$","E","R","?","T","?","M","R","E","T","R","B"],"character_chosen":"IRONCLAD","items_purchased":["Inflame","Shrug It Off","Purity"],"campfire_rested":2,"item_purchase_floors":[11,11,23],"current_hp_per_floor":[78,80,80,80,72,72,39,39,39,39,39,34,15,41,52,52,41,76,67,39,47,47,47,34,60,60,60,54,49,49,48,58,58,0,0],"gold":134,"neow_bonus":"THREE_ENEMY_KILL","is_daily":false,"chose_seed":false,"campfire_upgraded":4,"win_rate":0.0,"timestamp":1609083588,"path_taken":["M","M","?","?","M","R","E","R","R","T","$","M","E","R","M","R","BOSS","M","M","M","?","$","E","R","?","T","?","M","R","E","?","R","BOSS"],"items_purchased_type":["Card","Card","Card"],"build_version":"2020-12-22","purchased_purges":2,"victory":false,"max_hp_per_floor":[80,80,80,80,80,80,80,80,80,80,80,80,87,87,87,87,87,87,87,87,87,87,87,87,87,87,87,87,87,87,87,97,97,97,97],"card_choices":[{"not_picked":["Anger","Dropkick"],"picked":"Shrug It Off","floor":1},{"not_picked":["Havoc","Ghostly Armor"],"picked":"Pommel Strike","floor":2},{"not_picked":["Sever Soul","Evolve"],"picked":"True Grit","floor":4},{"not_picked":["Perfected Strike","Feel No Pain"],"picked":"Wild Strike","floor":5},{"not_picked":["Rupture","True Grit"],"picked":"Reaper","floor":7},{"not_picked":["Perfected Strike","Heavy Blade"],"picked":"Disarm","floor":12},{"not_picked":["Pummel","Dark Embrace"],"picked":"Flame Barrier","floor":13},{"not_picked":["Dual Wield","Reckless Charge"],"picked":"Sword Boomerang","floor":15},{"not_picked":["Reaper","Impervious"],"picked":"Immolate","floor":17},{"not_picked":["Sword Boomerang","Spot Weakness"],"picked":"Metallicize","floor":19},{"not_picked":["Shrug It Off","Headbutt+1"],"picked":"Ghostly Armor","floor":20},{"not_picked":["Hemokinesis","Shrug It Off","Headbutt"],"picked":"SKIP","floor":21},{"not_picked":["Intimidate","Flame Barrier+1"],"picked":"Body Slam+1","floor":24},{"not_picked":["Twin Strike","Heavy Blade","Pommel Strike"],"picked":"SKIP","floor":29},{"not_picked":["Ghostly Armor","Reckless Charge"],"picked":"Impervious","floor":31}],"player_experience":804827,"relics_obtained":[{"floor":7,"key":"Bag of Preparation"},{"floor":10,"key":"Juzu Bracelet"},{"floor":13,"key":"Strawberry"},{"floor":24,"key":"Whetstone"},{"floor":27,"key":"Shovel"},{"floor":28,"key":"Red Mask"},{"floor":30,"key":"Red Skull"},{"floor":31,"key":"TungstenRod"},{"floor":32,"key":"Pear"},{"floor":33,"key":"Peace Pipe"}],"event_choices":[{"damage_healed":0,"gold_gain":0,"player_choice":"Gave Potion","damage_taken":0,"relics_obtained":["Vajra"],"max_hp_gain":0,"max_hp_loss":0,"event_name":"WeMeetAgain","floor":3,"gold_loss":0},{"damage_healed":0,"gold_gain":0,"player_choice":"Ignored","damage_taken":0,"max_hp_gain":0,"max_hp_loss":0,"event_name":"Vampires","floor":22,"gold_loss":0},{"damage_healed":0,"gold_gain":0,"player_choice":"Upgraded","damage_taken":0,"max_hp_gain":0,"max_hp_loss":0,"event_name":"Upgrade Shrine","floor":26,"gold_loss":0,"cards_upgraded":["Metallicize"]},{"damage_healed":0,"gold_gain":0,"player_choice":"Fought Bandits","damage_taken":0,"max_hp_gain":0,"max_hp_loss":0,"event_name":"Masked Bandits","floor":28,"gold_loss":0}],"is_beta":false,"boss_relics":[{"not_picked":["Tiny House","Philosopher\u0027s Stone"],"picked":"Pandora\u0027s Box"}],"items_purged_floors":[11,23],"is_endless":false,"potions_floor_spawned":[2,4,5,17,19,21,29],"killed_by":"Champ","ascension_level":12}}