{"host":"wjjo3y19ggvj12sc","time":1609048312,"event":{"mods":["AchievementEnabler","Ascension Unlocker","Bard","BaseMod","Beaked The Cultist","BetterRewards","Conspire","Downfall","Duelist Mod","GifTheSpireLib","Googly Eyes","Gremlin Mod","Hermit","Hubris","Infinite Spire","Jorbs\u0027s Wanderer Trilogy","Mad Scientist","Marisa????????","Minty Spire (QoL Compilation)","Random Character Button","Random Character Mod","Relic Sorter","Relic Stats","Remilia??????","Replay The Spire","Spicy Shops","StSLib","Td1madao Mod","The Bladedancer","The Bug Knight","The Construct","The Cursed","The Disciple","The Gatherer","The Hierophant","The Mystic","The Necromancer","The Poker Player","The Runesmith","The Servant 0.9.4"],"gold_per_floor":[114,35,35,54,72,105,123,136,159,175,175,149,163,183,183,278,278,243,243,243,243],"floor_reached":20,"playtime":1522,"items_purged":[],"score":178,"play_id":"8ac78260-24a7-459e-be74-32dd06e58282","local_time":"20201227005152","is_ascension_mode":false,"campfire_choices":[{"floor":15,"key":"REST"}],"circlet_count":0,"master_deck":["Strike_G","Strike_G","Strike_G","Strike_G","Strike_G","Defend_G","Defend_G","Defend_G","Defend_G","Defend_G","Survivor","Neutralize","Acrobatics","Underhanded Strike","Well Laid Plans","Reflex","Reflex","Backflip","Hidden Blade","Cloak And Dagger","Poisoned Stab","Noxious Fumes","After Image","Bane","Underhanded Strike"],"relics":["Ring of the Snake","hubris:Towel","Juzu Bracelet","Oddly Smooth Stone","conspire:RunicOctahedron"],"acts_visited":["Exordium","TheCity"],"potions_floor_usage":[6,18],"damage_taken":[{"damage":4,"enemies":"Cultist","floor":1,"turns":5},{"damage":0,"enemies":"2 Louse","floor":4,"turns":3},{"damage":0,"enemies":"Small Slimes","floor":5,"turns":3},{"damage":22,"enemies":"3 Sentries","floor":6,"turns":9},{"damage":2,"enemies":"3 Louse","floor":7,"turns":5},{"damage":12,"enemies":"Red Slaver","floor":8,"turns":6},{"damage":0,"enemies":"Large Slime","floor":10,"turns":9},{"damage":11,"enemies":"Gremlin Gang","floor":13,"turns":8},{"damage":5,"enemies":"Blue Slaver","floor":14,"turns":6},{"damage":21,"enemies":"Hexaghost","floor":16,"turns":12},{"damage":19,"enemies":"2 Thieves","floor":18,"turns":5},{"damage":0,"enemies":"3 Byrds","floor":20,"turns":1}],"seed_played":"-1897682310788445219","potions_obtained":[{"floor":4,"key":"ColorlessPotion"},{"floor":10,"key":"ColorlessPotion"},{"floor":13,"key":"Adrenaline Potion"},{"floor":16,"key":"SmokeBomb"},{"floor":18,"key":"BlessingOfTheForge"}],"is_trial":false,"path_per_floor":["M","$","?","M","M","E","M","M","T","M","?","?","M","M","R","B",null,"M","?","M"],"character_chosen":"THE_SILENT","items_purchased":["Well Laid Plans"],"campfire_rested":1,"item_purchase_floors":[2],"current_hp_per_floor":[66,66,66,66,66,44,42,30,30,30,30,30,19,14,35,14,70,51,51,51,51],"gold":243,"neow_bonus":"THREE_CARDS","is_daily":false,"chose_seed":false,"campfire_upgraded":0,"win_rate":0.0,"timestamp":1609048312,"path_taken":["M","?","?","M","M","E","M","M","T","M","?","?","M","M","R","BOSS","M","?","M"],"items_purchased_type":["Card"],"build_version":"2020-12-22","purchased_purges":0,"victory":false,"max_hp_per_floor":[70,70,70,70,70,70,70,70,70,70,70,70,70,70,70,70,70,70,70,70,70],"relic_stats":{"counters":[12,72],"Juzu Bracelet":1,"obtain_stats":[{"Oddly Smooth Stone":9,"conspire:RunicOctahedron":17,"Juzu Bracelet":6,"hubris:Towel":3,"Ring of the Snake":0},{"Oddly Smooth Stone":6,"conspire:RunicOctahedron":10,"Juzu Bracelet":4,"hubris:Towel":1,"Ring of the Snake":0},{"Oddly Smooth Stone":31,"conspire:RunicOctahedron":66,"Juzu Bracelet":20,"hubris:Towel":5,"Ring of the Snake":0}],"Ring of the Snake":[24]},"card_choices":[{"not_picked":["Backflip","Dagger Throw"],"picked":"Acrobatics","floor":0},{"not_picked":["All Out Attack","Riddle With Holes"],"picked":"Underhanded Strike","floor":1},{"not_picked":["Sucker Punch","Replay:Poison Smokescreen"],"picked":"Reflex","floor":4},{"not_picked":["ReplayTheSpireMod:Tripwire","Deflect"],"picked":"Reflex","floor":5},{"not_picked":["Blur","ReplayTheSpireMod:Shiv Toss"],"picked":"Backflip","floor":6},{"not_picked":["Backstab","Dodge and Roll","Escape Plan"],"picked":"SKIP","floor":7},{"not_picked":["Backstab","Dodge and Roll","Escape Plan"],"picked":"SKIP","floor":7},{"not_picked":["Endless Agony","Deadly Poison"],"picked":"Hidden Blade","floor":8},{"not_picked":["Deadly Poison","Accuracy"],"picked":"Cloak And Dagger","floor":10},{"not_picked":["Sucker Punch","Acrobatics"],"picked":"Poisoned Stab","floor":13},{"not_picked":["Blade Dance","Catalyst"],"picked":"Noxious Fumes","floor":14},{"not_picked":["Unload","Venomology"],"picked":"After Image","floor":16},{"not_picked":["Backflip","Outmaneuver"],"picked":"Bane","floor":18}],"player_experience":384117,"relics_obtained":[{"floor":6,"key":"Juzu Bracelet"},{"floor":9,"key":"Oddly Smooth Stone"}],"event_choices":[{"damage_healed":0,"gold_gain":0,"player_choice":"0 cards matched","damage_taken":0,"max_hp_gain":0,"max_hp_loss":0,"event_name":"Match and Keep!","floor":11,"gold_loss":0,"cards_obtained":[]},{"damage_healed":0,"gold_gain":0,"player_choice":"Left Gold","damage_taken":0,"max_hp_gain":0,"max_hp_loss":0,"event_name":"World of Goop","floor":12,"gold_loss":26},{"damage_healed":0,"gold_gain":0,"player_choice":"Copied","damage_taken":0,"max_hp_gain":0,"max_hp_loss":0,"event_name":"Duplicator","floor":19,"gold_loss":0,"cards_obtained":["Underhanded Strike"]}],"is_beta":false,"boss_relics":[{"not_picked":["hubris:ScarierMask","construct:WeddingRing"],"picked":"conspire:RunicOctahedron"}],"items_purged_floors":[],"is_endless":false,"potions_floor_spawned":[4,10,13,16,18],"killed_by":"3 Byrds","ascension_level":0}}