{"host":"nukjzc0ca34w6eem","time":1609063048,"event":{"mods":["2.2 Compatiblity","AchievementEnabler","BaseMod","Colored Powertips","Downfall","Minty Spire (QoL Compilation)","StSLib"],"gold_per_floor":[99,119,119,119,130,130,202,218,7,23,42,42,58,58,73,169,219,219,239,239,258,269,269,296,329,329,329,329],"floor_reached":26,"playtime":1695,"items_purged":["Guardian:Strike_Guardian"],"score":270,"play_id":"af13ae94-86d9-4265-a233-542f612feb1c","local_time":"20201227015728","is_ascension_mode":true,"campfire_choices":[{"data":"Guardian:TwinSlam","floor":1,"key":"SMITH"},{"data":"Guardian:Reroute","floor":6,"key":"SMITH"},{"data":"Guardian:Suspension","floor":18,"key":"SMITH"},{"floor":23,"key":"RECALL"}],"circlet_count":0,"master_deck":["Guardian:Strike_Guardian","Guardian:Strike_Guardian","Guardian:Defend_Guardian+1","Guardian:CurlUp","Guardian:TwinSlam+1","Guardian:Reroute+1","Guardian:PiercingHide+1","Guardian:Planning","Guardian:DonusPower+1","Guardian:RollAttack","Regret","Guardian:Recover","Guardian:Harden+1","Guardian:Suspension+1","Guardian:ExploitGems"],"relics":["Guardian:ModeShifter","HornCleat","Tiny House","Red Mask"],"acts_visited":["Exordium","TheCity"],"potions_floor_usage":[16,16,25],"damage_taken":[{"damage":1,"enemies":"Cultist","floor":2,"turns":3},{"damage":0,"enemies":"Small Slimes","floor":5,"turns":3},{"damage":0,"enemies":"2 Louse","floor":8,"turns":2},{"damage":0,"enemies":"downfall:FleeingMerchant","floor":9,"turns":4},{"damage":3,"enemies":"Exordium Thugs","floor":10,"turns":3},{"damage":0,"enemies":"Red Slaver","floor":11,"turns":3},{"damage":6,"enemies":"Large Slime","floor":13,"turns":4},{"damage":1,"enemies":"2 Fungi Beasts","floor":15,"turns":3},{"damage":21,"enemies":"downfall:Defect","floor":16,"turns":7},{"damage":4,"enemies":"Chosen","floor":19,"turns":4},{"damage":2,"enemies":"Centurion and Healer","floor":21,"turns":5},{"damage":16,"enemies":"Chosen and Byrds","floor":22,"turns":5},{"damage":15,"enemies":"Masked Bandits","floor":25,"turns":3},{"damage":41,"enemies":"Cultist and Chosen","floor":26,"turns":6}],"seed_played":"-4494834264732200721","potions_obtained":[{"floor":2,"key":"SkillPotion"},{"floor":5,"key":"Ancient Potion"},{"floor":13,"key":"Guardian:BlockOnCardUsePotion"},{"floor":15,"key":"hexamod:EctoCoolerPotion"},{"floor":17,"key":"Dexterity Potion"},{"floor":22,"key":"AttackPotion"}],"is_trial":false,"path_per_floor":["R","M","?","?","M","R","T","M","$","M","M","?","M","?","M","B",null,"R","M","?","M","M","R","T","?","M"],"character_chosen":"GUARDIAN","items_purchased":["Guardian:Planning","Guardian:DonusPower"],"campfire_rested":0,"item_purchase_floors":[9,9],"current_hp_per_floor":[72,71,71,71,71,71,71,71,71,68,68,68,62,62,61,40,75,75,71,71,69,53,53,53,38,0,0,0],"gold":329,"neow_bonus":"REMOVE_CARD","is_daily":false,"chose_seed":false,"campfire_upgraded":3,"win_rate":0.0,"timestamp":1609063048,"path_taken":["R","M","?","?","M","R","T","M","$","M","M","?","M","?","M","BOSS","R","M","?","M","?","R","T","?","M"],"items_purchased_type":["Card","Card"],"build_version":"2020-12-22","purchased_purges":1,"victory":false,"max_hp_per_floor":[80,80,80,80,80,80,80,80,80,80,80,80,80,80,80,80,85,85,85,85,85,85,85,85,85,85,85,85],"card_choices":[{"not_picked":["Guardian:SpikerProtocol","Guardian:TemporalShield"],"picked":"Guardian:Gem_Cyan","floor":2},{"not_picked":["Guardian:EvasiveProtocol","Guardian:CrystalBeam"],"picked":"Guardian:Reroute","floor":5},{"not_picked":["Guardian:CrystalBeam","Guardian:Preprogram"],"picked":"Guardian:PiercingHide","floor":8},{"not_picked":["Guardian:Recover","Guardian:GuardianWhirl","Guardian:Reroute"],"picked":"SKIP","floor":9},{"not_picked":["Guardian:FuturePlans","Guardian:TimeCapacitor"],"picked":"Guardian:RollAttack","floor":10},{"not_picked":["Guardian:WalkerClaw","Guardian:HyperBeam_Guardian"],"picked":"Guardian:Gem_Cyan","floor":11},{"not_picked":["Guardian:GuardianWhirl","Guardian:WalkerClaw"],"picked":"Guardian:Recover","floor":13},{"not_picked":["Guardian:VentSteam","Guardian:Gem_Blue"],"picked":"Guardian:Harden","floor":15},{"not_picked":["Guardian:StasisField","Guardian:TimeSifter"],"picked":"Guardian:Gem_Synthetic","floor":16},{"not_picked":["Guardian:RollAttack","Guardian:ShieldCharger"],"picked":"Guardian:Suspension","floor":17},{"not_picked":["Guardian:Reroute+1","Guardian:Harden","Guardian:ArmoredProtocol"],"picked":"SKIP","floor":19},{"not_picked":["Guardian:Planning","Guardian:Reroute"],"picked":"Guardian:Gem_Green","floor":21},{"not_picked":["Guardian:PiercingHide","Guardian:Gem_Red"],"picked":"Guardian:ExploitGems","floor":22}],"player_experience":465636,"relics_obtained":[{"floor":7,"key":"HornCleat"},{"floor":25,"key":"Red Mask"}],"event_choices":[{"cards_removed":["Guardian:Defend_Guardian"],"damage_healed":0,"gold_gain":0,"player_choice":"Card Removal","damage_taken":0,"max_hp_gain":0,"max_hp_loss":0,"event_name":"The Cleric","floor":4,"gold_loss":0},{"damage_healed":0,"gold_gain":0,"player_choice":"Fought Bandits","damage_taken":0,"max_hp_gain":0,"max_hp_loss":0,"event_name":"Masked Bandits","floor":25,"gold_loss":0}],"is_beta":false,"boss_relics":[{"not_picked":["SlaversCollar","Philosopher\u0027s Stone"],"picked":"Tiny House"}],"items_purged_floors":[9],"is_endless":false,"potions_floor_spawned":[2,5,13,15,22],"killed_by":"Cultist and Chosen","ascension_level":7}}