{"host":"lhth1efayex2023z","time":1609093196,"event":{"mods":["BaseMod","Colored Map","Googly Eyes","Minty Spire (QoL Compilation)","StSLib"],"gold_per_floor":[115,34,47,0,0,34,34,65,65,65,65,82,109,109,109,210,210,229,245,245,245,245],"floor_reached":21,"playtime":747,"items_purged":[],"score":302,"play_id":"bbfcacab-06d3-4d68-980f-3b90ad953528","local_time":"20201227111956","is_ascension_mode":true,"campfire_choices":[{"data":"Cloak And Dagger","floor":7,"key":"SMITH"},{"data":"Finisher","floor":11,"key":"SMITH"},{"data":"Caltrops","floor":15,"key":"SMITH"}],"circlet_count":0,"master_deck":["AscendersBane","Strike_G","Strike_G","Strike_G","Strike_G","Defend_G","Defend_G","Defend_G","Defend_G","Defend_G","Survivor","Neutralize+1","CurseOfTheBell","Caltrops+1","Caltrops","Blade Dance","Cloak And Dagger+1","Finisher+1","Noxious Fumes","Venomology","Bouncing Flask","Dash"],"relics":["Calling Bell","Nunchaku","Shuriken","Bird Faced Urn","Question Card","Regal Pillow","Potion Belt","Philosopher\u0027s Stone","Nloth\u0027s Gift"],"acts_visited":["Exordium","TheCity"],"potions_floor_usage":[6,16,16,18,19],"damage_taken":[{"damage":7,"enemies":"Cultist","floor":1,"turns":5},{"damage":2,"enemies":"2 Louse","floor":3,"turns":4},{"damage":10,"enemies":"3 Sentries","floor":6,"turns":6},{"damage":23,"enemies":"Gremlin Nob","floor":8,"turns":4},{"damage":1,"enemies":"Small Slimes","floor":12,"turns":3},{"damage":25,"enemies":"3 Sentries","floor":13,"turns":7},{"damage":24,"enemies":"Slime Boss","floor":16,"turns":8},{"damage":19,"enemies":"Spheric Guardian","floor":18,"turns":4},{"damage":32,"enemies":"2 Thieves","floor":19,"turns":3},{"damage":29,"enemies":"Snecko","floor":21,"turns":5}],"seed_played":"9006225181894928673","potions_obtained":[{"floor":3,"key":"Explosive Potion"},{"floor":12,"key":"GamblersBrew"},{"floor":13,"key":"AttackPotion"},{"floor":16,"key":"CunningPotion"}],"is_trial":false,"path_per_floor":["M","$","M","$","?","E","R","E","T","?","R","M","E","?","R","B",null,"M","M","?","M"],"character_chosen":"THE_SILENT","items_purchased":["Caltrops","Cloak And Dagger"],"campfire_rested":0,"item_purchase_floors":[2,4],"current_hp_per_floor":[56,56,58,58,58,52,52,33,33,70,70,70,58,51,51,31,66,53,23,23,0,0],"gold":245,"neow_bonus":"BOSS_RELIC","is_daily":false,"chose_seed":false,"campfire_upgraded":3,"win_rate":0.0,"timestamp":1609093196,"path_taken":["M","$","?","$","?","E","R","E","T","?","R","?","E","?","R","BOSS","M","M","?","M"],"items_purchased_type":["Card","Card"],"build_version":"2020-12-22","purchased_purges":0,"victory":false,"max_hp_per_floor":[70,70,70,70,70,70,70,70,70,70,70,70,77,77,77,77,77,77,77,77,77,77],"card_choices":[{"not_picked":["Quick Slash","Poisoned Stab"],"picked":"Caltrops","floor":1},{"not_picked":["Crippling Poison","Prepared"],"picked":"Blade Dance","floor":3},{"not_picked":["Underhanded Strike","Deadly Poison"],"picked":"Masterful Stab","floor":6},{"not_picked":["Backstab","Deflect","Noxious Fumes"],"picked":"Finisher","floor":8},{"not_picked":["Finisher","Deadly Poison","Underhanded Strike"],"picked":"Noxious Fumes","floor":12},{"not_picked":["Eviscerate","Heel Hook","Backstab","Poisoned Stab"],"picked":"SKIP","floor":13},{"not_picked":["Grand Finale","Malaise","Doppelganger"],"picked":"Venomology","floor":16},{"not_picked":["Dagger Spray","Concentrate+1","Backstab"],"picked":"Bouncing Flask","floor":18},{"not_picked":["Deadly Poison","Masterful Stab","Flying Knee+1"],"picked":"Dash","floor":19}],"player_experience":413997,"relics_obtained":[{"floor":0,"key":"Nunchaku"},{"floor":0,"key":"Shuriken"},{"floor":0,"key":"Bird Faced Urn"},{"floor":6,"key":"Question Card"},{"floor":8,"key":"Regal Pillow"},{"floor":9,"key":"Potion Belt"},{"floor":13,"key":"Strawberry"}],"event_choices":[{"damage_healed":0,"gold_gain":0,"player_choice":"Grow","damage_taken":0,"max_hp_gain":0,"max_hp_loss":0,"event_name":"Living Wall","floor":5,"gold_loss":0,"cards_upgraded":["Neutralize"]},{"cards_removed":["Masterful Stab"],"damage_healed":37,"gold_gain":0,"player_choice":"Offered Uncommon","damage_taken":0,"max_hp_gain":0,"max_hp_loss":0,"event_name":"Bonfire Elementals","floor":10,"gold_loss":0},{"cards_removed":["Strike_G"],"damage_healed":0,"gold_gain":0,"player_choice":"Card Removal","damage_taken":7,"max_hp_gain":0,"max_hp_loss":0,"event_name":"Golden Wing","floor":14,"gold_loss":0},{"damage_healed":0,"gold_gain":0,"player_choice":"Traded Relic","damage_taken":0,"relics_obtained":["Nloth\u0027s Gift"],"max_hp_gain":0,"max_hp_loss":0,"event_name":"N\u0027loth","floor":20,"relics_lost":["Strawberry"],"gold_loss":0}],"is_beta":false,"boss_relics":[{"not_picked":["Pandora\u0027s Box","Coffee Dripper"],"picked":"Philosopher\u0027s Stone"}],"items_purged_floors":[],"is_endless":false,"potions_floor_spawned":[3,12,13,16],"killed_by":"Snecko","ascension_level":11}}