{"host":"mt3nndg5ku536gxi","time":1609073372,"event":{"mods":["BaseMod","Colored Powertips","Minty Spire (QoL Compilation)","Permanent Neow","Quick Restart","StSLib"],"gold_per_floor":[117,192,117,127,147,182,196,231,307,307,338,362,299,346,358,445,457,484,496,508,546,577,589,631,643,726,766,789,835,252,269,269,343,343,353,364,375,375,26,53,66,94,121,121,146,146,116,141,141,141,141,141,141,1,28,28],"floor_reached":57,"playtime":4398,"items_purged":["Strike_P","Strike_P","Defend_P","BowlingBash+1"],"score":3052,"play_id":"0c388dd5-6c2b-4379-b736-fb8405e06dd3","local_time":"20201227204932","is_ascension_mode":true,"campfire_choices":[{"data":"Eruption","floor":10.0,"key":"SMITH"},{"data":"Strike_P","floor":15.0,"key":"PURGE"},{"data":"Defend_P","floor":23.0,"key":"PURGE"},{"data":"Defend_P","floor":25.0,"key":"PURGE"},{"floor":32.0,"key":"REST"},{"floor":49.0,"key":"RECALL"},{"data":"Defend_P+1","floor":53.0,"key":"PURGE"}],"circlet_count":0,"master_deck":["AscendersBane","Eruption+1","Vigilance+1","Wireheading+1","FlurryOfBlows+1","CutThroughFate+1","FearNoEvil+1","Adaptation","ClearTheMind+1","Wallop","MasterReality+1","Indignation","DeceiveReality","Sanctity+1","Meditate+1","Vengeance+1","Adaptation+1","ReachHeaven+1","MentalFortress+1","Tantrum","Prostrate+1","LikeWater+1","InnerPeace+1","MentalFortress+1","ReachHeaven+1"],"relics":["Philosopher\u0027s Stone","Centennial Puzzle","Bird Faced Urn","TeardropLocket","MawBank","Peace Pipe","Black Star","Nilry\u0027s Codex","Toxic Egg 2","Pear","Frozen Egg 2","Mercury Hourglass","War Paint","Art of War","Bronze Scales","InkBottle","Runic Dome","Membership Card","Damaru","White Beast Statue","Blood Vial","The Courier","Turnip","Happy Flower","Oddly Smooth Stone","Darkstone Periapt","Mango","DollysMirror","Vajra","Akabeko"],"acts_visited":["Exordium","TheCity","TheBeyond","TheEnding"],"potions_floor_usage":[56,56],"damage_taken":[{"damage":0.0,"enemies":"Cultist","floor":1.0,"turns":4.0},{"damage":0.0,"enemies":"2 Louse","floor":4.0,"turns":2.0},{"damage":0.0,"enemies":"Small Slimes","floor":5.0,"turns":1.0},{"damage":18.0,"enemies":"Gremlin Nob","floor":6.0,"turns":3.0},{"damage":4.0,"enemies":"Blue Slaver","floor":7.0,"turns":3.0},{"damage":11.0,"enemies":"Lagavulin","floor":8.0,"turns":3.0},{"damage":1.0,"enemies":"3 Sentries","floor":11.0,"turns":3.0},{"damage":2.0,"enemies":"Lots of Slimes","floor":12.0,"turns":2.0},{"damage":0.0,"enemies":"Gremlin Nob","floor":14.0,"turns":4.0},{"damage":21.0,"enemies":"Slime Boss","floor":16.0,"turns":6.0},{"damage":1.0,"enemies":"3 Byrds","floor":18.0,"turns":3.0},{"damage":8.0,"enemies":"Spheric Guardian","floor":22.0,"turns":3.0},{"damage":17.0,"enemies":"Slavers","floor":24.0,"turns":3.0},{"damage":13.0,"enemies":"Gremlin Leader","floor":27.0,"turns":6.0},{"damage":11.0,"enemies":"Snecko","floor":28.0,"turns":3.0},{"damage":9.0,"enemies":"Book of Stabbing","floor":29.0,"turns":2.0},{"damage":0.0,"enemies":"Centurion and Healer","floor":31.0,"turns":3.0},{"damage":18.0,"enemies":"Champ","floor":33.0,"turns":7.0},{"damage":0.0,"enemies":"Orb Walker","floor":35.0,"turns":3.0},{"damage":8.0,"enemies":"3 Darklings","floor":36.0,"turns":3.0},{"damage":0.0,"enemies":"Maw","floor":37.0,"turns":4.0},{"damage":1.0,"enemies":"Giant Head","floor":40.0,"turns":5.0},{"damage":5.0,"enemies":"Sphere and 2 Shapes","floor":41.0,"turns":2.0},{"damage":16.0,"enemies":"Nemesis","floor":42.0,"turns":5.0},{"damage":0.0,"enemies":"Giant Head","floor":45.0,"turns":3.0},{"damage":0.0,"enemies":"Mind Bloom Boss Battle","floor":48.0,"turns":3.0},{"damage":14.0,"enemies":"Time Eater","floor":50.0,"turns":6.0},{"damage":26.0,"enemies":"Donu and Deca","floor":51.0,"turns":5.0},{"damage":25.0,"enemies":"Shield and Spear","floor":55.0,"turns":4.0},{"damage":32,"enemies":"The Heart","floor":56,"turns":7}],"seed_played":"5639857475450621767","potions_obtained":[{"floor":1.0,"key":"EntropicBrew"},{"floor":6.0,"key":"Block Potion"},{"floor":16.0,"key":"ColorlessPotion"},{"floor":22.0,"key":"FearPotion"},{"floor":24.0,"key":"BlessingOfTheForge"},{"floor":27.0,"key":"EntropicBrew"},{"floor":28.0,"key":"Fire Potion"},{"floor":35.0,"key":"Swift Potion"},{"floor":41.0,"key":"Block Potion"},{"floor":48.0,"key":"PowerPotion"},{"floor":55.0,"key":"Block Potion"}],"is_trial":false,"path_per_floor":["M","?","$","M","M","E","M","E","T","R","E","M","?","E","R","B",null,"M","?","?","T","M","R","E","R","T","E","M","E","$","M","R","B",null,"M","M","M","?","$","E","M","E","T","?","E","?","$","?","R","B","B",null,"R","$","E","B",null],"character_chosen":"WATCHER","items_purchased":["InkBottle","Adaptation+1","ReachHeaven","Swift Potion","Membership Card","MentalFortress+1","Damaru","InnerPeace+1","DollysMirror"],"campfire_rested":1,"item_purchase_floors":[30,30,30,30,39,39,39,47,54],"current_hp_per_floor":[61,50,50,50,50,32,28,17,17,17,20,20,20,24,24,9,53,56,35,35,35,29,29,26,26,26,21,12,7,7,13,36,30,66,74,70,78,74,74,74,69,65,65,65,74,74,74,88,88,74,64,82,82,82,71,61],"gold":28,"neow_bonus":"BOSS_RELIC","is_daily":false,"chose_seed":false,"campfire_upgraded":1,"win_rate":0.0,"timestamp":1609073372,"path_taken":["M","?","$","M","M","E","M","E","T","R","E","M","?","E","R","BOSS","M","?","?","?","M","R","E","R","T","E","M","E","$","M","R","BOSS","M","?","M","?","$","E","M","E","T","?","E","?","?","?","R","BOSS","BOSS","R","$","E","BOSS"],"items_purchased_type":["Relic","Card","Card","Potion","Relic","Card","Relic","Card","Relic"],"build_version":"2020-12-22","purchased_purges":4,"victory":true,"max_hp_per_floor":[68,68,68,68,68,68,68,68,68,68,68,68,68,68,68,68,68,68,68,68,68,68,68,78,78,78,78,78,78,78,78,78,78,78,78,78,78,74,74,74,74,74,74,74,74,74,74,88,88,88,88,88,88,88,88,88],"card_choices":[{"not_picked":["EmptyBody","FlurryOfBlows"],"picked":"BowlingBash","floor":1.0},{"not_picked":["Protect","Consecrate"],"picked":"Wireheading","floor":4.0},{"not_picked":["FlyingSleeves","Consecrate"],"picked":"FlurryOfBlows","floor":5.0},{"not_picked":["Nirvana","Wireheading"],"picked":"CutThroughFate","floor":6.0},{"not_picked":["SpiritShield","FlyingSleeves"],"picked":"FearNoEvil","floor":7.0},{"not_picked":["Crescendo","Conclude"],"picked":"Adaptation","floor":8.0},{"not_picked":["Wireheading","BowlingBash"],"picked":"ClearTheMind","floor":11.0},{"not_picked":["BowlingBash","SpiritShield"],"picked":"Wallop","floor":12.0},{"not_picked":["Worship","Pray"],"picked":"MasterReality","floor":14.0},{"not_picked":["Judgement","SpiritShield"],"picked":"LessonLearned","floor":16.0},{"not_picked":["CarveReality","FlyingSleeves"],"picked":"Indignation","floor":18.0},{"not_picked":["JustLucky","Consecrate"],"picked":"DeceiveReality","floor":22.0},{"not_picked":["ThirdEye+1","CrushJoints"],"picked":"Sanctity+1","floor":24.0},{"not_picked":["CrushJoints","WaveOfTheHand+1"],"picked":"Meditate+1","floor":27.0},{"not_picked":["SashWhip","Weave+1","FollowUp"],"picked":"SKIP","floor":28.0},{"not_picked":["PathToVictory+1","CrushJoints"],"picked":"Vengeance+1","floor":29.0},{"not_picked":["PathToVictory+1","EmptyFist","Sanctity+1"],"picked":"SKIP","floor":31.0},{"not_picked":["SashWhip","WreathOfFlame+1","Evaluate+1"],"picked":"SKIP","floor":35.0},{"not_picked":["Crescendo+1","Protect+1","CarveReality"],"picked":"SKIP","floor":36.0},{"not_picked":["WreathOfFlame+1","ReachHeaven","CrushJoints"],"picked":"SKIP","floor":37.0},{"not_picked":["CrushJoints","Halt+1"],"picked":"Tantrum","floor":40.0},{"not_picked":["BowlingBash","LessonLearned"],"picked":"Prostrate+1","floor":41.0},{"not_picked":["Swivel+1","SashWhip+1","Sanctity+1"],"picked":"SKIP","floor":42.0},{"not_picked":["Halt+1","Perseverance+1"],"picked":"LikeWater+1","floor":45.0},{"not_picked":["Wallop+1","ForeignInfluence+1"],"picked":"ReachHeaven+1","floor":55.0}],"player_experience":185343,"relics_obtained":[{"floor":6.0,"key":"Centennial Puzzle"},{"floor":8.0,"key":"Bird Faced Urn"},{"floor":9.0,"key":"TeardropLocket"},{"floor":11.0,"key":"MawBank"},{"floor":14.0,"key":"Peace Pipe"},{"floor":19.0,"key":"Nilry\u0027s Codex"},{"floor":24.0,"key":"Toxic Egg 2"},{"floor":24.0,"key":"Pear"},{"floor":26.0,"key":"Frozen Egg 2"},{"floor":27.0,"key":"Mercury Hourglass"},{"floor":27.0,"key":"War Paint"},{"floor":29.0,"key":"Art of War"},{"floor":29.0,"key":"Bronze Scales"},{"floor":40.0,"key":"White Beast Statue"},{"floor":40.0,"key":"Blood Vial"},{"floor":42.0,"key":"The Courier"},{"floor":42.0,"key":"Turnip"},{"floor":43.0,"key":"Happy Flower"},{"floor":45.0,"key":"Oddly Smooth Stone"},{"floor":45.0,"key":"Darkstone Periapt"},{"floor":48.0,"key":"Mango"},{"floor":55.0,"key":"Vajra"},{"floor":55.0,"key":"Akabeko"}],"event_choices":[{"damage_healed":0.0,"max_hp_gain":0.0,"max_hp_loss":0.0,"gold_gain":75.0,"event_name":"World of Goop","player_choice":"Gather Gold","floor":2.0,"gold_loss":0.0,"damage_taken":11.0},{"cards_removed":["Strike_P"],"damage_healed":0.0,"max_hp_gain":0.0,"max_hp_loss":0.0,"gold_gain":0.0,"event_name":"The Cleric","player_choice":"Card Removal","floor":13.0,"gold_loss":75.0,"damage_taken":0.0},{"damage_healed":0.0,"max_hp_gain":0.0,"max_hp_loss":0.0,"gold_gain":0.0,"event_name":"Cursed Tome","player_choice":"Obtained Book","floor":19.0,"gold_loss":0.0,"damage_taken":21.0},{"damage_healed":0.0,"max_hp_gain":0.0,"max_hp_loss":0.0,"gold_gain":0.0,"event_name":"Vampires","player_choice":"Ignored","floor":20.0,"gold_loss":0.0,"damage_taken":0.0},{"damage_healed":0.0,"max_hp_gain":0.0,"max_hp_loss":4.0,"gold_gain":0.0,"event_name":"Winding Halls","player_choice":"Max HP","floor":38.0,"gold_loss":0.0,"damage_taken":0.0},{"cards_removed":["LessonLearned"],"damage_healed":0.0,"max_hp_gain":0.0,"max_hp_loss":0.0,"gold_gain":0.0,"event_name":"Falling","player_choice":"Removed Attack","floor":44.0,"gold_loss":0.0,"damage_taken":0.0},{"damage_healed":0.0,"max_hp_gain":0.0,"max_hp_loss":0.0,"gold_gain":0.0,"event_name":"Tomb of Lord Red Mask","player_choice":"Ignored","floor":46.0,"gold_loss":0.0,"damage_taken":0.0},{"damage_healed":0.0,"max_hp_gain":0.0,"max_hp_loss":0.0,"gold_gain":0.0,"event_name":"MindBloom","player_choice":"Fight","floor":48.0,"gold_loss":0.0,"damage_taken":0.0}],"is_beta":false,"boss_relics":[{"not_picked":["Velvet Choker","Snecko Eye"],"picked":"Black Star"},{"not_picked":["Tiny House","Coffee Dripper"],"picked":"Runic Dome"}],"items_purged_floors":[3,30,39,54],"is_endless":false,"potions_floor_spawned":[1,6,8,16,22,24,27,28,31,35,41,45,48,55],"ascension_level":20}}