{"host":"y1gy3vaohdji07z5","time":1609078239,"event":{"mods":["AchievementEnabler","BaseMod","Colored Map","Colored Powertips","Hermit","Minty Spire (QoL Compilation)","Random Character Button","Rare Cards Sparkle","StSLib"],"gold_per_floor":[116,127,140,152,168,179,179,198,198,198,227,227,243,256,256,352,352,364,73,73,89,14,40,40,56,56,81,81,81],"floor_reached":28,"playtime":1490,"items_purged":["Strike_P"],"score":332,"play_id":"6f65a4d8-e5ff-4b91-8805-14a9c0c091f2","local_time":"20201227151039","is_ascension_mode":true,"campfire_choices":[{"data":"ConjureBlade","floor":7,"key":"SMITH"},{"data":"Eruption","floor":10,"key":"SMITH"},{"data":"ConjureBlade","floor":12,"key":"SMITH"},{"data":"FlurryOfBlows","floor":15,"key":"SMITH"},{"data":"Strike_P","floor":24,"key":"PURGE"}],"circlet_count":0,"master_deck":["Strike_P","Strike_P","Defend_P+1","Defend_P","Defend_P","Defend_P+1","Eruption+1","Vigilance","FlurryOfBlows+1","Crescendo","ConjureBlade+1","ConjureBlade+1","LessonLearned+1","FearNoEvil","Necronomicurse","Crescendo","FlurryOfBlows+1"],"relics":["PureWater","Anchor","HornCleat","Bottled Flame","Black Star","Membership Card","Regal Pillow","Necronomicon","Lee\u0027s Waffle","Peace Pipe","Question Card","Eternal Feather","Molten Egg 2","TungstenRod"],"acts_visited":["Exordium","TheCity"],"potions_floor_usage":[6,11,28],"damage_taken":[{"damage":0,"enemies":"Cultist","floor":1,"turns":2},{"damage":3,"enemies":"Jaw Worm","floor":2,"turns":4},{"damage":0,"enemies":"2 Louse","floor":3,"turns":4},{"damage":0,"enemies":"Large Slime","floor":4,"turns":4},{"damage":0,"enemies":"Red Slaver","floor":5,"turns":3},{"damage":5,"enemies":"Gremlin Gang","floor":6,"turns":5},{"damage":4,"enemies":"Exordium Wildlife","floor":8,"turns":4},{"damage":12,"enemies":"3 Sentries","floor":11,"turns":7},{"damage":6,"enemies":"3 Louse","floor":13,"turns":4},{"damage":0,"enemies":"Exordium Thugs","floor":14,"turns":3},{"damage":22,"enemies":"Slime Boss","floor":16,"turns":5},{"damage":22,"enemies":"Spheric Guardian","floor":18,"turns":4},{"damage":24,"enemies":"3 Byrds","floor":21,"turns":4},{"damage":24,"enemies":"Book of Stabbing","floor":23,"turns":4},{"damage":9,"enemies":"Snake Plant","floor":25,"turns":3},{"damage":0,"enemies":"Gremlin Leader","floor":27,"turns":4},{"damage":47,"enemies":"Chosen and Byrds","floor":28,"turns":4}],"seed_played":"-1489820907492293899","potions_obtained":[{"floor":4,"key":"Swift Potion"},{"floor":6,"key":"Regen Potion"},{"floor":8,"key":"Ancient Potion"},{"floor":16,"key":"Ancient Potion"},{"floor":23,"key":"Fire Potion"}],"is_trial":false,"path_per_floor":["M","M","M","M","M","M","R","M","T","R","E","R","M","M","R","B",null,"M","$","?","M","$","E","R","M","T","E","M"],"character_chosen":"WATCHER","items_purchased":["Membership Card","Regal Pillow","FearNoEvil","Lee\u0027s Waffle"],"campfire_rested":0,"item_purchase_floors":[19,19,19,22],"current_hp_per_floor":[72,69,69,69,69,64,64,60,60,60,63,63,57,57,57,35,72,50,50,34,10,79,55,55,46,46,46,0,0],"gold":81,"neow_bonus":"RANDOM_COMMON_RELIC","is_daily":false,"chose_seed":false,"campfire_upgraded":4,"win_rate":0.0,"timestamp":1609078239,"path_taken":["M","?","M","M","M","M","R","M","T","R","E","R","M","M","R","BOSS","M","$","?","M","$","E","R","M","T","E","M"],"items_purchased_type":["Relic","Relic","Card","Relic"],"build_version":"2020-12-22","purchased_purges":1,"victory":false,"max_hp_per_floor":[72,72,72,72,72,72,72,72,72,72,72,72,72,72,72,72,72,72,72,72,72,79,79,79,79,79,79,79,79],"card_choices":[{"not_picked":["Prostrate","SashWhip"],"picked":"FlurryOfBlows","floor":1},{"not_picked":["JustLucky","Consecrate","Prostrate"],"picked":"SKIP","floor":2},{"not_picked":["Wireheading","FollowUp","Consecrate"],"picked":"SKIP","floor":3},{"not_picked":["Prostrate","BowlingBash","ForeignInfluence"],"picked":"SKIP","floor":4},{"not_picked":["LikeWater","BowlingBash"],"picked":"Crescendo","floor":5},{"not_picked":["DeceiveReality","SandsOfTime"],"picked":"ConjureBlade","floor":6},{"not_picked":["EmptyFist","CrushJoints","EmptyBody"],"picked":"SKIP","floor":8},{"not_picked":["FollowUp","BowlingBash"],"picked":"ConjureBlade","floor":11},{"not_picked":["EmptyFist","Protect","ThirdEye"],"picked":"SKIP","floor":13},{"not_picked":["DeceiveReality","EmptyBody","Blasphemy"],"picked":"SKIP","floor":14},{"not_picked":["DeusExMachina","Wish"],"picked":"LessonLearned","floor":16},{"not_picked":["EmptyMind+1","WindmillStrike","SashWhip+1"],"picked":"SKIP","floor":18},{"not_picked":["EmptyMind+1","WindmillStrike","SashWhip+1"],"picked":"SKIP","floor":18},{"not_picked":["Halt","Collect","WindmillStrike"],"picked":"SKIP","floor":21},{"not_picked":["Vengeance","Evaluate+1","SashWhip+1"],"picked":"SKIP","floor":23},{"not_picked":["DeceiveReality+1","MentalFortress","CrushJoints"],"picked":"Crescendo","floor":25},{"not_picked":["Conclude+1","Halt","WaveOfTheHand"],"picked":"FlurryOfBlows+1","floor":27}],"player_experience":368308,"relics_obtained":[{"floor":9,"key":"HornCleat"},{"floor":11,"key":"Bottled Flame"},{"floor":20,"key":"Necronomicon"},{"floor":23,"key":"Peace Pipe"},{"floor":23,"key":"Question Card"},{"floor":26,"key":"Eternal Feather"},{"floor":27,"key":"Molten Egg 2"},{"floor":27,"key":"TungstenRod"}],"event_choices":[{"damage_healed":0,"gold_gain":0,"player_choice":"Obtained Book","damage_taken":16,"max_hp_gain":0,"max_hp_loss":0,"event_name":"Cursed Tome","floor":20,"gold_loss":0}],"is_beta":false,"boss_relics":[{"not_picked":["Tiny House","SlaversCollar"],"picked":"Black Star"}],"items_purged_floors":[19],"is_endless":false,"potions_floor_spawned":[4,6,8,16,23,27],"killed_by":"Chosen and Byrds","ascension_level":3}}