{"host":"8fjsnt81u6xsmhji","time":1609047625,"event":{"mods":["BaseMod","Colored Powertips","Downfall","Glutton Mod","Hermit","Minty Spire (QoL Compilation)","Quick Restart","StSLib","The Bladedancer","The Bug Knight","The Forsaken","The Hierophant"],"gold_per_floor":[0,20,31,31,16,47,47,47,72,91,111,143,68,81,91,192,242,167,185,17,17,38,78,78,71,71,90,116,143,68,68,85,185,185,185,195,214,73,92,107,155,155,167,167,167,167],"floor_reached":44,"playtime":3737,"items_purged":[],"score":576,"play_id":"5e681375-6d3b-4782-8f82-3ceecc8e3560","local_time":"20201226234025","is_ascension_mode":true,"campfire_choices":[{"floor":1.0,"key":"RECALL"},{"data":"hexamod:Float","floor":8.0,"key":"SMITH"},{"floor":13.0,"key":"REST"},{"data":"hexamod:HexaLevel","floor":18.0,"key":"SMITH"},{"floor":26.0,"key":"REST"},{"floor":30.0,"key":"REST"},{"data":"hexamod:VolcanoVisage","floor":35.0,"key":"SMITH"},{"floor":42.0,"key":"REST"}],"circlet_count":0,"master_deck":["hexamod:Strike+1","hexamod:Strike","hexamod:Strike","hexamod:Strike","hexamod:Defend","hexamod:Defend","hexamod:Defend","hexamod:Defend","hexamod:Sear","hexamod:Float+1","hexamod:StepThrough","hexamod:RetreatToShadows","hexamod:NightmareGuise","hexamod:ChargedBarrage","hexamod:GhostOfSpireFuture","hexamod:InspiringFlames","hexamod:HexaLevel+1","hexamod:PowerFromBeyond","hexamod:RecurringNightmare","hexamod:FourthSeal","hexamod:GhostOfSpireFuture","hexamod:VolcanoVisage+1","hexamod:EmpoweredFlame"],"relics":["hexamod:SpiritBrand","StoneCalendar","hexamod:SoulOfChaos","Pantograph","Ice Cream","hexamod:MatchstickCase","downfall:HeartBlessingRed","Tiny House","downfall:HeartBlessingGreen","Membership Card","Boot","downfall:HeartBlessingBlue","Mummified Hand","Pen Nib"],"acts_visited":["Exordium","TheCity","TheBeyond"],"potions_floor_usage":[44],"damage_taken":[{"damage":0.0,"enemies":"Cultist","floor":2.0,"turns":3.0},{"damage":1.0,"enemies":"Jaw Worm","floor":3.0,"turns":3.0},{"damage":0.0,"enemies":"downfall:FleeingMerchant","floor":5.0,"turns":4.0},{"damage":10.0,"enemies":"Gremlin Nob","floor":6.0,"turns":5.0},{"damage":6.0,"enemies":"HollowMod:MossKnight","floor":9.0,"turns":7.0},{"damage":2.0,"enemies":"Small Slimes","floor":10.0,"turns":4.0},{"damage":5.0,"enemies":"Exordium Thugs","floor":11.0,"turns":6.0},{"damage":34.0,"enemies":"Gremlin Nob","floor":12.0,"turns":6.0},{"damage":0.0,"enemies":"3 Louse","floor":14.0,"turns":4.0},{"damage":0.0,"enemies":"Gremlin Gang","floor":15.0,"turns":4.0},{"damage":12.0,"enemies":"downfall:Silent","floor":16.0,"turns":7.0},{"damage":17.0,"enemies":"Chosen","floor":19.0,"turns":7.0},{"damage":2.0,"enemies":"downfall:FleeingMerchant","floor":20.0,"turns":4.0},{"damage":0.0,"enemies":"Snecko","floor":22.0,"turns":6.0},{"damage":24.0,"enemies":"Book of Stabbing","floor":23.0,"turns":7.0},{"damage":0.0,"enemies":"downfall:FleeingMerchant","floor":25.0,"turns":4.0},{"damage":22.0,"enemies":"Snake Plant","floor":27.0,"turns":5.0},{"damage":27.0,"enemies":"Shelled Parasite and Fungi","floor":28.0,"turns":7.0},{"damage":29.0,"enemies":"Sentry and Sphere","floor":29.0,"turns":6.0},{"damage":12.0,"enemies":"Snake Plant","floor":32.0,"turns":4.0},{"damage":82.0,"enemies":"downfall:Watcher","floor":33.0,"turns":11.0},{"damage":13.0,"enemies":"3 Darklings","floor":36.0,"turns":7.0},{"damage":19.0,"enemies":"Orb Walker","floor":37.0,"turns":5.0},{"damage":6.0,"enemies":"downfall:FleeingMerchant","floor":38.0,"turns":4.0},{"damage":7.0,"enemies":"Writhing Mass","floor":39.0,"turns":7.0},{"damage":8.0,"enemies":"Maw","floor":40.0,"turns":7.0},{"damage":36.0,"enemies":"Sphere and 2 Shapes","floor":43.0,"turns":7.0},{"damage":21,"enemies":"Writhing Mass","floor":44,"turns":3}],"seed_played":"-2317478090033294008","potions_obtained":[{"floor":2.0,"key":"Energy Potion"},{"floor":4.0,"key":"AttackPotion"},{"floor":4.0,"key":"PowerPotion"},{"floor":9.0,"key":"DuplicationPotion"},{"floor":15.0,"key":"Energy Potion"},{"floor":16.0,"key":"SkillPotion"},{"floor":23.0,"key":"Strength Potion"},{"floor":25.0,"key":"EntropicBrew"},{"floor":27.0,"key":"GamblersBrew"},{"floor":28.0,"key":"FairyPotion"},{"floor":28.0,"key":"BlessingOfTheForge"},{"floor":29.0,"key":"SneckoOil"},{"floor":32.0,"key":"Fire Potion"},{"floor":32.0,"key":"SteroidPotion"},{"floor":33.0,"key":"Weak Potion"},{"floor":36.0,"key":"PowerPotion"},{"floor":37.0,"key":"champ:CounterPotion"},{"floor":38.0,"key":"SmokeBomb"},{"floor":39.0,"key":"Block Potion"},{"floor":39.0,"key":"Energy Potion"},{"floor":40.0,"key":"sneckomod:MuddlingPotion"},{"floor":43.0,"key":"FearPotion"},{"floor":43.0,"key":"DistilledChaos"}],"is_trial":false,"path_per_floor":["R","M","M","?","$","E","T","R","E","M","M","E","R","M","M","B",null,"R","M","$","?","M","E","T","$","R","M","M","M","R","?","M","B",null,"R","M","M","$","M","M","T","R","M","M"],"character_chosen":"THE_SPIRIT","items_purchased":["Membership Card","Mummified Hand"],"campfire_rested":4,"item_purchase_floors":[20,38],"current_hp_per_floor":[70,70,69,69,69,59,59,59,53,51,46,12,33,33,33,46,75,75,58,56,56,56,32,32,32,54,32,5,6,41,85,73,3,85,85,72,53,47,40,32,32,57,21,0,0,0],"gold":167,"neow_bonus":"ONE_RARE_RELIC","is_daily":false,"chose_seed":false,"campfire_upgraded":3,"win_rate":0.0,"timestamp":1609047625,"path_taken":["R","M","M","?","?","E","T","R","E","M","?","E","R","M","M","BOSS","R","M","$","?","M","E","T","?","R","M","M","M","R","?","M","BOSS","R","M","M","$","M","M","T","R","M","M"],"items_purchased_type":["Relic","Relic"],"build_version":"2020-12-22","purchased_purges":0,"victory":false,"max_hp_per_floor":[70,70,70,70,70,70,70,70,70,70,70,70,70,70,70,70,75,75,75,75,75,75,75,75,75,75,75,75,75,85,85,85,85,85,85,85,85,85,85,85,85,85,85,85,85,85],"card_choices":[{"not_picked":["hexamod:ShieldOfDarkness","hexamod:BurningTouch"],"picked":"hexamod:StepThrough","floor":2.0},{"not_picked":["hexamod:CatchUp","hexamod:BurningTouch","hexamod:SwordOfDarkness"],"picked":"SKIP","floor":3.0},{"not_picked":["hexamod:SwordOfDarkness","hexamod:SkipABeat"],"picked":"hexamod:RetreatToShadows","floor":5.0},{"not_picked":["hexamod:SpectralAdrenaline","hexamod:Toasty"],"picked":"hexamod:NightmareGuise","floor":6.0},{"not_picked":["hexamod:NightmareGuise","hexamod:Again"],"picked":"hexamod:ChargedBarrage","floor":9.0},{"not_picked":["hexamod:GhostOfSpirePast","hexamod:SwordOfDarkness","hexamod:HeatMetal"],"picked":"SKIP","floor":10.0},{"not_picked":["hexamod:HauntingEcho","hexamod:GhostLash"],"picked":"hexamod:GhostOfSpireFuture","floor":11.0},{"not_picked":["hexamod:ShieldOfDarkness","hexamod:SearingWound","hexamod:SkipABeat"],"picked":"SKIP","floor":12.0},{"not_picked":["hexamod:HeatCrush","hexamod:ThermalTransfer","hexamod:ShieldOfDarkness"],"picked":"SKIP","floor":14.0},{"not_picked":["hexamod:Firestarter","hexamod:SoulSteal"],"picked":"hexamod:InspiringFlames","floor":15.0},{"not_picked":["hexamod:FifthSeal","hexamod:SixthSeal"],"picked":"hexamod:HexaLevel","floor":16.0},{"not_picked":["hexamod:RainOfEmbers","hexamod:BurningTouch"],"picked":"hexamod:PowerFromBeyond","floor":17.0},{"not_picked":["hexamod:SpectersWail","hexamod:Firestarter"],"picked":"hexamod:RecurringNightmare","floor":19.0},{"not_picked":["hexamod:SoulSteal+1","hexamod:HeatCrush"],"picked":"hexamod:SecondSeal","floor":20.0},{"not_picked":["hexamod:SwordOfDarkness","hexamod:SpectersWail+1","hexamod:BacktrackSmack"],"picked":"SKIP","floor":22.0},{"not_picked":["hexamod:PhantomCloak","hexamod:Again"],"picked":"hexamod:FourthSeal","floor":23.0},{"not_picked":["hexamod:Firestarter","hexamod:SearingWound","hexamod:GhostLash"],"picked":"SKIP","floor":25.0},{"not_picked":["hexamod:FlamesFromBeyond","hexamod:RecurringNightmare","hexamod:ShieldOfDarkness+1"],"picked":"SKIP","floor":27.0},{"not_picked":["hexamod:SwordOfDarkness","hexamod:Firestarter","hexamod:ShieldOfDarkness"],"picked":"SKIP","floor":28.0},{"not_picked":["hexamod:HauntingEcho","hexamod:DynamicBlow","hexamod:ChargedBarrage"],"picked":"SKIP","floor":29.0},{"not_picked":["hexamod:ChargedBarrage+1","hexamod:InspiringFlames"],"picked":"hexamod:GhostOfSpireFuture","floor":32.0},{"not_picked":["hexamod:FifthSeal","hexamod:TimeOfNeed"],"picked":"hexamod:VolcanoVisage","floor":33.0},{"not_picked":["hexamod:NightmareStrike","hexamod:RetreatToShadows","hexamod:GhostLash+1"],"picked":"SKIP","floor":36.0},{"not_picked":["hexamod:NightmareGuise","hexamod:InspiringFlames+1","hexamod:NightmareStrike+1"],"picked":"SKIP","floor":37.0},{"not_picked":["hexamod:DynamicBlow+1","hexamod:Toasty","hexamod:AdvancingGuard+1"],"picked":"SKIP","floor":38.0},{"not_picked":["hexamod:HeatMetal","hexamod:GhostShield+1","hexamod:FourthSeal"],"picked":"SKIP","floor":39.0},{"not_picked":["hexamod:ShieldOfDarkness+1","hexamod:HeatCrush","hexamod:BacktrackSmack"],"picked":"SKIP","floor":40.0},{"not_picked":["hexamod:SpectralAdrenaline","hexamod:SwordOfDarkness"],"picked":"hexamod:EmpoweredFlame","floor":43.0}],"player_experience":607257,"relics_obtained":[{"floor":6.0,"key":"hexamod:SoulOfChaos"},{"floor":7.0,"key":"Pantograph"},{"floor":9.0,"key":"Ice Cream"},{"floor":12.0,"key":"hexamod:MatchstickCase"},{"floor":23.0,"key":"Boot"},{"floor":41.0,"key":"Pen Nib"}],"event_choices":[{"damage_healed":0.0,"max_hp_gain":0.0,"max_hp_loss":0.0,"gold_gain":0.0,"event_name":"Lab","player_choice":"Got Potions","floor":4.0,"gold_loss":0.0,"damage_taken":0.0},{"cards_removed":["hexamod:SecondSeal"],"damage_healed":44.0,"max_hp_gain":0.0,"max_hp_loss":0.0,"gold_gain":0.0,"event_name":"Bonfire Elementals","player_choice":"Offered Uncommon","floor":31.0,"gold_loss":0.0,"damage_taken":0.0}],"is_beta":false,"boss_relics":[{"not_picked":["Astrolabe","Runic Pyramid"],"picked":"Tiny House"},{"not_picked":["Busted Crown","Pandora\u0027s Box","Coffee Dripper"]}],"items_purged_floors":[],"is_endless":false,"potions_floor_spawned":[2,9,15,16,19,23,28,32,39,40,43],"killed_by":"Writhing Mass","ascension_level":3}}