{"host":"baymyijz6sxaqj5s","time":1609068465,"event":{"mods":["AchievementEnabler","BaseMod","Colored Map","Colored Powertips","DeckTracker","KOR Keyword Fix","Keyboard Shortcuts","Minty Spire (QoL Compilation)","Quick Restart","StSLib","SuperFastMode"],"gold_per_floor":[109,127,140,158,133,133,156,169,169,185,200,375,375,407,407,407,407],"floor_reached":16,"playtime":463,"items_purged":[],"score":114,"play_id":"ce294c13-8650-47bb-a51a-47bda473fddc","local_time":"20201227202745","is_ascension_mode":true,"campfire_choices":[{"data":"Backflip","floor":6,"key":"SMITH"},{"floor":13,"key":"REST"},{"floor":15,"key":"REST"}],"circlet_count":0,"master_deck":["Strike_G","Strike_G","Strike_G","Strike_G","Strike_G","Defend_G","Defend_G","Defend_G","Defend_G","Defend_G","Survivor","Neutralize","Poisoned Stab","Poisoned Stab","Backflip+1","Deadly Poison","Noxious Fumes","Deflect","Doubt","Dodge and Roll"],"relics":["Ring of the Snake","Odd Mushroom","Art of War","Omamori"],"acts_visited":["Exordium"],"potions_floor_usage":[7,7,14,14],"damage_taken":[{"damage":1,"enemies":"Cultist","floor":1,"turns":5},{"damage":2,"enemies":"Jaw Worm","floor":2,"turns":4},{"damage":6,"enemies":"2 Louse","floor":3,"turns":3},{"damage":1,"enemies":"Looter","floor":4,"turns":3},{"damage":28,"enemies":"The Mushroom Lair","floor":7,"turns":6},{"damage":4,"enemies":"Red Slaver","floor":8,"turns":4},{"damage":2,"enemies":"Exordium Thugs","floor":10,"turns":5},{"damage":7,"enemies":"Looter","floor":11,"turns":4},{"damage":15,"enemies":"Lagavulin","floor":14,"turns":8},{"damage":57,"enemies":"The Guardian","floor":16,"turns":9}],"seed_played":"2522616235905288438","potions_obtained":[{"floor":1,"key":"DistilledChaos"},{"floor":2,"key":"SpeedPotion"},{"floor":8,"key":"PowerPotion"},{"floor":10,"key":"Ancient Potion"}],"is_trial":false,"path_per_floor":["M","M","M","M","$","R","?","M","T","M","M","?","R","E","R","B"],"character_chosen":"THE_SILENT","items_purchased":["Deadly Poison"],"campfire_rested":2,"item_purchase_floors":[5],"current_hp_per_floor":[76,74,68,67,67,67,39,35,35,33,26,26,49,34,57,0,0],"gold":407,"neow_bonus":"TEN_PERCENT_HP_BONUS","is_daily":false,"chose_seed":false,"campfire_upgraded":1,"win_rate":0.0,"timestamp":1609068465,"path_taken":["M","M","M","?","$","R","?","M","T","M","M","?","R","E","R","BOSS"],"items_purchased_type":["Card"],"build_version":"2020-12-22","purchased_purges":0,"victory":false,"max_hp_per_floor":[77,77,77,77,77,77,77,77,77,77,77,77,77,77,77,77,77],"card_choices":[{"not_picked":["Distraction","Underhanded Strike"],"picked":"Poisoned Stab","floor":1},{"not_picked":["Riddle With Holes","Deflect"],"picked":"Poisoned Stab","floor":2},{"not_picked":["Setup","Eviscerate"],"picked":"Backflip","floor":3},{"not_picked":["Blade Dance","Cloak And Dagger","Slice"],"picked":"SKIP","floor":4},{"not_picked":["Poisoned Stab","Sucker Punch","Cloak And Dagger"],"picked":"SKIP","floor":8},{"not_picked":["Dagger Throw","Masterful Stab"],"picked":"Noxious Fumes","floor":10},{"not_picked":["Venomology","Flying Knee"],"picked":"Deflect","floor":11},{"not_picked":["Slice","Poisoned Stab"],"picked":"Dodge and Roll","floor":14}],"player_experience":267700,"relics_obtained":[{"floor":7,"key":"Odd Mushroom"},{"floor":9,"key":"Art of War"},{"floor":14,"key":"Omamori"}],"event_choices":[{"damage_healed":0,"gold_gain":0,"player_choice":"Fought Mushrooms","damage_taken":0,"max_hp_gain":0,"max_hp_loss":0,"event_name":"Mushrooms","floor":7,"gold_loss":0},{"damage_healed":0,"gold_gain":175,"player_choice":"AGREE","damage_taken":0,"max_hp_gain":0,"max_hp_loss":0,"event_name":"Liars Game","floor":12,"gold_loss":0,"cards_obtained":["Doubt"]}],"is_beta":false,"boss_relics":[],"items_purged_floors":[],"is_endless":false,"potions_floor_spawned":[1,2,8,10],"killed_by":"The Guardian","ascension_level":2}}