{"host":"qlj7f7zro8kbedlv","time":1609054045,"event":{"mods":["2.2 Compatiblity","Astrologer","Bard","BaseMod","Better Note","BetterRewards","Colored Map","Colored Powertips","Conspire","Downfall","Energized Spire","Friendly Minions","Hermit","Highlight Path","Hubris","Infinite Spire","Jorbs\u0027s Wanderer Trilogy","Mimic Mod","Minty Spire (QoL Compilation)","Rare Cards Sparkle","Replay The Spire","StSLib","The Bladedancer","The Cursed","The Elementalist","The Runesmith"],"gold_per_floor":[99,109,109,119,119,136,159,177,203,248,248,248,248,295,313,422,422,422,444,469,469,493,532,532,532,532,559,565,565,565],"floor_reached":28,"playtime":1288,"items_purged":["hexamod:GiftsFromTheDead+1"],"score":250,"play_id":"dd46402f-0722-44fa-89d0-77e821e23893","local_time":"20201227012725","is_ascension_mode":false,"campfire_choices":[{"data":"hexamod:Sear","floor":1.0,"key":"SMITH"},{"data":"hexamod:SoulSteal","floor":11.0,"key":"SMITH"},{"floor":13.0,"key":"REST"},{"data":"hexamod:GiftsFromTheDead","floor":18,"key":"SMITH"}],"circlet_count":0,"master_deck":["hexamod:Strike","hexamod:Strike+2","hexamod:Strike","hexamod:Strike","hexamod:Defend","hexamod:Defend","hexamod:Defend","hexamod:Defend","hexamod:Sear+1","hexamod:Float+1","hexamod:FlamesFromBeyond","hexamod:SpectralAdrenaline","hexamod:SoulSteal+1","hexamod:Firestarter","hexamod:SixthSeal","hexamod:FourthSeal","infinitespire:Gouge","hexamod:NightmareGuise+1","hexamod:ThirdSeal","hexamod:ExtraCrispy+1"],"relics":["hexamod:SpiritBrand","Replay:Bandana","hubris:Teleporter","Boot","Philosopher\u0027s Stone","TheAbacus","conspire:Dentures","Simple Rune"],"acts_visited":["Exordium","TheCity"],"potions_floor_usage":[16,16,23,23,28,28],"damage_taken":[{"damage":0.0,"enemies":"Jaw Worm","floor":2.0,"turns":3.0},{"damage":0.0,"enemies":"2 Louse","floor":4.0,"turns":2.0},{"damage":0.0,"enemies":"Cultist","floor":6.0,"turns":3.0},{"damage":3.0,"enemies":"2 Fungi Beasts","floor":8.0,"turns":4.0},{"damage":11.0,"enemies":"Lots of Slimes","floor":9.0,"turns":3.0},{"damage":6.0,"enemies":"Replay:BlueRogue","floor":10.0,"turns":6.0},{"damage":10.0,"enemies":"Gremlin Nob","floor":14.0,"turns":3.0},{"damage":2.0,"enemies":"Red Slaver","floor":15.0,"turns":3.0},{"damage":23,"enemies":"downfall:Watcher","floor":16,"turns":9},{"damage":3,"enemies":"Shell Parasite","floor":19,"turns":3},{"damage":4,"enemies":"conspire:FuzzyDice","floor":20,"turns":4},{"damage":22,"enemies":"Centurion and Healer","floor":22,"turns":4},{"damage":27,"enemies":"Slavers","floor":23,"turns":4},{"damage":12,"enemies":"Snake Plant","floor":27,"turns":3},{"damage":3,"enemies":"Cultist and Chosen","floor":28,"turns":4}],"seed_played":"8445830887876357793","potions_obtained":[{"floor":8.0,"key":"Elixir"},{"floor":9.0,"key":"FearPotion"},{"floor":12.0,"key":"Fire Potion"},{"floor":15.0,"key":"EssenceOfSteel"},{"floor":19,"key":"hexamod:EctoCoolerPotion"},{"floor":22,"key":"Strength Potion"},{"floor":23,"key":"Languid Potion"},{"floor":27,"key":"SkillPotion"}],"is_trial":false,"path_per_floor":["R","M","?","M","?","M","T","M","M","E","R","?","R","E","M","B",null,"R","M","M","AVR","M","E","T","PTL","PTL","M","M"],"character_chosen":"THE_SPIRIT","items_purchased":[],"campfire_rested":1,"item_purchase_floors":[],"current_hp_per_floor":[70,70,70,70,70,70,70,67,56,50,50,50,70,60,58,35,70,70,67,63,63,41,14,14,14,14,2,0,0,0],"gold":565,"neow_bonus":"UPGRADE_CARD","is_daily":false,"chose_seed":false,"campfire_upgraded":3,"win_rate":0.0,"timestamp":1609054045,"path_taken":["R","M","?","M","?","M","T","?","M","E","R","?","R","E","M","BOSS","R","M","M","AVR","M","E","T","PTL","PTL","?","M"],"items_purchased_type":[],"build_version":"2020-12-22","purchased_purges":1,"victory":false,"max_hp_per_floor":[70,70,70,70,70,70,70,70,70,70,70,70,70,70,70,70,70,70,70,70,70,70,70,70,70,70,70,70,70,70],"card_choices":[{"not_picked":["hexamod:Again","hexamod:PhantomCloak"],"picked":"hexamod:FlamesFromBeyond","floor":2.0},{"not_picked":["hexamod:FastForward","hexamod:Hexaguard","hexamod:NightmareGuise"],"picked":"SKIP","floor":4.0},{"not_picked":["hexamod:BurningTouch","hexamod:HeatMetal"],"picked":"hexamod:SpectralAdrenaline","floor":6.0},{"not_picked":["hexamod:GiftsFromTheDead","hexamod:Hexaguard"],"picked":"hexamod:SoulSteal","floor":8.0},{"not_picked":["hexamod:StepThrough","hexamod:CatchUp"],"picked":"hexamod:Firestarter","floor":9.0},{"not_picked":["hexamod:FastForward","hexamod:SwordOfDarkness","hexamod:RainOfEmbers"],"picked":"SKIP","floor":10.0},{"not_picked":["hexamod:Incineration","hexamod:RecurringNightmare"],"picked":"hexamod:GiftsFromTheDead","floor":14.0},{"not_picked":["hexamod:RetreatToShadows","hexamod:PhantomFireball","hexamod:SoulSteal"],"picked":"SKIP","floor":15.0},{"not_picked":["hexamod:TimeWarp","hexamod:CrushingStance"],"picked":"hexamod:SixthSeal","floor":16},{"not_picked":["hexamod:HeatMetal+1","hexamod:PhantomCloak+1","hexamod:ShieldOfDarkness"],"picked":"SKIP","floor":19},{"not_picked":["hexamod:InspiringFlames","hexamod:GhostflameBarrier+1"],"picked":"hexamod:FourthSeal","floor":20},{"not_picked":["hexamod:GhostflameBarrier","hexamod:SpectersWail"],"picked":"hexamod:NightmareGuise+1","floor":22},{"not_picked":["hexamod:SpectersWail","hexamod:GhostShield"],"picked":"hexamod:ThirdSeal","floor":23},{"not_picked":["hexamod:HeatMetal","hexamod:PowerFromBeyond"],"picked":"hexamod:ExtraCrispy+1","floor":27}],"player_experience":99320,"relics_obtained":[{"floor":7.0,"key":"Replay:Bandana"},{"floor":10.0,"key":"hubris:Teleporter"},{"floor":14.0,"key":"Boot"},{"floor":23,"key":"conspire:Dentures"},{"floor":24,"key":"Simple Rune"}],"event_choices":[{"damage_healed":0.0,"max_hp_gain":0.0,"max_hp_loss":0.0,"gold_gain":0.0,"event_name":"betterNote:BetterNote","player_choice":"Ignored","floor":5.0,"gold_loss":0.0,"damage_taken":0.0,"cards_obtained":["Strike_R"]},{"damage_healed":0.0,"max_hp_gain":0.0,"max_hp_loss":0.0,"gold_gain":0.0,"event_name":"Lab","player_choice":"Got Potions","floor":12.0,"gold_loss":0.0,"damage_taken":0.0}],"is_beta":false,"boss_relics":[{"not_picked":["hubris:Stopwatch","conspire:RunicOctahedron"],"picked":"Philosopher\u0027s Stone"}],"items_purged_floors":[21],"is_endless":false,"potions_floor_spawned":[8,9,15,19],"killed_by":"Cultist and Chosen","ascension_level":0}}