{"host":"ij91kspbsf1i6fsu","time":1609043815,"event":{"mods":["AchievementEnabler","Arknights The Spire","BaseMod","Colored Map","Minty Spire (QoL Compilation)","Rare Cards Sparkle","StSLib","everything is the same but u backflip on backflip","¡¼?Úª?ø«¡½REMEMod"],"gold_per_floor":[115,127,144,154,119,119,119,119,119,119,130,150,190,205,205,308,308,288,288,288,67,85,85,85],"floor_reached":23,"playtime":2553,"items_purged":[],"score":185,"play_id":"c1e0802c-5610-419d-a66d-21de4071b315","local_time":"20201226213655","is_ascension_mode":false,"campfire_choices":[{"data":"DeusExMachina","floor":6,"key":"SMITH"},{"data":"ats:Poison Spread","floor":8,"key":"SMITH"},{"data":"ats:Apocalypse","floor":10,"key":"SMITH"},{"data":"ats:Flexible Camouflage","floor":15,"key":"SMITH"}],"circlet_count":0,"master_deck":["ats:Strike G","ats:Strike S","ats:Strike V","ats:Armor Crushing Shot","ats:Defend","ats:Defend","ats:Defend","ats:Defend","ats:Emotion Absorption","DeusExMachina+1","ats:Defend Order","ats:Apocalypse+1","ats:Charging Defense","ats:Poison Spread+1","ats:Curse Doll","ats:Shadow Raid","ats:Song Of Battle","ats:Flexible Camouflage+1","ats:Volcano","ats:Explosion Area Strengthen","RitualDagger","ats:Spore Proliferation","Secret Weapon","ats:Spore Proliferation","ats:Flexible Camouflage"],"relics":["ats:Sanity","REME_ComplimentaryCards","ats:Hidden Killer","Busted Crown"],"acts_visited":["Exordium","TheCity"],"potions_floor_usage":[13,16,16],"damage_taken":[{"damage":0,"enemies":"Small Slimes","floor":1,"turns":4},{"damage":6,"enemies":"Cultist","floor":2,"turns":4},{"damage":5,"enemies":"2 Louse","floor":3,"turns":3},{"damage":23,"enemies":"Red Slaver","floor":4,"turns":5},{"damage":10,"enemies":"Looter","floor":11,"turns":4},{"damage":14,"enemies":"Exordium Wildlife","floor":12,"turns":4},{"damage":18,"enemies":"Lots of Slimes","floor":13,"turns":8},{"damage":0,"enemies":"Blue Slaver","floor":14,"turns":4},{"damage":25,"enemies":"Slime Boss","floor":16,"turns":29},{"damage":28,"enemies":"2 Thieves","floor":18,"turns":4},{"damage":19,"enemies":"3 Byrds","floor":22,"turns":5},{"damage":70,"enemies":"Gremlin Leader","floor":23,"turns":7}],"seed_played":"-6908987846949030744","potions_obtained":[{"floor":2,"key":"Block Potion"},{"floor":3,"key":"Dexterity Potion"},{"floor":7,"key":"PowerPotion"},{"floor":12,"key":"REME_GoldPotion"},{"floor":14,"key":"FairyPotion"}],"is_trial":false,"path_per_floor":["M","M","M","M","?","R","?","R","T","R","M","M","M","M","R","B",null,"M","?","?","$","M","E"],"character_chosen":"DOCTOR_CLASS","items_purchased":["Secret Weapon","ats:Spore Proliferation"],"campfire_rested":0,"item_purchase_floors":[21,21],"current_hp_per_floor":[79,73,71,54,73,73,73,73,73,73,67,57,47,47,47,42,79,51,45,45,45,34,0,0],"gold":85,"neow_bonus":"TEN_PERCENT_HP_BONUS","is_daily":false,"chose_seed":false,"campfire_upgraded":4,"win_rate":0.0,"timestamp":1609043815,"path_taken":["M","M","M","M","?","R","?","R","T","R","?","M","M","M","R","BOSS","M","?","?","$","?","E"],"items_purchased_type":["Card","Card"],"build_version":"2020-12-22","purchased_purges":0,"victory":false,"max_hp_per_floor":[79,79,79,79,79,79,79,79,79,79,79,79,79,79,79,79,79,79,79,79,79,79,79,79],"card_choices":[{"not_picked":["ats:Thermite Blade","ats:Apocalypse"],"picked":"ats:Defend Order","floor":1},{"not_picked":["ats:Curse Doll","ats:Thorns"],"picked":"ats:Apocalypse","floor":2},{"not_picked":["ats:Leaping Hammer","ats:Consecutive Shot Auto"],"picked":"ats:Charging Defense","floor":3},{"not_picked":["ats:Revitalization","ats:Composite Medical Shells"],"picked":"ats:Poison Spread","floor":4},{"not_picked":["ats:Hammer On","ats:Consecutive Shot Auto"],"picked":"ats:Curse Doll","floor":11},{"not_picked":["ats:Powerful Strike","ats:Flexible Camouflage"],"picked":"ats:Shadow Raid","floor":12},{"not_picked":["ats:Apocalypse","ats:Hammer On"],"picked":"ats:Song Of Battle","floor":13},{"not_picked":["ats:Powerful Strike","ats:Shell Defense"],"picked":"ats:Flexible Camouflage","floor":14},{"not_picked":["ats:Fractured Body","ats:Ambush"],"picked":"ats:Volcano","floor":16},{"not_picked":[],"picked":"ats:Explosion Area Strengthen","floor":18},{"not_picked":[],"picked":"ats:Flexible Camouflage","floor":22}],"player_experience":12631,"relics_obtained":[{"floor":9,"key":"ats:Hidden Killer"}],"event_choices":[{"damage_healed":19,"gold_gain":0,"player_choice":"Healed","damage_taken":0,"max_hp_gain":0,"max_hp_loss":0,"event_name":"The Cleric","floor":5,"gold_loss":35},{"damage_healed":0,"gold_gain":0,"player_choice":"Got Potions","damage_taken":0,"max_hp_gain":0,"max_hp_loss":0,"event_name":"Lab","floor":7,"gold_loss":0},{"damage_healed":0,"gold_gain":0,"player_choice":"Joined the Cult","damage_taken":6,"max_hp_gain":0,"max_hp_loss":0,"event_name":"Nest","floor":19,"gold_loss":0,"cards_obtained":["RitualDagger"]},{"damage_healed":0,"gold_gain":0,"cards_transformed":["ats:Strike C"],"player_choice":"Transformed","damage_taken":0,"max_hp_gain":0,"max_hp_loss":0,"event_name":"Transmorgrifier","floor":20,"gold_loss":0,"cards_obtained":["ats:Spore Proliferation"]}],"is_beta":false,"boss_relics":[{"not_picked":["Black Star","SlaversCollar"],"picked":"Busted Crown"}],"items_purged_floors":[],"is_endless":false,"potions_floor_spawned":[2,3,12,14],"killed_by":"Gremlin Leader","ascension_level":0}}