{"host":"645xqr9rkj71uhiq","time":1609083133,"event":{"mods":["AchievementEnabler","Act Like it!","BaseMod","Beaked The Cultist","Better Altar","Better Third Choice","BetterRewards","Card Forge","Colored Map","Conspire","Downfall","Hallownest","Hermit","Hubris","Infinite Spire","Lobotomy","Minty Spire (QoL Compilation)","Rare Cards Sparkle","Replay The Spire","Spicy Shops","Spikes Relics","StSLib","The Bug Knight","The Hierophant"],"gold_per_floor":[115,128,148,163,1,34,34,67,67,67,101,123,123,139,139,240,240,259,259,275,293,311,344,344,374,420,448,448,74,109,135,147,256,268,299,311,343,373,385,431,32,45,45,57,57,57,84,84,84,84],"floor_reached":51,"playtime":2592,"items_purged":["Voices","Defend_R"],"score":1260,"play_id":"d399f76e-91e1-4c2c-8ec1-66e8ae2aebef","local_time":"20201227103213","is_ascension_mode":true,"campfire_choices":[{"data":"Limit Break","floor":13.0,"key":"SMITH"},{"data":"Inflame","floor":15.0,"key":"SMITH"},{"floor":24.0,"key":"REST"},{"data":"Feed","floor":32.0,"key":"SMITH"},{"data":"Limit Break","floor":45,"key":"SMITH"},{"data":"Barricade","floor":49,"key":"SMITH"}],"circlet_count":0,"master_deck":["Strike_R","Strike_R","Strike_R","Strike_R","Defend_R","Defend_R","Defend_R","Bash+1","Shrug It Off","Iron Wave","Inflame+1","Limit Break+1","Headbutt","Barricade+1","Uppercut+1","Feed+1","Whirlwind","Limit Break+1"],"relics":["Burning Blood","Hammer of Thor","Seething Fire","Anvil of the Gods","hubris:Zylophone","hubris:TenFootPole","infinitespire:PuzzleCube","hubris:SphereOfDissonance","Ring of Peace","Ring of Fury","Vajra","Odd Mushroom","SlaversCollar","Kunai","ReplayFunnel","ReplayTheSpireMod:TigerMarble","RollingBoulder","hubris:BottledHeart","Incense Burner","MawBank","Busted Crown","ReplayTheSpireMod:Shallot","Chemical X","Bottled Tornado","HollowMod:LifeEnderRelic","PreservedInsect"],"acts_visited":["Exordium","TheCity","TheBeyond"],"potions_floor_usage":[50,50,50],"damage_taken":[{"damage":10.0,"enemies":"Jaw Worm","floor":1.0,"turns":4.0},{"damage":1.0,"enemies":"Small Slimes","floor":2.0,"turns":3.0},{"damage":2.0,"enemies":"conspire:RoseBush","floor":3.0,"turns":2.0},{"damage":4.0,"enemies":"Looter","floor":4.0,"turns":4.0},{"damage":8.0,"enemies":"Replay:BlueRogue","floor":6.0,"turns":7.0},{"damage":21.0,"enemies":"3 Sentries","floor":8.0,"turns":7.0},{"damage":0.0,"enemies":"HollowMod:MossKnight","floor":11.0,"turns":5.0},{"damage":8.0,"enemies":"The Mushroom Lair","floor":12.0,"turns":4.0},{"damage":0.0,"enemies":"conspire:2 RoseBushes","floor":14.0,"turns":4.0},{"damage":0.0,"enemies":"Slime Boss","floor":16.0,"turns":6.0},{"damage":0.0,"enemies":"conspire:FuzzyDice","floor":18.0,"turns":5.0},{"damage":17.0,"enemies":"Spheric Guardian","floor":20.0,"turns":4.0},{"damage":9.0,"enemies":"Centurion and Healer","floor":21.0,"turns":5.0},{"damage":14.0,"enemies":"Snecko","floor":22.0,"turns":6.0},{"damage":24.0,"enemies":"Slavers","floor":23.0,"turns":5.0},{"damage":5.0,"enemies":"Replay:Snechameleon","floor":25.0,"turns":5.0},{"damage":13.0,"enemies":"conspire:SneckoGhost","floor":27.0,"turns":5.0},{"damage":0.0,"enemies":"Book of Stabbing","floor":30.0,"turns":5.0},{"damage":0.0,"enemies":"Shelled Parasite and Fungi","floor":31.0,"turns":7.0},{"damage":0.0,"enemies":"Collector","floor":33.0,"turns":7.0},{"damage":0.0,"enemies":"3 Shapes","floor":35.0,"turns":4.0},{"damage":0.0,"enemies":"Orb Walker","floor":37.0,"turns":2.0},{"damage":0.0,"enemies":"Sphere and 2 Shapes","floor":38.0,"turns":4.0},{"damage":0.0,"enemies":"Giant Head","floor":40.0,"turns":5.0},{"damage":0.0,"enemies":"infinitespire:Three Voidlings","floor":41.0,"turns":4.0},{"damage":0.0,"enemies":"Nightmare_Alpha","floor":41.0,"turns":6.0},{"damage":0,"enemies":"beaked:SuperParasite","floor":42,"turns":5},{"damage":0,"enemies":"Transient","floor":44,"turns":5},{"damage":0,"enemies":"Giant Head","floor":47,"turns":3},{"damage":0,"enemies":"LordOfAnnihilation","floor":50,"turns":9}],"seed_played":"924088542365711918","potions_obtained":[{"floor":2.0,"key":"Swift Potion"},{"floor":3.0,"key":"SpeedPotion"},{"floor":8.0,"key":"Reflective Coating"},{"floor":12.0,"key":"SteroidPotion"},{"floor":16.0,"key":"DuplicationPotion"},{"floor":21.0,"key":"Languid Potion"},{"floor":22.0,"key":"Elixir"},{"floor":23.0,"key":"Doom Potion"},{"floor":25.0,"key":"FearPotion"},{"floor":30.0,"key":"sneckomod:MuddlingPotion"},{"floor":33.0,"key":"Block Potion"},{"floor":35.0,"key":"DistilledChaos"},{"floor":40.0,"key":"Dexterity Potion"}],"is_trial":false,"path_per_floor":["M","M","M","M","$","E","?","E","T","?","E","?","R","M","R","B",null,"M","?","M","M","M","E","R","E","T","E","?","$","E","M","R","B",null,"M","?","M","M","?","E","?","E","T","M","R","?","E","?","R","B",null],"character_chosen":"IRONCLAD","items_purchased":["Limit Break","Incense Burner","Chemical X","Bottled Tornado"],"campfire_rested":1,"item_purchase_floors":[5,29,41,41],"current_hp_per_floor":[68,72,72,72,72,70,70,55,55,55,61,59,59,65,65,71,72,72,72,61,58,50,32,53,54,54,47,1,1,1,1,1,1,1,1,1,1,1,1,1,1,1,1,1,1,1,1,1,1,1],"gold":84,"neow_bonus":"ONE_RARE_RELIC","is_daily":false,"chose_seed":false,"campfire_upgraded":5,"win_rate":0.0,"timestamp":1609083133,"path_taken":["M","M","M","M","$","E","?","E","T","?","E","?","R","M","R","BOSS","M","?","M","M","M","E","R","E","T","E","?","$","E","M","R","BOSS","M","?","?","M","?","E","?","E","T","M","R","?","E","?","R","BOSS"],"items_purchased_type":["Card","Relic","Relic","Relic"],"build_version":"2020-12-22","purchased_purges":2,"victory":true,"max_hp_per_floor":[72,72,72,72,72,72,72,72,72,72,72,72,72,72,72,72,72,72,72,72,72,72,72,72,72,72,72,1,1,1,1,1,1,1,1,1,1,1,1,1,1,1,1,1,1,1,1,1,1,1],"card_choices":[{"not_picked":["Massacre","Perfected Strike"],"picked":"Shrug It Off","floor":1.0},{"not_picked":["Combust","ReplayReversal"],"picked":"Iron Wave","floor":2.0},{"not_picked":["Life Link","Power Through","Anger"],"picked":"SKIP","floor":3.0},{"not_picked":["Twin Strike","Rupture"],"picked":"Inflame","floor":4.0},{"not_picked":["Abandon","Rupture","Clash"],"picked":"SKIP","floor":6.0},{"not_picked":["Cleave","infinitespire:OneForAll","Corruption"],"picked":"SKIP","floor":8.0},{"not_picked":["True Grit","Whirlwind","infinitespire:OneForAll"],"picked":"SKIP","floor":11.0},{"not_picked":["Infernal Blade","Pommel Strike"],"picked":"Headbutt","floor":12.0},{"not_picked":["Heavy Blade","Flex","Twin Strike"],"picked":"SKIP","floor":14.0},{"not_picked":["Offering","Fiend Fire"],"picked":"Barricade","floor":16.0},{"not_picked":["Clash","Run Through","Clothesline"],"picked":"SKIP","floor":18.0},{"not_picked":["BarbarianYell","Absolvement","Body Slam"],"picked":"SKIP","floor":20.0},{"not_picked":["Iron Wave","True Grit","Infernal Blade"],"picked":"SKIP","floor":21.0},{"not_picked":["Defy Death","ReplayTheSpireMod:Corrosion Curse","Blood for Blood"],"picked":"SKIP","floor":22.0},{"not_picked":["Run Through","Pommel Strike+1","Heavy Blade"],"picked":"SKIP","floor":23.0},{"not_picked":["Second Wind+1","Replay:Undeath\u0027s Touch"],"picked":"Uppercut+1","floor":25.0},{"not_picked":["Anger","Blood for Blood+1"],"picked":"Feed","floor":27.0},{"not_picked":["Headbutt","Body Slam","Clash"],"picked":"SKIP","floor":30.0},{"not_picked":["ReplayTheSpireMod:Strike From Hell","Anger"],"picked":"Whirlwind","floor":31.0},{"not_picked":["Demon Form","Impervious"],"picked":"Limit Break","floor":33.0},{"not_picked":["Twin Strike"],"picked":"SKIP","floor":35.0},{"not_picked":["Abandon"],"picked":"SKIP","floor":37.0},{"not_picked":["True Grit"],"picked":"SKIP","floor":38.0},{"not_picked":["Defy Death"],"picked":"SKIP","floor":40.0},{"not_picked":["hubris:ReadiedAction"],"picked":"SKIP","floor":42},{"not_picked":["Cleave"],"picked":"SKIP","floor":44},{"not_picked":["Pommel Strike+1"],"picked":"SKIP","floor":47}],"player_experience":7702,"relics_obtained":[{"floor":6.0,"key":"hubris:TenFootPole"},{"floor":8.0,"key":"infinitespire:PuzzleCube"},{"floor":9.0,"key":"hubris:SphereOfDissonance"},{"floor":10.0,"key":"Ring of Peace"},{"floor":10.0,"key":"Ring of Fury"},{"floor":11.0,"key":"Vajra"},{"floor":12.0,"key":"Odd Mushroom"},{"floor":23.0,"key":"Kunai"},{"floor":25.0,"key":"ReplayFunnel"},{"floor":26.0,"key":"ReplayTheSpireMod:TigerMarble"},{"floor":27.0,"key":"RollingBoulder"},{"floor":30.0,"key":"MawBank"},{"floor":40.0,"key":"ReplayTheSpireMod:Shallot"},{"floor":43,"key":"HollowMod:LifeEnderRelic"},{"floor":47,"key":"PreservedInsect"}],"event_choices":[{"damage_healed":0.0,"max_hp_gain":0.0,"max_hp_loss":0.0,"gold_gain":0.0,"event_name":"Mushrooms","player_choice":"Fought Mushrooms","floor":12.0,"gold_loss":0.0,"damage_taken":0.0},{"damage_healed":0.0,"max_hp_gain":0.0,"max_hp_loss":0.0,"gold_gain":0.0,"event_name":"betterThird:BetterPortal","player_choice":"Ignored","floor":36.0,"gold_loss":0.0,"damage_taken":0.0},{"damage_healed":0.0,"max_hp_gain":0.0,"max_hp_loss":0.0,"gold_gain":0.0,"event_name":"Winding Halls","player_choice":"Max HP","floor":39.0,"gold_loss":0.0,"damage_taken":0.0},{"damage_healed":0,"gold_gain":0,"player_choice":"Ignored","damage_taken":0,"max_hp_gain":0,"max_hp_loss":0,"event_name":"Mysterious Sphere","floor":46,"gold_loss":0}],"is_beta":false,"boss_relics":[{"not_picked":["hubris:Stopwatch","Replay:Bronze Core"],"picked":"SlaversCollar"},{"not_picked":["Black Blood","Ring of Chaos"],"picked":"Busted Crown"}],"items_purged_floors":[29,41],"is_endless":false,"potions_floor_spawned":[2,3,8,12,16,21,22,23,25,30,33,35,40,41,47],"ascension_level":1}}