{"host":"u0f5uy314yz7olfc","time":1609039821,"event":{"mods":["AchievementEnabler","Aspiration","BaseMod","Better Altar","Better Match","Better Note","Better Sensory Stone","Better Skull","Better Third Choice","BetterRewards","Block Reminder","Colored Map","Colored Powertips","DeckTracker","Dota2Spire","Emptier Cage","Gold Saver","Highlight Path","Hubris","Infinite Spire","Marked Mod","Mimic Mod","Minty Spire (QoL Compilation)","Permanent Neow","Quick Restart","Rare Cards Sparkle","Relic Sorter","Replay The Spire","Shop Mod","StSLib","The Bladedancer","The Blue Laboratory","Watcher Patcher"],"gold_per_floor":[353,6,21,21,61,106,106],"floor_reached":6,"playtime":434,"items_purged":["Strike_R"],"score":34,"play_id":"ea8226c4-06c7-405d-93fe-8472d5df79f7","local_time":"20201227103021","is_ascension_mode":false,"campfire_choices":[],"circlet_count":0,"master_deck":["Strike_R","Strike_R","Strike_R","Strike_R","Strike_R","Strike_R","Defend_R","Defend_R","Defend_R","Defend_R","Bash","Dark Embrace","Dark Embrace","Armaments","Cleave","Thunderclap","Delirium","Pommel Strike","Entrench"],"relics":["Burning Blood","ReplayTheSpireMod:Ring of Challenge","Strange Spoon","MerchantsRug","Ring of Searing","Replay:Bottled Flurry"],"acts_visited":["Exordium"],"potions_floor_usage":[],"damage_taken":[{"damage":9.0,"enemies":"2 Louse","floor":1.0,"turns":5.0},{"damage":14.0,"enemies":"Small Slimes","floor":3.0,"turns":6.0},{"damage":66,"enemies":"3 Sentries","floor":6,"turns":6}],"seed_played":"2898006418528556132","potions_obtained":[],"is_trial":false,"path_per_floor":["M","$","M","?","?","E"],"character_chosen":"IRONCLAD","items_purchased":["Dark Embrace","Strange Spoon","Cleave","MerchantsRug"],"campfire_rested":0,"item_purchase_floors":[0,2,2,2],"current_hp_per_floor":[71,71,63,63,63,0,0],"gold":106,"neow_bonus":"","is_daily":false,"chose_seed":false,"campfire_upgraded":0,"win_rate":0.0,"timestamp":1609039821,"path_taken":["M","$","M","?","?","E"],"items_purchased_type":["Card","Relic","Card","Relic"],"build_version":"2020-12-22","purchased_purges":1,"victory":false,"max_hp_per_floor":[80,80,80,80,80,80,80],"card_choices":[{"not_picked":["Shrug It Off","Uppercut"],"picked":"Armaments","floor":1.0},{"not_picked":["ReplayTheSpireMod:LeadingStrike","Combust"],"picked":"Thunderclap","floor":3.0},{"not_picked":["Body Slam","ReplayReversal"],"picked":"Pommel Strike","floor":5.0},{"not_picked":["ReplayTheSpireMod:LeadingStrike","Whirlwind"],"picked":"Entrench","floor":5.0}],"player_experience":332041,"relics_obtained":[{"floor":4.0,"key":"Ring of Searing"},{"floor":4.0,"key":"ReplayTheSpireMod:Ring of Challenge"},{"floor":5.0,"key":"Replay:Bottled Flurry"}],"event_choices":[],"is_beta":false,"boss_relics":[],"items_purged_floors":[0],"is_endless":false,"potions_floor_spawned":[],"killed_by":"3 Sentries","ascension_level":0}}