{"host":"xko5sdb82mf02c09","time":1609098961,"event":{"mods":["AchievementEnabler","BaseMod","Colored Map","Minty Spire (QoL Compilation)","StSLib","everything is the same but u backflip on backflip"],"gold_per_floor":[116,66,84,84,84,84,111,111,138,153,222,222,241,258,258,360,360,370,11,22,36,54,54,74,74,149,149,224,241,9,29,29,130,130,149,30,41,52,52,52,87,87,87,116,32,45,72,91,91,91],"floor_reached":51,"playtime":2096,"items_purged":[],"score":1151,"play_id":"9c8eee98-9d0e-42ac-9142-3051454553fd","local_time":"20201228045601","is_ascension_mode":true,"campfire_choices":[{"data":"Rip and Tear","floor":6,"key":"SMITH"},{"data":"Zap","floor":8,"key":"SMITH"},{"data":"Leap","floor":12,"key":"SMITH"},{"data":"Hologram","floor":15,"key":"SMITH"},{"data":"Seek","floor":23,"key":"SMITH"},{"data":"Chill","floor":25,"key":"SMITH"},{"data":"Coolheaded","floor":32,"key":"SMITH"},{"data":"Fission","floor":40,"key":"SMITH"},{"floor":42,"key":"REST"},{"data":"Heatsinks","floor":49,"key":"SMITH"}],"circlet_count":0,"master_deck":["Strike_B+1","Defend_B+1","Zap+1","Dualcast","Rip and Tear+1","Leap+1","BootSequence","Sunder","Hologram+1","Seek+1","Storm+1","Beam Cell+1","Defragment+1","Cold Snap","Defragment+1","Chill","Chill+1","Aggregate","Turbo","Conserve Battery","Coolheaded+1","Machine Learning","Reinforced Body+1","White Noise","Fission+1","Loop+1","Creative AI","Tempest+1","Conserve Battery+1","Chaos","Enlightenment","Hello World+1","Heatsinks+1","Defragment","Self Repair","Glacier+1"],"relics":["Cracked Core","The Courier","Orichalcum","Gremlin Horn","Astrolabe","DollysMirror","Akabeko","Juzu Bracelet","Mercury Hourglass","Mummified Hand","SacredBark","Orrery","Vajra","Bottled Tornado","Mango","Bronze Scales"],"acts_visited":["Exordium","TheCity","TheBeyond"],"potions_floor_usage":[7,16,20,33,33,47,50],"damage_taken":[{"damage":0,"enemies":"Small Slimes","floor":1,"turns":2},{"damage":1,"enemies":"2 Louse","floor":3,"turns":2},{"damage":26,"enemies":"Lagavulin","floor":7,"turns":5},{"damage":0,"enemies":"Cultist","floor":10,"turns":3},{"damage":0,"enemies":"Lots of Slimes","floor":13,"turns":3},{"damage":0,"enemies":"Blue Slaver","floor":14,"turns":2},{"damage":21,"enemies":"Hexaghost","floor":16,"turns":9},{"damage":2,"enemies":"Chosen","floor":18,"turns":3},{"damage":2,"enemies":"3 Byrds","floor":20,"turns":3},{"damage":11,"enemies":"Centurion and Healer","floor":21,"turns":5},{"damage":16,"enemies":"Snake Plant","floor":22,"turns":3},{"damage":8,"enemies":"3 Cultists","floor":24,"turns":5},{"damage":0,"enemies":"Chosen and Byrds","floor":29,"turns":5},{"damage":0,"enemies":"Snecko","floor":31,"turns":5},{"damage":41,"enemies":"Champ","floor":33,"turns":11},{"damage":0,"enemies":"3 Darklings","floor":35,"turns":5},{"damage":0,"enemies":"Orb Walker","floor":37,"turns":2},{"damage":11,"enemies":"Sphere and 2 Shapes","floor":38,"turns":4},{"damage":56,"enemies":"Reptomancer","floor":41,"turns":4},{"damage":1,"enemies":"Giant Head","floor":44,"turns":5},{"damage":19,"enemies":"Jaw Worm Horde","floor":46,"turns":3},{"damage":24,"enemies":"Nemesis","floor":47,"turns":5},{"damage":11,"enemies":"Transient","floor":48,"turns":5},{"damage":6,"enemies":"Donu and Deca","floor":50,"turns":5}],"seed_played":"-3240006862418264790","potions_obtained":[{"floor":1,"key":"Regen Potion"},{"floor":7,"key":"LiquidBronze"},{"floor":13,"key":"FearPotion"},{"floor":16,"key":"FocusPotion"},{"floor":18,"key":"Strength Potion"},{"floor":20,"key":"BlessingOfTheForge"},{"floor":37,"key":"Regen Potion"},{"floor":46,"key":"SteroidPotion"},{"floor":47,"key":"SpeedPotion"}],"is_trial":false,"path_per_floor":["M","?","M","?","?","R","E","R","T","M","T","R","M","M","R","B",null,"M","$","M","M","M","R","M","R","T","?","?","M","$","M","R","B",null,"M","$","M","M","?","R","E","R","T","E","$","M","E","M","R","B",null],"character_chosen":"DEFECT","items_purchased":["DollysMirror","Akabeko","Juzu Bracelet","Mummified Hand","Coolheaded","Orrery","Heatsinks","Defragment"],"campfire_rested":1,"item_purchase_floors":[19,19,19,30,30,36,45,45],"current_hp_per_floor":[68,68,67,67,49,49,35,35,35,35,35,35,35,35,35,14,89,87,87,85,74,58,58,50,50,50,50,42,42,42,42,42,1,89,89,89,89,78,78,78,22,48,48,61,61,42,59,55,55,56],"gold":91,"neow_bonus":"TWENTY_PERCENT_HP_BONUS","is_daily":false,"chose_seed":false,"campfire_upgraded":9,"win_rate":0.0,"timestamp":1609098961,"path_taken":["M","?","M","?","?","R","E","R","T","M","?","R","M","M","R","BOSS","M","$","M","M","M","R","M","R","T","?","?","M","$","M","R","BOSS","M","$","M","M","?","R","E","R","T","E","$","M","E","M","R","BOSS"],"items_purchased_type":["Relic","Relic","Relic","Relic","Card","Relic","Card","Card"],"build_version":"2020-12-22","purchased_purges":0,"victory":true,"max_hp_per_floor":[89,89,89,89,89,89,89,89,89,89,89,89,89,89,89,89,89,89,89,89,89,89,89,89,89,89,89,89,89,89,89,89,89,89,89,89,89,89,89,89,89,89,89,103,103,103,103,103,103,103],"card_choices":[{"not_picked":["Skim","Gash"],"picked":"Rip and Tear","floor":1},{"not_picked":["Darkness","Beam Cell"],"picked":"Leap","floor":3},{"not_picked":["Thunder Strike","Steam Power"],"picked":"BootSequence","floor":7},{"not_picked":["Redo","Barrage","Rebound"],"picked":"SKIP","floor":10},{"not_picked":["Reinforced Body","Leap"],"picked":"Sunder","floor":13},{"not_picked":["Sweeping Beam","Stack"],"picked":"Hologram","floor":14},{"not_picked":["Machine Learning","Hyperbeam"],"picked":"Seek","floor":16},{"not_picked":["Hologram","BootSequence"],"picked":"Cold Snap","floor":18},{"not_picked":["Go for the Eyes","Stack","Sunder"],"picked":"SKIP","floor":20},{"not_picked":["Fusion","Cold Snap"],"picked":"Chill","floor":21},{"not_picked":["Stack","Rebound","Beam Cell"],"picked":"SKIP","floor":22},{"not_picked":["Hologram","Sweeping Beam"],"picked":"Chill","floor":24},{"not_picked":["Cold Snap","Sunder+1"],"picked":"Conserve Battery","floor":29},{"not_picked":["Leap+1","Go for the Eyes","Rainbow"],"picked":"SKIP","floor":31},{"not_picked":["Buffer","Seek"],"picked":"Machine Learning","floor":33},{"not_picked":["Steam","Turbo"],"picked":"Reinforced Body+1","floor":35},{"not_picked":["Sunder","Auto Shields"],"picked":"White Noise","floor":36},{"not_picked":["Auto Shields+1","Barrage+1"],"picked":"Fission","floor":36},{"not_picked":["Sweeping Beam","Gash"],"picked":"Loop+1","floor":36},{"not_picked":["Undo+1","Aggregate+1"],"picked":"Creative AI","floor":36},{"not_picked":["Streamline+1","Beam Cell"],"picked":"Tempest+1","floor":36},{"not_picked":["Go for the Eyes+1","Ball Lightning+1"],"picked":"Conserve Battery+1","floor":37},{"not_picked":["Reinforced Body+1","Rebound","Tempest+1"],"picked":"SKIP","floor":38},{"not_picked":["Turbo+1","Aggregate+1"],"picked":"Hello World+1","floor":41},{"not_picked":["Beam Cell+1","Chill","Conserve Battery+1"],"picked":"SKIP","floor":44},{"not_picked":["Stack+1","Loop+1"],"picked":"Self Repair","floor":46},{"not_picked":["Barrage+1","Ball Lightning+1","Meteor Strike"],"picked":"SKIP","floor":47},{"not_picked":["Redo+1","Ball Lightning+1"],"picked":"Glacier+1","floor":48}],"player_experience":473769,"relics_obtained":[{"floor":7,"key":"The Courier"},{"floor":9,"key":"Orichalcum"},{"floor":11,"key":"Gremlin Horn"},{"floor":26,"key":"Mercury Hourglass"},{"floor":41,"key":"Vajra"},{"floor":43,"key":"Bottled Tornado"},{"floor":44,"key":"Mango"},{"floor":47,"key":"Bronze Scales"}],"event_choices":[{"cards_removed":["Defend_B"],"damage_healed":0,"gold_gain":0,"player_choice":"Card Removal","damage_taken":0,"max_hp_gain":0,"max_hp_loss":0,"event_name":"The Cleric","floor":2,"gold_loss":50},{"damage_healed":0,"gold_gain":0,"player_choice":"Ignored","damage_taken":0,"max_hp_gain":0,"max_hp_loss":0,"event_name":"Liars Game","floor":4,"gold_loss":0},{"damage_healed":0,"gold_gain":0,"player_choice":"Entered Light","damage_taken":18,"max_hp_gain":0,"max_hp_loss":0,"event_name":"Shining Light","floor":5,"gold_loss":0,"cards_upgraded":["Defend_B","Strike_B"]},{"damage_healed":0,"gold_gain":0,"cards_transformed":["Strike_B","Strike_B"],"player_choice":"Became Test Subject","damage_taken":0,"max_hp_gain":0,"max_hp_loss":0,"event_name":"Drug Dealer","floor":27,"gold_loss":0,"cards_obtained":["Aggregate","Turbo"]},{"damage_healed":0,"gold_gain":75,"player_choice":"Touch","damage_taken":8,"max_hp_gain":0,"max_hp_loss":0,"event_name":"FaceTrader","floor":28,"gold_loss":0},{"damage_healed":0,"gold_gain":0,"player_choice":"2 cards matched","damage_taken":0,"max_hp_gain":0,"max_hp_loss":0,"event_name":"Match and Keep!","floor":39,"gold_loss":0,"cards_obtained":["Chaos","Enlightenment"]}],"is_beta":false,"boss_relics":[{"not_picked":["Runic Dome","Snecko Eye"],"picked":"Astrolabe"},{"not_picked":["Busted Crown","Philosopher\u0027s Stone"],"picked":"SacredBark"}],"items_purged_floors":[],"is_endless":false,"potions_floor_spawned":[1,7,13,16,18,20,21,37,46,47,48],"ascension_level":3}}