{"host":"er8s5flrc5z1a07t","time":1609088376,"event":{"mods":["2.2 Compatiblity","Act Like it!","Bard","BaseMod","Better Note","Better Third Choice","Downfall","Duelist Mod","Elementarium","Energized Spire","GifTheSpireLib","Hermit","Hubris","Infinite Spire","Minty Spire (QoL Compilation)","Relic Stats","Replay The Spire","Shop Mod","StSLib","Stuff the Spire","Synergy Search","The Cursed","The Disciple","The Mystic"],"gold_per_floor":[116,136,88,101,120,153,153,171,171,171,171,171,136,136,136,136,136],"floor_reached":16,"playtime":383,"items_purged":[],"score":110,"play_id":"3b22488c-1c23-41cf-8bed-251549eef6f9","local_time":"20201227115936","is_ascension_mode":true,"campfire_choices":[{"floor":7,"key":"REST"},{"floor":11,"key":"REST"},{"data":"hermit:Virtue","floor":15,"key":"SMITH"}],"circlet_count":0,"master_deck":["hermit:Strike_Hermit","hermit:Strike_Hermit","hermit:Strike_Hermit","hermit:Strike_Hermit","hermit:Defend_Hermit","hermit:Defend_Hermit","hermit:Defend_Hermit","hermit:Defend_Hermit","hermit:Snapshot","hermit:Covet","hermit:PistolWhip","hermit:Virtue+1","hermit:Snipe","hermit:Quickdraw","hermit:GhostlyPresence","hermit:SprayPray","hermit:HoleUp","CommonCold"],"relics":["hermit:Momento","NeowsBlessing","StuffTheSpire:DarkSteelAnvil","Kunai","Ring of Panic","hermit:RyeStalk"],"acts_visited":["Exordium"],"potions_floor_usage":[5],"damage_taken":[{"damage":0,"enemies":"2 Louse","floor":1,"turns":1},{"damage":0,"enemies":"Small Slimes","floor":2,"turns":1},{"damage":0,"enemies":"Cultist","floor":4,"turns":1},{"damage":9,"enemies":"3 Louse","floor":5,"turns":4},{"damage":65,"enemies":"Gremlin Nob","floor":6,"turns":6},{"damage":21,"enemies":"Exordium Wildlife","floor":8,"turns":5},{"damage":67,"enemies":"Slime Boss","floor":16,"turns":9}],"seed_played":"-8256592250071494677","potions_obtained":[{"floor":2,"key":"sneckomod:MuddlingPotion"},{"floor":8,"key":"Swift Potion"}],"is_trial":false,"path_per_floor":["M","M","$","M","M","E","R","M","T","?","R","?","?","T","R","B"],"character_chosen":"HERMIT","items_purchased":["hermit:Snipe"],"campfire_rested":2,"item_purchase_floors":[3],"current_hp_per_floor":[75,75,75,75,66,1,23,2,2,2,24,46,64,64,64,0,0],"gold":136,"neow_bonus":"THREE_ENEMY_KILL","is_daily":false,"chose_seed":false,"campfire_upgraded":1,"win_rate":0.0,"timestamp":1609088376,"path_taken":["M","M","$","M","M","E","R","M","T","?","R","?","?","?","R","BOSS"],"items_purchased_type":["Card"],"build_version":"2020-12-22","purchased_purges":0,"victory":false,"max_hp_per_floor":[75,75,75,75,75,75,75,75,75,75,75,75,75,75,75,75,75],"relic_stats":{"counters":[7,27],"Kunai":[1],"obtain_stats":[{"hermit:RyeStalk":14,"NeowsBlessing":0,"StuffTheSpire:DarkSteelAnvil":6,"Kunai":9,"Ring of Panic":10,"hermit:Momento":0},{"hermit:RyeStalk":6,"NeowsBlessing":0,"StuffTheSpire:DarkSteelAnvil":5,"Kunai":6,"Ring of Panic":6,"hermit:Momento":0},{"hermit:RyeStalk":18,"NeowsBlessing":0,"StuffTheSpire:DarkSteelAnvil":13,"Kunai":18,"Ring of Panic":18,"hermit:Momento":0}]},"card_choices":[{"not_picked":["hermit:Spite","hermit:Cheat"],"picked":"hermit:PistolWhip","floor":1},{"not_picked":["hermit:FullyLoaded","hermit:HighCaliber"],"picked":"hermit:Virtue","floor":2},{"not_picked":["hermit:Misfire","hermit:LuckOfTheDraw"],"picked":"hermit:Quickdraw","floor":4},{"not_picked":["hermit:Snipe","hermit:Dive"],"picked":"hermit:GhostlyPresence","floor":5},{"not_picked":["hermit:Virtue","hermit:Dive"],"picked":"hermit:SprayPray","floor":6},{"not_picked":["hermit:Desperado","hermit:Snipe"],"picked":"hermit:HoleUp","floor":8}],"player_experience":1169376,"relics_obtained":[{"floor":6,"key":"StuffTheSpire:DarkSteelAnvil"},{"floor":9,"key":"Kunai"},{"floor":10,"key":"Ring of Panic"},{"floor":14,"key":"hermit:RyeStalk"}],"event_choices":[{"damage_healed":18,"gold_gain":0,"player_choice":"Healed","damage_taken":0,"max_hp_gain":0,"max_hp_loss":0,"event_name":"The Cleric","floor":13,"gold_loss":35}],"is_beta":false,"boss_relics":[],"items_purged_floors":[],"is_endless":false,"potions_floor_spawned":[2,8],"killed_by":"Slime Boss","ascension_level":2}}