{"host":"vdf1n25tgqc7msgq","time":1609032454,"event":{"mods":["ATMod(阿瑾Mod)","AchievementEnabler","BaseMod","BetterRewards","Colored Powertips","KinomotoSakuraMod(木之本樱)","Marisa（F雨　魔理沙）","Minty Spire (QoL Compilation)","Quick Restart","Remilia（蕾米莉亚）","Replay The Spire","StSLib","The Servant 0.9.4","UnlockEverythingMod","Yakumo Yukari mod","Youmu（魂魄妖梦）","Yuyuko","[功能]商店购物价格优惠80%","simple"],"gold_per_floor":[2065,2065,2440,2440,2500,2500,249,249,369,444,594,684,45,100,100,465,465,585,201,201,124,124,124,309,309,444,649,759,679,679,789,1159,1679,1679,1804,1874,970,1160,1350],"floor_reached":40,"playtime":1157,"items_purged":["Strike_G","Strike_G","Strike_G","Defend_G","Defend_G","Defend_G","Defend_G","Defend_G","Neutralize+1","Strike_G+2","Dagger Throw","Blade Dance+1","Survivor+1"],"score":1740,"play_id":"5e4f674d-5edf-4771-8865-74e4800ec1f7","local_time":"20201226202734","is_ascension_mode":true,"campfire_choices":[{"data":"Blade Dance","floor":6,"key":"SMITH"},{"data":"Survivor","floor":6,"key":"SMITH"},{"data":"Neutralize","floor":6,"key":"SMITH"},{"data":"Strike_G","floor":6,"key":"SMITH"},{"data":"Strike_G","floor":6,"key":"SMITH"},{"floor":6,"key":"RECALL"},{"data":"Strike_G+2","floor":15,"key":"SMITH"},{"floor":15,"key":"REST"},{"data":"Strike_G+4","floor":23,"key":"PURGE"},{"floor":23,"key":"REST"},{"data":"Strike_G+5","floor":25,"key":"PURGE"},{"floor":25,"key":"REST"}],"circlet_count":0,"master_deck":["AscendersBane","ReplayTheSpireMod:Scrap Shanks+1","Blade Dance+1","Storm of Steel+1","Infinite Blades+1"],"relics":["Ring of the Snake","Peace Pipe","Ginger","Turnip","Unceasing Top","Omamori","Ice Cream","The Specimen","The Courier","AT_ATBox","Gremlin Food","Sling","AT_ForceNature","Orichalcum","Boot","Pen Nib","Art of War","AT_LudenTempest","ReplayFunnel","AT_BellowingDragoncrestRing","AT_EbonyIvory","Simple Rune","AT_SunfireAegis","Mirror","Blood Vial","Ninja Scroll","Vajra","Golden Egg","Replay:Wax Seal","AT_BellDemon","Nunchaku","Mercury Hourglass","Pantograph","Bag of Marbles","Molten Egg 2","Quantum Egg","Replay:Bandana","WristBlade","Bird Faced Urn","PrismaticShard","Strawberry","Akabeko","Kunai","Dream Catcher","AT_ArchangelStaff","Orrery","MutagenicStrength","Ancient Tea Set","Mummified Hand","ReplayTheSpireMod:Lightbulb","Singing Bowl","Happy Flower","AT_SpeedBoots","Replay:Arrowhead","Vampiric Spirits","AT_ImmortalShieldbow","OrangePellets","Pocketwatch","Bottled Lightning","Replay:Multitool","Blue Doll","War Paint","ReplayTheSpireMod:Ninjato","ScarletDevilRocket"],"acts_visited":["Exordium","TheCity","TheBeyond"],"potions_floor_usage":[],"damage_taken":[{"damage":0,"enemies":"Cultist","floor":1,"turns":3},{"damage":0,"enemies":"Small Slimes","floor":5,"turns":3},{"damage":0,"enemies":"Jaw Worm","floor":10,"turns":1},{"damage":0,"enemies":"Lagavulin","floor":11,"turns":1},{"damage":0,"enemies":"Blue Slaver","floor":12,"turns":1},{"damage":0,"enemies":"Exordium Wildlife","floor":14,"turns":1},{"damage":12,"enemies":"The Guardian","floor":16,"turns":2},{"damage":0,"enemies":"Chosen","floor":18,"turns":1},{"damage":0,"enemies":"Slavers","floor":24,"turns":1},{"damage":0,"enemies":"Gremlin Leader","floor":27,"turns":1},{"damage":0,"enemies":"Spheric Guardian","floor":28,"turns":1},{"damage":0,"enemies":"Centurion and Healer","floor":31,"turns":1},{"damage":0,"enemies":"Champ","floor":33,"turns":2},{"damage":15,"enemies":"3 Shapes","floor":35,"turns":1},{"damage":0,"enemies":"Orb Walker","floor":36,"turns":1},{"damage":46,"enemies":"Time Eater","floor":38,"turns":2},{"damage":0,"enemies":"Replay:Hell Engine","floor":39,"turns":1}],"seed_played":"6775160449322787084","potions_obtained":[{"floor":1,"key":"PowerPotion"},{"floor":11,"key":"SkillPotion"}],"is_trial":false,"path_per_floor":["M","?","?","T","M","R","$","?","T","M","E","M","$","M","R","B",null,"M","$","?","$","?","R","E","R","T","E","M","?","?","M","R","B",null,"M","M","$","B","B",null],"character_chosen":"THE_SILENT","items_purchased":["Sling","AT_ForceNature","Orichalcum","Boot","Pen Nib","Art of War","AT_LudenTempest","ReplayFunnel","AT_BellowingDragoncrestRing","AT_EbonyIvory","Simple Rune","AT_SunfireAegis","Mirror","Blood Vial","Ninja Scroll","Vajra","Golden Egg","Blade Dance+1","Nunchaku","Mercury Hourglass","Pantograph","Bag of Marbles","Storm of Steel","Infinite Blades","Molten Egg 2","PrismaticShard","Strawberry","Akabeko","Kunai","Dream Catcher","AT_ArchangelStaff","Orrery","OrangePellets","Pocketwatch","Bottled Lightning","Replay:Multitool","Blue Doll","War Paint","ReplayTheSpireMod:Ninjato","ScarletDevilRocket"],"campfire_rested":3,"item_purchase_floors":[7,7,7,7,7,7,7,7,7,7,7,7,7,7,7,7,7,7,13,13,13,13,13,13,13,19,19,19,19,21,21,21,37,37,37,37,37,37,37,37],"current_hp_per_floor":[59,59,48,48,48,48,48,48,48,50,52,54,54,56,66,54,63,65,72,72,72,72,73,73,73,73,75,77,77,77,79,79,81,81,72,85,85,39,85],"gold":1350,"neow_bonus":"RANDOM_COMMON_RELIC","is_daily":false,"chose_seed":false,"campfire_upgraded":6,"win_rate":0.0,"timestamp":1609032454,"path_taken":["M","?","?","?","M","R","$","?","T","M","E","?","$","M","R","BOSS","M","$","?","$","?","R","E","R","T","E","M","?","?","?","R","BOSS","M","?","$","BOSS","BOSS"],"items_purchased_type":["Relic","Relic","Relic","Relic","Relic","Relic","Relic","Relic","Relic","Relic","Relic","Relic","Relic","Relic","Relic","Relic","Relic","Card","Relic","Relic","Relic","Relic","Card","Card","Relic","Relic","Relic","Relic","Relic","Relic","Relic","Relic","Relic","Relic","Relic","Relic","Relic","Relic","Relic","Relic"],"build_version":"2020-12-22","purchased_purges":13,"victory":true,"max_hp_per_floor":[66,66,66,66,66,66,66,66,66,66,66,66,66,66,66,66,66,66,73,73,73,73,73,73,73,73,75,77,77,77,79,79,81,81,83,85,85,85,85],"card_choices":[{"not_picked":["All Out Attack","Slice"],"picked":"ReplayTheSpireMod:Scrap Shanks","floor":1},{"not_picked":["PiercingWail","Backstab"],"picked":"Blade Dance","floor":5},{"not_picked":["Flying Knee","Distraction","Crippling Poison"],"picked":"SKIP","floor":10},{"not_picked":["Endless Agony","Poisoned Stab"],"picked":"Dagger Throw","floor":11},{"not_picked":["Noxious Fumes","Acrobatics","Poisoned Stab"],"picked":"SKIP","floor":12},{"not_picked":["Deflect","Bane+1","Outmaneuver"],"picked":"SKIP","floor":14},{"not_picked":["Eviscerate+1","Crippling Poison","Dagger Throw+1"],"picked":"SKIP","floor":18},{"not_picked":["Steamed Phantom","FlurryOfBlows+1","FearNoEvil+1"],"picked":"SKIP","floor":24},{"not_picked":["Final of Final+1","FiveSignsOfTheDyingDeva+1","Triple Snow+1"],"picked":"Singing Bowl","floor":27},{"not_picked":["Deep Breath","WitchOfGreed","Sentinel"],"picked":"Singing Bowl","floor":28},{"not_picked":["Spin+1","Ball Lightning+1","AT_ManFootWork"],"picked":"Singing Bowl","floor":31},{"not_picked":["Solidify","Deny","AT_ChampionKick+1"],"picked":"Singing Bowl","floor":33},{"not_picked":["LuminesStrike+1","ClowCardTheWindy","Dark Embrace"],"picked":"Singing Bowl","floor":35},{"not_picked":["EndlessAdversity+1","SanzenSekai+1","AT_DarkMatter"],"picked":"Singing Bowl","floor":36}],"player_experience":16346,"relics_obtained":[{"floor":9,"key":"Replay:Wax Seal"},{"floor":11,"key":"AT_BellDemon"},{"floor":14,"key":"Quantum Egg"},{"floor":16,"key":"Replay:Bandana"},{"floor":18,"key":"Bird Faced Urn"},{"floor":24,"key":"Ancient Tea Set"},{"floor":24,"key":"Mummified Hand"},{"floor":26,"key":"ReplayTheSpireMod:Lightbulb"},{"floor":27,"key":"Singing Bowl"},{"floor":27,"key":"Happy Flower"},{"floor":28,"key":"AT_SpeedBoots"},{"floor":31,"key":"Replay:Arrowhead"},{"floor":35,"key":"Vampiric Spirits"},{"floor":36,"key":"AT_ImmortalShieldbow"}],"event_choices":[{"damage_healed":0,"gold_gain":0,"player_choice":"Grow","damage_taken":0,"max_hp_gain":0,"max_hp_loss":0,"event_name":"Living Wall","floor":2,"gold_loss":0,"cards_upgraded":["ReplayTheSpireMod:Scrap Shanks"]},{"damage_healed":0,"gold_gain":75,"player_choice":"Gather Gold","damage_taken":11,"max_hp_gain":0,"max_hp_loss":0,"event_name":"World of Goop","floor":3,"gold_loss":0},{"damage_healed":0,"gold_gain":0,"player_choice":"Copied","damage_taken":0,"max_hp_gain":0,"max_hp_loss":0,"event_name":"Duplicator","floor":20,"gold_loss":0,"cards_obtained":["Strike_G"]},{"damage_healed":0,"gold_gain":0,"player_choice":"Inject Mutagens","damage_taken":0,"relics_obtained":["MutagenicStrength"],"max_hp_gain":0,"max_hp_loss":0,"event_name":"Drug Dealer","floor":22,"gold_loss":0},{"damage_healed":0,"gold_gain":0,"player_choice":"Ignored","damage_taken":0,"max_hp_gain":0,"max_hp_loss":0,"event_name":"Transmorgrifier","floor":30,"gold_loss":0}],"is_beta":false,"boss_relics":[{"not_picked":["Honey Jar","HoveringKite"],"picked":"WristBlade"},{"not_picked":["Replay:Grab Bag","Astrolabe","ReplayTheSpireMod:DimensionalGlitch"]}],"items_purged_floors":[7,7,7,7,7,7,7,7,7,7,13,13,13],"is_endless":false,"potions_floor_spawned":[1,5,11,11,12,14,16,16,18,24,28,31,31,33,35,36],"ascension_level":20}}