{"host":"6to0pdz5g3mubtyg","time":1609040171,"event":{"mods":["Act Like it!","Aspiration","BaseMod","BetterRewards","Colored Map","Energized Spire","Hallownest","Highlight Path","Infinite Spire","Jorbs\u0027s Wanderer Trilogy","Minty Spire (QoL Compilation)","Shade Mod","StSLib","The Animator","The Blue Laboratory","The Bug Knight"],"gold_per_floor":[110,185,185,200,54,82,99,109,109,124,124,26,38,213,213,318,318,332,343,343,359,225,225,225,238,238,238,257,257,270,289,289,289,289],"floor_reached":33,"playtime":1217,"items_purged":["Strike_B","Strike_B"],"score":316,"play_id":"507e6737-3799-4cbb-a379-3c07c9a40313","local_time":"20201226203611","is_ascension_mode":true,"campfire_choices":[{"floor":11.0,"key":"REST"},{"floor":15.0,"key":"REST"},{"data":"Discovery","floor":23.0,"key":"SMITH"},{"data":"Dualcast","floor":27.0,"key":"SMITH"},{"floor":29.0,"key":"REST"},{"floor":32.0,"key":"REST"}],"circlet_count":0,"master_deck":["Strike_B","Strike_B","Defend_B","Defend_B","Defend_B","Defend_B","Zap","Dualcast+1","Discovery+1","Sweeping Beam","Streamline+1","Sweeping Beam+1","Gash+1","Gash+1","Doom and Gloom+1","Sweeping Beam+1","Core Surge+1","aspiration:Polymerization+1","infinitespire:UltimateForm","Aggregate+1","FTL+1","Stack+1","Double Energy","Gash+1"],"relics":["Cracked Core","Molten Egg 2","Omamori","Symbiotic Virus","infinitespire:FocusingShard","Nuclear Battery","Lee\u0027s Waffle","infinitespire:WardingShard"],"acts_visited":["Exordium","TheCity"],"potions_floor_usage":[],"damage_taken":[{"damage":6.0,"enemies":"Jaw Worm","floor":1.0,"turns":5.0},{"damage":6.0,"enemies":"Cultist","floor":4.0,"turns":3.0},{"damage":40.0,"enemies":"Gremlin Nob","floor":6.0,"turns":4.0},{"damage":0.0,"enemies":"2 Louse","floor":7.0,"turns":2.0},{"damage":0.0,"enemies":"Large Slime","floor":8.0,"turns":5.0},{"damage":0.0,"enemies":"Gremlin Gang","floor":10.0,"turns":1.0},{"damage":7.0,"enemies":"Blue Slaver","floor":13.0,"turns":2.0},{"damage":0.0,"enemies":"Slime Boss","floor":16.0,"turns":6.0},{"damage":10.0,"enemies":"Shell Parasite","floor":18.0,"turns":2.0},{"damage":10.0,"enemies":"Chosen","floor":19.0,"turns":2.0},{"damage":14.0,"enemies":"Snake Plant","floor":21.0,"turns":4.0},{"damage":24.0,"enemies":"Cultist and Chosen","floor":25.0,"turns":6.0},{"damage":22.0,"enemies":"Chosen and Byrds","floor":28.0,"turns":5.0},{"damage":0.0,"enemies":"Sentry and Sphere","floor":30.0,"turns":4.0},{"damage":26.0,"enemies":"Centurion and Healer","floor":31.0,"turns":4.0},{"damage":50,"enemies":"Automaton","floor":33,"turns":6}],"seed_played":"-6237927494100220918","potions_obtained":[{"floor":6.0,"key":"PowerPotion"},{"floor":8.0,"key":"blueLaboratory:FrostheartPotion"},{"floor":10.0,"key":"Dexterity Potion"},{"floor":13.0,"key":"blueLaboratory:PhilterOfMotion"},{"floor":28.0,"key":"blueLaboratory:CoolantVial"}],"is_trial":false,"path_per_floor":["M","?","T","M","$","E","M","M","T","M","R","$","M","?","R","B",null,"M","M","AVR","M","$","R","?","M","T","R","M","R","M","M","R","B"],"character_chosen":"DEFECT","items_purchased":["Omamori","Sweeping Beam+1","FTL+1"],"campfire_rested":4,"item_purchase_floors":[5,12,22],"current_hp_per_floor":[69,58,58,52,52,12,12,12,12,12,34,34,27,27,49,49,75,65,55,82,68,68,68,73,49,49,49,27,51,51,25,49,0,0],"gold":289,"neow_bonus":"RANDOM_COLORLESS","is_daily":false,"chose_seed":false,"campfire_upgraded":2,"win_rate":0.0,"timestamp":1609040171,"path_taken":["M","?","?","M","$","E","M","?","T","M","R","$","M","?","R","BOSS","M","M","AVR","M","$","R","?","M","T","R","M","R","?","M","R","BOSS"],"items_purchased_type":["Relic","Card","Card"],"build_version":"2020-12-22","purchased_purges":2,"victory":false,"max_hp_per_floor":[75,75,75,75,75,75,75,75,75,75,75,75,75,75,75,75,75,75,75,82,82,82,82,82,82,82,82,82,82,82,82,82,82,82],"card_choices":[{"not_picked":["Purity","Deep Breath"],"picked":"Discovery","floor":0.0},{"not_picked":["Barrage","Self Repair"],"picked":"Sweeping Beam","floor":1.0},{"not_picked":["BootSequence","Darkness"],"picked":"Streamline+1","floor":4.0},{"not_picked":["Redo","Undo"],"picked":"Sweeping Beam+1","floor":6.0},{"not_picked":["Amplify","Heatsinks"],"picked":"Gash+1","floor":7.0},{"not_picked":["Heatsinks","Lockon+1"],"picked":"Gash+1","floor":8.0},{"not_picked":["Steam","Static Discharge"],"picked":"Doom and Gloom+1","floor":10.0},{"not_picked":["Hologram","Ball Lightning+1"],"picked":"Streamline+1","floor":13.0},{"not_picked":["Echo Form","Multi-Cast"],"picked":"Core Surge+1","floor":16.0},{"not_picked":["Blizzard+1","Hologram","Streamline+1"],"picked":"SKIP","floor":18.0},{"not_picked":["Streamline+1","Stack"],"picked":"aspiration:Polymerization+1","floor":19.0},{"not_picked":["Streamline+1","Go for the Eyes+1"],"picked":"Aggregate+1","floor":21.0},{"not_picked":["Turbo","Sweeping Beam+1"],"picked":"Stack+1","floor":25.0},{"not_picked":["Lockon+1","Storm","Barrage+1"],"picked":"SKIP","floor":28.0},{"not_picked":["Barrage+1","Meteor Strike+1"],"picked":"Double Energy","floor":30.0},{"not_picked":["Redo","Sweeping Beam+1"],"picked":"Gash+1","floor":31.0}],"player_experience":234796,"relics_obtained":[{"floor":3.0,"key":"Molten Egg 2"},{"floor":6.0,"key":"Symbiotic Virus"},{"floor":9.0,"key":"infinitespire:FocusingShard"},{"floor":26.0,"key":"infinitespire:WardingShard"}],"event_choices":[{"damage_healed":0.0,"max_hp_gain":0.0,"max_hp_loss":0.0,"gold_gain":75.0,"event_name":"World of Goop","player_choice":"Gather Gold","floor":2.0,"gold_loss":0.0,"damage_taken":11.0},{"damage_healed":0.0,"max_hp_gain":0.0,"max_hp_loss":0.0,"gold_gain":175.0,"event_name":"Liars Game","player_choice":"AGREE","floor":14.0,"gold_loss":0.0,"damage_taken":0.0,"cards_obtained":["Doubt"]},{"cards_removed":["Streamline"],"damage_healed":5.0,"max_hp_gain":0.0,"max_hp_loss":0.0,"gold_gain":0.0,"event_name":"Bonfire Elementals","player_choice":"Offered Common","floor":24.0,"gold_loss":0.0,"damage_taken":0.0},{"cards_removed":["Streamline"],"damage_healed":5.0,"max_hp_gain":0.0,"max_hp_loss":0.0,"gold_gain":0.0,"event_name":"Bonfire Elementals","player_choice":"Offered Special","floor":24.0,"gold_loss":0.0,"damage_taken":0.0}],"is_beta":false,"boss_relics":[{"not_picked":["Velvet Choker","aspiration:Stellarator"],"picked":"Nuclear Battery"}],"items_purged_floors":[12,22],"is_endless":false,"potions_floor_spawned":[6,8,10,13,16,21,28,30],"killed_by":"Automaton","ascension_level":1}}