{"host":"r0egjz7yisbmym81","time":1609088471,"event":{"mods":["ATMod(°¢èªMod)","BaseMod","Minty Spire (QoL Compilation)","Quick Restart","Relic Stats","StSLib"],"gold_per_floor":[113,113,137,312,327,327,277,317,317,317,217,235,258,258,258,383,383,366,416,435,39,54,87,87,87,87,87,128,128,75,89,89,214,214,234,234,297,311,332,332,348,348,401,239,253,67,30,66,66,66],"floor_reached":51,"playtime":4318,"items_purged":["Strike_R","Strike_R","Strike_R","Bash"],"score":863,"play_id":"117d74f3-952e-488f-9351-19577eddecd0","local_time":"20201228010111","is_ascension_mode":false,"campfire_choices":[{"data":"AT_FamilyPortrait","floor":6.0,"key":"SMITH"},{"data":"Seeing Red","floor":10.0,"key":"SMITH"},{"floor":15.0,"key":"REST"},{"data":"Dark Embrace","floor":27.0,"key":"SMITH"},{"floor":29.0,"key":"REST"},{"data":"Entrench","floor":32.0,"key":"SMITH"},{"data":"Barricade","floor":40.0,"key":"SMITH"},{"data":"Feel No Pain","floor":42.0,"key":"SMITH"},{"data":"Dual Wield","floor":49.0,"key":"SMITH"}],"circlet_count":0,"master_deck":["Defend_R","Defend_R","Defend_R","Defend_R","AT_FamilyPortrait+1","Thunderclap","Seeing Red+1","AT_BodySlamDance","Flame Barrier","Warcry","Shrug It Off","Entrench+1","Feed","Dark Embrace+1","Iron Wave+1","Feel No Pain+1","Feed","AT_BodySlamDance+1","Armaments","Combust+1","Barricade+1","CurseOfTheBell","Iron Wave+1","Rage","Armaments","Body Slam+1","Parasite","Rage+1","Seeing Red","Iron Wave+1","Ghostly Armor","Dual Wield+1","Armaments+1"],"relics":["Burning Blood","AT_ATBox","Golden Idol","White Beast Statue","InkBottle","Runic Pyramid","AT_RedTearstoneRing","Potion Belt","AT_BellowingDragoncrestRing","Thread and Needle","Bottled Lightning","Calling Bell","Nunchaku","Kunai","Calipers","Gambling Chip","AT_EbonyIvory","AT_ForceNature"],"acts_visited":["Exordium","TheCity","TheBeyond"],"potions_floor_usage":[50],"damage_taken":[{"damage":13.0,"enemies":"2 Louse","floor":1.0,"turns":3.0},{"damage":1.0,"enemies":"Jaw Worm","floor":3.0,"turns":5.0},{"damage":1.0,"enemies":"Cultist","floor":5.0,"turns":3.0},{"damage":24.0,"enemies":"Lagavulin","floor":8.0,"turns":10.0},{"damage":4.0,"enemies":"Red Slaver","floor":12.0,"turns":4.0},{"damage":7.0,"enemies":"Lots of Slimes","floor":13.0,"turns":4.0},{"damage":62.0,"enemies":"Hexaghost","floor":16.0,"turns":12.0},{"damage":12.0,"enemies":"2 Thieves","floor":18.0,"turns":4.0},{"damage":8.0,"enemies":"Spheric Guardian","floor":20.0,"turns":4.0},{"damage":2.0,"enemies":"Snecko","floor":22.0,"turns":8.0},{"damage":56.0,"enemies":"Gremlin Leader","floor":23.0,"turns":14.0},{"damage":0.0,"enemies":"Book of Stabbing","floor":28.0,"turns":4.0},{"damage":0.0,"enemies":"Shelled Parasite and Fungi","floor":31.0,"turns":3.0},{"damage":12.0,"enemies":"Champ","floor":33.0,"turns":13.0},{"damage":0.0,"enemies":"Orb Walker","floor":35.0,"turns":4.0},{"damage":2.0,"enemies":"Mind Bloom Boss Battle","floor":37.0,"turns":4.0},{"damage":2.0,"enemies":"3 Shapes","floor":38.0,"turns":7.0},{"damage":2.0,"enemies":"Maw","floor":39.0,"turns":11.0},{"damage":18.0,"enemies":"Writhing Mass","floor":41.0,"turns":7.0},{"damage":2.0,"enemies":"3 Darklings","floor":45.0,"turns":3.0},{"damage":0.0,"enemies":"Nemesis","floor":48.0,"turns":7.0},{"damage":17,"enemies":"Awakened One","floor":50,"turns":9}],"seed_played":"6989309369677144034","potions_obtained":[{"floor":1.0,"key":"BlessingOfTheForge"},{"floor":12.0,"key":"Block Potion"},{"floor":13.0,"key":"Weak Potion"},{"floor":16.0,"key":"SpeedPotion"},{"floor":18.0,"key":"BlessingOfTheForge"},{"floor":20.0,"key":"DuplicationPotion"},{"floor":22.0,"key":"Dexterity Potion"},{"floor":23.0,"key":"Weak Potion"},{"floor":28.0,"key":"Dexterity Potion"},{"floor":31.0,"key":"BlessingOfTheForge"},{"floor":33.0,"key":"DistilledChaos"},{"floor":35.0,"key":"SmokeBomb"},{"floor":37.0,"key":"GamblersBrew"},{"floor":38.0,"key":"ColorlessPotion"},{"floor":39.0,"key":"CultistPotion"}],"is_trial":false,"path_per_floor":["M","?","M","?","M","R","?","E","T","R","$","M","M","?","R","B",null,"M","?","M","$","M","E","?","?","T","R","E","R","$","M","R","B",null,"M","?","?","M","M","R","M","R","T","$","M","$","$","E","R","B",null],"character_chosen":"IRONCLAD","items_purchased":["Warcry","AT_RedTearstoneRing","Potion Belt","Armaments","Seeing Red","Ghostly Armor","Dual Wield"],"campfire_rested":2,"item_purchase_floors":[11,21,21,30,44,46,47],"current_hp_per_floor":[81,59,64,64,69,69,69,51,51,51,51,53,52,52,78,22,88,85,85,86,86,93,43,43,43,43,43,52,82,82,92,92,86,104,104,104,104,111,115,115,103,103,103,103,107,107,107,117,117,106],"gold":66,"neow_bonus":"TEN_PERCENT_HP_BONUS","is_daily":false,"chose_seed":false,"campfire_upgraded":7,"win_rate":0.0,"timestamp":1609088471,"path_taken":["M","?","M","?","M","R","?","E","T","R","$","M","M","?","R","BOSS","M","?","?","?","?","E","?","?","T","R","E","R","$","M","R","BOSS","M","?","?","M","M","R","M","R","T","$","M","?","$","E","R","BOSS"],"items_purchased_type":["Card","Relic","Relic","Card","Card","Card","Card"],"build_version":"2020-12-22","purchased_purges":4,"victory":true,"max_hp_per_floor":[88,88,88,88,88,88,88,88,88,88,88,88,88,88,88,88,88,91,91,94,94,97,97,97,97,97,97,100,100,100,104,104,104,104,104,104,104,111,115,115,115,115,115,115,115,115,115,119,119,119],"relic_stats":{"Nunchaku":[8],"counters":[22,143],"Golden Idol":179,"Gambling Chip":[18],"Kunai":[12],"obtain_stats":[{"Potion Belt":21,"AT_ForceNature":48,"AT_RedTearstoneRing":21,"AT_ATBox":0,"Calipers":34,"Golden Idol":2,"Thread and Needle":26,"AT_EbonyIvory":43,"Burning Blood":0,"White Beast Statue":8,"Calling Bell":34,"Nunchaku":34,"AT_BellowingDragoncrestRing":23,"Gambling Chip":37,"Bottled Lightning":28,"Kunai":34,"InkBottle":9,"Runic Pyramid":17},{"Potion Belt":9,"AT_ForceNature":21,"AT_RedTearstoneRing":9,"AT_ATBox":0,"Calipers":14,"Golden Idol":1,"Thread and Needle":11,"AT_EbonyIvory":19,"Burning Blood":0,"White Beast Statue":4,"Calling Bell":14,"Nunchaku":14,"AT_BellowingDragoncrestRing":11,"Gambling Chip":16,"Bottled Lightning":12,"Kunai":14,"InkBottle":4,"Runic Pyramid":7},{"Potion Belt":49,"AT_ForceNature":134,"AT_RedTearstoneRing":49,"AT_ATBox":0,"Calipers":91,"Golden Idol":3,"Thread and Needle":71,"AT_EbonyIvory":124,"Burning Blood":0,"White Beast Statue":21,"Calling Bell":91,"Nunchaku":91,"AT_BellowingDragoncrestRing":71,"Gambling Chip":99,"Bottled Lightning":75,"Kunai":91,"InkBottle":21,"Runic Pyramid":41}],"Burning Blood":114,"InkBottle":[48]},"card_choices":[{"not_picked":["Perfected Strike","Second Wind"],"picked":"Thunderclap","floor":1.0},{"not_picked":["Twin Strike","Intimidate"],"picked":"Seeing Red","floor":3.0},{"not_picked":["Reckless Charge","Perfected Strike"],"picked":"AT_BodySlamDance","floor":5.0},{"not_picked":["AT_IchimonjiDouble","Cleave"],"picked":"Flame Barrier","floor":8.0},{"not_picked":["Flex","AT_ManFootWork"],"picked":"Shrug It Off","floor":12.0},{"not_picked":["Infernal Blade","Iron Wave"],"picked":"Entrench","floor":13.0},{"not_picked":["Bludgeon","Fiend Fire"],"picked":"Feed","floor":16.0},{"not_picked":["Power Through","Uppercut"],"picked":"Dark Embrace","floor":18.0},{"not_picked":["Infernal Blade","Warcry"],"picked":"Iron Wave+1","floor":20.0},{"not_picked":["Pummel","Cleave+1","Sever Soul"],"picked":"SKIP","floor":22.0},{"not_picked":["Infernal Blade","Perfected Strike","True Grit"],"picked":"SKIP","floor":23.0},{"not_picked":["Searing Blow+1","Disarm"],"picked":"AT_BodySlamDance+1","floor":28.0},{"not_picked":["Fire Breathing","Inflame+1"],"picked":"Combust+1","floor":31.0},{"not_picked":["Reaper","Double Tap"],"picked":"Barricade","floor":33.0},{"not_picked":["Sword Boomerang+1","AT_IchimonjiDouble"],"picked":"Iron Wave+1","floor":35.0},{"not_picked":["Clothesline","AT_IchimonjiDouble"],"picked":"Rage","floor":37.0},{"not_picked":["Headbutt+1","Flex+1"],"picked":"Armaments","floor":38.0},{"not_picked":["Perfected Strike","Iron Wave+1"],"picked":"Body Slam+1","floor":39.0},{"not_picked":["Second Wind","Clothesline+1"],"picked":"Rage+1","floor":41.0},{"not_picked":["AT_DrawKnifeCut","Shockwave+1"],"picked":"Iron Wave+1","floor":45.0},{"not_picked":["Shrug It Off","Shockwave+1"],"picked":"Armaments+1","floor":48.0}],"player_experience":241,"relics_obtained":[{"floor":8.0,"key":"White Beast Statue"},{"floor":9.0,"key":"InkBottle"},{"floor":23.0,"key":"AT_BellowingDragoncrestRing"},{"floor":26.0,"key":"Thread and Needle"},{"floor":28.0,"key":"Bottled Lightning"},{"floor":34.0,"key":"Nunchaku"},{"floor":34.0,"key":"Kunai"},{"floor":34.0,"key":"Calipers"},{"floor":37.0,"key":"Gambling Chip"},{"floor":43.0,"key":"AT_EbonyIvory"},{"floor":48.0,"key":"AT_ForceNature"}],"event_choices":[{"damage_healed":0.0,"max_hp_gain":0.0,"max_hp_loss":0.0,"gold_gain":0.0,"event_name":"Golden Idol","player_choice":"Take Damage","floor":2.0,"gold_loss":0.0,"damage_taken":22.0,"relics_obtained":["Golden Idol"]},{"damage_healed":0.0,"max_hp_gain":0.0,"max_hp_loss":0.0,"gold_gain":175.0,"event_name":"Liars Game","player_choice":"AGREE","floor":4.0,"gold_loss":0.0,"damage_taken":0.0,"cards_obtained":["Doubt"]},{"cards_removed":["Doubt"],"damage_healed":0.0,"max_hp_gain":0.0,"max_hp_loss":0.0,"gold_gain":0.0,"event_name":"The Cleric","player_choice":"Card Removal","floor":7.0,"gold_loss":50.0,"damage_taken":0.0},{"damage_healed":0.0,"max_hp_gain":0.0,"max_hp_loss":0.0,"gold_gain":0.0,"event_name":"Dead Adventurer","player_choice":"Searched \u00270\u0027 times","floor":14.0,"gold_loss":0.0,"damage_taken":0.0},{"damage_healed":0.0,"max_hp_gain":0.0,"max_hp_loss":0.0,"gold_gain":100.0,"event_name":"The Joust","player_choice":"Bet on Murderer","floor":19.0,"gold_loss":50.0,"damage_taken":0.0},{"damage_healed":0.0,"max_hp_gain":0.0,"max_hp_loss":0.0,"gold_gain":0.0,"event_name":"The Library","player_choice":"Read","floor":24.0,"gold_loss":0.0,"damage_taken":0.0,"cards_obtained":["Feel No Pain"]},{"damage_healed":0.0,"max_hp_gain":0.0,"max_hp_loss":0.0,"gold_gain":0.0,"cards_transformed":["Strike_R"],"event_name":"Transmorgrifier","player_choice":"Transformed","floor":25.0,"gold_loss":0.0,"damage_taken":0.0,"cards_obtained":["Feed"]},{"cards_removed":["Strike_R"],"damage_healed":0.0,"max_hp_gain":0.0,"max_hp_loss":0.0,"gold_gain":0.0,"event_name":"Falling","player_choice":"Removed Attack","floor":36.0,"gold_loss":0.0,"damage_taken":0.0},{"damage_healed":0.0,"max_hp_gain":0.0,"max_hp_loss":0.0,"gold_gain":0.0,"event_name":"MindBloom","player_choice":"Fight","floor":37.0,"gold_loss":0.0,"damage_taken":0.0}],"is_beta":false,"boss_relics":[{"not_picked":["SlaversCollar","Snecko Eye"],"picked":"Runic Pyramid"},{"not_picked":["Runic Dome","Black Blood"],"picked":"Calling Bell"}],"items_purged_floors":[11,21,44,46],"is_endless":false,"potions_floor_spawned":[1,12,13,16,18,20,22,23,28,31,33,35,37,38,39,41,45,48],"ascension_level":0}}