{"host":"z34yzn8hj4ic20ef","time":1609063278,"event":{"mods":["AchievementEnabler","BaseMod","Minty Spire (QoL Compilation)","StSLib","SuperFastMode"],"gold_per_floor":[109,109,109,34,48,48,84,84,136,145,158,178,178,41,41,145,145,163,83,83,83],"floor_reached":20,"playtime":502,"items_purged":["Strike_R","Regret"],"score":390,"play_id":"4795d682-6558-4b6b-b3f0-d763a3f27f34","local_time":"20201227190118","is_ascension_mode":true,"campfire_choices":[{"data":"Blood for Blood","floor":6.0,"key":"SMITH"},{"data":"Bash","floor":8.0,"key":"SMITH"},{"data":"Cleave","floor":15.0,"key":"SMITH"}],"circlet_count":0,"master_deck":["AscendersBane","Strike_R","Strike_R","Strike_R","Defend_R","Defend_R","Defend_R","Defend_R","Bash+1","Second Wind","Blood for Blood+1","Cleave+1","Magnetism+1","Reaper"],"relics":["Burning Blood","NeowsBlessing","Golden Idol","Frozen Egg 2","CeramicFish","The Courier","Sundial","Mark of Pain"],"acts_visited":["Exordium","TheCity"],"potions_floor_usage":[16,16],"damage_taken":[{"damage":0.0,"enemies":"Small Slimes","floor":1.0,"turns":1.0},{"damage":0.0,"enemies":"Jaw Worm","floor":5.0,"turns":1.0},{"damage":0.0,"enemies":"Gremlin Nob","floor":7.0,"turns":1.0},{"damage":3.0,"enemies":"2 Louse","floor":11.0,"turns":2.0},{"damage":14.0,"enemies":"2 Fungi Beasts","floor":12.0,"turns":4.0},{"damage":15,"enemies":"Slime Boss","floor":16,"turns":6},{"damage":36,"enemies":"Chosen","floor":18,"turns":7},{"damage":41,"enemies":"Shell Parasite","floor":20,"turns":4}],"seed_played":"1026948049178176851","potions_obtained":[{"floor":5.0,"key":"SneckoOil"},{"floor":12.0,"key":"Fire Potion"}],"is_trial":false,"path_per_floor":["M","?","?","$","M","R","E","R","T","?","M","M","?","$","R","B",null,"M","$","M"],"character_chosen":"IRONCLAD","items_purchased":["Magnetism+1"],"campfire_rested":0,"item_purchase_floors":[14],"current_hp_per_floor":[74,48,48,48,54,54,60,60,60,60,63,55,20,20,20,11,59,35,35,0,0],"gold":83,"neow_bonus":"THREE_ENEMY_KILL","is_daily":false,"chose_seed":false,"campfire_upgraded":3,"win_rate":0.0,"timestamp":1609063278,"path_taken":["M","?","?","$","?","R","E","R","T","?","M","M","?","$","R","BOSS","M","$","M"],"items_purchased_type":["Card"],"build_version":"2020-12-22","purchased_purges":2,"victory":false,"max_hp_per_floor":[75,75,75,75,75,75,75,75,75,75,75,75,75,75,75,75,75,75,75,75,75],"card_choices":[{"not_picked":["Sword Boomerang","Battle Trance"],"picked":"Second Wind","floor":1.0},{"not_picked":["Burning Pact","Clothesline"],"picked":"Cleave","floor":5.0},{"not_picked":["Iron Wave","Combust+1","Heavy Blade"],"picked":"SKIP","floor":7.0},{"not_picked":["Juggernaut+1","Heavy Blade","Body Slam"],"picked":"SKIP","floor":11.0},{"not_picked":["Cleave","Uppercut","Thunderclap"],"picked":"SKIP","floor":12.0},{"not_picked":["Bludgeon","Offering"],"picked":"Reaper","floor":16},{"not_picked":["Anger","Sever Soul","Armaments"],"picked":"SKIP","floor":18}],"player_experience":680841,"relics_obtained":[{"floor":7.0,"key":"Frozen Egg 2"},{"floor":9.0,"key":"CeramicFish"}],"event_choices":[{"damage_healed":0.0,"max_hp_gain":0.0,"max_hp_loss":0.0,"gold_gain":0.0,"event_name":"Golden Idol","player_choice":"Take Damage","floor":2.0,"gold_loss":0.0,"damage_taken":26.0,"relics_obtained":["Golden Idol"]},{"damage_healed":0.0,"max_hp_gain":0.0,"max_hp_loss":0.0,"gold_gain":0.0,"cards_transformed":["Strike_R"],"event_name":"Living Wall","player_choice":"Change","floor":3.0,"gold_loss":0.0,"damage_taken":0.0,"cards_obtained":["Blood for Blood"]},{"damage_healed":0.0,"max_hp_gain":0.0,"max_hp_loss":0.0,"gold_gain":0.0,"event_name":"Big Fish","player_choice":"Box","floor":10.0,"gold_loss":0.0,"damage_taken":0.0,"relics_obtained":["The Courier"],"cards_obtained":["Regret"]},{"damage_healed":0.0,"max_hp_gain":0.0,"max_hp_loss":0.0,"gold_gain":0.0,"event_name":"Scrap Ooze","player_choice":"Success","floor":13.0,"gold_loss":0.0,"damage_taken":35.0,"relics_obtained":["Sundial"]}],"is_beta":false,"boss_relics":[{"not_picked":["Sozu","Runic Pyramid"],"picked":"Mark of Pain"}],"items_purged_floors":[4,19],"is_endless":false,"potions_floor_spawned":[5,12],"killed_by":"Shell Parasite","ascension_level":20}}