{"host":"97k5lqmr6aaz1p9r","time":1609053346,"event":{"mods":["BaseMod","Colored Map","Downfall","Jorbs\u0027s Wanderer Trilogy","Minty Spire (QoL Compilation)","StSLib"],"gold_per_floor":[99,99,249,249,249,274,274,294,294,306,337,356,281,266,285,382,382,382,392,402,415,415,415,464,480,755,789,789,789,789],"floor_reached":28,"playtime":2582,"items_purged":[],"score":270,"play_id":"0044e4ed-2f78-4584-87ac-a41326a86ef0","local_time":"20201227071546","is_ascension_mode":false,"campfire_choices":[{"data":"hexamod:Float","floor":1.0,"key":"SMITH"},{"data":"hexamod:Incineration","floor":9.0,"key":"SMITH"},{"data":"hexamod:EtherealExpedition","floor":13.0,"key":"SMITH"},{"data":"hexamod:WildfireWeapon","floor":18,"key":"SMITH"},{"floor":23,"key":"RECALL"}],"circlet_count":0,"master_deck":["hexamod:Strike","hexamod:Strike","hexamod:Strike+1","hexamod:Strike+1","hexamod:Defend","hexamod:Defend","hexamod:Defend","hexamod:Defend","hexamod:Sear","hexamod:Float+1","hexamod:AdvancingGuard","hexamod:Hexaguard","hexamod:Firestarter","hexamod:Incineration+1","hexamod:EtherealExpedition+1","hexamod:VolcanoVisage","hexamod:GhostOfSpirePresent","hexamod:WildfireWeapon+1","hexamod:Hexaguard+1","hexamod:SixthSeal","Necronomicurse","Regret","hexamod:PhantomCloak"],"relics":["hexamod:SpiritBrand","downfall:HeartsMalice","Spirit Poop","Darkstone Periapt","Letter Opener","Eternal Feather","downfall:HeartBlessingGreen","Velvet Choker","Necronomicon","Tiny Chest","Potion Belt"],"acts_visited":["Exordium","TheCity"],"potions_floor_usage":[27,27],"damage_taken":[{"damage":0.0,"enemies":"Small Slimes","floor":2.0,"turns":1.0},{"damage":0.0,"enemies":"2 Louse","floor":5.0,"turns":1.0},{"damage":0.0,"enemies":"3 Sentries","floor":6.0,"turns":1.0},{"damage":0.0,"enemies":"Cultist","floor":8.0,"turns":3.0},{"damage":2.0,"enemies":"2 Fungi Beasts","floor":10.0,"turns":3.0},{"damage":14.0,"enemies":"Lagavulin","floor":11.0,"turns":8.0},{"damage":4.0,"enemies":"Lots of Slimes","floor":12.0,"turns":4.0},{"damage":0.0,"enemies":"downfall:FleeingMerchant","floor":14.0,"turns":4.0},{"damage":2,"enemies":"3 Louse","floor":15,"turns":4},{"damage":47,"enemies":"downfall:Ironclad","floor":16,"turns":12},{"damage":8,"enemies":"Spheric Guardian","floor":19,"turns":4},{"damage":4,"enemies":"Snake Plant","floor":20,"turns":4},{"damage":8,"enemies":"Sentry and Sphere","floor":21,"turns":7},{"damage":0,"enemies":"Centurion and Healer","floor":25,"turns":7},{"damage":55,"enemies":"Slavers","floor":27,"turns":7},{"damage":5,"enemies":"Chosen and Byrds","floor":28,"turns":4}],"seed_played":"4903355481343241891","potions_obtained":[{"floor":8.0,"key":"hexamod:InfernoChargePotion"},{"floor":10.0,"key":"Energy Potion"},{"floor":11.0,"key":"Block Potion"},{"floor":19,"key":"Block Potion"},{"floor":27,"key":"SteroidPotion"}],"is_trial":false,"path_per_floor":["R","M","?","?","M","E","T","M","R","M","E","M","R","$","M","B",null,"R","M","M","M","?","R","T","M","?","E","M"],"character_chosen":"THE_SPIRIT","items_purchased":[],"campfire_rested":0,"item_purchase_floors":[],"current_hp_per_floor":[70,70,70,70,70,70,70,70,70,68,54,50,59,59,57,10,70,70,62,58,50,40,52,52,52,58,3,0,0,0],"gold":789,"neow_bonus":"THREE_ENEMY_KILL","is_daily":false,"chose_seed":false,"campfire_upgraded":4,"win_rate":0.0,"timestamp":1609053346,"path_taken":["R","M","?","?","M","E","T","M","R","?","E","M","R","$","M","BOSS","R","M","M","M","?","R","T","M","?","E","?"],"items_purchased_type":[],"build_version":"2020-12-22","purchased_purges":0,"victory":false,"max_hp_per_floor":[70,70,70,70,70,70,70,70,70,70,70,70,70,70,70,70,70,70,70,70,70,76,76,76,76,82,82,82,82,82],"card_choices":[{"not_picked":["hexamod:HauntingEcho","hexamod:ShieldOfDarkness"],"picked":"hexamod:AdvancingGuard","floor":2.0},{"not_picked":["hexamod:GhostOfSpirePast","hexamod:PhantomCloak"],"picked":"hexamod:Hexaguard","floor":5.0},{"not_picked":["hexamod:Hexaguard","hexamod:NightmareStrike"],"picked":"hexamod:Firestarter","floor":6.0},{"not_picked":["hexamod:Haunt","hexamod:GhostOfSpirePresent"],"picked":"hexamod:Incineration","floor":8.0},{"not_picked":["hexamod:HauntingEcho","hexamod:NightmareGuise","hexamod:FourthSeal"],"picked":"SKIP","floor":10.0},{"not_picked":["hexamod:HauntingEcho","hexamod:PhantomFireball","hexamod:SpectralAdrenaline"],"picked":"SKIP","floor":11.0},{"not_picked":["hexamod:FastForward","hexamod:ThermalTransfer"],"picked":"hexamod:EtherealExpedition","floor":12.0},{"not_picked":["hexamod:Incineration","hexamod:GhostLash"],"picked":"hexamod:VolcanoVisage","floor":14},{"not_picked":["hexamod:GhostShield","hexamod:NightmareStrike"],"picked":"hexamod:GhostOfSpirePresent","floor":15},{"not_picked":["hexamod:TimeOfNeed","hexamod:GhostflameInferno"],"picked":"hexamod:WildfireWeapon","floor":16},{"not_picked":["hexamod:BacktrackSmack","hexamod:Haunt+1"],"picked":"hexamod:Hexaguard+1","floor":19},{"not_picked":["hexamod:HauntingEcho+1","hexamod:GhostLash","hexamod:FastForward"],"picked":"SKIP","floor":20},{"not_picked":["hexamod:GhostShield+1","hexamod:GhostLash+1"],"picked":"hexamod:SixthSeal","floor":21},{"not_picked":["hexamod:GhostLash","hexamod:BacktrackSmack+1","hexamod:ChargedBarrage"],"picked":"SKIP","floor":25},{"not_picked":["hexamod:GhostLash","hexamod:BacktrackSmack+1","hexamod:ChargedBarrage"],"picked":"SKIP","floor":25},{"not_picked":["hexamod:CatchUp+1","hexamod:DynamicBlow+1"],"picked":"hexamod:PhantomCloak","floor":27}],"player_experience":545791,"relics_obtained":[{"floor":6.0,"key":"Darkstone Periapt"},{"floor":7.0,"key":"Letter Opener"},{"floor":11.0,"key":"Eternal Feather"},{"floor":22,"key":"Necronomicon"},{"floor":24,"key":"Tiny Chest"},{"floor":27,"key":"Potion Belt"}],"event_choices":[{"cards_removed":["Slimebound:Icky"],"damage_healed":0.0,"max_hp_gain":0.0,"max_hp_loss":0.0,"gold_gain":0.0,"event_name":"Bonfire Elementals","player_choice":"Offered Curse","floor":4.0,"gold_loss":0.0,"damage_taken":0.0,"relics_obtained":["Spirit Poop"]}],"is_beta":false,"boss_relics":[{"not_picked":["Runic Pyramid","Snecko Eye"],"picked":"Velvet Choker"}],"items_purged_floors":[],"is_endless":false,"potions_floor_spawned":[8,10,11,19,27],"killed_by":"Chosen and Byrds","ascension_level":0}}