{"host":"wha9hktbkslqvblg","time":1609070391,"event":{"mods":["BaseMod","Colored Map","Minty Spire (QoL Compilation)","Relic Stats","SuperFastMode","everything is the same but u backflip on backflip"],"gold_per_floor":[117,29,104,114,114,139,139,167,193,225,150,160,160,160,160,232,232,242,253,265,165,182,182,195,195,222,222,232,232,182,210,210,287,287,300,320,18,32,32,67,77,77,77,77,91,41,41,41],"floor_reached":47,"playtime":1271,"items_purged":["Strike_R","Twin Strike","Defend_R","Defend_R","Defend_R"],"score":1336,"play_id":"8251ecff-5c8f-42e0-8608-e4d31d87e92f","local_time":"20201227205951","is_ascension_mode":true,"campfire_choices":[{"floor":15.0,"key":"REST"},{"data":"Immolate","floor":23.0,"key":"SMITH"},{"data":"Body Slam","floor":29.0,"key":"SMITH"},{"data":"Shrug It Off","floor":32.0,"key":"SMITH"},{"floor":44,"key":"REST"}],"circlet_count":0,"master_deck":["AscendersBane","Bash","Second Wind","Immolate+1","Pommel Strike+1","Shrug It Off+1","True Grit+1","Seeing Red+1","Entrench+1","Exhume+1","Hemokinesis+1","Power Through+1","Body Slam+1","Armaments+1"],"relics":["Burning Blood","NeowsBlessing","Ancient Tea Set","Toxic Egg 2","Happy Flower","Anchor","Astrolabe","Nilry\u0027s Codex","Smiling Mask","Potion Belt","Philosopher\u0027s Stone","Membership Card","Bag of Preparation","White Beast Statue"],"acts_visited":["Exordium","TheCity","TheBeyond"],"potions_floor_usage":[],"damage_taken":[{"damage":0.0,"enemies":"Jaw Worm","floor":1.0,"turns":1.0},{"damage":0.0,"enemies":"Small Slimes","floor":4.0,"turns":1.0},{"damage":0.0,"enemies":"3 Sentries","floor":6.0,"turns":2.0},{"damage":25.0,"enemies":"Lagavulin","floor":8.0,"turns":5.0},{"damage":16.0,"enemies":"3 Sentries","floor":10.0,"turns":6.0},{"damage":0.0,"enemies":"2 Louse","floor":12.0,"turns":1.0},{"damage":0.0,"enemies":"The Guardian","floor":16.0,"turns":12.0},{"damage":16.0,"enemies":"Shell Parasite","floor":18.0,"turns":4.0},{"damage":2.0,"enemies":"Chosen","floor":19.0,"turns":4.0},{"damage":7.0,"enemies":"Sentry and Sphere","floor":20.0,"turns":4.0},{"damage":0.0,"enemies":"Snake Plant","floor":22.0,"turns":3.0},{"damage":12.0,"enemies":"Snecko","floor":24.0,"turns":4.0},{"damage":20.0,"enemies":"3 Cultists","floor":28.0,"turns":4.0},{"damage":8.0,"enemies":"Book of Stabbing","floor":31.0,"turns":4.0},{"damage":4.0,"enemies":"Automaton","floor":33.0,"turns":10.0},{"damage":17.0,"enemies":"3 Darklings","floor":35.0,"turns":3.0},{"damage":4.0,"enemies":"3 Shapes","floor":36.0,"turns":3.0},{"damage":2.0,"enemies":"Jaw Worm Horde","floor":38.0,"turns":3.0},{"damage":51.0,"enemies":"Reptomancer","floor":40.0,"turns":7.0},{"damage":0.0,"enemies":"Spire Growth","floor":41.0,"turns":3.0},{"damage":13,"enemies":"3 Darklings","floor":45,"turns":4},{"damage":45,"enemies":"Giant Head","floor":47,"turns":6}],"seed_played":"-6238811434077817158","potions_obtained":[{"floor":4.0,"key":"FearPotion"},{"floor":6.0,"key":"Fire Potion"},{"floor":10.0,"key":"PowerPotion"},{"floor":18.0,"key":"ElixirPotion"},{"floor":20.0,"key":"FearPotion"},{"floor":31.0,"key":"Energy Potion"},{"floor":33.0,"key":"Strength Potion"},{"floor":35.0,"key":"SkillPotion"},{"floor":40.0,"key":"AttackPotion"},{"floor":41.0,"key":"SpeedPotion"},{"floor":45,"key":"Explosive Potion"}],"is_trial":false,"path_per_floor":["M","$","?","M","?","E","?","E","T","E","$","M","?","?","R","B",null,"M","M","M","$","M","R","M","?","T","?","M","R","$","E","R","B",null,"M","M","$","M","?","E","M","?","T","R","M","$","E"],"character_chosen":"IRONCLAD","items_purchased":["Immolate","Membership Card","Bag of Preparation"],"campfire_rested":2,"item_purchase_floors":[2,37,37],"current_hp_per_floor":[74,74,63,69,62,68,73,54,54,44,44,50,26,26,50,56,74,64,68,67,67,73,73,67,46,46,46,32,32,32,30,30,32,68,57,59,59,63,63,18,24,24,24,48,41,41,0,0],"gold":41,"neow_bonus":"THREE_ENEMY_KILL","is_daily":false,"chose_seed":false,"campfire_upgraded":3,"win_rate":0.0,"timestamp":1609070391,"path_taken":["M","$","?","M","?","E","?","E","T","E","$","M","?","?","R","BOSS","M","M","?","$","M","R","M","?","T","?","M","R","$","E","R","BOSS","M","M","$","M","?","E","M","?","T","R","M","$","E"],"items_purchased_type":["Card","Relic","Relic"],"build_version":"2020-12-22","purchased_purges":5,"victory":false,"max_hp_per_floor":[75,75,75,75,75,75,80,80,80,80,80,80,80,80,80,80,80,80,80,80,80,80,80,80,80,80,80,80,80,80,80,80,80,80,80,80,80,80,80,80,80,80,80,80,80,80,80,80],"relic_stats":{"Happy Flower":[28],"counters":[22,94],"Astrolabe":["Dark Embrace","Carnage","Hemokinesis"],"Bag of Preparation":[10],"Smiling Mask":138,"obtain_stats":[{"Potion Belt":31,"NeowsBlessing":0,"Happy Flower":9,"Nilry\u0027s Codex":25,"Astrolabe":17,"Bag of Preparation":37,"Ancient Tea Set":6,"Smiling Mask":26,"Burning Blood":0,"White Beast Statue":40,"Anchor":10,"Philosopher\u0027s Stone":34,"Membership Card":37,"Toxic Egg 2":8},{"Potion Belt":14,"NeowsBlessing":0,"Happy Flower":4,"Nilry\u0027s Codex":12,"Astrolabe":7,"Bag of Preparation":17,"Ancient Tea Set":3,"Smiling Mask":12,"Burning Blood":0,"White Beast Statue":19,"Anchor":5,"Philosopher\u0027s Stone":15,"Membership Card":17,"Toxic Egg 2":4},{"Potion Belt":55,"NeowsBlessing":0,"Happy Flower":9,"Nilry\u0027s Codex":47,"Astrolabe":28,"Bag of Preparation":71,"Ancient Tea Set":4,"Smiling Mask":47,"Burning Blood":0,"White Beast Statue":81,"Anchor":15,"Philosopher\u0027s Stone":65,"Membership Card":71,"Toxic Egg 2":9}],"Burning Blood":126},"card_choices":[{"not_picked":["Cleave","Dual Wield"],"picked":"Second Wind","floor":1.0},{"not_picked":["Blood for Blood","Clash"],"picked":"Pommel Strike","floor":4.0},{"not_picked":["Cleave","Headbutt"],"picked":"Shrug It Off","floor":6.0},{"not_picked":["Iron Wave","Flame Barrier+1"],"picked":"True Grit+1","floor":8.0},{"not_picked":["Dual Wield+1","Ghostly Armor+1"],"picked":"Seeing Red+1","floor":10.0},{"not_picked":["Reckless Charge","Burning Pact+1"],"picked":"Entrench+1","floor":12.0},{"not_picked":["Feed","Demon Form"],"picked":"Exhume+1","floor":16.0},{"not_picked":["Sentinel+1","Havoc+1"],"picked":"Power Through+1","floor":18.0},{"not_picked":["Thunderclap","True Grit+1","Flex+1"],"picked":"SKIP","floor":19.0},{"not_picked":["Dual Wield+1","Bloodletting+1","Infernal Blade+1"],"picked":"SKIP","floor":20.0},{"not_picked":["Anger+1","Demon Form","Sever Soul+1"],"picked":"SKIP","floor":22.0},{"not_picked":["Anger+1","Demon Form","Sever Soul+1"],"picked":"SKIP","floor":22.0},{"not_picked":["Shrug It Off+1","Heavy Blade"],"picked":"Body Slam","floor":24.0},{"not_picked":["Perfected Strike","True Grit+1","Heavy Blade"],"picked":"SKIP","floor":28.0},{"not_picked":["Havoc+1","Shrug It Off+1","Flame Barrier+1"],"picked":"SKIP","floor":31.0},{"not_picked":["Perfected Strike","Reckless Charge","True Grit+1"],"picked":"SKIP","floor":35.0},{"not_picked":["Intimidate+1","Clash","Clothesline+1"],"picked":"SKIP","floor":36.0},{"not_picked":["Clothesline","Armaments+1","Combust"],"picked":"SKIP","floor":38.0},{"not_picked":["Whirlwind","Dropkick","Rupture"],"picked":"SKIP","floor":40.0},{"not_picked":["Clothesline","Thunderclap","Armaments+1"],"picked":"SKIP","floor":41.0},{"not_picked":["Pommel Strike+1","Heavy Blade","Body Slam"],"picked":"SKIP","floor":45}],"player_experience":901453,"relics_obtained":[{"floor":6.0,"key":"Ancient Tea Set"},{"floor":8.0,"key":"Toxic Egg 2"},{"floor":9.0,"key":"Happy Flower"},{"floor":10.0,"key":"Anchor"},{"floor":25.0,"key":"Nilry\u0027s Codex"},{"floor":26.0,"key":"Smiling Mask"},{"floor":31.0,"key":"Potion Belt"},{"floor":40.0,"key":"White Beast Statue"}],"event_choices":[{"damage_healed":0.0,"max_hp_gain":0.0,"max_hp_loss":0.0,"gold_gain":75.0,"event_name":"World of Goop","player_choice":"Gather Gold","floor":3.0,"gold_loss":0.0,"damage_taken":11.0},{"cards_removed":["Strike_R"],"damage_healed":0.0,"max_hp_gain":0.0,"max_hp_loss":0.0,"gold_gain":0.0,"event_name":"Golden Wing","player_choice":"Card Removal","floor":5.0,"gold_loss":0.0,"damage_taken":7.0},{"damage_healed":0.0,"max_hp_gain":5.0,"max_hp_loss":0.0,"gold_gain":0.0,"event_name":"Big Fish","player_choice":"Donut","floor":7.0,"gold_loss":0.0,"damage_taken":0.0},{"damage_healed":0.0,"max_hp_gain":0.0,"max_hp_loss":0.0,"gold_gain":0.0,"event_name":"Shining Light","player_choice":"Entered Light","floor":13.0,"gold_loss":0.0,"damage_taken":24.0,"cards_upgraded":["Pommel Strike","Strike_R"]},{"damage_healed":0.0,"max_hp_gain":0.0,"max_hp_loss":0.0,"gold_gain":0.0,"cards_transformed":["Strike_R"],"event_name":"Transmorgrifier","player_choice":"Transformed","floor":14.0,"gold_loss":0.0,"damage_taken":0.0,"cards_obtained":["Twin Strike"]},{"damage_healed":0.0,"max_hp_gain":0.0,"max_hp_loss":0.0,"gold_gain":0.0,"event_name":"Cursed Tome","player_choice":"Obtained Book","floor":25.0,"gold_loss":0.0,"damage_taken":21.0},{"damage_healed":0.0,"max_hp_gain":0.0,"max_hp_loss":0.0,"gold_gain":0.0,"cards_transformed":["Carnage"],"event_name":"Transmorgrifier","player_choice":"Transformed","floor":27.0,"gold_loss":0.0,"damage_taken":0.0,"cards_obtained":["Armaments"]},{"cards_removed":["Dark Embrace"],"damage_healed":0.0,"max_hp_gain":0.0,"max_hp_loss":0.0,"gold_gain":0.0,"event_name":"Falling","player_choice":"Removed Power","floor":39.0,"gold_loss":0.0,"damage_taken":0.0},{"damage_healed":0,"gold_gain":0,"player_choice":"Memory 1","damage_taken":0,"max_hp_gain":0,"max_hp_loss":0,"event_name":"SensoryStone","floor":42,"gold_loss":0}],"is_beta":false,"boss_relics":[{"not_picked":["Velvet Choker","Runic Pyramid"],"picked":"Astrolabe"},{"not_picked":["Sozu","Pandora\u0027s Box"],"picked":"Philosopher\u0027s Stone"}],"items_purged_floors":[11,21,30,37,46],"is_endless":false,"potions_floor_spawned":[4,6,10,18,20,22,31,33,35,40,41,45],"killed_by":"Giant Head","ascension_level":20}}