{"host":"xcuflocadasoaqda","time":1609095913,"event":{"mods":["BaseMod","Bestiary","Filter the Spire","Minty Spire (QoL Compilation)","Relic Stats"],"gold_per_floor":[109,125,125,142,152,183,193,193,193,31,31,65,83,124,124,223,223,241,257,257,281,294,294,219,219,288,308,308,346,361,394,394,394,394],"floor_reached":33,"playtime":1416,"items_purged":["Strike_P+1"],"score":628,"play_id":"680dc113-ed42-4025-b28e-455c35f366c1","local_time":"20201227130513","is_ascension_mode":true,"campfire_choices":[{"floor":8,"key":"REST"},{"data":"SandsOfTime","floor":15,"key":"SMITH"},{"floor":23,"key":"REST"},{"data":"Wallop","floor":25,"key":"SMITH"},{"data":"Eruption","floor":28,"key":"SMITH"},{"data":"MentalFortress","floor":32,"key":"SMITH"}],"circlet_count":0,"master_deck":["AscendersBane","Strike_P+1","Strike_P+1","Strike_P+1","Defend_P+1","Defend_P+1","Defend_P+1","Defend_P+1","Eruption+1","Vigilance","CutThroughFate","BattleHymn","Wallop+1","EmptyFist","SandsOfTime+1","InnerPeace","DevaForm","FearNoEvil","Blasphemy","CarveReality+1","Wireheading","MentalFortress+1","Consecrate+1"],"relics":["VioletLotus","Ancient Tea Set","Pear","PreservedInsect","Golden Idol","Question Card","Anchor","Runic Pyramid","The Courier","Nunchaku","Red Mask"],"acts_visited":["Exordium","TheCity"],"potions_floor_usage":[6,29,31],"damage_taken":[{"damage":6,"enemies":"Jaw Worm","floor":1,"turns":4},{"damage":0,"enemies":"Cultist","floor":2,"turns":3},{"damage":12,"enemies":"Small Slimes","floor":4,"turns":3},{"damage":11,"enemies":"3 Louse","floor":5,"turns":3},{"damage":16,"enemies":"Gremlin Nob","floor":6,"turns":3},{"damage":0,"enemies":"2 Fungi Beasts","floor":7,"turns":3},{"damage":0,"enemies":"3 Sentries","floor":12,"turns":5},{"damage":4,"enemies":"Blue Slaver","floor":13,"turns":2},{"damage":3,"enemies":"Lagavulin","floor":14,"turns":5},{"damage":22,"enemies":"Hexaghost","floor":16,"turns":8},{"damage":6,"enemies":"Spheric Guardian","floor":18,"turns":3},{"damage":20,"enemies":"Shell Parasite","floor":19,"turns":4},{"damage":12,"enemies":"Snake Plant","floor":21,"turns":3},{"damage":0,"enemies":"Sentry and Sphere","floor":22,"turns":3},{"damage":0,"enemies":"Chosen and Byrds","floor":27,"turns":5},{"damage":2,"enemies":"Slavers","floor":29,"turns":2},{"damage":0,"enemies":"Cultist and Chosen","floor":30,"turns":3},{"damage":0,"enemies":"Masked Bandits","floor":31,"turns":2},{"damage":44,"enemies":"Automaton","floor":33,"turns":6}],"seed_played":"1896921151081959756","potions_obtained":[{"floor":4,"key":"BottledMiracle"},{"floor":6,"key":"Strength Potion"},{"floor":13,"key":"Weak Potion"},{"floor":14,"key":"Explosive Potion"},{"floor":21,"key":"DistilledChaos"},{"floor":30,"key":"Explosive Potion"},{"floor":31,"key":"LiquidBronze"}],"is_trial":false,"path_per_floor":["M","M","?","M","M","E","M","R","T","$","?","E","M","E","R","B",null,"M","M","?","M","M","R","$","R","T","M","R","E","M","?","R","B"],"character_chosen":"WATCHER","items_purchased":["PreservedInsect"],"campfire_rested":2,"item_purchase_floors":[10],"current_hp_per_floor":[55,55,55,43,32,16,16,36,46,46,46,46,42,39,39,17,58,52,32,32,20,20,41,41,41,41,41,41,39,39,39,39,0,0],"gold":394,"neow_bonus":"BOSS_RELIC","is_daily":false,"chose_seed":false,"campfire_upgraded":4,"win_rate":0.0,"timestamp":1609095913,"path_taken":["M","M","?","?","M","E","M","R","T","?","?","E","M","E","R","BOSS","M","M","?","M","M","R","$","R","T","M","R","E","M","?","R","BOSS"],"items_purchased_type":["Relic"],"build_version":"2020-12-22","purchased_purges":1,"victory":false,"max_hp_per_floor":[68,68,68,68,68,68,68,68,78,78,71,71,71,71,71,71,71,71,71,71,71,71,71,71,71,71,71,71,71,71,71,71,71,71],"relic_stats":{"Nunchaku":[3],"counters":[19,70],"Golden Idol":76,"VioletLotus":[23],"PreservedInsect":109,"Question Card":11,"obtain_stats":[{"Anchor":14,"Nunchaku":29,"Pear":9,"Golden Idol":11,"VioletLotus":0,"PreservedInsect":10,"The Courier":26,"Red Mask":31,"PureWater":0,"Ancient Tea Set":3,"Question Card":12,"Runic Pyramid":17},{"Anchor":9,"Nunchaku":16,"Pear":6,"Golden Idol":6,"VioletLotus":0,"PreservedInsect":6,"The Courier":14,"Red Mask":18,"PureWater":0,"Ancient Tea Set":2,"Question Card":7,"Runic Pyramid":10},{"Anchor":31,"Nunchaku":59,"Pear":19,"Golden Idol":19,"VioletLotus":0,"PreservedInsect":19,"The Courier":52,"Red Mask":64,"PureWater":0,"Ancient Tea Set":7,"Question Card":24,"Runic Pyramid":39}]},"card_choices":[{"not_picked":["Evaluate","Halt"],"picked":"CutThroughFate","floor":1},{"not_picked":["Crescendo","Nirvana"],"picked":"BattleHymn","floor":2},{"not_picked":["Halt","CrushJoints"],"picked":"Wallop","floor":4},{"not_picked":["WreathOfFlame","FlyingSleeves"],"picked":"EmptyFist","floor":5},{"not_picked":["FollowUp","Evaluate","Crescendo"],"picked":"SKIP","floor":6},{"not_picked":["PathToVictory","BattleHymn"],"picked":"SandsOfTime","floor":7},{"not_picked":["ThirdEye","BowlingBash"],"picked":"InnerPeace","floor":12},{"not_picked":["ForeignInfluence","SandsOfTime","DeceiveReality"],"picked":"DevaForm","floor":13},{"not_picked":["Evaluate","Consecrate","FlyingSleeves"],"picked":"FearNoEvil","floor":14},{"not_picked":["Omniscience","Wish","DevaForm"],"picked":"Blasphemy","floor":16},{"not_picked":["Crescendo","Vengeance","ReachHeaven"],"picked":"CarveReality+1","floor":18},{"not_picked":["WreathOfFlame","ReachHeaven","PathToVictory"],"picked":"Wireheading","floor":19},{"not_picked":["Evaluate","WreathOfFlame","Weave","PathToVictory"],"picked":"SKIP","floor":21},{"not_picked":["Conclude+1","BowlingBash","Fasting2+1","FearNoEvil"],"picked":"SKIP","floor":22},{"not_picked":["SashWhip","WaveOfTheHand","Nirvana+1","Worship+1"],"picked":"SKIP","floor":27},{"not_picked":["CarveReality","Halt","WindmillStrike"],"picked":"MentalFortress","floor":29},{"not_picked":["Protect","Wireheading","Swivel"],"picked":"Consecrate+1","floor":30}],"player_experience":1787376,"relics_obtained":[{"floor":3,"key":"Ancient Tea Set"},{"floor":9,"key":"Pear"},{"floor":12,"key":"Question Card"},{"floor":14,"key":"Anchor"},{"floor":26,"key":"The Courier"},{"floor":29,"key":"Nunchaku"},{"floor":31,"key":"Red Mask"}],"event_choices":[{"damage_healed":0,"gold_gain":0,"player_choice":"Relic","damage_taken":0,"max_hp_gain":0,"max_hp_loss":0,"event_name":"Wheel of Change","floor":3,"gold_loss":0},{"damage_healed":0,"gold_gain":0,"player_choice":"Lose Max HP","damage_taken":0,"relics_obtained":["Golden Idol"],"max_hp_gain":0,"max_hp_loss":7,"event_name":"Golden Idol","floor":11,"gold_loss":0},{"damage_healed":0,"gold_gain":0,"player_choice":"Simplicity","damage_taken":0,"max_hp_gain":0,"max_hp_loss":0,"event_name":"Back to Basics","floor":20,"gold_loss":0,"cards_upgraded":["Strike_P","Strike_P","Strike_P","Strike_P","Defend_P","Defend_P","Defend_P","Defend_P"]},{"damage_healed":0,"gold_gain":0,"player_choice":"Fought Bandits","damage_taken":0,"max_hp_gain":0,"max_hp_loss":0,"event_name":"Masked Bandits","floor":31,"gold_loss":0}],"is_beta":false,"boss_relics":[{"not_picked":["Philosopher\u0027s Stone","Astrolabe"],"picked":"Runic Pyramid"}],"items_purged_floors":[24],"is_endless":false,"potions_floor_spawned":[4,6,13,14,19,21,27,30,31],"killed_by":"Automaton","ascension_level":20}}