{"host":"3jpwrwmmgyabjceh","time":1609084803,"event":{"mods":["AchievementEnabler","BaseMod","Colored Map","Colored Powertips","Highlight Path","Minty Spire (QoL Compilation)","Quick Restart","StSLib"],"gold_per_floor":[118,118,138,165,176,176,176,176,176,176,251,287,287,301,301,426,426,442,442,458,472,397,437,453,453,453,486,486,235,235,250,250,370,433,452,475,112,133,146,186,186,199,199,119,182,182,182,203,203,203],"floor_reached":51,"playtime":2137,"items_purged":["Strike_R","Strike_R","Strike_R"],"score":801,"play_id":"2eb9182b-fca8-4c8b-aa09-41c6af8e202d","local_time":"20201227190003","is_ascension_mode":true,"campfire_choices":[{"data":"Bash","floor":6.0,"key":"SMITH"},{"data":"Feel No Pain","floor":8.0,"key":"SMITH"},{"data":"Anger","floor":10.0,"key":"SMITH"},{"floor":13.0,"key":"REST"},{"data":"Shrug It Off","floor":15.0,"key":"SMITH"},{"data":"Corruption","floor":25.0,"key":"SMITH"},{"data":"Armaments","floor":30.0,"key":"SMITH"},{"floor":32.0,"key":"REST"},{"floor":41,"key":"REST"},{"data":"True Grit","floor":46,"key":"SMITH"},{"data":"Rampage","floor":49,"key":"SMITH"}],"circlet_count":0,"master_deck":["Strike_R","Defend_R+1","Defend_R","Defend_R","Bash+1","Feel No Pain+1","Anger+1","Battle Trance","Injury","Shrug It Off+1","Corruption+1","J.A.X.","Armaments+1","Armaments+1","Dark Embrace+1","Exhume","True Grit+1","True Grit+1","Flex+1","Burning Pact+1","Rampage+1","Chrysalis"],"relics":["Runic Pyramid","Anchor","Golden Idol","Bag of Marbles","HornCleat","Philosopher\u0027s Stone","Orichalcum","Bronze Scales","Frozen Egg 2","HandDrill","Tiny House","Sundial","Pantograph","TungstenRod"],"acts_visited":["Exordium","TheCity","TheBeyond"],"potions_floor_usage":[50,50],"damage_taken":[{"damage":8.0,"enemies":"2 Louse","floor":1.0,"turns":3.0},{"damage":14.0,"enemies":"Jaw Worm","floor":3.0,"turns":4.0},{"damage":0.0,"enemies":"Small Slimes","floor":5.0,"turns":3.0},{"damage":13.0,"enemies":"Lagavulin","floor":12.0,"turns":5.0},{"damage":0.0,"enemies":"3 Louse","floor":14.0,"turns":3.0},{"damage":27.0,"enemies":"The Guardian","floor":16.0,"turns":10.0},{"damage":0.0,"enemies":"Shell Parasite","floor":18.0,"turns":4.0},{"damage":3.0,"enemies":"Chosen","floor":20.0,"turns":4.0},{"damage":3.0,"enemies":"Snecko","floor":21.0,"turns":4.0},{"damage":3.0,"enemies":"Slavers","floor":23.0,"turns":6.0},{"damage":8.0,"enemies":"3 Cultists","floor":24.0,"turns":4.0},{"damage":3.0,"enemies":"Book of Stabbing","floor":27.0,"turns":4.0},{"damage":5.0,"enemies":"Shelled Parasite and Fungi","floor":31.0,"turns":3.0},{"damage":33.0,"enemies":"Champ","floor":33.0,"turns":8.0},{"damage":20.0,"enemies":"3 Darklings","floor":35.0,"turns":5.0},{"damage":3.0,"enemies":"Orb Walker","floor":36.0,"turns":4.0},{"damage":6,"enemies":"Maw","floor":38,"turns":6},{"damage":4,"enemies":"Spire Growth","floor":39,"turns":4},{"damage":17,"enemies":"Reptomancer","floor":40,"turns":7},{"damage":6,"enemies":"Sphere and 2 Shapes","floor":42,"turns":5},{"damage":9,"enemies":"Mind Bloom Boss Battle","floor":45,"turns":4},{"damage":7,"enemies":"Transient","floor":48,"turns":5},{"damage":20,"enemies":"Time Eater","floor":50,"turns":8}],"seed_played":"-8948544416801401950","potions_obtained":[{"floor":3.0,"key":"SteroidPotion"},{"floor":5.0,"key":"ElixirPotion"},{"floor":16.0,"key":"HeartOfIron"},{"floor":20.0,"key":"SteroidPotion"},{"floor":23.0,"key":"Strength Potion"},{"floor":27.0,"key":"SkillPotion"},{"floor":34.0,"key":"LiquidBronze"},{"floor":36.0,"key":"GamblersBrew"}],"is_trial":false,"path_per_floor":["M","?","M","T","M","R","?","R","T","R","?","E","R","M","R","B",null,"M","?","M","M","$","E","M","R","T","E","?","$","R","M","R","B",null,"M","M","$","M","M","E","R","M","T","$","?","R","?","M","R","B",null],"character_chosen":"IRONCLAD","items_purchased":["HandDrill","Sundial","Rampage"],"campfire_rested":3,"item_purchase_floors":[29,37,44],"current_hp_per_floor":[72,65,51,51,51,51,51,51,51,51,40,27,51,51,51,24,80,80,80,77,74,74,71,63,63,63,60,60,60,60,55,79,46,85,65,62,62,56,52,35,60,54,54,54,70,70,70,63,63,65],"gold":203,"neow_bonus":"BOSS_RELIC","is_daily":false,"chose_seed":false,"campfire_upgraded":8,"win_rate":0.0,"timestamp":1609084803,"path_taken":["M","?","M","?","M","R","?","R","T","R","?","E","R","M","R","BOSS","M","?","M","M","$","E","M","R","T","E","?","$","R","M","R","BOSS","M","M","$","M","M","E","R","M","T","$","?","R","?","M","R","BOSS"],"items_purchased_type":["Relic","Relic","Card"],"build_version":"2020-12-22","purchased_purges":3,"victory":true,"max_hp_per_floor":[80,80,80,80,80,80,80,80,80,80,80,80,80,80,80,80,80,80,80,80,80,80,80,80,80,80,80,80,80,80,80,80,80,85,85,85,85,85,85,85,85,85,85,85,85,85,85,85,85,85],"card_choices":[{"not_picked":["Flex","Rupture"],"picked":"Feel No Pain","floor":1.0},{"not_picked":["Pommel Strike","Sever Soul"],"picked":"Anger","floor":3.0},{"not_picked":["Shrug It Off","Metallicize"],"picked":"Battle Trance","floor":5.0},{"not_picked":["Bludgeon","Headbutt"],"picked":"Shrug It Off","floor":12.0},{"not_picked":["Battle Trance","Ghostly Armor","Carnage"],"picked":"SKIP","floor":14.0},{"not_picked":["Juggernaut","Offering"],"picked":"Corruption","floor":16.0},{"not_picked":["Perfected Strike","Sever Soul+1","Cleave"],"picked":"SKIP","floor":18.0},{"not_picked":["Infernal Blade+1","Havoc"],"picked":"Armaments","floor":20.0},{"not_picked":["Pommel Strike+1","Wild Strike"],"picked":"Armaments+1","floor":21.0},{"not_picked":["Headbutt","Rage","Sentinel"],"picked":"SKIP","floor":23.0},{"not_picked":["Entrench","Clash","Dual Wield"],"picked":"SKIP","floor":24.0},{"not_picked":["Armaments","Iron Wave","Flex"],"picked":"SKIP","floor":27.0},{"not_picked":["Cleave","Reckless Charge"],"picked":"Dark Embrace+1","floor":31.0},{"not_picked":["Reaper","Double Tap"],"picked":"Exhume","floor":33.0},{"not_picked":["Thunderclap","Cleave"],"picked":"True Grit","floor":34.0},{"not_picked":["Heavy Blade+1","Warcry"],"picked":"True Grit+1","floor":35.0},{"not_picked":["Clothesline","Clash","Perfected Strike+1"],"picked":"SKIP","floor":36.0},{"not_picked":["Wild Strike+1","Thunderclap"],"picked":"Flex+1","floor":38},{"not_picked":["Armaments+1","Havoc","Warcry"],"picked":"SKIP","floor":39},{"not_picked":["Reckless Charge+1","Immolate"],"picked":"Burning Pact+1","floor":40},{"not_picked":["Thunderclap","Sword Boomerang","Ghostly Armor"],"picked":"SKIP","floor":42},{"not_picked":["Jack Of All Trades","Good Instincts"],"picked":"Chrysalis","floor":47},{"not_picked":["Rage","Pommel Strike","Entrench+1"],"picked":"SKIP","floor":48}],"player_experience":221540,"relics_obtained":[{"floor":4.0,"key":"Anchor"},{"floor":9.0,"key":"Bag of Marbles"},{"floor":12.0,"key":"HornCleat"},{"floor":23.0,"key":"Orichalcum"},{"floor":26.0,"key":"Bronze Scales"},{"floor":27.0,"key":"Frozen Egg 2"},{"floor":40,"key":"Pantograph"},{"floor":45,"key":"TungstenRod"}],"event_choices":[{"cards_removed":["Strike_R"],"damage_healed":0.0,"max_hp_gain":0.0,"max_hp_loss":0.0,"gold_gain":0.0,"event_name":"Golden Wing","player_choice":"Card Removal","floor":2.0,"gold_loss":0.0,"damage_taken":7.0},{"damage_healed":0.0,"max_hp_gain":0.0,"max_hp_loss":0.0,"gold_gain":0.0,"event_name":"Golden Idol","player_choice":"Take Wound","floor":7.0,"gold_loss":0.0,"damage_taken":0.0,"relics_obtained":["Golden Idol"],"cards_obtained":["Injury"]},{"damage_healed":0.0,"max_hp_gain":0.0,"max_hp_loss":0.0,"gold_gain":75.0,"event_name":"World of Goop","player_choice":"Gather Gold","floor":11.0,"gold_loss":0.0,"damage_taken":11.0},{"damage_healed":0.0,"max_hp_gain":0.0,"max_hp_loss":0.0,"gold_gain":0.0,"event_name":"Drug Dealer","player_choice":"Obtain J.A.X.","floor":19.0,"gold_loss":0.0,"damage_taken":0.0,"cards_obtained":["J.A.X."]},{"cards_removed":["Defend_R"],"damage_healed":0.0,"max_hp_gain":0.0,"max_hp_loss":0.0,"gold_gain":0.0,"event_name":"Back to Basics","player_choice":"Elegance","floor":28.0,"gold_loss":0.0,"damage_taken":0.0},{"damage_healed":0,"gold_gain":0,"player_choice":"Fight","damage_taken":0,"max_hp_gain":0,"max_hp_loss":0,"event_name":"MindBloom","floor":45,"gold_loss":0},{"damage_healed":0,"gold_gain":0,"player_choice":"Memory 1","damage_taken":0,"max_hp_gain":0,"max_hp_loss":0,"event_name":"SensoryStone","floor":47,"gold_loss":0}],"is_beta":false,"boss_relics":[{"not_picked":["Astrolabe","Velvet Choker"],"picked":"Philosopher\u0027s Stone"},{"not_picked":["SacredBark","Busted Crown"],"picked":"Tiny House"}],"items_purged_floors":[22,29,37],"is_endless":false,"potions_floor_spawned":[3,5,16,20,23,27,36,38,39,45],"ascension_level":1}}