{"host":"67d7yvf7wgk1klfn","time":1609033402,"event":{"mods":["BaseMod","Colored Powertips","Filter the Spire","Minty Spire (QoL Compilation)","Relic Stats","Slay the Relics Exporter","StSLib"],"gold_per_floor":[116,132,150,169,189,189,224,224,301,301,301,333,404,430,430,507,507,517,529,64,64,82,112,112,146,169,169,219,236,269,289,289,364,364,383,383,394,409,456,456,488,502,580,580,612,612,628,654,654,654,654,654,2,37,37],"floor_reached":56,"playtime":5622,"items_purged":["Distraction","Quick Slash"],"score":2377,"play_id":"4c3863d1-477f-49d9-86be-9b9e95d099de","local_time":"20201226204322","is_ascension_mode":true,"campfire_choices":[{"data":"Glass Knife","floor":6.0,"key":"SMITH"},{"data":"Bouncing Flask","floor":8.0,"key":"SMITH"},{"data":"Neutralize","floor":10.0,"key":"SMITH"},{"data":"Noxious Fumes","floor":15.0,"key":"SMITH"},{"data":"Footwork","floor":24,"key":"SMITH"},{"data":"Corpse Explosion","floor":27,"key":"SMITH"},{"floor":32,"key":"REST"},{"data":"Crippling Poison","floor":40,"key":"SMITH"},{"floor":46,"key":"RECALL"},{"floor":49,"key":"REST"},{"data":"Malaise","floor":52,"key":"SMITH"}],"circlet_count":0,"master_deck":["AscendersBane","Survivor","Neutralize+1","Deflect","Underhanded Strike","Underhanded Strike","Setup+1","Backflip","All Out Attack","Bouncing Flask+1","Glass Knife+1","Predator","Dagger Throw","Acrobatics","Footwork+1","Corpse Explosion+1","Noxious Fumes+1","Deflect","Backflip","Dodge and Roll","Terror+1","Crippling Poison+1","Escape Plan","Bullet Time","Catalyst+1","Blur+1","Malaise+1","Acrobatics","Bouncing Flask","Corpse Explosion","Eviscerate","Catalyst+1"],"relics":["Pandora\u0027s Box","Regal Pillow","HornCleat","TungstenRod","Bronze Scales","Ornamental Fan","Toy Ornithopter","Black Star","Gambling Chip","Ice Cream","Unceasing Top","Pen Nib","Happy Flower","Nunchaku","Turnip","Prayer Wheel","Snecko Eye","Incense Burner","Vajra","War Paint","Pantograph","Boot","Smiling Mask","Blood Vial","Anchor","HandDrill","Bottled Lightning","Snake Skull","Blue Candle"],"acts_visited":["Exordium","TheCity","TheBeyond","TheEnding"],"potions_floor_usage":[23,25,38,55,55],"damage_taken":[{"damage":2.0,"enemies":"Cultist","floor":1.0,"turns":3.0},{"damage":3.0,"enemies":"Jaw Worm","floor":2.0,"turns":2.0},{"damage":1.0,"enemies":"Small Slimes","floor":3.0,"turns":2.0},{"damage":0.0,"enemies":"3 Louse","floor":4.0,"turns":2.0},{"damage":9.0,"enemies":"Large Slime","floor":5.0,"turns":5.0},{"damage":10.0,"enemies":"Gremlin Nob","floor":7.0,"turns":3.0},{"damage":14.0,"enemies":"Lagavulin","floor":12.0,"turns":5.0},{"damage":0.0,"enemies":"Gremlin Nob","floor":14.0,"turns":3.0},{"damage":7.0,"enemies":"Hexaghost","floor":16.0,"turns":6.0},{"damage":4.0,"enemies":"2 Thieves","floor":18.0,"turns":2.0},{"damage":3.0,"enemies":"Chosen","floor":19.0,"turns":3.0},{"damage":16.0,"enemies":"Snecko","floor":22.0,"turns":4.0},{"damage":0,"enemies":"Slavers","floor":23,"turns":1},{"damage":7,"enemies":"Gremlin Leader","floor":25,"turns":5},{"damage":8,"enemies":"Shelled Parasite and Fungi","floor":29,"turns":3},{"damage":1,"enemies":"Slavers","floor":30,"turns":3},{"damage":0,"enemies":"3 Cultists","floor":31,"turns":2},{"damage":13,"enemies":"Automaton","floor":33,"turns":10},{"damage":0,"enemies":"Orb Walker","floor":35,"turns":3},{"damage":12,"enemies":"3 Darklings","floor":37,"turns":2},{"damage":6,"enemies":"Writhing Mass","floor":38,"turns":3},{"damage":7,"enemies":"2 Orb Walkers","floor":39,"turns":3},{"damage":2,"enemies":"Nemesis","floor":41,"turns":5},{"damage":0,"enemies":"Sphere and 2 Shapes","floor":42,"turns":2},{"damage":0,"enemies":"Giant Head","floor":45,"turns":6},{"damage":0,"enemies":"Jaw Worm Horde","floor":47,"turns":3},{"damage":10,"enemies":"Nemesis","floor":48,"turns":8},{"damage":11,"enemies":"Donu and Deca","floor":50,"turns":4},{"damage":12,"enemies":"Shield and Spear","floor":54,"turns":5},{"damage":0,"enemies":"The Heart","floor":55,"turns":4}],"seed_played":"-8553661447878966002","potions_obtained":[{"floor":1.0,"key":"Regen Potion"},{"floor":3.0,"key":"SpeedPotion"},{"floor":7.0,"key":"SteroidPotion"},{"floor":14.0,"key":"Block Potion"},{"floor":22.0,"key":"Swift Potion"},{"floor":29,"key":"EssenceOfSteel"},{"floor":30,"key":"LiquidMemories"},{"floor":33,"key":"Regen Potion"},{"floor":42,"key":"Poison Potion"},{"floor":45,"key":"DuplicationPotion"},{"floor":48,"key":"GhostInAJar"}],"is_trial":false,"path_per_floor":["M","M","M","M","M","R","E","R","T","R","?","E","T","E","R","B",null,"M","M","$","?","M","E","R","E","T","R","?","M","E","M","R","B",null,"M","?","M","M","?","R","E","M","T","?","E","R","M","E","R","B",null,"R","$","E","B",null],"character_chosen":"THE_SILENT","items_purchased":["Gambling Chip","Backflip","Anchor","HandDrill","Bottled Lightning"],"campfire_rested":2,"item_purchase_floors":[20,20,53,53,53],"current_hp_per_floor":[57,54,53,53,44,44,34,34,34,34,29,30,30,30,30,23,55,56,53,53,53,37,42,42,40,40,40,40,32,31,31,65,52,63,63,63,51,50,43,43,41,41,41,41,41,41,41,31,63,52,60,60,60,50,63],"gold":37,"neow_bonus":"BOSS_RELIC","is_daily":false,"chose_seed":false,"campfire_upgraded":8,"win_rate":0.0,"timestamp":1609033402,"path_taken":["M","?","M","M","M","R","E","R","T","R","?","E","?","E","R","BOSS","M","M","$","?","M","E","R","E","T","R","?","M","E","M","R","BOSS","M","?","M","M","?","R","E","?","T","?","E","R","M","E","R","BOSS","R","$","E","BOSS"],"items_purchased_type":["Relic","Card","Relic","Relic","Relic"],"build_version":"2020-12-22","purchased_purges":2,"victory":true,"max_hp_per_floor":[66,66,66,66,66,66,66,66,66,66,66,66,66,66,66,66,66,66,66,66,66,66,66,66,66,66,66,66,66,66,66,66,66,66,66,63,63,63,63,63,63,63,63,63,63,63,63,63,63,63,63,63,63,63,63],"relic_stats":{"Regal Pillow":29,"Snake Skull":[8],"Boot":[21],"Smiling Mask":50,"Blood Vial":4,"Nunchaku":[10],"Gambling Chip":[64],"Pantograph":11,"Prayer Wheel":6,"HandDrill":[2],"Happy Flower":[22],"counters":[30,112],"Blue Candle":[0],"Pen Nib":[10],"War Paint":["Setup","Terror"],"Ornamental Fan":[100],"Bronze Scales":[280],"Snecko Eye":[116,115,121,100],"Pandora\u0027s Box":["Deflect","Quick Slash","Underhanded Strike","Underhanded Strike","Setup","Backflip","All Out Attack","Bouncing Flask","Distraction","Glass Knife"],"Turnip":[2],"Black Star":7,"obtain_stats":[{"Ice Cream":23,"Regal Pillow":7,"Vajra":41,"Snake Skull":54,"Incense Burner":39,"Boot":45,"Smiling Mask":48,"Blood Vial":48,"Nunchaku":26,"HornCleat":9,"Gambling Chip":20,"Pantograph":45,"Prayer Wheel":30,"HandDrill":53,"Ring of the Snake":0,"Happy Flower":25,"Blue Candle":54,"Pen Nib":25,"War Paint":41,"Anchor":53,"Ornamental Fan":13,"Bronze Scales":12,"Snecko Eye":34,"Pandora\u0027s Box":0,"Turnip":30,"Black Star":17,"Bottled Lightning":53,"TungstenRod":11,"Toy Ornithopter":14,"Unceasing Top":23},{"Ice Cream":13,"Regal Pillow":6,"Vajra":23,"Snake Skull":29,"Incense Burner":22,"Boot":25,"Smiling Mask":27,"Blood Vial":27,"Nunchaku":14,"HornCleat":6,"Gambling Chip":11,"Pantograph":25,"Prayer Wheel":16,"HandDrill":28,"Ring of the Snake":0,"Happy Flower":14,"Blue Candle":29,"Pen Nib":14,"War Paint":23,"Anchor":28,"Ornamental Fan":7,"Bronze Scales":7,"Snecko Eye":18,"Pandora\u0027s Box":0,"Turnip":16,"Black Star":9,"Bottled Lightning":28,"TungstenRod":6,"Toy Ornithopter":8,"Unceasing Top":13},{"Ice Cream":41,"Regal Pillow":17,"Vajra":80,"Snake Skull":108,"Incense Burner":75,"Boot":88,"Smiling Mask":99,"Blood Vial":99,"Nunchaku":46,"HornCleat":17,"Gambling Chip":36,"Pantograph":88,"Prayer Wheel":52,"HandDrill":103,"Ring of the Snake":0,"Happy Flower":46,"Blue Candle":108,"Pen Nib":46,"War Paint":80,"Anchor":103,"Ornamental Fan":22,"Bronze Scales":22,"Snecko Eye":64,"Pandora\u0027s Box":0,"Turnip":52,"Black Star":31,"Bottled Lightning":103,"TungstenRod":17,"Toy Ornithopter":25,"Unceasing Top":41}],"TungstenRod":26,"Toy Ornithopter":20,"Unceasing Top":[7]},"card_choices":[{"not_picked":["Accuracy","Prepared"],"picked":"Predator","floor":1.0},{"not_picked":["Caltrops","Backflip"],"picked":"Dagger Throw","floor":2.0},{"not_picked":["Tactician","Underhanded Strike"],"picked":"Acrobatics","floor":3.0},{"not_picked":["Eviscerate","Reflex"],"picked":"Footwork","floor":4.0},{"not_picked":["Deadly Poison","Flying Knee","Poisoned Stab"],"picked":"SKIP","floor":5.0},{"not_picked":["Blade Dance","Predator","Underhanded Strike"],"picked":"SKIP","floor":7.0},{"not_picked":["Die Die Die","Well Laid Plans"],"picked":"Corpse Explosion","floor":12.0},{"not_picked":["Dodge and Roll","Finisher"],"picked":"Noxious Fumes","floor":14.0},{"not_picked":["Dagger Spray","Bane","Poisoned Stab"],"picked":"SKIP","floor":18.0},{"not_picked":["Backstab","Distraction"],"picked":"Deflect","floor":19.0},{"not_picked":["Eviscerate","Flying Knee"],"picked":"Dodge and Roll","floor":22.0},{"not_picked":["Riddle With Holes","Acrobatics"],"picked":"Terror","floor":23},{"not_picked":["Masterful Stab","Underhanded Strike"],"picked":"Slice","floor":25},{"not_picked":["Concentrate","Dodge and Roll","Bane+1"],"picked":"SKIP","floor":29},{"not_picked":["Slice","Night Terror"],"picked":"Crippling Poison","floor":30},{"not_picked":["Acrobatics","Masterful Stab+1"],"picked":"Escape Plan","floor":31},{"not_picked":["Quick Slash","Sucker Punch","Underhanded Strike"],"picked":"SKIP","floor":31},{"not_picked":["Corpse Explosion","Storm of Steel"],"picked":"Bullet Time","floor":33},{"not_picked":["Cloak And Dagger","Slice"],"picked":"Catalyst+1","floor":35},{"not_picked":["Blade Dance","Accuracy","Sucker Punch"],"picked":"SKIP","floor":35},{"not_picked":["Dagger Throw","All Out Attack"],"picked":"Blur+1","floor":37},{"not_picked":["Dagger Throw","Masterful Stab","Noxious Fumes"],"picked":"SKIP","floor":37},{"not_picked":["Quick Slash+1","Cloak And Dagger","Deflect"],"picked":"SKIP","floor":38},{"not_picked":["Prepared","Dagger Spray","Slice"],"picked":"SKIP","floor":38},{"not_picked":["Cloak And Dagger","Outmaneuver"],"picked":"Malaise","floor":41},{"not_picked":["Poisoned Stab","Bane"],"picked":"Acrobatics","floor":42},{"not_picked":["Dodge and Roll+1","Escape Plan","Bane+1"],"picked":"SKIP","floor":42},{"not_picked":["Poisoned Stab","Concentrate+1"],"picked":"Bouncing Flask","floor":45},{"not_picked":["Infinite Blades","Eviscerate"],"picked":"Corpse Explosion","floor":47},{"not_picked":["Underhanded Strike+1","Distraction+1"],"picked":"Eviscerate","floor":47},{"not_picked":["Die Die Die","Flying Knee","Riddle With Holes"],"picked":"SKIP","floor":48},{"not_picked":["Blur","PiercingWail"],"picked":"Catalyst+1","floor":54}],"player_experience":618674,"relics_obtained":[{"floor":7.0,"key":"Regal Pillow"},{"floor":9.0,"key":"HornCleat"},{"floor":12.0,"key":"Bronze Scales"},{"floor":13.0,"key":"Ornamental Fan"},{"floor":14.0,"key":"Toy Ornithopter"},{"floor":23,"key":"Ice Cream"},{"floor":23,"key":"Unceasing Top"},{"floor":25,"key":"Pen Nib"},{"floor":25,"key":"Happy Flower"},{"floor":26,"key":"Nunchaku"},{"floor":30,"key":"Turnip"},{"floor":30,"key":"Prayer Wheel"},{"floor":39,"key":"Incense Burner"},{"floor":41,"key":"Vajra"},{"floor":41,"key":"War Paint"},{"floor":45,"key":"Pantograph"},{"floor":45,"key":"Boot"},{"floor":48,"key":"Smiling Mask"},{"floor":48,"key":"Blood Vial"},{"floor":54,"key":"Snake Skull"},{"floor":54,"key":"Blue Candle"}],"event_choices":[{"damage_healed":0.0,"max_hp_gain":0.0,"max_hp_loss":0.0,"gold_gain":0.0,"event_name":"Scrap Ooze","player_choice":"Success","floor":11.0,"gold_loss":0.0,"damage_taken":5.0,"relics_obtained":["TungstenRod"]},{"damage_healed":0.0,"max_hp_gain":0.0,"max_hp_loss":0.0,"gold_gain":0.0,"event_name":"Vampires","player_choice":"Ignored","floor":21.0,"gold_loss":0.0,"damage_taken":0.0},{"damage_healed":0,"gold_gain":50,"player_choice":"Stole From Cult","damage_taken":0,"max_hp_gain":0,"max_hp_loss":0,"event_name":"Nest","floor":28,"gold_loss":0},{"damage_healed":0,"gold_gain":0,"player_choice":"Max HP","damage_taken":0,"max_hp_gain":0,"max_hp_loss":3,"event_name":"Winding Halls","floor":36,"gold_loss":0},{"damage_healed":0,"gold_gain":0,"player_choice":"Fight","damage_taken":0,"max_hp_gain":0,"max_hp_loss":0,"event_name":"Mysterious Sphere","floor":39,"gold_loss":0},{"cards_removed":["Slice"],"damage_healed":0,"gold_gain":0,"player_choice":"Removed Attack","damage_taken":0,"max_hp_gain":0,"max_hp_loss":0,"event_name":"Falling","floor":44,"gold_loss":0}],"is_beta":false,"boss_relics":[{"not_picked":["Busted Crown","Velvet Choker"],"picked":"Black Star"},{"not_picked":["Empty Cage","Tiny House"],"picked":"Snecko Eye"}],"items_purged_floors":[20,53],"is_endless":false,"potions_floor_spawned":[1,3,7,14,22,29,30,31,33,42,45,47,48],"ascension_level":16}}