{"host":"hione0pk5ff35p8e","time":1609099320,"event":{"mods":["AchievementEnabler","Aspiration","Bard","BaseMod","Beaked The Cultist","Better Altar","Better Match","Better Note","Better Sensory Stone","Better Skull","Better Third Choice","BetterRewards","CCEM","Clawfect","Colored Map","Conspire","Downfall","GifTheSpireLib","Googly Eyes","Halation","Hermit","Highlight Path","Hubris","Hunter ??","Infinite Spire","Jedi Mod","Jorbs\u0027s Wanderer Trilogy","Mad Scientist","Marisa????????","Mimic Mod","Minty Spire (QoL Compilation)","Permanent Neow","Rare Cards Sparkle","Replay The Spire","Shade Mod","Shop Mod","Spicy Shops","StSLib","Stuff the Spire","Td1madao Mod","The Administrix","The Blackbeard","The Bug Knight","The Construct","The Cursed","The Disciple","The Gatherer","The Hierophant","The IronCluck","The Jungle","The Marked","The Mystic","The Necromancer","The Problem Sleuth","The Runesmith","The Servant 0.9.4","The Spell Scribe","The Wild Card","The Witch","Unceasing Turn Reminder","[IsaacMod]????","everything is the same but u backflip on backflip","slay the spire mod where everything is the same but ironclad has a cowboy hat"],"gold_per_floor":[0,10,104,14,27,40,72,84,84,9,9,9,21,6,18,116,116,41,59,72,91,104,124,164,178,178,178,178],"floor_reached":27,"playtime":2632,"items_purged":["Defend_Br","LockedAnchor"],"score":209,"play_id":"11d5a7e8-f3e2-4744-807b-ac1057c319f5","local_time":"20201227210200","is_ascension_mode":false,"campfire_choices":[{"floor":1.0,"key":"DIG"},{"floor":10.0,"key":"REST"},{"floor":12.0,"key":"RECALL"},{"floor":18,"key":"DIG"}],"circlet_count":0,"master_deck":["Strike_Br","Strike_Br","Strike_Br","Strike_Br","Defend_Br","Defend_Br","Defend_Br","SecondHand","PatternShift","Lento","BackFourSeconds","LockedWhetstone","WindUp","ExoVibe","DaylightSavings","Flay","Backlash","expansioncontent:DarkVoid","ReapSow","BiteCommand","BlueShift","LockedPlans","LockedCalendar"],"relics":["Chronometer","HushsDoor","Boot","GuppysHead","CCEMRelics:JestersCrown","downfall:HeartBlessingBlue","Toy Ornithopter","Replay:Bronze Core","downfall:HeartBlessingRed","HollowMod:PaleOreRelic","StuffTheSpire:Rhapsscallions"],"acts_visited":["Exordium","TheCity"],"potions_floor_usage":[22,22],"damage_taken":[{"damage":1.0,"enemies":"2 Louse","floor":2.0,"turns":3.0},{"damage":0.0,"enemies":"downfall:FleeingMerchant","floor":4.0,"turns":4.0},{"damage":7.0,"enemies":"Small Slimes","floor":5.0,"turns":3.0},{"damage":5.0,"enemies":"Cultist","floor":6.0,"turns":4.0},{"damage":0.0,"enemies":"Exordium Thugs","floor":7.0,"turns":7.0},{"damage":6.0,"enemies":"Exordium Thugs","floor":8.0,"turns":8.0},{"damage":0.0,"enemies":"Large Slime","floor":13.0,"turns":5.0},{"damage":5.0,"enemies":"downfall:FleeingMerchant","floor":14.0,"turns":4.0},{"damage":3.0,"enemies":"Red Slaver","floor":15.0,"turns":3.0},{"damage":49.0,"enemies":"downfall:Silent","floor":16.0,"turns":20.0},{"damage":5,"enemies":"Spheric Guardian","floor":19,"turns":3},{"damage":18,"enemies":"Shell Parasite","floor":20,"turns":3},{"damage":0,"enemies":"Snecko","floor":21,"turns":4},{"damage":0,"enemies":"Sentry and Sphere","floor":22,"turns":3},{"damage":10,"enemies":"Centurion and Healer","floor":23,"turns":6},{"damage":0,"enemies":"Cultist and Chosen","floor":24,"turns":9},{"damage":12,"enemies":"Cultist and Chosen","floor":25,"turns":6},{"damage":67,"enemies":"Gremlin Leader","floor":27,"turns":9}],"seed_played":"-5344583886392119521","potions_obtained":[{"floor":8.0,"key":"jedi:StrikingPotion"},{"floor":15.0,"key":"sneckomod:MuddlingPotion"},{"floor":16.0,"key":"Strength Potion"},{"floor":19,"key":"WardPotion"},{"floor":21,"key":"Ancient Potion"}],"is_trial":false,"path_per_floor":["R_BF","M","?","$","M","M","MIM","M","T","R","?","R","M","$","M","B",null,"R_BF","M","M","M","M","M","MIM","M","?","E"],"character_chosen":"CHRONO_CLASS","items_purchased":["Backlash","expansioncontent:DarkVoid"],"campfire_rested":1,"item_purchase_floors":[17,17],"current_hp_per_floor":[77,76,57,57,50,45,45,39,39,75,60,60,60,62,60,19,75,75,72,54,54,64,54,56,44,44,0,0],"gold":178,"neow_bonus":"TWENTY_PERCENT_HP_BONUS","is_daily":false,"chose_seed":false,"campfire_upgraded":0,"win_rate":0.0,"timestamp":1609099320,"path_taken":["R_BF","M","?","?","?","?","MIM","?","?","R","?","R","M","$","M","BOSS","R_BF","M","M","M","M","M","MIM","M","?","E"],"items_purchased_type":["Card","Card"],"build_version":"2020-12-22","purchased_purges":2,"victory":false,"max_hp_per_floor":[77,77,77,77,77,77,77,77,77,87,87,87,87,87,87,87,75,75,75,75,75,75,75,77,77,77,77,77],"card_choices":[{"not_picked":["VestedLegacy","FormalWear"],"picked":"Tempo","floor":2.0},{"not_picked":["Tempo","Flay"],"picked":"LockedAnchor","floor":3.0},{"not_picked":["Recurrance","Analog"],"picked":"BackFourSeconds","floor":4.0},{"not_picked":["ExoVibe","ReapSow"],"picked":"LockedWhetstone","floor":5.0},{"not_picked":["LockedOrichalcum","CrunchTime"],"picked":"WindUp","floor":6.0},{"not_picked":["WindUp","WakeUpCall","BeatsPerMinute"],"picked":"SKIP","floor":8.0},{"not_picked":["Echoward","LockedOrichalcum"],"picked":"ExoVibe","floor":13.0},{"not_picked":["Backlash","Tempo"],"picked":"DaylightSavings","floor":14.0},{"not_picked":["HandsUpB","WindUp","Recurrance"],"picked":"SKIP","floor":15.0},{"not_picked":["Chronoelasticity","RageCommand"],"picked":"Flay","floor":16.0},{"not_picked":["LockedAnchor","Accruing"],"picked":"ReapSow","floor":19},{"not_picked":["LockedTornado","HandsUpC"],"picked":"TickedOff","floor":20},{"not_picked":["ExoVibe","Engulf"],"picked":"BiteCommand","floor":21},{"not_picked":["ShortSighted+1","Fragmentalize"],"picked":"BlueShift","floor":22},{"not_picked":["LockedTornado+1","Break+1","Analog"],"picked":"SKIP","floor":23},{"not_picked":["CrunchTime+1","TiringSlam"],"picked":"LockedPlans","floor":24},{"not_picked":["LockedTurtyl","Parity","ReapSow"],"picked":"SKIP","floor":25}],"player_experience":22652,"relics_obtained":[{"floor":1.0,"key":"Boot"},{"floor":3.0,"key":"TheBean"},{"floor":7.0,"key":"CCEMRelics:JestersCrown"},{"floor":18,"key":"HollowMod:PaleOreRelic"},{"floor":24,"key":"StuffTheSpire:Rhapsscallions"}],"event_choices":[],"is_beta":false,"boss_relics":[{"not_picked":["hubris:VirtuousBlindfold","aspiration:FutureDiary"],"picked":"Replay:Bronze Core"},{"not_picked":[]}],"items_purged_floors":[4,17],"is_endless":false,"potions_floor_spawned":[8,15,16,19,21],"killed_by":"Gremlin Leader","ascension_level":0}}