{"host":"avq773cl9g5msfol","time":1609077973,"event":{"mods":["AchievementEnabler","Act Like it!","Ascension Unlocker","Aspiration","Astrologer","Bard","Bartender","BaseMod","Better Altar","Better Match","Better Note","Better Sensory Stone","Better Skull","Better Third Choice","BetterRewards","CapriCore","Colored Map","Colored Powertips","Conspire","Dio Mod","Downfall","Elementarium","Energized Spire","Gensokyo","GifTheSpireLib","GungeonMod","Hallownest","Hermit","Highlight Path","Hubris","Humility","Infinite Spire","Jorbs\u0027s Wanderer Trilogy","Koishi","Magitek Elite","Marisa????????","Marked Mod","Menagerie","Minty Spire (QoL Compilation)","Pale of the Ancients","Potionbrewer","Quarter Circle Forward PUNCH!","Rare Cards Sparkle","Reimu??????","Relic Stats","Remilia??????","Replay The Spire","SacredBarkPlus","Shade Mod","Somnambulant","Spicy Shops","StSLib","Synergy Search","The Blue Laboratory","The Bug Knight","The Construct","The Cursed","The Exalted","The Hayseed","The Hierophant","The Immortal","The Judge","The Marked","The Mystic","The Problem Sleuth","The Runesmith","The Senshi","The Vixen","The Wild Card","TheArtist","TheFirefly","Wandering Minibosses","Yakumo Yukari mod","vexMod"],"gold_per_floor":[132,132,352,388,340,366,366,401,453,482,482,482,407,487,487,487,487],"floor_reached":16,"playtime":5279,"items_purged":[],"score":296,"play_id":"a5593710-aeb1-400b-a8d5-dfea4edd03fd","local_time":"20201227210613","is_ascension_mode":true,"campfire_choices":[{"data":"MonsterNeedle_purple","floor":7,"key":"SMITH"},{"floor":12,"key":"REST"},{"data":"AdvanceAttack_purple","floor":15,"key":"SMITH"}],"circlet_count":0,"master_deck":["Observe_purple_1","Observe_purple_2","Mirror_FourBoundary_purple+1","ProofOfUnderstanding_purple+1","ContainerChange_purple+1","SharpContractionReality_purple+1","Bait_Toxicbait_purple+1","Mirror_Drifter_purple+1","StateDuplicate_purple+1","ButterflyHabitatTemple_purple+1","Dramatic Entrance+1","OpenedBox_purple+1","ExternalForce_HighSpeedFlying_purple+1","WingOfChimera_purple+1","Flash of Steel+1","expansioncontent:Collect+1","MagicEyes_LaplaceDemon_purple+1","Panacea+1","expansioncontent:DefensiveMode+1","MonsterNeedle_purple+1","AdvanceAttack_purple+1","Monsters_DoubleDeathButterfly_purple+1"],"relics":["Boundary_crack","Memoryfragments_purpleEX","Golden Egg","Quantum Egg","DemoMod:GundromedaStrain","HollowMod:JonisBlessing","Potion Belt","OrangePellets","Juzu Bracelet","Membership Card","aspiration:FrozenJewel","Guardian:PocketSentry","White_Cape","Guard_Bracelet","DemoMod:GlassGuonStoneRelic","Tiny Chest","AntiCross","Frozen Egg 2"],"acts_visited":["Gensokyo:Gensokyo"],"potions_floor_usage":[8],"damage_taken":[{"damage":0.0,"enemies":"Gensokyo:2_Kodama","floor":1.0,"turns":2.0},{"damage":0.0,"enemies":"Gensokyo:Gryphon","floor":4.0,"turns":3.0},{"damage":16,"enemies":"Gensokyo:Cirno","floor":6,"turns":5},{"damage":11,"enemies":"Gensokyo:Mamizou","floor":8,"turns":6},{"damage":8,"enemies":"Gensokyo:Aya","floor":10,"turns":3},{"damage":0,"enemies":"Gensokyo:Yukari","floor":16,"turns":4}],"seed_played":"7431792477838768819","potions_obtained":[{"floor":8,"key":"potionbrewer:DiscountPotion"}],"is_trial":false,"path_per_floor":["M","COS","?","M","$","E","R","E","T","E","?","R","?","?","R","B"],"character_chosen":"Youkari","items_purchased":["DemoMod:GundromedaStrain","HollowMod:JonisBlessing","Potion Belt","DistilledChaos","Dramatic Entrance","OpenedBox_purple","OrangePellets","ExternalForce_HighSpeedFlying_purple","WingOfChimera_purple","Flash of Steel","Juzu Bracelet","Membership Card","aspiration:FrozenJewel","Guardian:PocketSentry","expansioncontent:Collect","MagicEyes_LaplaceDemon_purple","Panacea","White_Cape","Guard_Bracelet","expansioncontent:DefensiveMode"],"campfire_rested":1,"item_purchase_floors":[0,0,0,0,0,0,0,0,0,0,0,0,0,0,0,0,0,0,0,5],"current_hp_per_floor":[70,70,54,54,54,38,38,27,27,19,26,47,47,47,47,47,47],"gold":487,"neow_bonus":"","is_daily":false,"chose_seed":false,"campfire_upgraded":2,"win_rate":0.0,"timestamp":1609077973,"path_taken":["M","COS","?","M","?","E","R","E","T","E","?","R","?","?","R","BOSS"],"items_purchased_type":["Relic","Relic","Relic","Potion","Card","Card","Relic","Card","Card","Card","Relic","Relic","Relic","Relic","Card","Card","Card","Relic","Relic","Card"],"build_version":"2020-12-22","purchased_purges":0,"victory":false,"max_hp_per_floor":[70,70,70,70,70,70,70,70,70,70,70,70,70,70,70,70,70],"relic_stats":{"OrangePellets":[4],"counters":[58,234],"Tiny Chest":0,"Juzu Bracelet":4,"obtain_stats":[{"Golden Egg":1,"downfall:HeartBlessingGreen":27,"DemoMod:GlassGuonStoneRelic":8,"wanderingMiniBosses:OtherGremlinHorn":2,"sneckomod:SneckoSoul":0,"Ring of Searing":2,"RedLine:ReiMu":34,"HornCleat":0,"DemoMod:MonsterBlood":47,"Ribbon":0,"theSenshi:RoseRelic":0,"Prayer Wheel":1,"MealTicket":2,"DemoMod:ClearGuonStone":0,"conspire:Dentures":0,"hubris:MobiusCoin":2,"Dead Branch":3,"DemoMod:OrangeGuonStone":44,"HollowMod:JonisBlessing":0,"Guardian:PocketSentry":0,"Replay:Kaleidoscope":52,"War Paint":15,"potionbrewer:ToyAutogyro":0,"Question Card":1,"aspiration:FrozenJewel":0,"OrangePellets":53,"SlaversCollar":17,"theSenshi:TransformationBroochRelic":0,"DemoMod:GundromedaStrain":0,"Pandora\u0027s Box":10,"Onion Ring":24,"aspiration:SilentSkillbook":34,"infinitespire:EmpoweringShard":23,"theSenshi:CosmicHeartCompactRelic":0,"Bromod:ArcaneFury":28,"Memoryfragments_purpleEX":0,"Darkstone Periapt":6,"Regal Pillow":29,"Hallownest:StagBellRelic1":20,"Juzu Bracelet":0,"hubris:EmptyBottle":12,"Power_Wrist":29,"White_Cape":0,"hubris:EvacipatedBox":1,"Cleaning_Rag":41,"ClockworkSouvenir":0,"Frozen Eye":8,"Mummified Hand":21,"downfall:HeartBlessingBlue":27,"Genji_Glove":0,"Tiny Chest":6,"AntiCross":8,"TheVixenMod:UmbreonRelic":42,"DemoMod:JetPack":43,"Potion Belt":10,"downfall:HeartBlessingRed":27,"Replay:Towering Pillar of Hats":43,"aspiration:FetidBarrel":23,"Quantum Egg":1,"qcfpunch:Black_Training_Shirt":8,"vexMod:FocusSash":21,"Ring of Greed":2,"Boundary_crack":0,"hubris:Towel":46,"Orichalcum":48,"Frozen Egg 2":10,"Replay:Arrowhead":10,"Anchor":12,"wanderingMiniBosses:CarrionFlame":18,"ChewingGum":17,"Bag of Marbles":38,"potionbrewer:BottledElixir":25,"Membership Card":0,"Guard_Bracelet":0,"Toy Ornithopter":28,"hubris:Potato":8},{"Golden Egg":0,"downfall:HeartBlessingGreen":15,"DemoMod:GlassGuonStoneRelic":4,"wanderingMiniBosses:OtherGremlinHorn":1,"sneckomod:SneckoSoul":0,"Ring of Searing":31,"RedLine:ReiMu":44,"HornCleat":30,"DemoMod:MonsterBlood":25,"Ribbon":30,"theSenshi:RoseRelic":30,"Prayer Wheel":0,"MealTicket":31,"DemoMod:ClearGuonStone":30,"conspire:Dentures":30,"hubris:MobiusCoin":31,"Dead Branch":2,"DemoMod:OrangeGuonStone":48,"HollowMod:JonisBlessing":52,"Guardian:PocketSentry":52,"Replay:Kaleidoscope":29,"War Paint":9,"potionbrewer:ToyAutogyro":30,"Question Card":0,"aspiration:FrozenJewel":52,"OrangePellets":29,"SlaversCollar":38,"theSenshi:TransformationBroochRelic":30,"DemoMod:GundromedaStrain":52,"Pandora\u0027s Box":5,"Onion Ring":14,"aspiration:SilentSkillbook":20,"infinitespire:EmpoweringShard":14,"theSenshi:CosmicHeartCompactRelic":30,"Bromod:ArcaneFury":43,"Memoryfragments_purpleEX":52,"Darkstone Periapt":34,"Regal Pillow":17,"Hallownest:StagBellRelic1":39,"Juzu Bracelet":30,"hubris:EmptyBottle":7,"Power_Wrist":17,"White_Cape":52,"hubris:EvacipatedBox":0,"Cleaning_Rag":23,"ClockworkSouvenir":30,"Frozen Eye":4,"Mummified Hand":12,"downfall:HeartBlessingBlue":15,"Genji_Glove":30,"Tiny Chest":55,"AntiCross":56,"TheVixenMod:UmbreonRelic":23,"DemoMod:JetPack":47,"Potion Belt":5,"downfall:HeartBlessingRed":15,"Replay:Towering Pillar of Hats":24,"aspiration:FetidBarrel":42,"Quantum Egg":0,"qcfpunch:Black_Training_Shirt":4,"vexMod:FocusSash":12,"Ring of Greed":31,"Boundary_crack":52,"hubris:Towel":25,"Orichalcum":26,"Frozen Egg 2":57,"Replay:Arrowhead":5,"Anchor":36,"wanderingMiniBosses:CarrionFlame":39,"ChewingGum":10,"Bag of Marbles":22,"potionbrewer:BottledElixir":15,"Membership Card":30,"Guard_Bracelet":52,"Toy Ornithopter":16,"hubris:Potato":35},{"Golden Egg":0,"downfall:HeartBlessingGreen":39,"DemoMod:GlassGuonStoneRelic":8,"wanderingMiniBosses:OtherGremlinHorn":2,"sneckomod:SneckoSoul":0,"Ring of Searing":114,"RedLine:ReiMu":174,"HornCleat":112,"DemoMod:MonsterBlood":81,"Ribbon":112,"theSenshi:RoseRelic":112,"Prayer Wheel":0,"MealTicket":114,"DemoMod:ClearGuonStone":112,"conspire:Dentures":112,"hubris:MobiusCoin":114,"Dead Branch":3,"DemoMod:OrangeGuonStone":195,"HollowMod:JonisBlessing":211,"Guardian:PocketSentry":211,"Replay:Kaleidoscope":99,"War Paint":24,"potionbrewer:ToyAutogyro":112,"Question Card":0,"aspiration:FrozenJewel":211,"OrangePellets":99,"SlaversCollar":143,"theSenshi:TransformationBroochRelic":112,"DemoMod:GundromedaStrain":211,"Pandora\u0027s Box":12,"Onion Ring":37,"aspiration:SilentSkillbook":72,"infinitespire:EmpoweringShard":37,"theSenshi:CosmicHeartCompactRelic":112,"Bromod:ArcaneFury":171,"Memoryfragments_purpleEX":211,"Darkstone Periapt":122,"Regal Pillow":43,"Hallownest:StagBellRelic1":148,"Juzu Bracelet":112,"hubris:EmptyBottle":19,"Power_Wrist":43,"White_Cape":211,"hubris:EvacipatedBox":0,"Cleaning_Rag":76,"ClockworkSouvenir":112,"Frozen Eye":7,"Mummified Hand":32,"downfall:HeartBlessingBlue":39,"Genji_Glove":112,"Tiny Chest":221,"AntiCross":227,"TheVixenMod:UmbreonRelic":76,"DemoMod:JetPack":191,"Potion Belt":12,"downfall:HeartBlessingRed":39,"Replay:Towering Pillar of Hats":78,"aspiration:FetidBarrel":161,"Quantum Egg":0,"qcfpunch:Black_Training_Shirt":8,"vexMod:FocusSash":32,"Ring of Greed":114,"Boundary_crack":211,"hubris:Towel":81,"Orichalcum":87,"Frozen Egg 2":230,"Replay:Arrowhead":12,"Anchor":135,"wanderingMiniBosses:CarrionFlame":148,"ChewingGum":26,"Bag of Marbles":74,"potionbrewer:BottledElixir":39,"Membership Card":112,"Guard_Bracelet":211,"Toy Ornithopter":42,"hubris:Potato":126}]},"card_choices":[{"not_picked":["Charmbait_purple","CommonSense_AntiCommonSense_purple","RuptureOfTimeAndSpace_purple"],"picked":"SKIP","floor":1.0},{"not_picked":["Umbrella_purple","Mirror_TwoAndThreeElementRealm_purple","Line_surface_state_purple"],"picked":"SKIP","floor":4.0},{"not_picked":["Nest_LightFlightworm_purple","MeetDecomposer_purple"],"picked":"MonsterNeedle_purple","floor":6},{"not_picked":["Realm_recovery_purpleEX","Boundary_DynamicStaticEquilibrium_purple"],"picked":"AdvanceAttack_purple","floor":8},{"not_picked":["WeekHit_purple","SharpContractionReality_purple","CommonSense_AntiCommonSense_purple+1"],"picked":"SKIP","floor":10}],"player_experience":1224303,"relics_obtained":[{"floor":6,"key":"Tiny Chest"},{"floor":8,"key":"AntiCross"},{"floor":10,"key":"Frozen Egg 2"}],"event_choices":[{"damage_healed":0.0,"max_hp_gain":0.0,"max_hp_loss":0.0,"gold_gain":220.0,"event_name":"betterSkull:BetterSkull","player_choice":"GO GO ","floor":3.0,"gold_loss":0.0,"damage_taken":18.0,"cards_upgraded":[],"relics_obtained":[]},{"damage_healed":0,"gold_gain":0,"player_choice":"2","damage_taken":0,"max_hp_gain":0,"max_hp_loss":0,"event_name":"betterMatch:BetterMatch","floor":13,"gold_loss":0,"cards_obtained":[]}],"is_beta":false,"boss_relics":[],"items_purged_floors":[],"is_endless":false,"potions_floor_spawned":[1,8,10],"killed_by":"Gensokyo:Yukari","ascension_level":4}}