{"host":"e48gchmu8shm63ip","time":1609072503,"event":{"mods":["Abigail Mod","AchievementEnabler","Act Like it!","Bartender","BaseMod","Better Match","Better Note","Better Vampires","CapriCore","DeckTracker","Exacting","Fireblade Mod","Gensokyo","Googly Eyes","Hallownest","Hermit","HololiveMod","Infinite Spire","Jorbs\u0027s Wanderer Trilogy","Koishi","Marisa????????","Minty Spire (QoL Compilation)","Railgun Mod","Rare Cards Sparkle","Relic Filter","Robot Space Explorer","Shade Mod","StSLib","The Animator","The Caster","The Construct","The Death Knight","The Dragon Tamer","The Forsaken","The Immortal","The Judge","The Marked","The Poker Player","The Servant 0.9.4","TheFirefly","TheLocksmith","TheSwordswoman","Waifu the Spire"],"gold_per_floor":[109,39,72,20,20,63,239,239,316,333,333,333,383,383,383,491,516,530,490,490,490,490,490,490],"floor_reached":23,"playtime":1950,"items_purged":[],"score":230,"play_id":"bf4b8959-3296-4b62-81f8-1af14d0be306","local_time":"20201227133503","is_ascension_mode":true,"campfire_choices":[{"floor":8,"key":"REST"},{"floor":15,"key":"REST"}],"circlet_count":0,"master_deck":["animator:Strike_Overlord","animator:Defend_Overlord","animator:Defend","animator:Defend","animator:Cocytus","animator:Demiurge+1","animator:Souei","animator:Shalltear","animator:KyokoSakura","animator:Gilgamesh+1","animator:YachiyoNanami"],"relics":["animator:LivingPicture","animator:TheMissingPiece","Anchor","Paper Crane","Gensokyo:CelestialsFlawlessClothing","Smiling Mask","Gensokyo:LunaticRedEyes","animator:HolyGrailRelic"],"acts_visited":["Exordium","Gensokyo:Gensokyo"],"potions_floor_usage":[],"damage_taken":[{"damage":7,"enemies":"Gensokyo:Python","floor":1,"turns":3},{"damage":19,"enemies":"Gensokyo:2_Kodama","floor":3,"turns":5},{"damage":22,"enemies":"Gensokyo:Mamizou","floor":6,"turns":10},{"damage":6,"enemies":"Gensokyo:3_Fairies","floor":7,"turns":5},{"damage":0,"enemies":"Gensokyo:LivingMonolith","floor":10,"turns":3},{"damage":16,"enemies":"Gensokyo:Aya","floor":13,"turns":5},{"damage":35,"enemies":"Gensokyo:Yukari","floor":16,"turns":13},{"damage":20,"enemies":"Gensokyo:Chomper","floor":18,"turns":5},{"damage":0,"enemies":"Gensokyo:Reisen","floor":23,"turns":1}],"seed_played":"-8590420925389533477","potions_obtained":[{"floor":13,"key":"EssenceOfSteel"},{"floor":16,"key":"Dexterity Potion"}],"is_trial":false,"path_per_floor":["M","COS","M","?","$","E","M","R","T","M","?","?","E","?","R","B",null,"M","?","?","?","?","E"],"character_chosen":"THE_ANIMATOR","items_purchased":[],"campfire_rested":2,"item_purchase_floors":[],"current_hp_per_floor":[53,53,34,60,60,38,36,54,54,56,56,41,27,27,45,12,70,52,52,52,52,52,52,52],"gold":490,"neow_bonus":"REMOVE_TWO","is_daily":false,"chose_seed":false,"campfire_upgraded":0,"win_rate":0.0,"timestamp":1609072503,"path_taken":["M","COS","M","?","$","E","M","R","T","M","?","?","E","?","R","BOSS","M","?","?","?","?","E"],"items_purchased_type":[],"build_version":"2020-12-22","purchased_purges":0,"victory":false,"max_hp_per_floor":[60,60,60,60,60,60,62,62,62,62,62,62,62,62,62,62,70,72,72,72,72,72,72,72],"card_choices":[{"not_picked":["animator:YuiTsuruno","animator:SakuraMatou"],"picked":"animator:Souei","floor":1},{"not_picked":["animator:Souei","animator:Arpeggio","animator:DolaCouronne"],"picked":"SKIP","floor":3},{"not_picked":["animator:TukaLunaMarceau","animator:Illya"],"picked":"animator:Raven","floor":6},{"not_picked":["animator:NagisaMomoe","animator:Bozes","animator:Aisha"],"picked":"SKIP","floor":6},{"not_picked":["animator:Evileye","animator:Demiurge"],"picked":"animator:Shalltear","floor":7},{"not_picked":["animator:OrikoMikuni","animator:Raven","animator:Demiurge"],"picked":"SKIP","floor":10},{"not_picked":["animator:Demiurge","animator:Cocytus"],"picked":"animator:KyokoSakura","floor":13},{"not_picked":["animator:Kyubey","animator:Shiro"],"picked":"animator:Gilgamesh","floor":16},{"not_picked":["animator:Tyuule","animator:Add+1"],"picked":"animator:YachiyoNanami","floor":18}],"player_experience":596827,"relics_obtained":[{"floor":6,"key":"Anchor"},{"floor":9,"key":"Paper Crane"},{"floor":13,"key":"Smiling Mask"}],"event_choices":[],"is_beta":false,"boss_relics":[{"not_picked":["Fusion Hammer","Runic Dome"],"picked":"animator:HolyGrailRelic"}],"items_purged_floors":[],"is_endless":false,"potions_floor_spawned":[13,16],"killed_by":"Gensokyo:Reisen","ascension_level":4}}