{"host":"c1oza4x7xlyuasvd","time":1609082758,"event":{"mods":["ATMod(阿瑾Mod)","Act Like it!","BaseMod","Better Vampires","Colored Powertips","Gensokyo","Marisa（F雨　魔理沙）","Minty Spire (QoL Compilation)","MostiFishMod","StSLib","TestMod","Waifu the Spire","【遗物卡牌】REMEMod"],"gold_per_floor":[218,30,49,49,67,67,77,77,77,2,2,2,20,51,51,128,128,139,159,159,159,179,179,32,32,112,139,139,171,181,197,197,271,271,289,13,27,27,427,461,461,471,551,585,585,611,622,633,633,633,633,633,41,74,74],"floor_reached":56,"playtime":1880,"items_purged":["Defend_P","Defend_P"],"score":2583,"play_id":"4266742c-5e48-4350-b1ba-1a41c33191d1","local_time":"20201227232558","is_ascension_mode":true,"campfire_choices":[{"data":"Eruption","floor":6.0,"key":"SMITH"},{"data":"Wireheading","floor":11.0,"key":"SMITH"},{"data":"BowlingBash","floor":15.0,"key":"SMITH"},{"data":"Ragnarok","floor":23.0,"key":"SMITH"},{"floor":28.0,"key":"RECALL"},{"data":"Defend_P","floor":32.0,"key":"PURGE"},{"data":"Defend_P","floor":41.0,"key":"PURGE"},{"data":"Collect","floor":49.0,"key":"SMITH"},{"data":"FlurryOfBlows","floor":52.0,"key":"PURGE"}],"circlet_count":0,"master_deck":["AscendersBane","Strike_P","Strike_P","Strike_P","Strike_P","Eruption+1","Vigilance","MostiFishMod:RainCloud","AT_MachinaRedman","BowlingBash+1","MostiFishMod:Speedup","Halt","Clumsy","FlurryOfBlows","Wireheading+1","Injury","InnerPeace","Ragnarok+1","Tantrum","Adaptation","Collect+1","Omniscience+1","Gensokyo:ShootingStar","AT_ChampionKick+1","MostiFishMod:PathToVictory+1","REME_MusicOfDeath","Wish+1","Prostrate+1"],"relics":["PureWater","AT_ATBox","DaveBox","REME_ComplimentaryCards","RhineCircuit","testmod-DragonStarHat","SynthV:TestCard","Bag of Preparation","Gensokyo:NagashiBinaDoll","Peace Pipe","AT_DeathDance","Meat on the Bone","AT_RedTearstoneRing","FeatherPendant","Gensokyo:RedStar","BrkXgEgg","Shuriken","Thread and Needle","AT_SpeedBoots","ChiXiaoBlade","testmod-ObsoleteBoomerang","AT_EbonyIvory","AT_ImmortalShieldbow","testmod-AssaultLearning","Sling","Eternal Feather"],"acts_visited":["Gensokyo:Gensokyo","Gensokyo:Gensokyoer","Gensokyo:Gensokyoest","TheEnding"],"potions_floor_usage":[55,55,55,55,55,55,55,55],"damage_taken":[{"damage":0.0,"enemies":"Gensokyo:Gryphon","floor":1.0,"turns":2.0},{"damage":0.0,"enemies":"Gensokyo:3_Fairies","floor":3.0,"turns":4.0},{"damage":0.0,"enemies":"Gensokyo:2_Kodama","floor":5.0,"turns":3.0},{"damage":0.0,"enemies":"Gensokyo:LivingMonolith","floor":7.0,"turns":1.0},{"damage":0.0,"enemies":"Gensokyo:2_Rabbits","floor":13.0,"turns":2.0},{"damage":1.0,"enemies":"Gensokyo:Cirno","floor":14.0,"turns":5.0},{"damage":0.0,"enemies":"Gensokyo:Reimu","floor":16.0,"turns":3.0},{"damage":0.0,"enemies":"Gensokyo:Chomper","floor":18.0,"turns":3.0},{"damage":0.0,"enemies":"Gensokyo:3_Dogs","floor":19.0,"turns":2.0},{"damage":0.0,"enemies":"Gensokyo:3_Gloops","floor":22.0,"turns":2.0},{"damage":0.0,"enemies":"Gensokyo:Koishi","floor":27.0,"turns":1.0},{"damage":0.0,"enemies":"Gensokyo:Reisen","floor":29.0,"turns":3.0},{"damage":0.0,"enemies":"Gensokyo:Swordslinger","floor":30.0,"turns":1.0},{"damage":0.0,"enemies":"Gensokyo:Slime_Group","floor":31.0,"turns":2.0},{"damage":2.0,"enemies":"Gensokyo:Eiki","floor":33.0,"turns":3.0},{"damage":0.0,"enemies":"Gensokyo:AncientGuardian","floor":35.0,"turns":1.0},{"damage":0.0,"enemies":"Gensokyo:3_Bats","floor":37.0,"turns":1.0},{"damage":0.0,"enemies":"Gensokyo:Marisa","floor":40.0,"turns":1.0},{"damage":0.0,"enemies":"Gensokyo:AtlasGolem","floor":42.0,"turns":1.0},{"damage":0.0,"enemies":"Gensokyo:Kasen","floor":44.0,"turns":1.0},{"damage":0.0,"enemies":"Gensokyo:Doremy","floor":46.0,"turns":1.0},{"damage":0.0,"enemies":"Gensokyo:Rafflesia","floor":47.0,"turns":2.0},{"damage":0.0,"enemies":"Gensokyo:4_Bats","floor":48.0,"turns":2.0},{"damage":0.0,"enemies":"Gensokyo:Shinki","floor":50.0,"turns":3.0},{"damage":3.0,"enemies":"Shield and Spear","floor":54.0,"turns":1.0},{"damage":45,"enemies":"The Heart","floor":55,"turns":3}],"seed_played":"-354376650497445217","potions_obtained":[{"floor":1.0,"key":"Explosive Potion"},{"floor":5.0,"key":"testmod-SpacePotion"},{"floor":7.0,"key":"testmod-SpacePotion"},{"floor":16.0,"key":"testmod-TestPotion"},{"floor":19.0,"key":"EntropicBrew"},{"floor":30.0,"key":"DuplicationPotion"},{"floor":33.0,"key":"SkillPotion"},{"floor":35.0,"key":"Swift Potion"},{"floor":48.0,"key":"EntropicBrew"}],"is_trial":false,"path_per_floor":["M","$","M","?","M","R","M","?","T","$","R","T","M","E","R","B",null,"M","M","?","?","M","R","$","?","T","E","R","E","M","M","R","B",null,"M","$","M","?","?","E","R","M","T","E","?","E","M","M","R","B",null,"R","$","E","B",null],"character_chosen":"WATCHER","items_purchased":["Bag of Preparation","MostiFishMod:Speedup","BrkXgEgg","testmod-Reverberation+1","testmod-AssaultLearning","Sling","Eternal Feather","BottledMiracle"],"campfire_rested":0,"item_purchase_floors":[2,2,24,36,53,53,53,53],"current_hp_per_floor":[61,61,61,61,61,61,61,61,61,61,61,61,61,60,60,60,66,66,66,66,66,66,66,66,66,66,66,66,66,66,66,66,66,68,68,68,68,60,60,60,60,60,60,60,60,60,60,60,60,60,66,66,66,63,30],"gold":74,"neow_bonus":"HUNDRED_GOLD","is_daily":false,"chose_seed":false,"campfire_upgraded":5,"win_rate":0.0,"timestamp":1609082758,"path_taken":["M","?","?","?","?","R","M","?","T","?","R","?","M","E","R","BOSS","M","M","?","?","M","R","?","?","T","E","R","E","?","M","R","BOSS","M","$","M","?","?","E","R","?","T","E","?","E","M","M","R","BOSS","R","$","E","BOSS"],"items_purchased_type":["Relic","Card","Relic","Card","Relic","Relic","Relic","Potion"],"build_version":"2020-12-22","purchased_purges":2,"victory":true,"max_hp_per_floor":[68,68,68,68,68,68,68,68,68,68,68,68,68,68,68,68,68,68,68,68,68,68,68,68,68,68,68,68,68,68,68,68,68,68,68,68,68,68,68,68,68,68,68,68,68,68,68,68,68,68,68,68,68,68,68],"card_choices":[{"not_picked":["Meditate","EmptyMind"],"picked":"BowlingBash","floor":1.0},{"not_picked":["FlyingSleeves","EmptyMind","Evaluate","BowlingBash"],"picked":"Halt","floor":3.0},{"not_picked":["CutThroughFate","Worship","MostiFishMod:Pointsdynamics","Halt"],"picked":"FlurryOfBlows","floor":5.0},{"not_picked":["REME_Repentance","Sanctity","ThirdEye","FollowUp"],"picked":"Wireheading","floor":7.0},{"not_picked":["REME_Repentance","FlurryOfBlows","Evaluate","ForeignInfluence"],"picked":"InnerPeace","floor":13.0},{"not_picked":["Establishment","AT_RealFormLess","MostiFishMod:Speedup","CrushJoints"],"picked":"FlurryOfBlows","floor":14.0},{"not_picked":["REME_CRH","MostiFishMod:Disappear","MostiFishMod:DisColor","Devotion"],"picked":"Ragnarok","floor":16.0},{"not_picked":["FlurryOfBlows","Halt","Consecrate","BowlingBash","REME_Repentance"],"picked":"SKIP","floor":18.0},{"not_picked":["Prostrate","PathToVictory","JustLucky","ThirdEye"],"picked":"Tantrum","floor":19.0},{"not_picked":["SashWhip","ReachHeaven","Ragnarok","ClearTheMind","Consecrate"],"picked":"SKIP","floor":22.0},{"not_picked":["BattleHymn","WindmillStrike","FlyingSleeves","Nirvana"],"picked":"Adaptation","floor":27.0},{"not_picked":["Study","ThirdEye","EmptyBody","FlyingSleeves"],"picked":"Collect","floor":29.0},{"not_picked":["Wallop","WreathOfFlame","ClearTheMind","TalkToTheHand"],"picked":"Omniscience+1","floor":30.0},{"not_picked":["EmptyFist","SashWhip","PathToVictory+1","Consecrate","InnerPeace"],"picked":"SKIP","floor":31.0},{"not_picked":[],"picked":"Gensokyo:ShootingStar","floor":33.0},{"not_picked":["Establishment+1","MostiFishMod:StarWish+1","Vault+1","MostiFishMod:DisColor+1"],"picked":"AT_ChampionKick+1","floor":33.0},{"not_picked":["Meditate","SashWhip","REME_Repentance+1","FollowUp","BowlingBash"],"picked":"SKIP","floor":35.0},{"not_picked":["Collect","Meditate+1","BowlingBash","FlurryOfBlows","ClearTheMind+1"],"picked":"SKIP","floor":37.0},{"not_picked":["AT_OneInchPunch","Vengeance","BowlingBash+1","Prostrate"],"picked":"MostiFishMod:PathToVictory+1","floor":40.0},{"not_picked":["Conclude","Halt","CutThroughFate+1","WreathOfFlame"],"picked":"REME_MusicOfDeath","floor":42.0},{"not_picked":["EmptyBody+1","CrushJoints","Pray","EmptyFist","MostiFishMod:Disappear+1"],"picked":"SKIP","floor":44.0},{"not_picked":["FearNoEvil","DeceiveReality","MostiFishMod:Nomercy","Protect"],"picked":"Wish+1","floor":46.0},{"not_picked":["Wallop","Protect","FollowUp","FlurryOfBlows+1","REME_Repentance"],"picked":"SKIP","floor":47.0},{"not_picked":["EmptyFist","Wish+1","JustLucky","Halt","AT_DivineConfetti+1"],"picked":"SKIP","floor":48.0},{"not_picked":["BattleHymn+1","PathToVictory","Perseverance","SashWhip"],"picked":"Prostrate+1","floor":54}],"player_experience":198820,"relics_obtained":[{"floor":1.0,"key":"SynthV:TestCard"},{"floor":9.0,"key":"AT_DeathDance"},{"floor":12.0,"key":"Meat on the Bone"},{"floor":14.0,"key":"AT_RedTearstoneRing"},{"floor":26.0,"key":"Shuriken"},{"floor":27.0,"key":"Thread and Needle"},{"floor":29.0,"key":"AT_SpeedBoots"},{"floor":40.0,"key":"testmod-ObsoleteBoomerang"},{"floor":44.0,"key":"AT_EbonyIvory"},{"floor":46.0,"key":"AT_ImmortalShieldbow"}],"event_choices":[{"damage_healed":0.0,"max_hp_gain":0.0,"max_hp_loss":0.0,"gold_gain":0.0,"event_name":"给自己的盒子","player_choice":"Ignored","floor":20.0,"gold_loss":0.0,"damage_taken":0.0},{"damage_healed":0.0,"max_hp_gain":0.0,"max_hp_loss":0.0,"gold_gain":400.0,"event_name":"恩洛斯的盘子","player_choice":"Sell","floor":39.0,"relics_lost":["testmod-TestBox"],"gold_loss":0.0,"damage_taken":0.0}],"is_beta":false,"boss_relics":[{"not_picked":["Coffee Dripper","Empty Cage"],"picked":"FeatherPendant"},{"not_picked":["testmod-Recursion","testmod-EnergyCheck"],"picked":"ChiXiaoBlade"}],"items_purged_floors":[10,36],"is_endless":false,"potions_floor_spawned":[1,5,7,16,19,30,33,35,37,48],"ascension_level":15}}