{"host":"tknto047uabgu3zm","time":1609040389,"event":{"mods":["AchievementEnabler","BaseMod","Bestiary","Block Reminder","Colored Map","Colored Powertips","Highlight Path","Minty Spire (QoL Compilation)","MonsterHotkey","Permanent Neow","Random Character Button","Rare Cards Sparkle","Relic Sorter","Relic Stats","StSLib"],"gold_per_floor":[117,42,117,41,60,60,71,71,71,88,88,102,102,102,102,102,102],"floor_reached":16,"playtime":526,"items_purged":["Decay"],"score":167,"play_id":"a4fb2886-66a7-478e-a0c1-cf9886e159f3","local_time":"20201226193949","is_ascension_mode":true,"campfire_choices":[{"data":"True Grit","floor":6,"key":"SMITH"},{"data":"Bash","floor":11,"key":"SMITH"},{"data":"True Grit","floor":15,"key":"SMITH"}],"circlet_count":0,"master_deck":["AscendersBane","Strike_R","Strike_R","Strike_R","Strike_R","Strike_R","Defend_R","Defend_R","Defend_R","Defend_R","Bash+1","True Grit+1","Feel No Pain","True Grit+1","Battle Trance","Sentinel","Armaments+1"],"relics":["Burning Blood","Charon\u0027s Ashes","HornCleat"],"acts_visited":["Exordium"],"potions_floor_usage":[5,16],"damage_taken":[{"damage":8,"enemies":"Cultist","floor":1,"turns":3},{"damage":4,"enemies":"Jaw Worm","floor":5,"turns":7},{"damage":6,"enemies":"2 Louse","floor":7,"turns":3},{"damage":6,"enemies":"Red Slaver","floor":10,"turns":6},{"damage":2,"enemies":"Large Slime","floor":12,"turns":7},{"damage":66,"enemies":"Hexaghost","floor":16,"turns":14}],"seed_played":"4625854480206080775","potions_obtained":[{"floor":1,"key":"DistilledChaos"},{"floor":10,"key":"DistilledChaos"}],"is_trial":false,"path_per_floor":["M","$","?","$","M","R","M","$","T","M","R","M","$","?","R","B"],"character_chosen":"IRONCLAD","items_purchased":["Feel No Pain"],"campfire_rested":0,"item_purchase_floors":[4],"current_hp_per_floor":[66,66,55,55,57,57,57,57,57,57,57,61,61,61,61,0,0],"gold":102,"neow_bonus":"ONE_RARE_RELIC","is_daily":false,"chose_seed":false,"campfire_upgraded":3,"win_rate":0.0,"timestamp":1609040389,"path_taken":["M","?","?","$","M","R","M","?","T","?","R","M","?","?","R","BOSS"],"items_purchased_type":["Card"],"build_version":"2020-12-22","purchased_purges":1,"victory":false,"max_hp_per_floor":[75,75,75,75,75,75,75,75,75,75,75,75,75,75,75,75,75],"relic_stats":{"counters":[6,40],"Charon\u0027s Ashes":[75],"obtain_stats":[{"HornCleat":9,"Charon\u0027s Ashes":0,"Burning Blood":0},{"HornCleat":3,"Charon\u0027s Ashes":0,"Burning Blood":0},{"HornCleat":13,"Charon\u0027s Ashes":0,"Burning Blood":0}],"Burning Blood":30},"card_choices":[{"not_picked":["Clash","Sword Boomerang"],"picked":"True Grit","floor":1},{"not_picked":["Body Slam","Limit Break"],"picked":"True Grit","floor":5},{"not_picked":["Armaments","Dual Wield"],"picked":"Battle Trance","floor":7},{"not_picked":["Heavy Blade","Battle Trance"],"picked":"Sentinel","floor":10},{"not_picked":["Pommel Strike","Warcry"],"picked":"Armaments","floor":12}],"player_experience":480429,"relics_obtained":[{"floor":9,"key":"HornCleat"}],"event_choices":[{"damage_healed":0,"gold_gain":75,"player_choice":"Gather Gold","damage_taken":11,"max_hp_gain":0,"max_hp_loss":0,"event_name":"World of Goop","floor":3,"gold_loss":0},{"damage_healed":0,"gold_gain":0,"player_choice":"Forge","damage_taken":0,"max_hp_gain":0,"max_hp_loss":0,"event_name":"Accursed Blacksmith","floor":14,"gold_loss":0,"cards_upgraded":["Armaments"]}],"is_beta":false,"boss_relics":[],"items_purged_floors":[2],"is_endless":false,"potions_floor_spawned":[1,10],"killed_by":"Hexaghost","ascension_level":17}}