{"host":"tzyzz5n7hg2ni9q2","time":1609063935,"event":{"mods":["BaseMod","Minty Spire (QoL Compilation)","Quick Restart"],"gold_per_floor":[114,127,137,152,7,7,25,25,70,88,118,118,118,118,118,222,222,237,237,237,251,269,269,282,308,335,335,4,17,17,48,48,146,146,166,40,50,50,67,99,99,99,99,126,76,76,76],"floor_reached":46,"playtime":1511,"items_purged":["Strike_R+1","Bash+1"],"score":771,"play_id":"4fe86539-2133-4744-8d4c-df1de71ebf99","local_time":"20201227111215","is_ascension_mode":true,"campfire_choices":[{"data":"Cleave","floor":6.0,"key":"SMITH"},{"data":"Bash","floor":8.0,"key":"SMITH"},{"data":"Feed","floor":13,"key":"SMITH"},{"data":"Shrug It Off","floor":15,"key":"SMITH"},{"data":"Seeing Red","floor":23,"key":"SMITH"},{"floor":30,"key":"REST"},{"floor":32,"key":"REST"},{"data":"Berserk","floor":41,"key":"SMITH"}],"circlet_count":0,"master_deck":["Defend_R+1","Defend_R+1","Defend_R+1","Shrug It Off+1","Cleave+1","Battle Trance","Offering","Feed+1","Juggernaut+1","Carnage+1","Demon Form+1","Seeing Red+1","Ghostly Armor","Metallicize","Limit Break","Seeing Red+1","Disarm","Berserk+1"],"relics":["Burning Blood","Red Skull","Odd Mushroom","Sundial","Astrolabe","Mummified Hand","Centennial Puzzle","Membership Card","Torii","Omamori","Cursed Key","Shuriken","Mercury Hourglass","Girya","Art of War"],"acts_visited":["Exordium","TheCity","TheBeyond"],"potions_floor_usage":[10,11,18,24,31,33,40,40,44],"damage_taken":[{"damage":6.0,"enemies":"Cultist","floor":1.0,"turns":4.0},{"damage":1.0,"enemies":"Jaw Worm","floor":2.0,"turns":5.0},{"damage":1.0,"enemies":"2 Louse","floor":3.0,"turns":3.0},{"damage":15.0,"enemies":"Red Slaver","floor":4.0,"turns":6.0},{"damage":6.0,"enemies":"2 Fungi Beasts","floor":7.0,"turns":2.0},{"damage":11,"enemies":"Gremlin Gang","floor":10,"turns":3},{"damage":8,"enemies":"The Mushroom Lair","floor":11,"turns":4},{"damage":24,"enemies":"Slime Boss","floor":16,"turns":8},{"damage":14,"enemies":"2 Thieves","floor":18,"turns":4},{"damage":21,"enemies":"Shell Parasite","floor":21,"turns":5},{"damage":19,"enemies":"Snecko","floor":22,"turns":3},{"damage":14,"enemies":"Snake Plant","floor":24,"turns":3},{"damage":30,"enemies":"Slavers","floor":25,"turns":5},{"damage":6,"enemies":"Chosen and Byrds","floor":29,"turns":4},{"damage":6,"enemies":"Book of Stabbing","floor":31,"turns":4},{"damage":24,"enemies":"Champ","floor":33,"turns":6},{"damage":6,"enemies":"Orb Walker","floor":35,"turns":3},{"damage":7,"enemies":"3 Shapes","floor":37,"turns":4},{"damage":14,"enemies":"Transient","floor":39,"turns":5},{"damage":13,"enemies":"Reptomancer","floor":40,"turns":4},{"damage":59,"enemies":"Nemesis","floor":44,"turns":7},{"damage":25,"enemies":"Maw","floor":46,"turns":2}],"seed_played":"-5028199723374145229","potions_obtained":[{"floor":3.0,"key":"PowerPotion"},{"floor":4.0,"key":"Block Potion"},{"floor":7.0,"key":"Fire Potion"},{"floor":16,"key":"Strength Potion"},{"floor":22,"key":"DistilledChaos"},{"floor":24,"key":"ColorlessPotion"},{"floor":29,"key":"LiquidBronze"},{"floor":31,"key":"DuplicationPotion"},{"floor":33,"key":"AttackPotion"},{"floor":44,"key":"Fire Potion"}],"is_trial":false,"path_per_floor":["M","M","M","M","$","R","M","R","T","M","?","T","R","?","R","B",null,"M","?","?","M","M","R","M","E","T","?","$","M","R","E","R","B",null,"M","$","M","?","M","E","R","?","T","E","$","M"],"character_chosen":"IRONCLAD","items_purchased":["Offering","Membership Card","Torii","Shuriken"],"campfire_rested":2,"item_purchase_floors":[5,28,28,36],"current_hp_per_floor":[80,85,88,79,79,79,79,79,79,74,72,72,72,72,72,54,80,76,76,76,65,52,52,44,24,24,24,24,24,54,54,84,66,92,92,92,91,91,83,76,76,76,76,23,23,0,0],"gold":76,"neow_bonus":"TEN_PERCENT_HP_BONUS","is_daily":false,"chose_seed":false,"campfire_upgraded":6,"win_rate":0.0,"timestamp":1609063935,"path_taken":["M","?","M","M","?","R","M","R","T","M","?","?","R","?","R","BOSS","M","?","?","M","?","R","M","E","T","?","$","M","R","E","R","BOSS","M","$","M","?","M","E","R","?","T","E","$","M"],"items_purchased_type":["Card","Relic","Relic","Relic"],"build_version":"2020-12-22","purchased_purges":2,"victory":false,"max_hp_per_floor":[88,88,88,88,88,88,88,88,88,88,88,88,88,88,88,88,88,92,92,92,96,96,96,96,100,100,100,100,100,100,100,100,100,100,100,100,100,100,100,100,100,100,100,100,100,100,100],"card_choices":[{"not_picked":["Clash","Sword Boomerang"],"picked":"Shrug It Off","floor":1.0},{"not_picked":["Armaments","Dual Wield"],"picked":"Cleave","floor":2.0},{"not_picked":["Searing Blow","Armaments","Sword Boomerang"],"picked":"SKIP","floor":3.0},{"not_picked":["Entrench","Clash"],"picked":"Battle Trance","floor":4.0},{"not_picked":["Heavy Blade","Iron Wave","Dual Wield"],"picked":"SKIP","floor":7.0},{"not_picked":["Armaments","Iron Wave","Feel No Pain"],"picked":"SKIP","floor":10},{"not_picked":["Whirlwind","Sword Boomerang"],"picked":"Feed","floor":11},{"not_picked":["Exhume","Double Tap"],"picked":"Juggernaut","floor":16},{"not_picked":["Ghostly Armor","Warcry"],"picked":"Seeing Red","floor":18},{"not_picked":["Wild Strike","Sword Boomerang","Body Slam+1"],"picked":"SKIP","floor":21},{"not_picked":["Headbutt","Body Slam"],"picked":"Ghostly Armor","floor":22},{"not_picked":["Havoc+1","Evolve","Iron Wave"],"picked":"SKIP","floor":24},{"not_picked":["Bloodletting","Corruption","Barricade"],"picked":"SKIP","floor":25},{"not_picked":["Second Wind","Cleave","Whirlwind"],"picked":"SKIP","floor":29},{"not_picked":["Perfected Strike","Twin Strike+1"],"picked":"Metallicize","floor":31},{"not_picked":["Corruption","Demon Form"],"picked":"Limit Break","floor":33},{"not_picked":["Thunderclap+1","Headbutt","Sentinel+1"],"picked":"SKIP","floor":35},{"not_picked":["Havoc","Whirlwind"],"picked":"Seeing Red+1","floor":37},{"not_picked":["Clash+1","Dropkick"],"picked":"Disarm","floor":39},{"not_picked":["Armaments","Rampage"],"picked":"Berserk","floor":40},{"not_picked":["Heavy Blade+1","Flame Barrier","Spot Weakness+1"],"picked":"SKIP","floor":44}],"player_experience":198204,"relics_obtained":[{"floor":9.0,"key":"Red Skull"},{"floor":11,"key":"Odd Mushroom"},{"floor":12,"key":"Sundial"},{"floor":25,"key":"Mummified Hand"},{"floor":26,"key":"Centennial Puzzle"},{"floor":31,"key":"Omamori"},{"floor":40,"key":"Mercury Hourglass"},{"floor":43,"key":"Girya"},{"floor":44,"key":"Art of War"}],"event_choices":[{"damage_healed":0,"gold_gain":0,"player_choice":"Fought Mushrooms","damage_taken":0,"max_hp_gain":0,"max_hp_loss":0,"event_name":"Mushrooms","floor":11,"gold_loss":0},{"cards_removed":["Strike_R"],"damage_healed":0,"gold_gain":0,"player_choice":"Purged","damage_taken":0,"max_hp_gain":0,"max_hp_loss":0,"event_name":"Purifier","floor":14,"gold_loss":0},{"damage_healed":0,"gold_gain":0,"player_choice":"Ignored","damage_taken":0,"max_hp_gain":0,"max_hp_loss":0,"event_name":"Vampires","floor":19,"gold_loss":0},{"damage_healed":0,"gold_gain":0,"player_choice":"Forge","damage_taken":0,"max_hp_gain":0,"max_hp_loss":0,"event_name":"Accursed Blacksmith","floor":20,"gold_loss":0,"cards_upgraded":["Juggernaut"]},{"damage_healed":0,"gold_gain":0,"player_choice":"Simplicity","damage_taken":0,"max_hp_gain":0,"max_hp_loss":0,"event_name":"Back to Basics","floor":27,"gold_loss":0,"cards_upgraded":["Strike_R","Strike_R","Defend_R","Defend_R","Defend_R"]},{"cards_removed":["Anger"],"damage_healed":0,"gold_gain":0,"player_choice":"Removed Attack","damage_taken":0,"max_hp_gain":0,"max_hp_loss":0,"event_name":"Falling","floor":38,"gold_loss":0},{"cards_removed":["Strike_R"],"damage_healed":0,"gold_gain":0,"player_choice":"Purged","damage_taken":0,"max_hp_gain":0,"max_hp_loss":0,"event_name":"Purifier","floor":42,"gold_loss":0}],"is_beta":false,"boss_relics":[{"not_picked":["Ectoplasm","Coffee Dripper"],"picked":"Astrolabe"},{"not_picked":["Empty Cage","Mark of Pain"],"picked":"Cursed Key"}],"items_purged_floors":[28,45],"is_endless":false,"potions_floor_spawned":[3,4,7,16,22,24,29,31,33,35,44],"killed_by":"Maw","ascension_level":8}}