{"host":"sav7uxregyirlf69","time":1609054992,"event":{"mods":["AchievementEnabler","BaseMod","Colored Map","DeckTracker","Keyboard Shortcuts","Minty Spire (QoL Compilation)","READ ME - Guardian Mod","StSLib","SuperFastMode"],"gold_per_floor":[118,43,43,54,54,54,54,129,129,147,164,164,177,191,191,269,269,287,212,47,65,65,65,79,79,79,106,129,191,203,235,247,259,259],"floor_reached":33,"playtime":809,"items_purged":[],"score":478,"play_id":"9565cd87-2336-4f04-854d-31d91a987c2f","local_time":"20201227164312","is_ascension_mode":true,"campfire_choices":[{"data":"Glass Knife","floor":6.0,"key":"SMITH"},{"floor":12.0,"key":"REST"},{"data":"Concentrate","floor":15.0,"key":"SMITH"},{"data":"Reflex","floor":23.0,"key":"SMITH"},{"data":"Noxious Fumes","floor":25.0,"key":"SMITH"},{"floor":32.0,"key":"REST"}],"circlet_count":0,"master_deck":["AscendersBane","Strike_G","Strike_G","Defend_G","Defend_G","Defend_G","Defend_G","Defend_G","Survivor","Neutralize","Glass Knife+1","Noxious Fumes+1","Reflex","Concentrate+1","Poisoned Stab","Acrobatics","Predator","Adrenaline","Backstab+1","Acrobatics","Reflex+1","Blur","Calculated Gamble"],"relics":["Ring of the Snake","Potion Belt","Toy Ornithopter","Runic Pyramid","TheAbacus","MawBank"],"acts_visited":["Exordium","TheCity"],"potions_floor_usage":[33],"damage_taken":[{"damage":2.0,"enemies":"Jaw Worm","floor":1.0,"turns":5.0},{"damage":0.0,"enemies":"2 Louse","floor":4.0,"turns":3.0},{"damage":0.0,"enemies":"Small Slimes","floor":10.0,"turns":3.0},{"damage":1.0,"enemies":"Exordium Wildlife","floor":11.0,"turns":5.0},{"damage":9.0,"enemies":"Blue Slaver","floor":13.0,"turns":4.0},{"damage":5.0,"enemies":"Large Slime","floor":14.0,"turns":6.0},{"damage":49.0,"enemies":"Hexaghost","floor":16.0,"turns":11.0},{"damage":9.0,"enemies":"Shell Parasite","floor":18.0,"turns":7.0},{"damage":0.0,"enemies":"Chosen","floor":21.0,"turns":3.0},{"damage":4.0,"enemies":"Snecko","floor":24.0,"turns":5.0},{"damage":16.0,"enemies":"Shelled Parasite and Fungi","floor":27.0,"turns":4.0},{"damage":15.0,"enemies":"Snake Plant","floor":28.0,"turns":4.0},{"damage":12.0,"enemies":"Cultist and Chosen","floor":31.0,"turns":6.0},{"damage":44,"enemies":"Champ","floor":33,"turns":14}],"seed_played":"153149123240678598","potions_obtained":[{"floor":1.0,"key":"FairyPotion"},{"floor":11.0,"key":"Block Potion"},{"floor":16.0,"key":"Energy Potion"},{"floor":18.0,"key":"Poison Potion"},{"floor":31.0,"key":"LiquidMemories"}],"is_trial":false,"path_per_floor":["M","?","?","M","?","R","$","?","T","M","M","R","M","M","R","B",null,"M","?","$","M","?","R","M","R","T","M","M","?","?","M","R","B"],"character_chosen":"THE_SILENT","items_purchased":["TheAbacus"],"campfire_rested":2,"item_purchase_floors":[20],"current_hp_per_floor":[57,57,62,62,27,27,27,16,16,16,15,36,27,22,22,3,54,45,45,45,45,45,45,46,46,46,30,15,15,15,8,29,0,0],"gold":259,"neow_bonus":"TRANSFORM_CARD","is_daily":false,"chose_seed":false,"campfire_upgraded":4,"win_rate":0.0,"timestamp":1609054992,"path_taken":["M","?","?","M","?","R","?","?","T","?","M","R","M","M","R","BOSS","M","?","$","M","?","R","M","R","T","?","M","?","?","M","R","BOSS"],"items_purchased_type":["Relic"],"build_version":"2020-12-22","purchased_purges":0,"victory":false,"max_hp_per_floor":[66,66,71,71,71,71,71,71,71,71,71,71,71,71,71,71,71,71,71,71,71,71,71,71,71,71,71,71,71,71,71,71,71,71],"card_choices":[{"not_picked":["Backstab","Dodge and Roll"],"picked":"Noxious Fumes","floor":1.0},{"not_picked":["Well Laid Plans","Quick Slash"],"picked":"Reflex","floor":4.0},{"not_picked":["Choke","Accuracy"],"picked":"Concentrate","floor":10.0},{"not_picked":["Flying Knee","Sucker Punch","Poisoned Stab"],"picked":"SKIP","floor":11.0},{"not_picked":["Flying Knee","Sucker Punch","Poisoned Stab"],"picked":"SKIP","floor":11.0},{"not_picked":["Flying Knee","Sucker Punch"],"picked":"Poisoned Stab","floor":11.0},{"not_picked":["Prepared","Deadly Poison"],"picked":"Acrobatics","floor":13.0},{"not_picked":["Dodge and Roll","Quick Slash"],"picked":"Predator","floor":14.0},{"not_picked":["After Image","Doppelganger"],"picked":"Adrenaline","floor":16.0},{"not_picked":["Cloak And Dagger","Backflip"],"picked":"Backstab+1","floor":18.0},{"not_picked":["Quick Slash","Sucker Punch"],"picked":"Acrobatics","floor":21.0},{"not_picked":["Dash+1","Sucker Punch","Flechettes"],"picked":"SKIP","floor":24.0},{"not_picked":["Leg Sweep","Underhanded Strike+1"],"picked":"Blur","floor":27.0},{"not_picked":["Crippling Poison","Accuracy","Endless Agony"],"picked":"SKIP","floor":28.0},{"not_picked":["Acrobatics","Deadly Poison+1"],"picked":"Calculated Gamble","floor":31.0}],"player_experience":1020193,"relics_obtained":[{"floor":9.0,"key":"Toy Ornithopter"},{"floor":26.0,"key":"MawBank"}],"event_choices":[{"cards_removed":["Strike_G"],"damage_healed":0.0,"max_hp_gain":0.0,"max_hp_loss":0.0,"gold_gain":0.0,"event_name":"The Cleric","player_choice":"Card Removal","floor":2.0,"gold_loss":75.0,"damage_taken":0.0},{"damage_healed":0.0,"max_hp_gain":5.0,"max_hp_loss":0.0,"gold_gain":0.0,"event_name":"Big Fish","player_choice":"Donut","floor":3.0,"gold_loss":0.0,"damage_taken":0.0},{"damage_healed":0.0,"max_hp_gain":0.0,"max_hp_loss":0.0,"gold_gain":0.0,"event_name":"Scrap Ooze","player_choice":"Success","floor":5.0,"gold_loss":0.0,"damage_taken":35.0,"relics_obtained":["Potion Belt"]},{"damage_healed":0.0,"max_hp_gain":0.0,"max_hp_loss":0.0,"gold_gain":75.0,"event_name":"World of Goop","player_choice":"Gather Gold","floor":8.0,"gold_loss":0.0,"damage_taken":11.0},{"cards_removed":["Strike_G"],"damage_healed":0.0,"max_hp_gain":0.0,"max_hp_loss":0.0,"gold_gain":0.0,"event_name":"Beggar","player_choice":"Gave Gold","floor":19.0,"gold_loss":75.0,"damage_taken":0.0},{"damage_healed":0.0,"max_hp_gain":0.0,"max_hp_loss":0.0,"gold_gain":0.0,"event_name":"The Library","player_choice":"Read","floor":22.0,"gold_loss":0.0,"damage_taken":0.0,"cards_obtained":["Reflex"]},{"damage_healed":0.0,"max_hp_gain":0.0,"max_hp_loss":0.0,"gold_gain":50.0,"event_name":"Nest","player_choice":"Stole From Cult","floor":29.0,"gold_loss":0.0,"damage_taken":0.0},{"damage_healed":0.0,"max_hp_gain":0.0,"max_hp_loss":0.0,"gold_gain":0.0,"event_name":"Cursed Tome","player_choice":"Ignored","floor":30.0,"gold_loss":0.0,"damage_taken":0.0}],"is_beta":false,"boss_relics":[{"not_picked":["SlaversCollar","Black Star"],"picked":"Runic Pyramid"}],"items_purged_floors":[],"is_endless":false,"potions_floor_spawned":[1,11,16,18,31],"killed_by":"Champ","ascension_level":20}}