{"host":"a1eatafr7pisesky","time":1609085343,"event":{"mods":["BaseMod","Colored Map","DeckTracker","Highlight Path","Keyboard Shortcuts","Minty Spire (QoL Compilation)","Permanent Neow","Random Character Button","StSLib","SuperFastMode","everything is the same but u backflip on backflip"],"gold_per_floor":[110,126,140,140,153,78,108,108,108,119,119,133,133,145,145,246,246,263,263,223,89,109,109,123,123,193,211,229,255,130,158,158,259,259,274,274,51,67,80,80,107,107,157,176,176,203,203,124,124,124,124,124,76,103,103],"floor_reached":56,"playtime":1374,"items_purged":["Disarm","Twin Strike","Pummel","Bash"],"score":2106,"play_id":"8c07555d-64a7-4e01-97e7-c785eb12ee0e","local_time":"20201228010903","is_ascension_mode":true,"campfire_choices":[{"data":"Barricade","floor":8.0,"key":"SMITH"},{"data":"Body Slam","floor":11.0,"key":"SMITH"},{"data":"Body Slam","floor":13.0,"key":"SMITH"},{"data":"Offering","floor":15.0,"key":"SMITH"},{"data":"Offering","floor":23.0,"key":"SMITH"},{"floor":25.0,"key":"REST"},{"floor":32,"key":"REST"},{"floor":40,"key":"REST"},{"floor":42,"key":"RECALL"},{"floor":45,"key":"REST"},{"floor":49,"key":"REST"},{"data":"1","floor":52,"key":"LIFT"}],"circlet_count":0,"master_deck":["AscendersBane","Barricade+1","Offering+1","Shrug It Off","Power Through","Immolate","Fiend Fire","Sentinel","Body Slam+1","Power Through","Body Slam+1","Offering+1","Fire Breathing","Dark Embrace","Shrug It Off+1","Body Slam+1","Panacea","Offering"],"relics":["Pandora\u0027s Box","Ginger","SacredBark","White Beast Statue","Girya","Thread and Needle","Fusion Hammer","Membership Card","InkBottle","PreservedInsect","Medical Kit","Strawberry"],"acts_visited":["Exordium","TheCity","TheBeyond","TheEnding"],"potions_floor_usage":[31,55,55,55],"damage_taken":[{"damage":0.0,"enemies":"Small Slimes","floor":1.0,"turns":2.0},{"damage":0.0,"enemies":"2 Louse","floor":2.0,"turns":2.0},{"damage":6.0,"enemies":"Cultist","floor":3.0,"turns":2.0},{"damage":6.0,"enemies":"Red Slaver","floor":5.0,"turns":2.0},{"damage":6.0,"enemies":"3 Louse","floor":10.0,"turns":1.0},{"damage":15.0,"enemies":"Gremlin Gang","floor":12.0,"turns":3.0},{"damage":0.0,"enemies":"Exordium Wildlife","floor":14.0,"turns":3.0},{"damage":6.0,"enemies":"Slime Boss","floor":16.0,"turns":5.0},{"damage":18.0,"enemies":"3 Byrds","floor":18.0,"turns":4.0},{"damage":6.0,"enemies":"Spheric Guardian","floor":22.0,"turns":1.0},{"damage":12.0,"enemies":"Cultist and Chosen","floor":24.0,"turns":4.0},{"damage":12.0,"enemies":"Snake Plant","floor":27.0,"turns":1.0},{"damage":12.0,"enemies":"Snecko","floor":28.0,"turns":4.0},{"damage":12.0,"enemies":"Book of Stabbing","floor":29.0,"turns":4.0},{"damage":6,"enemies":"Gremlin Leader","floor":31,"turns":3},{"damage":12,"enemies":"Champ","floor":33,"turns":5},{"damage":6,"enemies":"Orb Walker","floor":35,"turns":2},{"damage":12,"enemies":"3 Shapes","floor":38,"turns":3},{"damage":12,"enemies":"Writhing Mass","floor":39,"turns":3},{"damage":6,"enemies":"Reptomancer","floor":41,"turns":2},{"damage":12,"enemies":"Spire Growth","floor":44,"turns":3},{"damage":12,"enemies":"Giant Head","floor":46,"turns":3},{"damage":16,"enemies":"Donu and Deca","floor":50,"turns":4},{"damage":12,"enemies":"Shield and Spear","floor":54,"turns":4},{"damage":34,"enemies":"The Heart","floor":55,"turns":6}],"seed_played":"-9068805948612266578","potions_obtained":[{"floor":1.0,"key":"ColorlessPotion"},{"floor":12.0,"key":"Block Potion"},{"floor":16.0,"key":"Strength Potion"},{"floor":20.0,"key":"DuplicationPotion"},{"floor":20.0,"key":"DistilledChaos"},{"floor":27.0,"key":"CultistPotion"},{"floor":28.0,"key":"Dexterity Potion"},{"floor":29.0,"key":"Energy Potion"},{"floor":31,"key":"SneckoOil"},{"floor":44,"key":"LiquidMemories"},{"floor":46,"key":"PowerPotion"}],"is_trial":false,"path_per_floor":["M","M","M","?","M","$","?","R","T","M","R","M","R","M","R","B",null,"M","?","?","$","M","R","M","R","T","M","M","E","$","E","R","B",null,"M","?","$","M","M","R","E","R","T","M","R","E","?","$","R","B",null,"R","$","E","B",null],"character_chosen":"IRONCLAD","items_purchased":["Dark Embrace","Membership Card","Medical Kit","Panacea"],"campfire_rested":5,"item_purchase_floors":[21,37,48,53],"current_hp_per_floor":[72,72,66,71,65,65,65,65,65,59,59,44,44,44,44,38,73,55,39,39,39,33,33,21,48,48,36,24,12,12,6,33,21,73,67,67,67,55,43,70,64,64,64,52,79,67,67,67,90,74,86,86,86,81,47],"gold":103,"neow_bonus":"BOSS_RELIC","is_daily":false,"chose_seed":false,"campfire_upgraded":5,"win_rate":0.0,"timestamp":1609085343,"path_taken":["M","M","M","?","M","$","?","R","T","M","R","M","R","M","R","BOSS","M","?","?","$","?","R","M","R","T","M","M","E","$","E","R","BOSS","M","?","$","M","M","R","E","R","T","M","R","E","?","$","R","BOSS","R","$","E","BOSS"],"items_purchased_type":["Card","Relic","Relic","Card"],"build_version":"2020-12-22","purchased_purges":4,"victory":true,"max_hp_per_floor":[80,80,80,85,85,85,85,85,85,85,85,85,85,85,85,85,85,85,90,90,90,90,90,90,90,90,90,90,90,90,90,90,90,90,90,90,90,90,90,90,90,90,90,90,90,90,90,90,90,90,90,90,90,97,97],"card_choices":[{"not_picked":["Dropkick","Clash"],"picked":"Twin Strike","floor":1.0},{"not_picked":["Fire Breathing","Inflame"],"picked":"Body Slam","floor":2.0},{"not_picked":["Perfected Strike","Thunderclap","Pummel"],"picked":"SKIP","floor":3.0},{"not_picked":["Metallicize","Pummel"],"picked":"Power Through","floor":5.0},{"not_picked":["Heavy Blade","Intimidate"],"picked":"Body Slam","floor":10.0},{"not_picked":["Armaments","Pommel Strike","Anger"],"picked":"SKIP","floor":12.0},{"not_picked":["Cleave","Uppercut","Iron Wave"],"picked":"SKIP","floor":14.0},{"not_picked":["Juggernaut","Bludgeon"],"picked":"Offering","floor":16.0},{"not_picked":["Fire Breathing","Wild Strike","Metallicize+1"],"picked":"SKIP","floor":18.0},{"not_picked":["Wild Strike","Metallicize+1"],"picked":"Fire Breathing","floor":18.0},{"not_picked":["Rage","Pummel+1","Infernal Blade"],"picked":"SKIP","floor":22.0},{"not_picked":["Thunderclap","Heavy Blade","Hemokinesis+1"],"picked":"SKIP","floor":24.0},{"not_picked":["Armaments","Anger+1","Exhume"],"picked":"SKIP","floor":27.0},{"not_picked":["Flex","Fire Breathing","Iron Wave"],"picked":"SKIP","floor":28.0},{"not_picked":["Bludgeon","Pommel Strike","Spot Weakness"],"picked":"SKIP","floor":29.0},{"not_picked":["Whirlwind","Shrug It Off","Perfected Strike"],"picked":"SKIP","floor":31},{"not_picked":["Shrug It Off+1","Battle Trance+1","Heavy Blade"],"picked":"SKIP","floor":35},{"not_picked":["Rampage","Flex"],"picked":"Shrug It Off+1","floor":38},{"not_picked":["Reckless Charge","Shrug It Off","Pommel Strike"],"picked":"SKIP","floor":39},{"not_picked":["Heavy Blade","Flex+1","Searing Blow"],"picked":"SKIP","floor":41},{"not_picked":["Thunderclap","Clash+1","Battle Trance"],"picked":"SKIP","floor":44},{"not_picked":["Exhume","Heavy Blade","Blood for Blood"],"picked":"SKIP","floor":46},{"not_picked":["Infernal Blade+1","Warcry"],"picked":"Offering","floor":54}],"player_experience":263538,"relics_obtained":[{"floor":9.0,"key":"Ginger"},{"floor":26.0,"key":"White Beast Statue"},{"floor":29.0,"key":"Girya"},{"floor":31,"key":"Thread and Needle"},{"floor":41,"key":"InkBottle"},{"floor":46,"key":"PreservedInsect"},{"floor":54,"key":"Strawberry"}],"event_choices":[{"damage_healed":0.0,"max_hp_gain":5.0,"max_hp_loss":0.0,"gold_gain":0.0,"event_name":"Big Fish","player_choice":"Donut","floor":4.0,"gold_loss":0.0,"damage_taken":0.0},{"damage_healed":0.0,"max_hp_gain":0.0,"max_hp_loss":0.0,"gold_gain":30.0,"event_name":"Dead Adventurer","player_choice":"Searched \u00272\u0027 times","floor":7.0,"gold_loss":0.0,"damage_taken":0.0},{"damage_healed":0.0,"max_hp_gain":5.0,"max_hp_loss":0.0,"gold_gain":0.0,"event_name":"Forgotten Altar","player_choice":"Shed Blood","floor":19.0,"gold_loss":0.0,"damage_taken":21.0},{"damage_healed":0.0,"max_hp_gain":0.0,"max_hp_loss":0.0,"gold_gain":0.0,"event_name":"The Woman in Blue","player_choice":"Bought 3 Potions","floor":20.0,"gold_loss":0.0,"damage_taken":0.0},{"damage_healed":0,"gold_gain":0,"player_choice":"Ignored","damage_taken":0,"max_hp_gain":0,"max_hp_loss":0,"event_name":"Tomb of Lord Red Mask","floor":36,"gold_loss":0},{"damage_healed":0,"gold_gain":0,"player_choice":"Copied","damage_taken":0,"max_hp_gain":0,"max_hp_loss":0,"event_name":"Duplicator","floor":47,"gold_loss":0,"cards_obtained":["Body Slam"]}],"is_beta":false,"boss_relics":[{"not_picked":["Snecko Eye","Velvet Choker"],"picked":"SacredBark"},{"not_picked":["Black Star","Runic Dome"],"picked":"Fusion Hammer"}],"items_purged_floors":[6,21,30,37],"is_endless":false,"potions_floor_spawned":[1,12,16,18,27,28,29,31,33,35,38,39,41,44,46,54],"ascension_level":10}}