{"host":"m3herrhkesxm9ooc","time":1609081795,"event":{"mods":["BaseMod","Hermit","Minty Spire (QoL Compilation)","StSLib","The Hierophant"],"gold_per_floor":[115,80,80,99,99,143,143,177,216,378,409,460,44,88,88,186,186,199,146,146,61,97,97,133,149,149,149,173,173,211,211,211,211,211],"floor_reached":33,"playtime":959,"items_purged":[],"score":698,"play_id":"97e46923-3ab3-4052-9bbc-4b46b430d660","local_time":"20201228000955","is_ascension_mode":true,"campfire_choices":[{"floor":15,"key":"REST"},{"data":"hermit:HeroicBravado","floor":23,"key":"SMITH"},{"floor":29,"key":"REST"},{"floor":32,"key":"REST"}],"circlet_count":0,"master_deck":["AscendersBane","hermit:Strike_Hermit","hermit:Strike_Hermit","hermit:Strike_Hermit","hermit:Strike_Hermit","hermit:Defend_Hermit","hermit:Defend_Hermit","hermit:Defend_Hermit","hermit:Defend_Hermit","hermit:Snapshot+1","hermit:Covet","hermit:Shortfuse","hermit:Determination","Injury","hermit:Headshot","hermit:NoHoldsBarred","Doubt","hermit:Headshot","hermit:Vantage","Flash of Steel","hermit:HeroicBravado+1","hermit:Coalescence+1","hermit:HighCaliber","hermit:ShadowCloak","hermit:HighCaliber+1","hermit:Grudge","Normality","Decay","hermit:BodyArmor+1","hermit:CalledShot+1"],"relics":["hermit:Momento","NeowsBlessing","Golden Idol","Vajra","MawBank","Toy Ornithopter","Shuriken","Regal Pillow","Tiny Chest","Juzu Bracelet","Cursed Key","Red Mask","Mummified Hand","Darkstone Periapt","Blood Vial","White Beast Statue","MutagenicStrength"],"acts_visited":["Exordium","TheCity"],"potions_floor_usage":[8,8,12,14,25,30,33],"damage_taken":[{"damage":0,"enemies":"2 Louse","floor":1,"turns":2},{"damage":0,"enemies":"Small Slimes","floor":4,"turns":1},{"damage":0,"enemies":"3 Sentries","floor":6,"turns":1},{"damage":6,"enemies":"Lagavulin","floor":8,"turns":5},{"damage":0,"enemies":"Cultist","floor":11,"turns":2},{"damage":16,"enemies":"Gremlin Nob","floor":12,"turns":3},{"damage":28,"enemies":"Lagavulin","floor":14,"turns":5},{"damage":52,"enemies":"The Guardian","floor":16,"turns":10},{"damage":11,"enemies":"Spheric Guardian","floor":18,"turns":3},{"damage":13,"enemies":"Masked Bandits","floor":22,"turns":4},{"damage":52,"enemies":"Slavers","floor":24,"turns":7},{"damage":4,"enemies":"Shell Parasite","floor":25,"turns":4},{"damage":17,"enemies":"Snake Plant","floor":28,"turns":3},{"damage":33,"enemies":"Gremlin Leader","floor":30,"turns":8},{"damage":82,"enemies":"Collector","floor":33,"turns":11}],"seed_played":"1183943326893385781","potions_obtained":[{"floor":1,"key":"SkillPotion"},{"floor":4,"key":"SteroidPotion"},{"floor":8,"key":"Explosive Potion"},{"floor":12,"key":"Energy Potion"},{"floor":24,"key":"SpeedPotion"},{"floor":28,"key":"LiquidMemories"},{"floor":30,"key":"hermit:Tonic"}],"is_trial":false,"path_per_floor":["M","?","$","M","?","E","?","E","T","?","M","E","$","E","R","B",null,"M","$","?","$","?","R","E","M","T","T","M","R","E","?","R","B"],"character_chosen":"HERMIT","items_purchased":["Regal Pillow","Tiny Chest","Flash of Steel","hermit:HighCaliber","hermit:ShadowCloak"],"campfire_rested":3,"item_purchase_floors":[13,13,13,19,21],"current_hp_per_floor":[64,71,71,71,71,71,71,65,65,65,65,54,54,31,67,15,57,46,46,81,81,68,68,16,17,17,23,8,49,23,23,64,0,0],"gold":211,"neow_bonus":"THREE_ENEMY_KILL","is_daily":false,"chose_seed":false,"campfire_upgraded":1,"win_rate":0.0,"timestamp":1609081795,"path_taken":["M","?","$","M","?","E","?","E","T","?","M","E","$","E","R","BOSS","M","$","?","?","?","R","E","M","T","?","M","R","E","?","R","BOSS"],"items_purchased_type":["Relic","Relic","Card","Card","Card"],"build_version":"2020-12-22","purchased_purges":0,"victory":false,"max_hp_per_floor":[71,71,71,71,71,71,71,71,71,71,71,71,71,71,71,71,71,71,71,81,81,81,81,81,81,81,87,87,87,87,87,87,87,87],"card_choices":[{"not_picked":["hermit:Virtue","hermit:Vantage"],"picked":"hermit:Shortfuse","floor":1},{"not_picked":["hermit:LoneWolf","hermit:Snipe"],"picked":"hermit:Determination","floor":4},{"not_picked":["hermit:Dive","hermit:Snipe"],"picked":"hermit:Headshot","floor":6},{"not_picked":["hermit:Misfire","hermit:Virtue"],"picked":"hermit:NoHoldsBarred","floor":8},{"not_picked":["hermit:Quickdraw","hermit:Scavenge"],"picked":"hermit:Headshot","floor":11},{"not_picked":["hermit:HoleUp","hermit:CalledShot"],"picked":"hermit:Vantage","floor":12},{"not_picked":["hermit:Misfire","hermit:Vantage"],"picked":"hermit:RoundhouseKick","floor":14},{"not_picked":["hermit:Gambit","hermit:FromBeyond"],"picked":"hermit:HeroicBravado","floor":16},{"not_picked":["hermit:DeadMansHand","hermit:Misfire"],"picked":"hermit:Coalescence+1","floor":18},{"not_picked":["hermit:Manifest","hermit:WideOpen"],"picked":"hermit:HighCaliber+1","floor":24},{"not_picked":["hermit:GoldenBullet","hermit:DeadMansHand+1"],"picked":"hermit:Grudge","floor":25},{"not_picked":["hermit:Malice","hermit:Quickdraw"],"picked":"hermit:BodyArmor+1","floor":28},{"not_picked":["hermit:EyeOfTheStorm","hermit:LuckOfTheDraw"],"picked":"hermit:CalledShot+1","floor":30}],"player_experience":659479,"relics_obtained":[{"floor":6,"key":"Vajra"},{"floor":8,"key":"MawBank"},{"floor":9,"key":"Toy Ornithopter"},{"floor":12,"key":"Shuriken"},{"floor":14,"key":"Juzu Bracelet"},{"floor":22,"key":"Red Mask"},{"floor":24,"key":"Mummified Hand"},{"floor":26,"key":"Darkstone Periapt"},{"floor":27,"key":"Blood Vial"},{"floor":30,"key":"White Beast Statue"}],"event_choices":[{"damage_healed":17,"gold_gain":0,"player_choice":"Healed","damage_taken":0,"max_hp_gain":0,"max_hp_loss":0,"event_name":"The Cleric","floor":2,"gold_loss":35},{"damage_healed":0,"gold_gain":0,"player_choice":"Take Wound","damage_taken":0,"relics_obtained":["Golden Idol"],"max_hp_gain":0,"max_hp_loss":0,"event_name":"Golden Idol","floor":5,"gold_loss":0,"cards_obtained":["Injury"]},{"damage_healed":0,"gold_gain":0,"player_choice":"Grow","damage_taken":0,"max_hp_gain":0,"max_hp_loss":0,"event_name":"Living Wall","floor":7,"gold_loss":0,"cards_upgraded":["hermit:Snapshot"]},{"damage_healed":0,"gold_gain":150,"player_choice":"AGREE","damage_taken":0,"max_hp_gain":0,"max_hp_loss":0,"event_name":"Liars Game","floor":10,"gold_loss":0,"cards_obtained":["Doubt"]},{"cards_removed":["hermit:RoundhouseKick"],"damage_healed":25,"gold_gain":0,"player_choice":"Offered Rare","damage_taken":0,"max_hp_gain":10,"max_hp_loss":0,"event_name":"Bonfire Elementals","floor":20,"gold_loss":0},{"damage_healed":0,"gold_gain":0,"player_choice":"Fought Bandits","damage_taken":0,"max_hp_gain":0,"max_hp_loss":0,"event_name":"Masked Bandits","floor":22,"gold_loss":0},{"damage_healed":0,"gold_gain":0,"player_choice":"Inject Mutagens","damage_taken":0,"relics_obtained":["MutagenicStrength"],"max_hp_gain":0,"max_hp_loss":0,"event_name":"Drug Dealer","floor":31,"gold_loss":0}],"is_beta":false,"boss_relics":[{"not_picked":["Sozu","Black Star"],"picked":"Cursed Key"}],"items_purged_floors":[],"is_endless":false,"potions_floor_spawned":[1,4,8,12,24,28,30],"killed_by":"Collector","ascension_level":16}}