{"host":"z9grmtg2w0nmz8n1","time":1609045508,"event":{"mods":["Aspiration","Bard","BaseMod","Beaked The Cultist","Better Altar","Better Match","Better Note","Better Sensory Stone","Better Skull","Better Third Choice","BetterRewards","CCEM","Colored Map","Conspire","Downfall","GifTheSpireLib","Googly Eyes","Halation","Hermit","Highlight Path","Hubris","Hunter ??","Jedi Mod","Jorbs\u0027s Wanderer Trilogy","Mad Scientist","Marisa????????","Minty Spire (QoL Compilation)","Permanent Neow","Replay The Spire","Shade Mod","Shop Mod","Spicy Shops","StSLib","Stuff the Spire","The Bug Knight","The Construct","The Necromancer","The Runesmith","The Witch"],"gold_per_floor":[113,130,143,154,168,196,196,228,309,309,309],"floor_reached":10,"playtime":481,"items_purged":[],"score":84,"play_id":"d12197ee-874d-4b91-afdc-944ed992c51c","local_time":"20201227030508","is_ascension_mode":true,"campfire_choices":[{"floor":7,"key":"REST"}],"circlet_count":0,"master_deck":["Strike_B","Strike_B","Strike_B","Strike_B","Defend_B","Defend_B","Defend_B","Defend_B","Zap","Dualcast","StuffTheSpire:ForEach","Genetic Algorithm","Ball Lightning","Gash"],"relics":["Cracked Core","StuffTheSpire:OldFever","Nunchaku"],"acts_visited":["Exordium"],"potions_floor_usage":[6,8,10],"damage_taken":[{"damage":6,"enemies":"Jaw Worm","floor":1,"turns":3},{"damage":0,"enemies":"Cultist","floor":2,"turns":4},{"damage":8,"enemies":"2 Louse","floor":3,"turns":3},{"damage":19,"enemies":"Exordium Thugs","floor":4,"turns":4},{"damage":19,"enemies":"Lots of Slimes","floor":5,"turns":5},{"damage":9,"enemies":"3 Sentries","floor":6,"turns":5},{"damage":32,"enemies":"Gremlin Nob","floor":8,"turns":5},{"damage":4,"enemies":"Lagavulin","floor":10,"turns":3}],"seed_played":"-4116355777285907224","potions_obtained":[{"floor":2,"key":"Guardian:BlockOnCardUsePotion"},{"floor":5,"key":"jedi:StrikingPotion"},{"floor":6,"key":"LiquidBronze"}],"is_trial":false,"path_per_floor":["M","M","M","M","M","E","R","E","T","E"],"character_chosen":"DEFECT","items_purchased":[],"campfire_rested":1,"item_purchase_floors":[],"current_hp_per_floor":[69,69,61,42,23,14,36,4,4,0,0],"gold":309,"neow_bonus":"ONE_RANDOM_RARE_CARD","is_daily":false,"chose_seed":false,"campfire_upgraded":0,"win_rate":0.0,"timestamp":1609045508,"path_taken":["M","M","M","M","M","E","R","E","T","E"],"items_purchased_type":[],"build_version":"2020-12-22","purchased_purges":0,"victory":false,"max_hp_per_floor":[75,75,75,75,75,75,75,75,75,75,75],"card_choices":[{"not_picked":["Steam","Panic Button"],"picked":"Genetic Algorithm","floor":1},{"not_picked":["Loop","Leap"],"picked":"Ball Lightning","floor":2},{"not_picked":["Compile Driver","StuffTheSpire:Plugnplay","ReplayTheSpireMod:Reroute Power"],"picked":"SKIP","floor":3},{"not_picked":["ReplaySolidLightProjector","Rip and Tear","Redo"],"picked":"SKIP","floor":4},{"not_picked":["ReplayGash","hubris:Prefetch","jedi:BurstLightning"],"picked":"SKIP","floor":5},{"not_picked":["Rebound","Turbo"],"picked":"Gash","floor":6},{"not_picked":["Compile Driver","jedi:blockon","Beam Cell"],"picked":"SKIP","floor":8}],"player_experience":723403,"relics_obtained":[{"floor":6,"key":"StuffTheSpire:OldFever"},{"floor":8,"key":"Nunchaku"}],"event_choices":[],"is_beta":false,"boss_relics":[],"items_purged_floors":[],"is_endless":false,"potions_floor_spawned":[1,2,5,6],"killed_by":"Lagavulin","ascension_level":1}}