{"host":"e4wnmsyty9uvvtwf","time":1609070966,"event":{"mods":["Act Like it!","BaseMod","Colored Map","Colored Powertips","Gensokyo","Marisa£®ÏF”Í°°ƒß¿Ì…≥£©","Minty Spire (QoL Compilation)","Rare Cards Sparkle","StSLib"],"gold_per_floor":[113,1,16,34,34,34,215,165,188,28,108,108,136,85,85,162,162,179,191,141,141,156,156,406,406,488,523,132,132,132,132,132,208,208,228,228,228,138,11,11,11],"floor_reached":40,"playtime":1253,"items_purged":[],"score":868,"play_id":"0ce36322-ff44-4645-a9c0-12a71695718b","local_time":"20201227200926","is_ascension_mode":true,"campfire_choices":[{"floor":6,"key":"REST"},{"floor":12,"key":"REST"},{"data":"Gensokyo:BlessingOfVigor","floor":15,"key":"SMITH"},{"floor":23,"key":"REST"},{"data":"DarkMatter","floor":25,"key":"SMITH"},{"floor":32,"key":"REST"}],"circlet_count":0,"master_deck":["AscendersBane","Defend_MRS","Defend_MRS","Defend_MRS","Defend_MRS","MasterSpark+1","UpSweep","Panache","DarkMatter+1","SuperPerseids","MilkyWay","CasketOfStar","CasketOfStar","Gensokyo:BlessingOfVigor+1","Necronomicurse","MachineGunSpark","AsteroidBelt","CollectingQuirk","JA+1","Orbital+1","PulseMagic+1","OortCloud","AsteroidBelt","AlicesGift+1","DoubleSpark+1","Gensokyo:BlemishedSteel","Gensokyo:DepletedGenerator","Gensokyo:TarnishedGold","Gensokyo:LockedMedkit","Gensokyo:ShootingStar","SatelliteIllusion","AsteroidBelt+1","Gensokyo:CustomPotion","PowerUp","BlazeAway"],"relics":["MiniHakkero","Vajra","Necronomicon","Lizard Tail","Turnip","Astrolabe","Shuriken","Girya","OrangePellets","Gensokyo:RedStar","RampagingMagicTools"],"acts_visited":["Exordium","Gensokyo:Gensokyo","Gensokyo:Gensokyoer"],"potions_floor_usage":[33],"damage_taken":[{"damage":3,"enemies":"Gensokyo:Python","floor":1,"turns":3},{"damage":9,"enemies":"Gensokyo:3_Fairies","floor":3,"turns":4},{"damage":15,"enemies":"Gensokyo:Gryphon","floor":4,"turns":4},{"damage":19,"enemies":"Gensokyo:Aya","floor":7,"turns":6},{"damage":0,"enemies":"Gensokyo:Mamizou","floor":13,"turns":4},{"damage":5,"enemies":"Gensokyo:Reimu","floor":16,"turns":9},{"damage":22,"enemies":"Gensokyo:3_Dogs","floor":18,"turns":3},{"damage":7,"enemies":"Gensokyo:CosmicMonolith","floor":19,"turns":2},{"damage":23,"enemies":"Gensokyo:Slime_Group","floor":22,"turns":6},{"damage":26,"enemies":"Gensokyo:Tenshi","floor":27,"turns":3},{"damage":45,"enemies":"Gensokyo:Kaguya","floor":33,"turns":8},{"damage":6,"enemies":"Gensokyo:3_Boulders","floor":35,"turns":4},{"damage":88,"enemies":"Gensokyo:Marisa","floor":40,"turns":5}],"seed_played":"7692906594389633142","potions_obtained":[{"floor":4,"key":"Dexterity Potion"},{"floor":7,"key":"Weak Potion"},{"floor":27,"key":"DistilledChaos"}],"is_trial":false,"path_per_floor":["M","COS","M","M","?","R","E","?","T","?","?","R","E","$","R","B",null,"M","M","?","?","M","R","?","R","T","E","COS","?","?","$","R","B",null,"M","?","?","?","$","E"],"character_chosen":"MARISA","items_purchased":["AsteroidBelt","PowerUp","BlazeAway"],"campfire_rested":4,"item_purchase_floors":[14,39,39],"current_hp_per_floor":[42,42,33,18,18,39,20,20,20,20,20,41,41,41,41,36,62,40,33,40,40,17,40,40,40,40,14,14,14,14,14,37,57,72,66,66,66,66,66,0,0],"gold":11,"neow_bonus":"RANDOM_COLORLESS_2","is_daily":false,"chose_seed":false,"campfire_upgraded":2,"win_rate":0.0,"timestamp":1609070966,"path_taken":["M","COS","M","M","?","R","E","?","T","?","?","R","E","?","R","BOSS","M","M","?","?","M","R","?","R","T","E","COS","?","?","?","R","BOSS","M","?","?","?","?","E"],"items_purchased_type":["Card","Card","Card"],"build_version":"2020-12-22","purchased_purges":0,"victory":false,"max_hp_per_floor":[70,70,70,70,70,70,70,70,70,70,70,70,70,70,70,70,70,70,70,77,77,77,77,77,77,77,77,77,77,77,77,77,77,77,77,77,77,77,77,77,77],"card_choices":[{"not_picked":["Chrysalis","Metamorphosis"],"picked":"Panache","floor":0},{"not_picked":["SporeBomb","Occultation"],"picked":"DarkMatter","floor":1},{"not_picked":["IllusionStar","GravityBeat"],"picked":"SuperPerseids","floor":3},{"not_picked":["ShootingEcho","UnstableBomb"],"picked":"MilkyWay","floor":4},{"not_picked":["UnstableBomb","ChargingUp"],"picked":"CasketOfStar","floor":7},{"not_picked":["6A","Acceleration"],"picked":"MachineGunSpark","floor":13},{"not_picked":["BinaryStars","BigCrunch"],"picked":"CollectingQuirk","floor":16},{"not_picked":["LuminesStrike+1","AlicesGift+1"],"picked":"OortCloud","floor":18},{"not_picked":["GravityBeat","UnstableBomb"],"picked":"AsteroidBelt","floor":19},{"not_picked":["6A","GravityBeat"],"picked":"AlicesGift+1","floor":22},{"not_picked":["Acceleration","MaximisePower"],"picked":"DoubleSpark+1","floor":27},{"not_picked":[],"picked":"Gensokyo:ShootingStar","floor":33},{"not_picked":["CasketOfStar","MaximisePower"],"picked":"SatelliteIllusion","floor":33},{"not_picked":["OneTimeOff+1","NonDirectionalLaser"],"picked":"AsteroidBelt+1","floor":35}],"player_experience":668126,"relics_obtained":[{"floor":7,"key":"Juzu Bracelet"},{"floor":9,"key":"Vajra"},{"floor":13,"key":"Lizard Tail"},{"floor":26,"key":"Shuriken"},{"floor":27,"key":"Girya"}],"event_choices":[],"is_beta":false,"boss_relics":[{"not_picked":["Snecko Eye","Sozu"],"picked":"Astrolabe"},{"not_picked":["SacredBark","SlaversCollar"],"picked":"RampagingMagicTools"}],"items_purged_floors":[],"is_endless":false,"potions_floor_spawned":[4,7,16,27],"killed_by":"Gensokyo:Marisa","ascension_level":20}}