{"host":"8cthvke634f9mtsj","time":1609098363,"event":{"mods":["AchievementEnabler","BaseMod","Colored Map","Colored Powertips","Minty Spire (QoL Compilation)","Rare Cards Sparkle"],"gold_per_floor":[116,135,151,165,165,194,194,228,228,228,303,313,293,304,304,304,304],"floor_reached":16,"playtime":1619,"items_purged":[],"score":118,"play_id":"8051de38-a086-4eb1-9353-55bc2d8c34b5","local_time":"20201227204603","is_ascension_mode":true,"campfire_choices":[{"data":"Eruption","floor":7,"key":"SMITH"},{"floor":15,"key":"REST"}],"circlet_count":0,"master_deck":["Strike_P","Strike_P","Strike_P","Strike_P","Defend_P","Defend_P","Defend_P","Defend_P","Eruption+1","Vigilance","Consecrate","Prostrate","EmptyFist","FollowUp","EmptyBody","Evaluate","Parasite","ClearTheMind","ClearTheMind"],"relics":["PureWater","Toy Ornithopter","Bag of Preparation"],"acts_visited":["Exordium"],"potions_floor_usage":[6,8,16,16,16],"damage_taken":[{"damage":5,"enemies":"Cultist","floor":1,"turns":5},{"damage":0,"enemies":"2 Louse","floor":2,"turns":2},{"damage":0,"enemies":"Jaw Worm","floor":3,"turns":3},{"damage":2,"enemies":"3 Louse","floor":4,"turns":3},{"damage":25,"enemies":"3 Sentries","floor":6,"turns":14},{"damage":28,"enemies":"Gremlin Nob","floor":8,"turns":5},{"damage":14,"enemies":"Exordium Thugs","floor":12,"turns":4},{"damage":5,"enemies":"Blue Slaver","floor":14,"turns":4},{"damage":35,"enemies":"Hexaghost","floor":16,"turns":15}],"seed_played":"4836111603304445999","potions_obtained":[{"floor":2,"key":"ColorlessPotion"},{"floor":4,"key":"BottledMiracle"},{"floor":12,"key":"Fire Potion"},{"floor":13,"key":"SpeedPotion"},{"floor":14,"key":"Weak Potion"}],"is_trial":false,"path_per_floor":["M","M","M","M","?","E","R","E","T","?","?","M","?","M","R","B"],"character_chosen":"WATCHER","items_purchased":[],"campfire_rested":1,"item_purchase_floors":[],"current_hp_per_floor":[67,67,67,65,70,45,45,22,22,41,30,16,16,11,34,14,14],"gold":304,"neow_bonus":"THREE_CARDS","is_daily":false,"chose_seed":false,"campfire_upgraded":1,"win_rate":0.0,"timestamp":1609098363,"path_taken":["M","M","M","M","?","E","R","E","T","?","?","?","?","?","R","BOSS"],"items_purchased_type":[],"build_version":"2020-12-22","purchased_purges":0,"victory":false,"max_hp_per_floor":[72,72,72,72,77,77,77,77,77,77,77,77,77,77,77,77,77],"card_choices":[{"not_picked":["InnerPeace","SandsOfTime"],"picked":"Consecrate","floor":0},{"not_picked":["EmptyBody","Wallop"],"picked":"Prostrate","floor":1},{"not_picked":["CutThroughFate","Consecrate"],"picked":"EmptyFist","floor":2},{"not_picked":["Halt","Fasting2"],"picked":"FollowUp","floor":3},{"not_picked":["Worship","DeceiveReality"],"picked":"EmptyBody","floor":4},{"not_picked":["BattleHymn","JustLucky"],"picked":"Evaluate","floor":6},{"not_picked":["ReachHeaven","EmptyBody","Sanctity"],"picked":"SKIP","floor":8},{"not_picked":["SpiritShield","Crescendo"],"picked":"ClearTheMind","floor":12},{"not_picked":["EmptyBody","SignatureMove"],"picked":"ClearTheMind","floor":14}],"player_experience":282911,"relics_obtained":[{"floor":6,"key":"Toy Ornithopter"},{"floor":8,"key":"Bag of Preparation"}],"event_choices":[{"damage_healed":0,"gold_gain":0,"player_choice":"Donut","damage_taken":0,"max_hp_gain":5,"max_hp_loss":0,"event_name":"Big Fish","floor":5,"gold_loss":0},{"damage_healed":19,"gold_gain":0,"player_choice":"Healed and dodged fight","damage_taken":0,"max_hp_gain":0,"max_hp_loss":0,"event_name":"Mushrooms","floor":10,"gold_loss":0,"cards_obtained":["Parasite"]},{"damage_healed":0,"gold_gain":75,"player_choice":"Gather Gold","damage_taken":11,"max_hp_gain":0,"max_hp_loss":0,"event_name":"World of Goop","floor":11,"gold_loss":0},{"damage_healed":0,"gold_gain":0,"player_choice":"Bought 1 Potion","damage_taken":0,"max_hp_gain":0,"max_hp_loss":0,"event_name":"The Woman in Blue","floor":13,"gold_loss":0}],"is_beta":false,"boss_relics":[],"items_purged_floors":[],"is_endless":false,"potions_floor_spawned":[2,4,12,14],"killed_by":"Hexaghost","ascension_level":1}}