{"host":"xuxmsn6olavvgi6l","time":1609096797,"event":{"mods":["AchievementEnabler","Act Like it!","BaseMod","Better Third Choice","BetterRewards","Colored Map","Colored Powertips","Hermit","Highlight Path","Hubris","Infinite Spire","Marisa????????","Minty Spire (QoL Compilation)","Rare Cards Sparkle","Replay The Spire","Shop Mod","StSLib","The Animator","The Bug Knight","The Construct","The Cursed","The Runesmith","The Servant 0.9.4"],"gold_per_floor":[113,113,124,124,124,124,124,124,151,151,163,16,16,16,16,16,16],"floor_reached":16,"playtime":434,"items_purged":[],"score":86,"play_id":"502a873c-7b47-4ecf-ba13-7f67eb70fce6","local_time":"20201227131957","is_ascension_mode":false,"campfire_choices":[{"data":"HollowMod:FocusHealStart","floor":6,"key":"SMITH"},{"data":"HollowMod:QuickDashStart","floor":10,"key":"SMITH"},{"data":"HollowMod:QuickDashStart","floor":13,"key":"SMITH"},{"floor":15,"key":"DIG"}],"circlet_count":0,"master_deck":["HollowMod:NailStrikeStart","HollowMod:NailStrikeStart","HollowMod:NailStrikeStart","HollowMod:QuickDashStart+1","HollowMod:QuickDashStart+1","HollowMod:QuickDashStart","HollowMod:FocusHealStart+1","HollowMod:PogoStrike","HollowMod:TaintedHusks+1","Burst+1"],"relics":["HollowMod:VesselMask","Lantern","hubris:Icosahedron","hubris:TenFootPole","Tiny Chest","hubris:EmptyBottle","Smiling Mask"],"acts_visited":["Exordium"],"potions_floor_usage":[16,16,16],"damage_taken":[{"damage":2,"enemies":"Small Slimes","floor":1,"turns":3},{"damage":0,"enemies":"2 Louse","floor":3,"turns":2},{"damage":2,"enemies":"Jaw Worm","floor":11,"turns":2},{"damage":91,"enemies":"Slime Boss","floor":16,"turns":11}],"seed_played":"7413198010932397682","potions_obtained":[{"floor":3,"key":"SteroidPotion"},{"floor":11,"key":"Swift Potion"}],"is_trial":false,"path_per_floor":["M","?","M","?","?","R","?","?","T","R","M","$","R","$","R_BF","B"],"character_chosen":"THE_BUGKNIGHT","items_purchased":["hubris:EmptyBottle"],"campfire_rested":0,"item_purchase_floors":[12],"current_hp_per_floor":[75,75,75,75,75,75,75,54,54,54,58,58,58,58,58,0,0],"gold":16,"neow_bonus":"RANDOM_COMMON_RELIC","is_daily":false,"chose_seed":false,"campfire_upgraded":3,"win_rate":0.0,"timestamp":1609096797,"path_taken":["M","?","M","?","?","R","?","?","T","R","M","?","R","$","R_BF","BOSS"],"items_purchased_type":["Relic"],"build_version":"2020-12-22","purchased_purges":0,"victory":false,"max_hp_per_floor":[75,75,75,75,75,75,75,75,75,75,75,75,75,75,75,75,75],"card_choices":[{"not_picked":["HollowMod:CycloneSlash","HollowMod:BrokenVessel","HollowMod:NewGlowingWomb"],"picked":"SKIP","floor":1},{"not_picked":["HollowMod:SharpenedNail","HollowMod:MawleksShell","HollowMod:InfectedAttack"],"picked":"SKIP","floor":3},{"not_picked":["HollowMod:CycloneSlash","HollowMod:NewGlowingWomb","HollowMod:GoodIntentions"],"picked":"SKIP","floor":11}],"player_experience":1301959,"relics_obtained":[{"floor":9,"key":"Tiny Chest"},{"floor":15,"key":"Smiling Mask"}],"event_choices":[],"is_beta":false,"boss_relics":[],"items_purged_floors":[],"is_endless":false,"potions_floor_spawned":[3,11],"killed_by":"Slime Boss","ascension_level":0}}