{"host":"dhyczjm99amxd3qx","time":1609044502,"event":{"mods":["BaseMod","Colored Map","Googly Eyes","Highlight Path","Minty Spire (QoL Compilation)","Quick Restart","StSLib"],"gold_per_floor":[109,126,51,126,126,161,179,189,189,189,205,237,237,256,256,256,256],"floor_reached":16,"playtime":593,"items_purged":["Defend_B"],"score":112,"play_id":"bbff6907-b8a6-4594-893f-3997d83a6c13","local_time":"20201226234822","is_ascension_mode":false,"campfire_choices":[{"floor":15,"key":"REST"}],"circlet_count":0,"master_deck":["Strike_B","Strike_B","Strike_B","Defend_B","Defend_B","Zap","Double Energy","Conserve Battery","Turbo","White Noise","Ball Lightning","Ball Lightning","Reinforced Body","BootSequence"],"relics":["Cracked Core","Bag of Marbles","Boot","Blue Candle"],"acts_visited":["Exordium"],"potions_floor_usage":[6,12,12],"damage_taken":[{"damage":5,"enemies":"Cultist","floor":1,"turns":4},{"damage":1,"enemies":"Jaw Worm","floor":2,"turns":2},{"damage":20,"enemies":"Gremlin Nob","floor":6,"turns":5},{"damage":0,"enemies":"2 Louse","floor":7,"turns":3},{"damage":5,"enemies":"Looter","floor":8,"turns":3},{"damage":6,"enemies":"2 Fungi Beasts","floor":11,"turns":3},{"damage":14,"enemies":"3 Sentries","floor":12,"turns":5},{"damage":11,"enemies":"Lots of Slimes","floor":14,"turns":2},{"damage":27,"enemies":"The Guardian","floor":16,"turns":2}],"seed_played":"-283884554789889787","potions_obtained":[{"floor":1,"key":"SpeedPotion"},{"floor":7,"key":"FocusPotion"},{"floor":8,"key":"SpeedPotion"}],"is_trial":false,"path_per_floor":["M","M","$","?","?","E","M","M","T","?","M","E","?","M","R","B"],"character_chosen":"DEFECT","items_purchased":[],"campfire_rested":1,"item_purchase_floors":[],"current_hp_per_floor":[77,76,76,65,65,45,45,40,40,33,27,13,13,2,26,0,0],"gold":256,"neow_bonus":"TEN_PERCENT_HP_BONUS","is_daily":false,"chose_seed":false,"campfire_upgraded":0,"win_rate":0.0,"timestamp":1609044502,"path_taken":["M","M","?","?","?","E","M","M","T","?","M","E","?","M","R","BOSS"],"items_purchased_type":[],"build_version":"2020-12-22","purchased_purges":1,"victory":false,"max_hp_per_floor":[82,82,82,82,82,82,82,82,82,82,82,82,82,82,82,82,82],"card_choices":[{"not_picked":["Compile Driver","Hologram"],"picked":"Double Energy","floor":1},{"not_picked":["Stack","Barrage","Hologram"],"picked":"SKIP","floor":2},{"not_picked":["Hologram","Biased Cognition"],"picked":"Conserve Battery","floor":6},{"not_picked":["Stack","Compile Driver"],"picked":"Turbo","floor":7},{"not_picked":["Gash","Turbo"],"picked":"White Noise","floor":8},{"not_picked":["Hologram","Doom and Gloom"],"picked":"Ball Lightning","floor":11},{"not_picked":["Gash","Lockon"],"picked":"Ball Lightning","floor":12},{"not_picked":["Streamline","Redo"],"picked":"BootSequence","floor":14}],"player_experience":87021,"relics_obtained":[{"floor":6,"key":"Bag of Marbles"},{"floor":9,"key":"Boot"},{"floor":12,"key":"Blue Candle"}],"event_choices":[{"damage_healed":0,"gold_gain":75,"player_choice":"Gather Gold","damage_taken":11,"max_hp_gain":0,"max_hp_loss":0,"event_name":"World of Goop","floor":4,"gold_loss":0},{"cards_removed":["Strike_B"],"damage_healed":0,"gold_gain":0,"player_choice":"Forget","damage_taken":0,"max_hp_gain":0,"max_hp_loss":0,"event_name":"Living Wall","floor":5,"gold_loss":0},{"cards_removed":["Defend_B"],"damage_healed":0,"gold_gain":0,"player_choice":"Card Removal","damage_taken":7,"max_hp_gain":0,"max_hp_loss":0,"event_name":"Golden Wing","floor":10,"gold_loss":0},{"damage_healed":0,"gold_gain":0,"cards_transformed":["Dualcast"],"player_choice":"Transformed","damage_taken":0,"max_hp_gain":0,"max_hp_loss":0,"event_name":"Transmorgrifier","floor":13,"gold_loss":0,"cards_obtained":["Reinforced Body"]}],"is_beta":false,"boss_relics":[],"items_purged_floors":[3],"is_endless":false,"potions_floor_spawned":[1,7,8],"killed_by":"The Guardian","ascension_level":0}}