{"host":"o7j6aatxjwpw1421","time":1609045329,"event":{"mods":["2.2 Compatiblity","AchievementEnabler","BaseMod","Colored Map","DeckTracker","Highlight Path","Keyboard Shortcuts","Minty Spire (QoL Compilation)","Permanent Neow","Quick Restart","StSLib","SuperFastMode","everything is the same but u backflip on backflip"],"gold_per_floor":[16,26,42,57,157,157,182,182,182,182,182],"floor_reached":10,"playtime":296,"items_purged":[],"score":116,"play_id":"20adbe8d-6904-45fa-abd1-84d97fbf680e","local_time":"20201227140209","is_ascension_mode":true,"campfire_choices":[{"data":"Limit Break","floor":6.0,"key":"SMITH"},{"data":"Flex","floor":8,"key":"SMITH"}],"circlet_count":0,"master_deck":["AscendersBane","Strike_R","Strike_R","Strike_R","Strike_R","Strike_R","Defend_R","Defend_R","Defend_R","Defend_R","Bash","Limit Break+1","Flex+1","Battle Trance","Sword Boomerang","Impervious"],"relics":["Burning Blood","Shovel","Ginger"],"acts_visited":["Exordium"],"potions_floor_usage":[7,7],"damage_taken":[{"damage":22.0,"enemies":"Small Slimes","floor":1.0,"turns":5.0},{"damage":6.0,"enemies":"Cultist","floor":2.0,"turns":4.0},{"damage":9.0,"enemies":"Jaw Worm","floor":3.0,"turns":4.0},{"damage":23.0,"enemies":"3 Louse","floor":4.0,"turns":4.0},{"damage":10,"enemies":"Lagavulin","floor":7,"turns":7},{"damage":25,"enemies":"3 Sentries","floor":10,"turns":5}],"seed_played":"3147168110000912451","potions_obtained":[{"floor":1.0,"key":"FearPotion"},{"floor":4.0,"key":"Block Potion"}],"is_trial":false,"path_per_floor":["M","M","M","M","?","R","E","R","T","E"],"character_chosen":"IRONCLAD","items_purchased":[],"campfire_rested":0,"item_purchase_floors":[],"current_hp_per_floor":[52,52,49,32,32,32,28,28,28,3,3],"gold":182,"neow_bonus":"THREE_RARE_CARDS","is_daily":false,"chose_seed":false,"campfire_upgraded":2,"win_rate":0.0,"timestamp":1609045329,"path_taken":["M","M","M","M","?","R","E","R","T","E"],"items_purchased_type":[],"build_version":"2020-12-22","purchased_purges":0,"victory":false,"max_hp_per_floor":[75,75,75,75,75,75,75,75,75,75,75],"card_choices":[{"not_picked":["Berserk","Offering"],"picked":"Limit Break","floor":0.0},{"not_picked":["Perfected Strike","Body Slam"],"picked":"Flex","floor":1.0},{"not_picked":["Fire Breathing","Twin Strike"],"picked":"Battle Trance","floor":2.0},{"not_picked":["Shrug It Off","Perfected Strike"],"picked":"Sword Boomerang","floor":3.0},{"not_picked":["Ghostly Armor","Burning Pact","Dark Embrace"],"picked":"SKIP","floor":4.0},{"not_picked":["Sentinel","Flame Barrier"],"picked":"Impervious","floor":7}],"player_experience":387716,"relics_obtained":[{"floor":7,"key":"Shovel"},{"floor":9,"key":"Ginger"}],"event_choices":[{"damage_healed":0.0,"max_hp_gain":0.0,"max_hp_loss":0.0,"gold_gain":100.0,"event_name":"Golden Shrine","player_choice":"Pray","floor":5.0,"gold_loss":0.0,"damage_taken":0.0}],"is_beta":false,"boss_relics":[],"items_purged_floors":[],"is_endless":false,"potions_floor_spawned":[1,4],"killed_by":"3 Sentries","ascension_level":14}}