{"host":"q8tqju4nyh10krg5","time":1609087843,"event":{"mods":["Act Like it!","BaseMod","Gensokyo","Minty Spire (QoL Compilation)","Pale of the Ancients","Spicy Shops","StSLib","The Marked","Wide Potions","thorton"],"gold_per_floor":[115,135,235,97,108,108,140,140,192,32,32,0,13,13,13,114,114,114,114,114,114,114,114,114,114,114,114,114,114,114,114,114,114,114,114,114,114,114,114,114,114,114,114,114,114,114,114,114,114,114,114,114,114,114,114,114,114],"floor_reached":56,"playtime":2888,"items_purged":[],"score":813,"play_id":"f33993e7-e2ac-48e5-ab92-cad214856846","local_time":"20201227175043","is_ascension_mode":false,"campfire_choices":[{"data":"theMarked:EnhancedHearing","floor":6.0,"key":"SMITH"},{"data":"theMarked:Electrocute","floor":8.0,"key":"SMITH"},{"data":"theMarked:MagicAdept","floor":11.0,"key":"SMITH"},{"data":"theMarked:ComboAttacks","floor":15.0,"key":"SMITH"},{"floor":25.0,"key":"REST"},{"floor":32.0,"key":"REST"},{"data":"theMarked:MuscleMemory","floor":40,"key":"SMITH"},{"data":"theMarked:BindingBlade","floor":42,"key":"SMITH"},{"data":"theMarked:SoldierOfQuellstein","floor":44,"key":"SMITH"},{"data":"Gensokyo:GreaterSplit","floor":49,"key":"SMITH"},{"floor":55,"key":"REST"}],"circlet_count":0,"master_deck":["theMarked:Strike","theMarked:Strike","theMarked:Strike","theMarked:Strike","theMarked:Strike+1","theMarked:Defend","theMarked:Defend","theMarked:Defend","theMarked:Defend","theMarked:SoldierOfQuellstein+1","theMarked:ChainLightning","theMarked:Electrocute+1","theMarked:MagicAdept+1","theMarked:EnhancedHearing+1","theMarked:BanishingStrike+1","theMarked:ComboAttacks+1","theMarked:BindingBlade+1","theMarked:TurnInvisible","theMarked:WardOff","theMarked:ElementalBlade","theMarked:Polarize","theMarked:TurnInvisible","theMarked:WardOff+1","theMarked:TurnInvisible","theMarked:HeightenedSenses+1","Gensokyo:GreaterSplit+1"],"relics":["theMarked:ArtifactOfAir","NeowsBlessing","theMarked:DemonDagger","Regal Pillow","ClockworkSouvenir","Ectoplasm","Omamori","Whetstone","Kunai","Pen Nib","Meat on the Bone","Busted Crown","Letter Opener","Juzu Bracelet","paleoftheancients:Timepiece","paleoftheancients:KeyRelic","Gremlin Horn","CultistMask","paleoftheancients:SoulOfTheCollector","Oddly Smooth Stone"],"acts_visited":["Gensokyo:Gensokyo","Gensokyo:Gensokyoer","Gensokyo:Gensokyoest","paleoftheancients:PaleOfTheAncients"],"potions_floor_usage":[],"damage_taken":[{"damage":0.0,"enemies":"Gensokyo:Python","floor":1.0,"turns":1.0},{"damage":0.0,"enemies":"Gensokyo:2_Kodama","floor":2.0,"turns":1.0},{"damage":0.0,"enemies":"Gensokyo:3_Fairies","floor":5.0,"turns":2.0},{"damage":27.0,"enemies":"Gensokyo:Aya","floor":7.0,"turns":10.0},{"damage":0.0,"enemies":"Gensokyo:LivingMonolith","floor":13.0,"turns":2.0},{"damage":4.0,"enemies":"Gensokyo:Reimu","floor":16.0,"turns":8.0},{"damage":0.0,"enemies":"Gensokyo:AngelMirror","floor":18.0,"turns":3.0},{"damage":5.0,"enemies":"Gensokyo:CosmicMonolith","floor":20.0,"turns":3.0},{"damage":9.0,"enemies":"Gensokyo:Swordslinger","floor":22.0,"turns":3.0},{"damage":27.0,"enemies":"Gensokyo:Tenshi","floor":23.0,"turns":4.0},{"damage":22.0,"enemies":"Gensokyo:Koishi","floor":27.0,"turns":5.0},{"damage":3.0,"enemies":"Gensokyo:Monolith_and_Dog","floor":28.0,"turns":3.0},{"damage":6.0,"enemies":"Gensokyo:Reisen","floor":29.0,"turns":6.0},{"damage":19.0,"enemies":"Gensokyo:Wraith","floor":31.0,"turns":3.0},{"damage":46,"enemies":"Gensokyo:Kaguya","floor":33,"turns":13},{"damage":0,"enemies":"Gensokyo:3_Boulders","floor":35,"turns":4},{"damage":3,"enemies":"Gensokyo:AncientGuardian","floor":36,"turns":6},{"damage":1,"enemies":"Gensokyo:3_Boulders","floor":37,"turns":6},{"damage":12,"enemies":"Gensokyo:Doremy","floor":41,"turns":5},{"damage":0,"enemies":"Gensokyo:Dusk_and_Dawn","floor":46,"turns":6},{"damage":1,"enemies":"Gensokyo:Shinki","floor":50,"turns":11},{"damage":78,"enemies":"Gensokyo:Shinki","floor":51,"turns":11},{"damage":61,"enemies":"Gensokyo:Shinki","floor":52,"turns":12},{"damage":88,"enemies":"Gensokyo:Shinki","floor":56,"turns":12}],"seed_played":"6364032990782621504","potions_obtained":[{"floor":7.0,"key":"Dexterity Potion"},{"floor":16.0,"key":"ColorlessPotion"},{"floor":27.0,"key":"BlessingOfTheForge"}],"is_trial":false,"path_per_floor":["M","M","?","$","M","R","E","R","T","COS","R","?","M","?","R","B",null,"M","$","M","COS","M","E","$","R","T","E","M","E","T","M","R","B",null,"M","M","M","?","?","R","E","R","T","R","$","M","?","?","R","B","M","M","T","T","R","M"],"character_chosen":"THE_DEFAULT","items_purchased":["theMarked:MagicAdept"],"campfire_rested":3,"item_purchase_floors":[4],"current_hp_per_floor":[70,70,70,70,70,70,43,43,43,43,43,59,59,59,59,55,70,70,70,65,65,56,29,29,65,65,43,40,34,34,27,63,29,70,70,67,66,66,66,66,54,54,54,54,54,54,54,54,54,70,70,46,46,46,70,0,0],"gold":114,"neow_bonus":"THREE_ENEMY_KILL","is_daily":false,"chose_seed":false,"campfire_upgraded":8,"win_rate":0.0,"timestamp":1609087843,"path_taken":["M","M","?","$","?","R","E","R","T","COS","R","?","M","?","R","BOSS","M","?","M","COS","M","E","$","R","T","E","M","E","?","M","R","BOSS","M","M","M","?","?","R","E","R","T","R","?","M","?","?","R","BOSS","M","M","?","T","R","M"],"items_purchased_type":["Card"],"build_version":"2020-12-22","purchased_purges":0,"victory":false,"max_hp_per_floor":[70,70,70,70,70,70,70,70,70,70,70,70,70,70,70,70,70,70,70,70,70,70,70,70,70,70,70,70,70,70,70,70,70,70,70,70,70,70,70,70,70,70,70,70,70,70,70,70,70,70,70,70,70,70,70,70,70],"card_choices":[{"not_picked":["theMarked:ElectricStrings","theMarked:GodGivenPower"],"picked":"theMarked:ChainLightning","floor":1.0},{"not_picked":["theMarked:Static","theMarked:TakeCover"],"picked":"theMarked:Electrocute","floor":2.0},{"not_picked":["theMarked:Panic","theMarked:Opportunist"],"picked":"theMarked:EnhancedHearing","floor":5.0},{"not_picked":["theMarked:Improvise","theMarked:PowerFlow"],"picked":"theMarked:BanishingStrike","floor":7.0},{"not_picked":["theMarked:ElectricStrings","theMarked:Parkour","theMarked:EmpowerWeapon"],"picked":"SKIP","floor":13.0},{"not_picked":["theMarked:TunnelVision","theMarked:GodGivenPower"],"picked":"theMarked:ComboAttacks","floor":14.0},{"not_picked":["theMarked:DeterminationOfTheMarked","theMarked:HeightenedSenses"],"picked":"theMarked:BindingBlade","floor":14.0},{"not_picked":["theMarked:SoldierForm","theMarked:ChannelForce"],"picked":"theMarked:TurnInvisible","floor":16.0},{"not_picked":["theMarked:ChainLightning+1","theMarked:WastefulAttack"],"picked":"theMarked:WardOff","floor":18.0},{"not_picked":["theMarked:LightningStrikesTwice","theMarked:Frustration+1","theMarked:Improvise"],"picked":"SKIP","floor":20.0},{"not_picked":["theMarked:Parkour+1","theMarked:TwofoldDefense+1"],"picked":"theMarked:ElementalBlade","floor":22.0},{"not_picked":["theMarked:ElectricStrings","theMarked:ResourceFulStrike"],"picked":"theMarked:Polarize","floor":23.0},{"not_picked":["theMarked:Polarize","theMarked:ReduceFriction"],"picked":"theMarked:MuscleMemory","floor":27.0},{"not_picked":["theMarked:KeepCalmAndFightOn","theMarked:ResourceFulStrike","theMarked:Parkour"],"picked":"SKIP","floor":28.0},{"not_picked":["theMarked:AttractMetal+1","theMarked:Overthink+1"],"picked":"theMarked:TurnInvisible","floor":29.0},{"not_picked":["theMarked:HeritageOfTheMarked+1","theMarked:Frustration"],"picked":"theMarked:WardOff+1","floor":31.0},{"not_picked":["theMarked:Abjuration","theMarked:SuspiciousRaven"],"picked":"theMarked:TurnInvisible","floor":33},{"not_picked":[],"picked":"theMarked:HeightenedSenses+1","floor":35},{"not_picked":["theMarked:Static+1"],"picked":"SKIP","floor":36},{"not_picked":["theMarked:WastefulAttack+1"],"picked":"SKIP","floor":37},{"not_picked":["theMarked:ResourceFulStrike+1"],"picked":"SKIP","floor":41},{"not_picked":["theMarked:HeritageOfTheMarked+1"],"picked":"SKIP","floor":46},{"not_picked":["theMarked:TunnelVision"],"picked":"SKIP","floor":52}],"player_experience":433223,"relics_obtained":[{"floor":7.0,"key":"theMarked:DemonDagger"},{"floor":9.0,"key":"Regal Pillow"},{"floor":23.0,"key":"Omamori"},{"floor":26.0,"key":"Whetstone"},{"floor":27.0,"key":"Kunai"},{"floor":29.0,"key":"Pen Nib"},{"floor":30.0,"key":"Meat on the Bone"},{"floor":41,"key":"Letter Opener"},{"floor":43,"key":"Juzu Bracelet"},{"floor":52,"key":"paleoftheancients:SoulOfTheCollector"},{"floor":54,"key":"Oddly Smooth Stone"}],"event_choices":[],"is_beta":false,"boss_relics":[{"not_picked":["theMarked:BronzeBlade","Pandora\u0027s Box"],"picked":"Ectoplasm"},{"not_picked":["Fusion Hammer","Coffee Dripper"],"picked":"Busted Crown"}],"items_purged_floors":[],"is_endless":false,"potions_floor_spawned":[7,16,22,27,28,31,35,37,46,52],"killed_by":"Gensokyo:Shinki","ascension_level":0}}