{"host":"mykjnfgvckiyjptv","time":1609035920,"event":{"mods":["2.2 Compatiblity","Act Like it!","Aspiration","BaseMod","Better Altar","Better Third Choice","BetterRewards","Card Forge","Custom Start","Dio Mod","Energized Spire","GifTheSpireLib","Gold Saver","Halation","Hermit","Hubris","Hyrulean Relics","Jedi Mod","Minty Spire (QoL Compilation)","Pale of the Ancients","Practice Mode","Replay The Spire","Shade Mod","Small Relic Pack","Spicy Shops","Spikes Relics","StSLib","Stuff the Spire","vexMod"],"gold_per_floor":[825,800,800,813,827,827,858,858,910,930,941,941,974,989,989,989,989],"floor_reached":16,"playtime":1329,"items_purged":[],"score":144,"play_id":"adecafb0-c80d-4d50-be99-a0123aef3d53","local_time":"20201226202520","is_ascension_mode":true,"campfire_choices":[{"floor":6.0,"key":"RECALL"},{"floor":8.0,"key":"REST"},{"data":"Worship","floor":12.0,"key":"SMITH"},{"floor":15.0,"key":"REST"}],"circlet_count":0,"master_deck":["Strike_P","Strike_P","Strike_P","Strike_P","Defend_P","Defend_P","Defend_P","Defend_P","Eruption+1","Vigilance+1","Wallop+1","BattleHymn+1","Tantrum+1","AbeCurse","FlurryOfBlows+1","Replay:DivineShield","Worship+1","Establishment"],"relics":["PureWater","Hammer of Thor","Seething Fire","Anvil of the Gods","halation:Jellyphish","vexMod:PlasmaPancake","Strange Spoon","ClockworkSouvenir","WarpedTongs","Blue Candle","halation:CatFaceCupcake"],"acts_visited":["Exordium"],"potions_floor_usage":[],"damage_taken":[{"damage":0.0,"enemies":"Cultist","floor":1.0,"turns":2.0},{"damage":0.0,"enemies":"2 Louse","floor":4.0,"turns":1.0},{"damage":1.0,"enemies":"Jaw Worm","floor":5.0,"turns":2.0},{"damage":1.0,"enemies":"3 Sentries","floor":7.0,"turns":3.0},{"damage":3.0,"enemies":"Looter","floor":10.0,"turns":2.0},{"damage":3.0,"enemies":"Exordium Thugs","floor":11.0,"turns":2.0},{"damage":0.0,"enemies":"Gremlin Nob","floor":13.0,"turns":2.0},{"damage":0.0,"enemies":"Large Slime","floor":14.0,"turns":2.0},{"damage":0,"enemies":"Hexaghost","floor":16,"turns":2}],"seed_played":"7116188706401240675","potions_obtained":[{"floor":5.0,"key":"Energy Potion"},{"floor":10.0,"key":"Elixir"}],"is_trial":false,"path_per_floor":["M","?","?","M","M","R","E","R","T","M","M","R","E","M","R","B"],"character_chosen":"WATCHER","items_purchased":["halation:Jellyphish","Wallop","BattleHymn","vexMod:PlasmaPancake","Tantrum","Strange Spoon","ClockworkSouvenir"],"campfire_rested":2,"item_purchase_floors":[0,0,0,0,0,0,0],"current_hp_per_floor":[78,78,78,78,77,77,76,78,78,75,72,72,72,72,78,78,78],"gold":989,"neow_bonus":"","is_daily":false,"chose_seed":false,"campfire_upgraded":1,"win_rate":0.0,"timestamp":1609035920,"path_taken":["M","?","?","M","M","R","E","R","T","?","M","R","E","M","R","BOSS"],"items_purchased_type":["Relic","Card","Card","Relic","Card","Relic","Relic"],"build_version":"2020-12-22","purchased_purges":0,"victory":false,"max_hp_per_floor":[78,78,78,78,78,78,78,78,78,78,78,78,78,78,78,78,78],"card_choices":[{"not_picked":["PathToVictory","Nirvana"],"picked":"FlurryOfBlows","floor":1.0},{"not_picked":["CarveReality","FollowUp","SandsOfTime"],"picked":"SKIP","floor":4.0},{"not_picked":["Fasting2","Replay:Hum","ClearTheMind"],"picked":"SKIP","floor":5.0},{"not_picked":["Evaluate","CutThroughFate","BattleHymn"],"picked":"SKIP","floor":7.0},{"not_picked":["Indignation","Replay:AtTheReady"],"picked":"Replay:DivineShield","floor":10.0},{"not_picked":["Replay:AtTheReady","EmptyFist"],"picked":"Worship","floor":11.0},{"not_picked":["Consecrate","BowlingBash"],"picked":"Establishment","floor":13.0},{"not_picked":["Crescendo","Evaluate","SashWhip"],"picked":"SKIP","floor":14.0}],"player_experience":434907,"relics_obtained":[{"floor":7.0,"key":"Blue Candle"}],"event_choices":[{"damage_healed":0.0,"max_hp_gain":0.0,"max_hp_loss":0.0,"gold_gain":0.0,"event_name":"Accursed Blacksmith","player_choice":"Rummage","floor":3.0,"gold_loss":0.0,"damage_taken":0.0,"relics_obtained":["WarpedTongs"],"cards_obtained":["Pain"]}],"is_beta":false,"boss_relics":[],"items_purged_floors":[],"is_endless":false,"potions_floor_spawned":[5,10,14],"killed_by":"Hexaghost","ascension_level":1}}