{"host":"bq4pt811tk9yrmjl","time":1609076937,"event":{"mods":["AchievementEnabler","BaseMod","Colored Map","Colored Powertips","Defuse TimeMaze Blight","Hermit","Minty Spire (QoL Compilation)","StSLib","SuperFastMode","UnlockEverythingMod"],"gold_per_floor":[110,110,128,128,128,163,163,163,163],"floor_reached":8,"playtime":59,"items_purged":[],"score":83,"play_id":"4a8db41e-8a86-4d7b-97f1-d31ea5604e68","local_time":"20201227114857","is_ascension_mode":true,"campfire_choices":[{"data":"hermit:Scavenge","floor":7,"key":"SMITH"}],"circlet_count":0,"master_deck":["hermit:Strike_Hermit","hermit:Strike_Hermit","hermit:Strike_Hermit","hermit:Strike_Hermit","hermit:Defend_Hermit","hermit:Defend_Hermit","hermit:Defend_Hermit","hermit:Defend_Hermit","hermit:Snapshot+1","hermit:Covet","hermit:Scavenge+1","hermit:Coalescence"],"relics":["hermit:Momento","NeowsBlessing","Gremlin Horn"],"acts_visited":["Exordium"],"potions_floor_usage":[],"damage_taken":[{"damage":0.0,"enemies":"Small Slimes","floor":1.0,"turns":1.0},{"damage":0,"enemies":"2 Louse","floor":3,"turns":2},{"damage":0,"enemies":"Gremlin Nob","floor":6,"turns":1},{"damage":0,"enemies":"Lagavulin","floor":8,"turns":1}],"seed_played":"-5725073986339096668","potions_obtained":[{"floor":1.0,"key":"Fire Potion"}],"is_trial":false,"path_per_floor":["M","?","M","?","?","E","R","E"],"character_chosen":"HERMIT","items_purchased":[],"campfire_rested":0,"item_purchase_floors":[],"current_hp_per_floor":[75,75,75,75,75,75,75,75,75],"gold":163,"neow_bonus":"THREE_ENEMY_KILL","is_daily":false,"chose_seed":false,"campfire_upgraded":1,"win_rate":0.0,"timestamp":1609076937,"path_taken":["M","?","M","?","?","E","R","E"],"items_purchased_type":[],"build_version":"2020-12-22","purchased_purges":0,"victory":false,"max_hp_per_floor":[75,75,75,75,75,75,75,75,75],"card_choices":[{"not_picked":["hermit:Midnight","hermit:WideOpen"],"picked":"hermit:Scavenge","floor":1.0},{"not_picked":["hermit:Grudge","hermit:Snipe","hermit:LuckOfTheDraw"],"picked":"SKIP","floor":3},{"not_picked":["hermit:Ricochet","hermit:FullyLoaded"],"picked":"hermit:Coalescence","floor":6}],"player_experience":126606,"relics_obtained":[{"floor":6,"key":"Gremlin Horn"}],"event_choices":[{"damage_healed":0,"gold_gain":0,"player_choice":"Ignored","damage_taken":0,"max_hp_gain":0,"max_hp_loss":0,"event_name":"Shining Light","floor":2,"gold_loss":0},{"damage_healed":0,"gold_gain":0,"player_choice":"Leave","damage_taken":0,"max_hp_gain":0,"max_hp_loss":0,"event_name":"The Cleric","floor":4,"gold_loss":0},{"damage_healed":0,"gold_gain":0,"player_choice":"Grow","damage_taken":0,"max_hp_gain":0,"max_hp_loss":0,"event_name":"Living Wall","floor":5,"gold_loss":0,"cards_upgraded":["hermit:Snapshot"]}],"is_beta":false,"boss_relics":[],"items_purged_floors":[],"is_endless":false,"potions_floor_spawned":[1],"killed_by":"Lagavulin","ascension_level":1}}