{"host":"ff0k6g9g9j8o52vm","time":1609111036,"event":{"mods":["AchievementEnabler","Aspiration","Astrologer","BaseMod","Beaked The Cultist","Better Altar","Better Match","Better Note","Better Sensory Stone","Better Skull","Better Third Choice","Colored Map","Colored Powertips","Curses Come First","DeckTracker","Downfall","Duelist Mod","Energized Spire","GifTheSpireLib","Gremlin Mod","Hermit","Highlight Path","Hubris","Infinite Spire","Jorbs\u0027s Wanderer Trilogy","Koishi","Marisa????????","Minty Spire (QoL Compilation)","Quick Restart","Random Character Button","Replay The Spire","Robot Space Explorer","StSLib","The Animator","The Bug Knight","The Construct","The Cursed","The Disciple","The Dragon Tamer","The Forsaken","The Hayseed","The Hierophant","The Judge","The Jungle","The Marked","The Mystic","The Necromancer","The Poker Player","The Runesmith","The Senshi","The Servant 0.9.4","TheArtist","Wandering Minibosses"],"gold_per_floor":[113,123,142,152,165,165,181,181,204,204,232,232,247,247,247,348,348,365,365,365,290,305,325,335,335,335],"floor_reached":25,"playtime":2797,"items_purged":["artistmod:StrokeStrike"],"score":232,"play_id":"8cb363be-6830-4e3b-b1f1-22d3958dde92","local_time":"20201227151716","is_ascension_mode":false,"campfire_choices":[{"data":"artistmod:ColorCopy","floor":6,"key":"SMITH"},{"floor":8,"key":"REST"},{"data":"artistmod:DarkenDrawing","floor":10,"key":"SMITH"},{"floor":15,"key":"DIG"}],"circlet_count":0,"master_deck":["artistmod:StrokeStrike","artistmod:StrokeStrike","artistmod:DaringDefend","artistmod:DaringDefend","artistmod:DaringDefend","artistmod:DaringDefend","artistmod:DarkenDrawing+1","artistmod:BlueBurst","artistmod:ColorCopy+1","artistmod:DualDash","artistmod:RedRazzing","artistmod:RedRage","artistmod:ChromaCrash","artistmod:PaintballPelt","artistmod:ColorCopy+1","artistmod:IndigoIncapitation+1","artistmod:MysteriousMasterpiece","artistmod:RedRazzing+1","infinitespire:NeuralNetwork","artistmod:RaringRepaint","Thinking Ahead+1","artistmod:ChosenColors","artistmod:BanefulBucket","artistmod:AquaAnnoyance+1"],"relics":["artistmod:BlueBrush","Toy Ornithopter","hubris:DeckOfHolding","Onion Ring","hubris:HollowSoul","FossilizedHelix"],"acts_visited":["Exordium","TheCity"],"potions_floor_usage":[5,11,13,25],"damage_taken":[{"damage":0,"enemies":"Small Slimes","floor":1,"turns":4},{"damage":6,"enemies":"2 Louse","floor":2,"turns":2},{"damage":0,"enemies":"Jaw Worm","floor":3,"turns":6},{"damage":22,"enemies":"2 Fungi Beasts","floor":4,"turns":5},{"damage":11,"enemies":"Red Slaver","floor":5,"turns":3},{"damage":0,"enemies":"Exordium Thugs","floor":7,"turns":5},{"damage":6,"enemies":"HollowMod:MossKnight","floor":11,"turns":9},{"damage":7,"enemies":"Gremlin Gang","floor":13,"turns":5},{"damage":32,"enemies":"Hexaghost","floor":16,"turns":12},{"damage":4,"enemies":"Shell Parasite","floor":18,"turns":9},{"damage":27,"enemies":"Spheric Guardian","floor":22,"turns":5},{"damage":15,"enemies":"Chosen and Byrds","floor":23,"turns":6},{"damage":28,"enemies":"Sentry and Sphere","floor":24,"turns":11},{"damage":20,"enemies":"Cultist and Chosen","floor":25,"turns":4}],"seed_played":"1016568701025437322","potions_obtained":[{"floor":2,"key":"sneckomod:MuddlingPotion"},{"floor":4,"key":"Explosive Potion"},{"floor":5,"key":"Weak Potion"},{"floor":11,"key":"SteroidPotion"}],"is_trial":false,"path_per_floor":["M","M","M","M","M","R","M","R","T","R","E","?","M","?","R_BF","B",null,"M","AVR","?","?","M","M","M","M"],"character_chosen":"THE_ARTIST","items_purchased":[],"campfire_rested":1,"item_purchase_floors":[],"current_hp_per_floor":[78,72,72,50,39,39,39,62,62,62,61,61,59,59,59,27,78,74,74,74,74,47,32,4,0,0],"gold":335,"neow_bonus":"TEN_PERCENT_HP_BONUS","is_daily":false,"chose_seed":false,"campfire_upgraded":2,"win_rate":0.0,"timestamp":1609111036,"path_taken":["M","M","M","M","M","R","M","R","T","R","E","?","M","?","R_BF","BOSS","M","AVR","?","?","M","M","M","M"],"items_purchased_type":[],"build_version":"2020-12-22","purchased_purges":1,"victory":false,"max_hp_per_floor":[78,78,78,78,78,78,78,78,78,78,78,78,78,78,78,78,78,78,78,78,78,78,78,78,78,78],"card_choices":[{"not_picked":["artistmod:AquaAnnoyance","artistmod:PaintBreath"],"picked":"artistmod:BlueBurst","floor":1},{"not_picked":["artistmod:PurplePurpose","artistmod:TreasureTrove"],"picked":"artistmod:ColorCopy","floor":2},{"not_picked":["artistmod:TreasureTrove","artistmod:BlueBurst"],"picked":"artistmod:DualDash","floor":3},{"not_picked":["artistmod:PalettePick","artistmod:PrismaticPain"],"picked":"artistmod:RedRazzing","floor":4},{"not_picked":["artistmod:InsaneInspiration","artistmod:BlueBurst"],"picked":"artistmod:RedRage","floor":5},{"not_picked":["artistmod:MysteriousMasterpiece","artistmod:AquaAnnoyance"],"picked":"artistmod:ChromaCrash","floor":7},{"not_picked":["artistmod:BrownBrush","artistmod:ColorCopy"],"picked":"artistmod:PaintballPelt","floor":11},{"not_picked":["artistmod:CursedClash","artistmod:ClearChroma"],"picked":"artistmod:IndigoIncapitation","floor":13},{"not_picked":["artistmod:BigBrown","artistmod:MagentaMist"],"picked":"artistmod:MysteriousMasterpiece","floor":16},{"not_picked":["artistmod:CanvasCatapult","artistmod:SweepingSadness"],"picked":"artistmod:RedRazzing+1","floor":18},{"not_picked":["ReplayTheSpireMod:Necrogeddon+1","Replay:Dark Deal+1"],"picked":"Thinking Ahead+1","floor":21},{"not_picked":["artistmod:PurplePain+1","artistmod:ChromaCrash"],"picked":"artistmod:ChosenColors","floor":22},{"not_picked":["artistmod:IchorInk","artistmod:ColorCopy"],"picked":"artistmod:BanefulBucket","floor":23},{"not_picked":["artistmod:ColorfulClobber","artistmod:ChromaCrash"],"picked":"artistmod:AquaAnnoyance+1","floor":24}],"player_experience":884886,"relics_obtained":[{"floor":9,"key":"Toy Ornithopter"},{"floor":11,"key":"hubris:DeckOfHolding"},{"floor":15,"key":"Onion Ring"}],"event_choices":[{"damage_healed":0,"gold_gain":0,"cards_transformed":["artistmod:StrokeStrike"],"player_choice":"Transformed","damage_taken":0,"max_hp_gain":0,"max_hp_loss":0,"event_name":"Transmorgrifier","floor":20,"gold_loss":0,"cards_obtained":["artistmod:RaringRepaint"]},{"damage_healed":0,"gold_gain":0,"player_choice":"2","damage_taken":0,"max_hp_gain":0,"max_hp_loss":0,"event_name":"betterMatch:BetterMatch","floor":21,"gold_loss":0,"cards_obtained":["betterMatch:ColorlessRareCard"]}],"is_beta":false,"boss_relics":[{"not_picked":["energizedSpire:OgreHead","construct:ClawGrip"],"picked":"hubris:HollowSoul"}],"items_purged_floors":[19],"is_endless":false,"potions_floor_spawned":[2,4,5,11],"killed_by":"Cultist and Chosen","ascension_level":0}}