{"host":"dpbezu80jg8zk7un","time":1609110608,"event":{"mods":["BaseMod","Colored Map","Colored Powertips","Custom Start","DeckTracker","Minty Spire (QoL Compilation)","Quick Restart","StSLib","SuperFastMode"],"gold_per_floor":[110,110,129,129,129,129,142,162,162,12,12,12,12,31,31,104,154,168,168,188,188,198,198,213,213,238,266,266,266],"floor_reached":28,"playtime":612,"items_purged":["Strike_B"],"score":416,"play_id":"6f8ba375-f9b3-484d-bf85-bb33cda17c92","local_time":"20201228081008","is_ascension_mode":true,"campfire_choices":[{"data":"Zap","floor":6.0,"key":"SMITH"},{"data":"Darkness","floor":12.0,"key":"SMITH"},{"data":"Dualcast","floor":15.0,"key":"SMITH"},{"floor":23,"key":"REST"},{"floor":25,"key":"REST"}],"circlet_count":0,"master_deck":["AscendersBane","Strike_B+1","Strike_B","Defend_B","Defend_B","Defend_B","Defend_B","Zap+1","Dualcast+1","Capacitor","Darkness+1","Chill","Electrodynamics","Hologram","Loop+1","Cold Snap","Recycle"],"relics":["Cracked Core","Bag of Marbles","Unceasing Top","Calipers","Tiny House","Red Mask"],"acts_visited":["Exordium","TheCity"],"potions_floor_usage":[22,22],"damage_taken":[{"damage":8.0,"enemies":"Small Slimes","floor":1.0,"turns":3.0},{"damage":14.0,"enemies":"2 Louse","floor":3.0,"turns":3.0},{"damage":6.0,"enemies":"Cultist","floor":7.0,"turns":3.0},{"damage":5.0,"enemies":"2 Fungi Beasts","floor":8.0,"turns":3.0},{"damage":12.0,"enemies":"Looter","floor":14.0,"turns":3.0},{"damage":31.0,"enemies":"Slime Boss","floor":16.0,"turns":6.0},{"damage":1.0,"enemies":"3 Byrds","floor":18.0,"turns":2.0},{"damage":30,"enemies":"Spheric Guardian","floor":20,"turns":7},{"damage":24,"enemies":"Chosen and Byrds","floor":22,"turns":5},{"damage":38,"enemies":"Shelled Parasite and Fungi","floor":24,"turns":4},{"damage":11,"enemies":"Masked Bandits","floor":27,"turns":4},{"damage":19,"enemies":"Sentry and Sphere","floor":28,"turns":5}],"seed_played":"-6203962896552223633","potions_obtained":[{"floor":7.0,"key":"GamblersBrew"},{"floor":17.0,"key":"EssenceOfDarkness"},{"floor":24,"key":"CultistPotion"}],"is_trial":false,"path_per_floor":["M","?","M","?","?","R","M","M","T","$","?","R","?","M","R","B",null,"M","?","M","?","M","R","M","R","T","?","M"],"character_chosen":"DEFECT","items_purchased":["Darkness"],"campfire_rested":2,"item_purchase_floors":[10],"current_hp_per_floor":[56,56,42,42,42,42,36,31,31,31,54,54,47,35,35,4,59,58,76,46,46,22,44,6,28,28,17,0,0],"gold":266,"neow_bonus":"RANDOM_COMMON_RELIC","is_daily":false,"chose_seed":false,"campfire_upgraded":3,"win_rate":0.0,"timestamp":1609110608,"path_taken":["M","?","M","?","?","R","M","?","T","$","?","R","?","M","R","BOSS","M","?","?","?","M","R","M","R","T","?","M"],"items_purchased_type":["Card"],"build_version":"2020-12-22","purchased_purges":1,"victory":false,"max_hp_per_floor":[71,71,71,71,71,71,71,71,71,71,71,71,71,71,71,71,76,76,76,76,76,76,76,76,76,76,76,76,76],"card_choices":[{"not_picked":["Turbo","Redo"],"picked":"Sweeping Beam","floor":1.0},{"not_picked":["Redo","Sweeping Beam"],"picked":"Capacitor","floor":3.0},{"not_picked":["Turbo","Compile Driver"],"picked":"Doom and Gloom","floor":7.0},{"not_picked":["Steam","Static Discharge","Go for the Eyes"],"picked":"SKIP","floor":8.0},{"not_picked":["Beam Cell","Compile Driver"],"picked":"Chill","floor":14.0},{"not_picked":["Thunder Strike","Echo Form"],"picked":"Electrodynamics","floor":16.0},{"not_picked":["Capacitor","Sweeping Beam"],"picked":"Hologram","floor":17.0},{"not_picked":["Darkness","Rebound+1"],"picked":"Loop+1","floor":18.0},{"not_picked":["Ball Lightning","Leap"],"picked":"Cold Snap","floor":20},{"not_picked":["Beam Cell","Go for the Eyes","White Noise"],"picked":"SKIP","floor":22},{"not_picked":["Leap+1","Conserve Battery"],"picked":"Recycle","floor":24}],"player_experience":2785498,"relics_obtained":[{"floor":9.0,"key":"Calipers"},{"floor":27,"key":"Red Mask"}],"event_choices":[{"damage_healed":0.0,"max_hp_gain":0.0,"max_hp_loss":0.0,"gold_gain":0.0,"event_name":"Liars Game","player_choice":"Ignored","floor":2.0,"gold_loss":0.0,"damage_taken":0.0},{"damage_healed":0.0,"max_hp_gain":0.0,"max_hp_loss":0.0,"gold_gain":0.0,"event_name":"Shining Light","player_choice":"Ignored","floor":4.0,"gold_loss":0.0,"damage_taken":0.0},{"cards_removed":["Sweeping Beam"],"damage_healed":0.0,"max_hp_gain":0.0,"max_hp_loss":0.0,"gold_gain":0.0,"event_name":"WeMeetAgain","player_choice":"Gave Card","floor":5.0,"gold_loss":0.0,"damage_taken":0.0,"relics_obtained":["Unceasing Top"]},{"damage_healed":23.0,"max_hp_gain":0.0,"max_hp_loss":0.0,"gold_gain":0.0,"event_name":"Big Fish","player_choice":"Banana","floor":11.0,"gold_loss":0.0,"damage_taken":0.0},{"cards_removed":["Strike_B"],"damage_healed":0.0,"max_hp_gain":0.0,"max_hp_loss":0.0,"gold_gain":0.0,"event_name":"Golden Wing","player_choice":"Card Removal","floor":13.0,"gold_loss":0.0,"damage_taken":7.0},{"cards_removed":["Doom and Gloom"],"damage_healed":18.0,"max_hp_gain":0.0,"max_hp_loss":0.0,"gold_gain":0.0,"event_name":"Bonfire Elementals","player_choice":"Offered Uncommon","floor":19.0,"gold_loss":0.0,"damage_taken":0.0},{"damage_healed":0,"gold_gain":0,"player_choice":"Ignored","damage_taken":0,"max_hp_gain":0,"max_hp_loss":0,"event_name":"Cursed Tome","floor":21,"gold_loss":0},{"damage_healed":0,"gold_gain":0,"player_choice":"Fought Bandits","damage_taken":0,"max_hp_gain":0,"max_hp_loss":0,"event_name":"Masked Bandits","floor":27,"gold_loss":0}],"is_beta":false,"boss_relics":[{"not_picked":["Runic Dome","Coffee Dripper"],"picked":"Tiny House"}],"items_purged_floors":[10],"is_endless":false,"potions_floor_spawned":[7,24],"killed_by":"Sentry and Sphere","ascension_level":20}}