{"host":"rvgqag7mtxu5qaaz","time":1609095747,"event":{"mods":["AchievementEnabler","BaseMod","Downfall","Hermit","Hubris","Minty Spire (QoL Compilation)","Replay The Spire","StSLib","SuperFastMode","The Animator","The Construct","The Cursed","The Disciple","The Necromancer"],"gold_per_floor":[119,132,102,120,120,153,153,171,195,245,261,291,302,302,302,401,401,420,75,89,163,176,176,176],"floor_reached":23,"playtime":1767,"items_purged":["sneckomod:Bewildered"],"score":228,"play_id":"fa32f5b5-7fe1-4411-a39b-15f6c7f2cd64","local_time":"20201227140227","is_ascension_mode":false,"campfire_choices":[{"floor":7,"key":"REST"},{"floor":15,"key":"REST"}],"circlet_count":0,"master_deck":["hermit:Strike_Hermit","hermit:Strike_Hermit","hermit:Strike_Hermit","hermit:Defend_Hermit","hermit:Defend_Hermit","hermit:Defend_Hermit","hermit:Snapshot","hermit:Covet","hermit:Ricochet","hermit:GoldenBullet","hermit:Brawl","hermit:CursedWeapon","Regret","Pot Of Greed","Pot Of Greed","hermit:CursedWeapon","hermit:HeroicBravado","hermit:EyeOfTheStorm","hermit:Snipe","hermit:DeadOrAlive","ReplayTheSpireMod:Restless Dread","hermit:FatalDesire","hermit:Grudge+1","Midas Touch","hermit:Combo","Pot Of Greed","hermit:PistolWhip","TheCursedMod:Dregs","hermit:GhostlyPresence"],"relics":["hermit:Momento","Grinning Jar","Darkstone Periapt","Blood Vial","Ring of Fangs","Ring of Greed","Replay:Wax Seal","MealTicket","Replay:Kaleidoscope","Black Star","Mummified Hand"],"acts_visited":["Exordium","TheCity"],"potions_floor_usage":[12,12,12,16,16,23],"damage_taken":[{"damage":0,"enemies":"Small Slimes","floor":1,"turns":2},{"damage":6,"enemies":"Cultist","floor":2,"turns":3},{"damage":6,"enemies":"Jaw Worm","floor":4,"turns":3},{"damage":27,"enemies":"Replay:BlueRogue","floor":6,"turns":8},{"damage":4,"enemies":"Exordium Wildlife","floor":8,"turns":3},{"damage":13,"enemies":"Blue Slaver","floor":11,"turns":3},{"damage":18,"enemies":"Lagavulin","floor":12,"turns":5},{"damage":2,"enemies":"2 Fungi Beasts","floor":13,"turns":2},{"damage":27,"enemies":"Slime Boss","floor":16,"turns":12},{"damage":45,"enemies":"2 Thieves","floor":18,"turns":4},{"damage":19,"enemies":"3 Byrds","floor":20,"turns":4},{"damage":40,"enemies":"Snake Plant","floor":22,"turns":4},{"damage":12,"enemies":"Gremlin Leader","floor":23,"turns":2}],"seed_played":"2410858051080641056","potions_obtained":[{"floor":1,"key":"Toxic Potion"},{"floor":3,"key":"BlessingOfTheForge"},{"floor":3,"key":"Block Potion"},{"floor":12,"key":"Dexterity Potion"},{"floor":13,"key":"Fire Potion"},{"floor":22,"key":"SteroidPotion"}],"is_trial":false,"path_per_floor":["M","M","?","M","?","E","R","M","T","?","M","E","M","?","R","B",null,"M","$","M","T","M","E"],"character_chosen":"HERMIT","items_purchased":["Midas Touch","hermit:Combo"],"campfire_rested":2,"item_purchase_floors":[19,19],"current_hp_per_floor":[54,48,48,42,42,15,37,33,33,39,28,12,12,12,36,17,87,42,57,40,46,8,0,0],"gold":176,"neow_bonus":"TRANSFORM_TWO_CARDS","is_daily":false,"chose_seed":false,"campfire_upgraded":0,"win_rate":0.0,"timestamp":1609095747,"path_taken":["M","M","?","?","?","E","R","M","T","?","M","E","M","?","R","BOSS","M","$","M","?","M","E"],"items_purchased_type":["Card","Card"],"build_version":"2020-12-22","purchased_purges":1,"victory":false,"max_hp_per_floor":[75,75,75,75,75,75,75,75,75,81,81,81,81,81,81,87,87,87,87,87,93,93,93,93],"card_choices":[{"not_picked":["hermit:Showdown","hermit:Snipe"],"picked":"hermit:Brawl","floor":1},{"not_picked":["hermit:SprayPray","hermit:NoHoldsBarred","hermit:ItchyTrigger"],"picked":"SKIP","floor":2},{"not_picked":["hermit:Misfire","hermit:PistolWhip"],"picked":"hermit:CursedWeapon","floor":4},{"not_picked":["hermit:Quickdraw","hermit:DeadMansHand"],"picked":"hermit:CursedWeapon","floor":6},{"not_picked":["hermit:Dive","hermit:TakeCover","hermit:Headshot"],"picked":"SKIP","floor":8},{"not_picked":["hermit:Misfire","hermit:Maintenance"],"picked":"hermit:HeroicBravado","floor":11},{"not_picked":["hermit:LowProfile","hermit:Quickdraw"],"picked":"hermit:EyeOfTheStorm","floor":12},{"not_picked":["hermit:Desperado","hermit:DeadMansHand"],"picked":"hermit:Snipe","floor":13},{"not_picked":["hermit:RoundhouseKick","hermit:Gambit"],"picked":"hermit:FatalDesire","floor":16},{"not_picked":["hermit:SprayPray","hermit:Glare"],"picked":"hermit:Grudge+1","floor":18},{"not_picked":["hermit:Scavenge","hermit:Snipe"],"picked":"hermit:PistolWhip","floor":20},{"not_picked":["hermit:DeadMansHand","hermit:Manifest"],"picked":"hermit:GhostlyPresence","floor":22}],"player_experience":305842,"relics_obtained":[{"floor":6,"key":"Darkstone Periapt"},{"floor":9,"key":"Blood Vial"},{"floor":10,"key":"Ring of Fangs"},{"floor":10,"key":"Ring of Greed"},{"floor":10,"key":"Replay:Wax Seal"},{"floor":10,"key":"MealTicket"},{"floor":12,"key":"Replay:Kaleidoscope"},{"floor":21,"key":"Mummified Hand"}],"event_choices":[{"damage_healed":0,"gold_gain":0,"player_choice":"Bought 2 Potions","damage_taken":0,"max_hp_gain":0,"max_hp_loss":0,"event_name":"The Woman in Blue","floor":3,"gold_loss":0},{"damage_healed":0,"gold_gain":0,"player_choice":"Box","damage_taken":0,"relics_obtained":["Grinning Jar"],"max_hp_gain":0,"max_hp_loss":0,"event_name":"Big Fish","floor":5,"gold_loss":0,"cards_obtained":["Regret"]},{"damage_healed":0,"gold_gain":0,"player_choice":"1 cards matched","damage_taken":0,"max_hp_gain":0,"max_hp_loss":0,"event_name":"Match and Keep!","floor":14,"gold_loss":0,"cards_obtained":["hermit:DeadOrAlive"]}],"is_beta":false,"boss_relics":[{"not_picked":["hermit:BartenderGlass","Runic Dome"],"picked":"Black Star"}],"items_purged_floors":[19],"is_endless":false,"potions_floor_spawned":[1,6,8,12,13,22],"killed_by":"Gremlin Leader","ascension_level":0}}