{"host":"po0gzr6h085cygwo","time":1609075807,"event":{"mods":["AchievementEnabler","BaseMod","Colored Map","DeckTracker","KOR Keyword Fix","Minty Spire (QoL Compilation)","Rare Cards Sparkle","Replay The Spire","StSLib","SuperFastMode","The Cursed"],"gold_per_floor":[99,99,23,23,23,48,48,65,91,122,157,157,217,72,72,177,177,197,231,74,88,88,88,88,88,88,116,116,136,136,136,136,241,241,259,309,531,1,14,45,74,74,74],"floor_reached":42,"playtime":2711,"items_purged":["Quick Slash+1"],"score":1007,"play_id":"662cb775-b4f2-481f-84b3-e2fa45b2faed","local_time":"20201227223007","daily_mods":["Heirloom","Flight"],"is_ascension_mode":false,"campfire_choices":[{"data":"Caltrops","floor":12.0,"key":"SMITH"},{"data":"Fluid Movement","floor":15.0,"key":"SMITH"},{"data":"Replay:Poison Smokescreen","floor":23.0,"key":"SMITH"},{"data":"Well Laid Plans","floor":24.0,"key":"SMITH"},{"data":"Flechettes","floor":25.0,"key":"SMITH"},{"floor":28,"key":"REST"},{"data":"Adrenaline","floor":30,"key":"SMITH"},{"data":"Flechettes","floor":32,"key":"SMITH"}],"circlet_count":0,"master_deck":["Flechettes+1","Flechettes+1","Caltrops+1","Caltrops+1","Noxious Fumes+1","Noxious Fumes+1","Blur+1","Blur+1","Blur+1","Blur+1","Footwork+1","Footwork+1","Caltrops+1","Bouncing Flask+1","Well Laid Plans+1","Fluid Movement+1","Corpse Explosion","Replay:Poison Smokescreen+1","Adrenaline+1","ReplayTheSpireMod:Necrosis","Noxious Fumes+1"],"relics":["StoneCalendar","CaptainsWheel","Bottled Flame","Sizzling Blood","War Paint","Omamori","Replay:Bottled Steam","Orichalcum","Blue Doll","Ring of Chaos","Red Mask","Bronze Scales","Ninja Scroll","Pet Ghost","Unceasing Top","TheAbacus","MealTicket","Bag of Preparation","Eternal Feather","Golden Egg"],"acts_visited":["Exordium","TheCity","TheBeyond"],"potions_floor_usage":[33,36],"damage_taken":[{"damage":2.0,"enemies":"Gremlin Nob","floor":6.0,"turns":5.0},{"damage":0.0,"enemies":"Small Slimes","floor":8.0,"turns":3.0},{"damage":6.0,"enemies":"3 Sentries","floor":10.0,"turns":5.0},{"damage":0.0,"enemies":"Lagavulin","floor":11.0,"turns":6.0},{"damage":3.0,"enemies":"Fading Forest","floor":16.0,"turns":11.0},{"damage":14.0,"enemies":"2 Thieves","floor":18.0,"turns":4.0},{"damage":28.0,"enemies":"Masked Bandits","floor":19.0,"turns":5.0},{"damage":1.0,"enemies":"Spheric Guardian","floor":21.0,"turns":5.0},{"damage":29,"enemies":"Book of Stabbing","floor":27,"turns":6},{"damage":0,"enemies":"3 Cultists","floor":29,"turns":3},{"damage":4,"enemies":"Pondfish","floor":33,"turns":8},{"damage":3,"enemies":"Orb Walker","floor":35,"turns":4},{"damage":1,"enemies":"Mind Bloom Boss Battle","floor":36,"turns":7},{"damage":1,"enemies":"3 Shapes","floor":39,"turns":4},{"damage":19,"enemies":"Reptomancer","floor":40,"turns":6},{"damage":8,"enemies":"Giant Head","floor":41,"turns":10},{"damage":55,"enemies":"Reptomancer","floor":42,"turns":2}],"seed_played":"4680260040279953078","potions_obtained":[{"floor":6.0,"key":"DuplicationPotion"},{"floor":8.0,"key":"SpeedPotion"},{"floor":13.0,"key":"BlessingOfTheForge"},{"floor":19.0,"key":"Reflective Coating"},{"floor":29,"key":"SteroidPotion"},{"floor":35,"key":"LifebloodPotion"},{"floor":39,"key":"Venom Potion"}],"is_trial":true,"path_per_floor":["WH","WH","$","WH","WH","E","?","M","T","E","E","R","?","$","R","B",null,"M","?","$","M","?","R","R","R","T","E","R","M","R","?","R","B",null,"M","?","?","$","M","E","E","E"],"character_chosen":"THE_SILENT","items_purchased":["Caltrops","Blue Doll","Bronze Scales","TheAbacus","MealTicket","Bag of Preparation"],"campfire_rested":1,"item_purchase_floors":[3,14,20,38,38,38],"current_hp_per_floor":[70,70,70,70,70,68,72,74,74,72,74,74,45,45,45,46,74,64,40,40,43,43,43,43,43,43,18,40,44,44,44,44,44,74,74,74,74,74,74,59,55,0,0],"gold":74,"neow_bonus":"","is_daily":false,"chose_seed":false,"campfire_upgraded":7,"win_rate":0.0,"timestamp":1609075807,"path_taken":["WH","WH","$","WH","WH","E","?","M","T","E","E","R","?","$","R","BOSS","M","?","$","M","?","R","R","R","T","E","R","M","R","?","R","BOSS","M","?","?","?","M","E","E","E"],"items_purchased_type":["Card","Relic","Relic","Relic","Relic","Relic"],"build_version":"2020-12-22","purchased_purges":1,"victory":false,"max_hp_per_floor":[70,70,70,70,70,70,74,74,74,74,74,74,74,74,74,74,74,74,74,74,74,74,74,74,74,74,74,74,74,74,74,74,74,74,74,74,74,74,74,74,74,74,74],"card_choices":[{"not_picked":["Outmaneuver","Bane"],"picked":"Bouncing Flask","floor":6.0},{"not_picked":["Prepared","ReplayTheSpireMod:Exploit Weakness"],"picked":"Well Laid Plans","floor":8.0},{"not_picked":["Skewer","Masterful Stab","Bane"],"picked":"SKIP","floor":10.0},{"not_picked":["Terror","Draining Mist","Outmaneuver"],"picked":"SKIP","floor":11.0},{"not_picked":["Finisher","Acrobatics"],"picked":"Fluid Movement","floor":13.0},{"not_picked":["Envenom","Storm of Steel"],"picked":"Corpse Explosion","floor":16.0},{"not_picked":["Deflect","PiercingWail+1"],"picked":"Quick Slash+1","floor":18.0},{"not_picked":["Draining Mist","Outmaneuver+1"],"picked":"Replay:Poison Smokescreen","floor":21.0},{"not_picked":["Noxious Fumes","Acrobatics"],"picked":"Adrenaline","floor":27},{"not_picked":["ReplayTheSpireMod:The Works","Dash+1","Bane"],"picked":"SKIP","floor":29},{"not_picked":["Grand Finale","Wraith Form v2"],"picked":"ReplayTheSpireMod:Necrosis","floor":33},{"not_picked":["Replay:Poison Smokescreen","Deflect","Poisoned Stab"],"picked":"SKIP","floor":35},{"not_picked":["Flying Knee","ReplayTheSpireMod:Exploit Weakness+1"],"picked":"Noxious Fumes+1","floor":39},{"not_picked":["Underhanded Strike+1","Slice","Eviscerate"],"picked":"SKIP","floor":40},{"not_picked":["Hidden Blade+1","Acrobatics+1","Dagger Throw+1"],"picked":"SKIP","floor":41}],"player_experience":59645,"relics_obtained":[{"floor":6.0,"key":"Bottled Flame"},{"floor":9.0,"key":"War Paint"},{"floor":10.0,"key":"Omamori"},{"floor":11.0,"key":"Replay:Bottled Steam"},{"floor":13.0,"key":"Orichalcum"},{"floor":19.0,"key":"Red Mask"},{"floor":26.0,"key":"Ninja Scroll"},{"floor":27,"key":"Pet Ghost"},{"floor":36,"key":"Unceasing Top"},{"floor":40,"key":"Eternal Feather"},{"floor":41,"key":"Golden Egg"}],"event_choices":[{"damage_healed":0.0,"max_hp_gain":0.0,"max_hp_loss":0.0,"gold_gain":0.0,"event_name":"Masked Bandits","player_choice":"Fought Bandits","floor":19.0,"gold_loss":0.0,"damage_taken":0.0},{"damage_healed":0.0,"max_hp_gain":0.0,"max_hp_loss":0.0,"gold_gain":0.0,"event_name":"Cursed Tome","player_choice":"Ignored","floor":22.0,"gold_loss":0.0,"damage_taken":0.0},{"damage_healed":0,"gold_gain":0,"player_choice":"Ignored","damage_taken":0,"max_hp_gain":0,"max_hp_loss":0,"event_name":"N\u0027loth","floor":31,"gold_loss":0},{"damage_healed":0,"gold_gain":0,"player_choice":"Fight","damage_taken":0,"max_hp_gain":0,"max_hp_loss":0,"event_name":"MindBloom","floor":36,"gold_loss":0},{"damage_healed":0,"gold_gain":222,"player_choice":"Wore Mask","damage_taken":0,"max_hp_gain":0,"max_hp_loss":0,"event_name":"Tomb of Lord Red Mask","floor":37,"gold_loss":0}],"is_beta":false,"boss_relics":[{"not_picked":["Honey Jar","Astrolabe"],"picked":"Ring of Chaos"},{"not_picked":["Coffee Dripper","Fusion Hammer","Pandora\u0027s Box"]}],"items_purged_floors":[38],"is_endless":true,"potions_floor_spawned":[6,8,11,19,29,35,39],"killed_by":"Reptomancer","ascension_level":0}}