{"host":"Connor","time":1609044000,"event":{"mods":["BaseMod","Downfall","Marisa????????","Minty Spire (QoL Compilation)","Replay The Spire","StSLib","The Animator","The Cursed","The Jungle","The Servant 0.9.4"],"gold_per_floor":[99,112,27,45,45,220,220,220,220,238,238,254,286,17,28,129,129,129,147,26,26,26,60,86,103,103,203,18,32,32,46,57,152,152,77,90,110,157,186,59,84,102,27,56,75,0,10,35,54,54,54,89,15,15,15],"floor_reached":56,"playtime":4100,"items_purged":["Shame"],"score":2427,"play_id":"93ffb798-29c0-470d-80cc-0f7dbc614600","local_time":"20201226204000","is_ascension_mode":false,"campfire_choices":[{"data":"Guardian:RefractedBeam","floor":9,"key":"SMITH"},{"data":"Guardian:RefractedBeam+1","floor":11,"key":"SMITH"},{"data":"Guardian:RefractedBeam+2","floor":18,"key":"SMITH"},{"data":"Guardian:RefractedBeam+3","floor":26,"key":"SMITH"},{"data":"1","floor":30,"key":"LIFT"},{"floor":35,"key":"RECALL"},{"data":"2","floor":43,"key":"LIFT"},{"floor":46,"key":"DIG"},{"data":"3","floor":54,"key":"LIFT"}],"circlet_count":0,"master_deck":["Guardian:CurlUp","Guardian:TwinSlam","Guardian:Suspension","Guardian:TemporalStrike+1","Guardian:RefractedBeam+4","Guardian:SentryBeam","Guardian:TemporalStrike","Doubt","Guardian:TemporalStrike","Guardian:DecasProtection","Guardian:PrimingBeam","expansioncontent:LastStand","Guardian:ShieldSpikes","Guardian:ExploitGems","Guardian:HyperBeam_Guardian+1","Guardian:ChargeUp","Guardian:RefractedBeam+4","Guardian:PiercingHide","Guardian:TemporalShield","Guardian:Clone+1","Guardian:ShieldCharger","Guardian:SentryBeam","Guardian:Recover","Guardian:FloatingOrbs+1","Guardian:SentryBeam","Guardian:ChargeCore","Guardian:TemporalShield+1","Guardian:PrimingBeam+1","Guardian:Clone+1","Guardian:ArmoredProtocol+1","Transmutation","expansioncontent:ManipulateTime+1","Guardian:ChargeUp+1","Guardian:Gem_Crimson","Guardian:PiercingHide","Guardian:BronzeOrb","Guardian:ArmoredProtocol+1"],"relics":["Guardian:ModeShifter","Snack Pack","Ring of Fangs","Ring of Misfortune","Garlic","Sozu","downfall:RedIOU","Girya","Frozen Egg 2","Calipers","Replay:Accelerometer","DollysMirror","Pandora\u0027s Box","downfall:HeartBlessingGreen","CatCart","Replay:Multitool","Membership Card","Sundial","Replay:Mystery Machine","downfall:HeartBlessingRed","Mercury Hourglass","downfall:HeartBlessingBlue","War Paint","Art of War","Blood Vial","Medical Kit"],"acts_visited":["Exordium","TheCity","TheBeyond","TheEnding"],"potions_floor_usage":[16,38],"damage_taken":[{"damage":0,"enemies":"2 Louse","floor":2,"turns":4},{"damage":4,"enemies":"downfall:FleeingMerchant","floor":3,"turns":4},{"damage":0,"enemies":"Small Slimes","floor":4,"turns":3},{"damage":8,"enemies":"Jaw Worm","floor":10,"turns":3},{"damage":13,"enemies":"2 Fungi Beasts","floor":12,"turns":5},{"damage":9,"enemies":"3 Sentries","floor":13,"turns":12},{"damage":0,"enemies":"downfall:FleeingMerchant","floor":14,"turns":4},{"damage":3,"enemies":"Exordium Wildlife","floor":15,"turns":3},{"damage":24,"enemies":"downfall:Silent","floor":16,"turns":10},{"damage":1,"enemies":"3 Byrds","floor":19,"turns":6},{"damage":10,"enemies":"downfall:FleeingMerchant","floor":20,"turns":4},{"damage":14,"enemies":"Book of Stabbing","floor":23,"turns":5},{"damage":5,"enemies":"Cultist and Chosen","floor":25,"turns":5},{"damage":4,"enemies":"downfall:Ironclad","floor":27,"turns":6},{"damage":0,"enemies":"downfall:FleeingMerchant","floor":28,"turns":4},{"damage":2,"enemies":"Snake Plant","floor":29,"turns":3},{"damage":3,"enemies":"Snecko","floor":31,"turns":4},{"damage":0,"enemies":"Centurion and Healer","floor":32,"turns":5},{"damage":16,"enemies":"downfall:Watcher","floor":33,"turns":7},{"damage":10,"enemies":"3 Shapes","floor":36,"turns":4},{"damage":0,"enemies":"Orb Walker","floor":37,"turns":3},{"damage":38,"enemies":"Orin","floor":38,"turns":8},{"damage":7,"enemies":"downfall:FleeingMerchant","floor":40,"turns":3},{"damage":14,"enemies":"Sphere and 2 Shapes","floor":42,"turns":5},{"damage":0,"enemies":"R_Hoarder","floor":44,"turns":6},{"damage":8,"enemies":"Writhing Mass","floor":45,"turns":5},{"damage":1,"enemies":"Transient","floor":47,"turns":5},{"damage":0,"enemies":"Giant Head","floor":48,"turns":5},{"damage":1,"enemies":"Maw","floor":49,"turns":6},{"damage":5,"enemies":"downfall:Ironclad","floor":50,"turns":5},{"damage":3,"enemies":"downfall:CharBossMerchant","floor":52,"turns":7},{"damage":0,"enemies":"downfall:NeowBoss","floor":55,"turns":19}],"seed_played":"-7422750940253860844","potions_obtained":[{"floor":4,"key":"Guardian:DefensiveModePotion"},{"floor":10,"key":"Strength Potion"},{"floor":12,"key":"Guardian:DefensiveModePotion"},{"floor":16,"key":"BlessingOfTheForge"}],"is_trial":false,"path_per_floor":["R","M","$","M","?","?","T","?","R","M","R","M","E","$","M","B",null,"R","M","$","?","?","E","T","M","R","?","$","M","R","M","M","B",null,"R","M","M","?","?","$","T","M","R","E","M","R","M","E","M","B",null,"E","$","R","B",null],"character_chosen":"GUARDIAN","items_purchased":["Guardian:SentryBeam","Guardian:Gem_Red","Whetstone","expansioncontent:LastStand","Guardian:HyperBeam_Guardian+1","DollysMirror","Guardian:PiercingHide","Membership Card","Guardian:ArmoredProtocol+1","Sundial","Transmutation","Guardian:Gem_Lightblue","expansioncontent:ManipulateTime","Medical Kit"],"campfire_rested":0,"item_purchase_floors":[3,14,14,14,20,28,28,40,40,40,40,40,40,53],"current_hp_per_floor":[88,88,84,84,84,84,84,84,84,82,82,71,74,78,77,61,88,88,87,79,79,79,71,71,70,70,70,74,72,72,69,73,63,88,88,82,88,52,30,31,31,23,23,39,37,47,52,60,69,76,98,95,95,95,98],"gold":15,"neow_bonus":"TEN_PERCENT_HP_BONUS","is_daily":false,"chose_seed":false,"campfire_upgraded":4,"win_rate":0.0,"timestamp":1609044000,"path_taken":["R","M","$","M","?","?","T","?","R","M","R","M","E","$","M","BOSS","R","M","$","?","?","E","T","M","R","?","?","M","R","M","M","BOSS","R","M","M","?","?","?","T","M","R","E","?","R","M","E","M","BOSS","E","$","R","BOSS"],"items_purchased_type":["Card","Card","Relic","Card","Card","Relic","Card","Relic","Card","Relic","Card","Card","Card","Relic"],"build_version":"2020-12-18","purchased_purges":1,"victory":true,"max_hp_per_floor":[88,88,88,88,88,88,88,88,88,88,88,88,88,88,88,88,88,88,88,88,88,88,88,88,88,88,88,88,88,88,88,88,88,88,88,88,88,88,88,88,88,88,88,88,88,98,98,98,98,98,98,98,98,98,98],"card_choices":[{"not_picked":["Guardian:Gem_Green","Guardian:WalkerClaw"],"picked":"Guardian:TemporalStrike","floor":2},{"not_picked":["Guardian:Harden","Guardian:DonusPower"],"picked":"Guardian:RefractedBeam","floor":3},{"not_picked":["Guardian:PiercingHide","Guardian:Gem_Crimson"],"picked":"Guardian:TemporalStrike","floor":4},{"not_picked":["Guardian:Gem_Crimson","Guardian:Recover"],"picked":"Guardian:TemporalStrike","floor":10},{"not_picked":["Guardian:SentryBeam","Guardian:Recover"],"picked":"Guardian:DecasProtection","floor":12},{"not_picked":["Guardian:PiercingHide","Guardian:BaubleBeam"],"picked":"Guardian:PrimingBeam","floor":13},{"not_picked":["Guardian:Reroute","Guardian:AncientConstruct"],"picked":"Guardian:Gem_Purple","floor":14},{"not_picked":["Guardian:TimeCapacitor","Guardian:Reroute"],"picked":"Guardian:ShieldSpikes","floor":15},{"not_picked":["Guardian:ConstructionForm","Guardian:HyperBeam_Guardian"],"picked":"Guardian:ExploitGems","floor":16},{"not_picked":["Guardian:Incinerate","Guardian:Gem_Cyan"],"picked":"Guardian:Gem_Red","floor":19},{"not_picked":["Guardian:FloatingOrbs","Guardian:DecasProtection"],"picked":"Guardian:Gem_White","floor":20},{"not_picked":["Guardian:CrystalBeam","Guardian:VentSteam"],"picked":"Guardian:Gem_Lightblue","floor":23},{"not_picked":["Guardian:TemporalStrike","Guardian:TemporalShield"],"picked":"Guardian:ChargeUp","floor":25},{"not_picked":["Guardian:TemporalStrike","Guardian:Gem_Cyan"],"picked":"Guardian:Gem_Red","floor":27},{"not_picked":["Guardian:ConstructionForm+1","Guardian:Gem_Fragmented","Guardian:Gem_Crimson"],"picked":"SKIP","floor":28},{"not_picked":["Guardian:Recover","Guardian:Gem_Crimson"],"picked":"Guardian:TemporalShield","floor":29},{"not_picked":["Guardian:WalkerClaw","Guardian:PrismaticBarrier+1"],"picked":"Guardian:Clone","floor":31},{"not_picked":["Guardian:Suspension+1","Guardian:CrystalBeam"],"picked":"Guardian:ShieldCharger","floor":32},{"not_picked":["Guardian:RevengeProtocol+1","Guardian:ExploitGems"],"picked":"Guardian:Gem_Orange","floor":33},{"not_picked":["Guardian:Incinerate+1","Guardian:Suspension"],"picked":"Guardian:TemporalShield+1","floor":36},{"not_picked":["Guardian:Recover+1","Guardian:TemporalStrike"],"picked":"Guardian:PrimingBeam+1","floor":37},{"not_picked":["Guardian:Recover+1","Guardian:RollAttack"],"picked":"Guardian:Clone+1","floor":38},{"not_picked":["Guardian:Gem_Lightblue","Guardian:ChargeCore"],"picked":"Guardian:Gem_Green","floor":40},{"not_picked":["Guardian:RevengeProtocol+1","Guardian:WalkerClaw"],"picked":"Guardian:ChargeUp+1","floor":42},{"not_picked":["Guardian:PolyBeam","Guardian:FloatingOrbs+1","Guardian:TemporalStrike"],"picked":"SKIP","floor":44},{"not_picked":["Guardian:GuardianWhirl","Guardian:Incinerate+1"],"picked":"Guardian:Gem_Crimson","floor":45},{"not_picked":["Guardian:WalkerClaw+1","Guardian:BaubleBeam"],"picked":"Guardian:PiercingHide","floor":47},{"not_picked":["Guardian:Incinerate+1","Guardian:PrimingBeam","Guardian:Reroute"],"picked":"SKIP","floor":48},{"not_picked":["Guardian:WalkerClaw+1","Guardian:CrystalBeam+1"],"picked":"Guardian:BronzeOrb","floor":49},{"not_picked":["Guardian:TemporalStrike","Guardian:TemporalShield"],"picked":"Guardian:ArmoredProtocol+1","floor":52}],"player_experience":534775,"relics_obtained":[{"floor":7,"key":"Snack Pack"},{"floor":8,"key":"Ring of Fangs"},{"floor":8,"key":"Ring of Misfortune"},{"floor":13,"key":"Garlic"},{"floor":23,"key":"Frozen Egg 2"},{"floor":27,"key":"Calipers"},{"floor":27,"key":"Replay:Accelerometer"},{"floor":38,"key":"CatCart"},{"floor":39,"key":"Replay:Multitool"},{"floor":41,"key":"Replay:Mystery Machine"},{"floor":44,"key":"Mercury Hourglass"},{"floor":46,"key":"War Paint"},{"floor":48,"key":"Art of War"},{"floor":52,"key":"Blood Vial"}],"event_choices":[{"cards_removed":["Guardian:Defend_Guardian"],"damage_healed":0,"gold_gain":0,"player_choice":"Card Removal","damage_taken":0,"max_hp_gain":0,"max_hp_loss":0,"event_name":"The Cleric","floor":5,"gold_loss":0},{"damage_healed":0,"gold_gain":0,"player_choice":"Stole Relic","damage_taken":0,"relics_obtained":["Girya"],"max_hp_gain":0,"max_hp_loss":0,"event_name":"Addict","floor":22,"gold_loss":0,"cards_obtained":["Shame"]},{"damage_healed":0,"gold_gain":0,"player_choice":"Fight","damage_taken":0,"max_hp_gain":0,"max_hp_loss":0,"event_name":"OrinTheCat","floor":38,"gold_loss":0}],"is_beta":true,"boss_relics":[{"not_picked":["Replay:Fungal Core","Honey Jar"],"picked":"Sozu"},{"not_picked":["Busted Crown","Velvet Choker"],"picked":"Pandora\u0027s Box"}],"items_purged_floors":[40],"is_endless":false,"potions_floor_spawned":[4,10,12,16,19,23,25,29,37,44,45,48,52],"ascension_level":0}}