{"host":"8u7tvcybuv0u72fd","time":1609046867,"event":{"mods":["BaseMod","BetterRewards","Colored Map","Colored Powertips","Minty Spire (QoL Compilation)","Quick Restart","Shop Mod"],"gold_per_floor":[118,138,155,155,174,202,202,219,219,230,230,248,281,231,231,331,331,346,346,346,366,366,397,12,12,65,100,119,152,152,167,167,262,262,282,252,268,286,190,219,219,47,47,66,83,112,132,143,143,143,143,143,23,48,48],"floor_reached":56,"playtime":3572,"items_purged":["Strike_R"],"score":1781,"play_id":"b728c6b4-0b8c-4a6b-97b4-f8bc2407f3a7","local_time":"20201227002747","is_ascension_mode":false,"campfire_choices":[{"data":"Bash","floor":7.0,"key":"SMITH"},{"data":"Headbutt","floor":11.0,"key":"SMITH"},{"data":"Defend_R","floor":15.0,"key":"SMITH"},{"data":"RitualDagger","floor":30.0,"key":"SMITH"},{"floor":32.0,"key":"RECALL"},{"floor":41.0,"key":"REST"},{"data":"Pommel Strike","floor":49.0,"key":"SMITH"},{"floor":52,"key":"REST"}],"circlet_count":0,"master_deck":["Strike_R+1","Strike_R+1","Strike_R+1","Defend_R+1","Defend_R+1","Defend_R+1","Defend_R+1","Bash+1","Infernal Blade+1","Flex+1","Headbutt+1","True Grit+1","Barricade+1","RitualDagger+1","Entrench+1","Limit Break+1","Pommel Strike+1","Body Slam+1","Rage+1","Rampage+1"],"relics":["Burning Blood","Lee\u0027s Waffle","PreservedInsect","Champion Belt","Frozen Egg 2","Toxic Egg 2","Mercury Hourglass","Bird Faced Urn","Magic Flower","Calipers","Busted Crown","Nilry\u0027s Codex","Bottled Flame","Oddly Smooth Stone","Sling","Singing Bowl","Pear","Potion Belt","Mark of Pain","Bottled Tornado","Akabeko","Nunchaku","Bag of Marbles","Eternal Feather"],"acts_visited":["Exordium","TheCity","TheBeyond","TheEnding"],"potions_floor_usage":[50,55,55,55,55,55,55,55,55,55],"damage_taken":[{"damage":4.0,"enemies":"Cultist","floor":1.0,"turns":3.0},{"damage":2.0,"enemies":"2 Louse","floor":2.0,"turns":2.0},{"damage":5.0,"enemies":"Jaw Worm","floor":3.0,"turns":3.0},{"damage":1.0,"enemies":"Exordium Wildlife","floor":5.0,"turns":2.0},{"damage":5.0,"enemies":"Lagavulin","floor":6.0,"turns":3.0},{"damage":2.0,"enemies":"Looter","floor":8.0,"turns":2.0},{"damage":0.0,"enemies":"Blue Slaver","floor":10.0,"turns":3.0},{"damage":0.0,"enemies":"3 Louse","floor":12.0,"turns":1.0},{"damage":0.0,"enemies":"Gremlin Nob","floor":13.0,"turns":2.0},{"damage":14.0,"enemies":"Slime Boss","floor":16.0,"turns":8.0},{"damage":5.0,"enemies":"Shell Parasite","floor":18.0,"turns":5.0},{"damage":0.0,"enemies":"Spheric Guardian","floor":21.0,"turns":5.0},{"damage":18.0,"enemies":"Gremlin Leader","floor":23.0,"turns":8.0},{"damage":0.0,"enemies":"Slavers","floor":27.0,"turns":3.0},{"damage":1.0,"enemies":"Cultist and Chosen","floor":28.0,"turns":6.0},{"damage":0.0,"enemies":"Book of Stabbing","floor":29.0,"turns":4.0},{"damage":4.0,"enemies":"Sentry and Sphere","floor":31.0,"turns":5.0},{"damage":18.0,"enemies":"Automaton","floor":33.0,"turns":15.0},{"damage":22.0,"enemies":"3 Darklings","floor":35.0,"turns":5.0},{"damage":0.0,"enemies":"3 Shapes","floor":37.0,"turns":6.0},{"damage":5.0,"enemies":"Jaw Worm Horde","floor":38.0,"turns":4.0},{"damage":0.0,"enemies":"Giant Head","floor":40.0,"turns":11.0},{"damage":1.0,"enemies":"3 Darklings","floor":44.0,"turns":2.0},{"damage":8.0,"enemies":"Sphere and 2 Shapes","floor":45.0,"turns":3.0},{"damage":17.0,"enemies":"Reptomancer","floor":46.0,"turns":6.0},{"damage":10.0,"enemies":"4 Shapes","floor":47.0,"turns":3.0},{"damage":7.0,"enemies":"Spire Growth","floor":48.0,"turns":6.0},{"damage":27,"enemies":"Donu and Deca","floor":50,"turns":9},{"damage":0,"enemies":"Shield and Spear","floor":54,"turns":4},{"damage":93,"enemies":"The Heart","floor":55,"turns":8}],"seed_played":"-3323423736056251313","potions_obtained":[{"floor":1.0,"key":"DuplicationPotion"},{"floor":8.0,"key":"EntropicBrew"},{"floor":10.0,"key":"GamblersBrew"},{"floor":13.0,"key":"FearPotion"},{"floor":21.0,"key":"SteroidPotion"},{"floor":28.0,"key":"SpeedPotion"},{"floor":31.0,"key":"Ancient Potion"},{"floor":36.0,"key":"Explosive Potion"},{"floor":36.0,"key":"Ancient Potion"},{"floor":38.0,"key":"Fire Potion"},{"floor":46.0,"key":"DuplicationPotion"},{"floor":48.0,"key":"Dexterity Potion"}],"is_trial":false,"path_per_floor":["M","M","M","?","M","E","R","M","T","M","R","M","E","?","R","B",null,"M","?","?","M","?","E","$","T","T","E","M","E","R","M","R","B",null,"M","?","M","M","$","E","R","$","T","M","M","E","M","M","R","B",null,"R","$","E","B",null],"character_chosen":"IRONCLAD","items_purchased":["Lee\u0027s Waffle","PreservedInsect","Champion Belt","Frozen Egg 2","Toxic Egg 2","Infernal Blade+1","Entrench+1","Oddly Smooth Stone","Sling","EntropicBrew","Akabeko","Pommel Strike","Rage+1","Strength Potion"],"campfire_rested":2,"item_purchase_floors":[0,0,0,0,0,0,24,24,24,39,42,42,53,53],"current_hp_per_floor":[87,87,87,80,85,86,86,87,87,87,87,87,87,87,87,82,87,87,81,65,77,77,71,71,71,71,95,101,101,101,103,103,99,105,94,94,109,111,111,111,111,111,111,113,113,107,111,118,118,107,119,119,119,119,35],"gold":48,"neow_bonus":"","is_daily":false,"chose_seed":false,"campfire_upgraded":5,"win_rate":0.0,"timestamp":1609046867,"path_taken":["M","M","?","?","M","E","R","M","T","M","R","M","E","?","R","BOSS","M","?","?","M","?","E","$","?","T","E","M","E","R","M","R","BOSS","M","?","M","?","$","E","R","$","T","M","M","E","M","?","R","BOSS","R","$","E","BOSS"],"items_purchased_type":["Relic","Relic","Relic","Relic","Relic","Card","Card","Relic","Relic","Potion","Relic","Card","Card","Potion"],"build_version":"2020-12-22","purchased_purges":1,"victory":true,"max_hp_per_floor":[87,87,87,87,87,87,87,87,87,87,87,87,87,87,87,87,87,87,87,87,87,87,87,87,87,87,99,101,101,101,103,103,105,105,107,107,109,111,111,111,111,111,111,113,113,115,117,119,119,119,119,119,119,119,119],"card_choices":[{"not_picked":["Warcry+1","Twin Strike"],"picked":"Flex+1","floor":1.0},{"not_picked":["Pommel Strike","Warcry+1"],"picked":"Headbutt","floor":2.0},{"not_picked":["Headbutt","Warcry+1","True Grit+1"],"picked":"SKIP","floor":3.0},{"not_picked":["Headbutt","Warcry+1","Impervious+1"],"picked":"SKIP","floor":5.0},{"not_picked":["Headbutt","Warcry+1","Impervious+1"],"picked":"SKIP","floor":5.0},{"not_picked":["Power Through+1","Shockwave+1","Clothesline"],"picked":"SKIP","floor":6.0},{"not_picked":["Power Through+1","Shockwave+1","Clothesline"],"picked":"SKIP","floor":6.0},{"not_picked":["Havoc+1","Pommel Strike","Headbutt"],"picked":"SKIP","floor":8.0},{"not_picked":["Evolve+1","Bloodletting+1","Warcry+1"],"picked":"SKIP","floor":10.0},{"not_picked":["Feel No Pain+1","Perfected Strike"],"picked":"True Grit+1","floor":12.0},{"not_picked":["Sword Boomerang","Power Through+1","Clash"],"picked":"SKIP","floor":13.0},{"not_picked":["Exhume+1","Berserk+1"],"picked":"Barricade+1","floor":16.0},{"not_picked":["Armaments+1"],"picked":"SKIP","floor":18.0},{"not_picked":["Warcry+1"],"picked":"SKIP","floor":21.0},{"not_picked":["Body Slam+1"],"picked":"SKIP","floor":23.0},{"not_picked":["True Grit+1"],"picked":"Singing Bowl","floor":27.0},{"not_picked":["Flex+1"],"picked":"Singing Bowl","floor":28.0},{"not_picked":[],"picked":"Limit Break+1","floor":29.0},{"not_picked":["Clash"],"picked":"Singing Bowl","floor":31.0},{"not_picked":["Corruption+1"],"picked":"Singing Bowl","floor":33.0},{"not_picked":["Wild Strike+1"],"picked":"Singing Bowl","floor":35.0},{"not_picked":["Thunderclap"],"picked":"Singing Bowl","floor":37.0},{"not_picked":["Armaments+1"],"picked":"Singing Bowl","floor":38.0},{"not_picked":["Sword Boomerang"],"picked":"SKIP","floor":40.0},{"not_picked":["Warcry+1"],"picked":"Singing Bowl","floor":44.0},{"not_picked":[],"picked":"Body Slam+1","floor":45.0},{"not_picked":["Twin Strike+1"],"picked":"Singing Bowl","floor":46.0},{"not_picked":["Fiend Fire"],"picked":"Singing Bowl","floor":47.0},{"not_picked":["Havoc+1"],"picked":"Singing Bowl","floor":48.0},{"not_picked":[],"picked":"Rampage+1","floor":54}],"player_experience":1224381,"relics_obtained":[{"floor":6.0,"key":"Bird Faced Urn"},{"floor":9.0,"key":"Magic Flower"},{"floor":13.0,"key":"Calipers"},{"floor":20.0,"key":"Nilry\u0027s Codex"},{"floor":23.0,"key":"Bottled Flame"},{"floor":25.0,"key":"Singing Bowl"},{"floor":27.0,"key":"Pear"},{"floor":29.0,"key":"Potion Belt"},{"floor":40.0,"key":"Bottled Tornado"},{"floor":43.0,"key":"Nunchaku"},{"floor":46.0,"key":"Bag of Marbles"},{"floor":54,"key":"Eternal Feather"}],"event_choices":[{"damage_healed":0.0,"max_hp_gain":0.0,"max_hp_loss":0.0,"gold_gain":0.0,"event_name":"Scrap Ooze","player_choice":"Success","floor":4.0,"gold_loss":0.0,"damage_taken":7.0,"relics_obtained":["Mercury Hourglass"]},{"cards_removed":["Strike_R"],"damage_healed":0.0,"max_hp_gain":0.0,"max_hp_loss":0.0,"gold_gain":0.0,"event_name":"The Cleric","player_choice":"Card Removal","floor":14.0,"gold_loss":50.0,"damage_taken":0.0},{"damage_healed":0.0,"max_hp_gain":0.0,"max_hp_loss":0.0,"gold_gain":0.0,"event_name":"Nest","player_choice":"Joined the Cult","floor":19.0,"gold_loss":0.0,"damage_taken":6.0,"cards_obtained":["RitualDagger"]},{"damage_healed":0.0,"max_hp_gain":0.0,"max_hp_loss":0.0,"gold_gain":0.0,"event_name":"Cursed Tome","player_choice":"Obtained Book","floor":20.0,"gold_loss":0.0,"damage_taken":16.0},{"damage_healed":0.0,"max_hp_gain":0.0,"max_hp_loss":0.0,"gold_gain":0.0,"event_name":"Back to Basics","player_choice":"Simplicity","floor":22.0,"gold_loss":0.0,"damage_taken":0.0,"cards_upgraded":["Strike_R","Strike_R","Strike_R","Defend_R","Defend_R","Defend_R"]},{"damage_healed":0.0,"max_hp_gain":0.0,"max_hp_loss":0.0,"gold_gain":0.0,"event_name":"The Woman in Blue","player_choice":"Bought 2 Potions","floor":36.0,"gold_loss":0.0,"damage_taken":0.0}],"is_beta":false,"boss_relics":[{"not_picked":["Runic Pyramid","Calling Bell"],"picked":"Busted Crown"},{"not_picked":["Astrolabe","Philosopher\u0027s Stone"],"picked":"Mark of Pain"}],"items_purged_floors":[0],"is_endless":false,"potions_floor_spawned":[1,8,10,13,21,28,31,38,44,46,48],"ascension_level":0}}