{"host":"dcj2yvrgcvh5dl2s","time":1609113031,"event":{"mods":["BaseMod","Better Note","Block Reminder","Colored Powertips","DeckTracker","Minty Spire (QoL Compilation)","Quick Restart","Rare Cards Sparkle","Relic Stats","StSLib"],"gold_per_floor":[111,36,36,46,46,46,80,97,144,144,159,193,173,191,191,270,270,283,283,283,300,300,300,331,348,348,348,102,102,102,133,133,133,133],"floor_reached":33,"playtime":743,"items_purged":["Strike_R","Strike_R+1"],"score":585,"play_id":"1f81ac3d-2112-4427-94fe-cf3cff49f961","local_time":"20201228095031","is_ascension_mode":true,"campfire_choices":[{"data":"Armaments","floor":6,"key":"SMITH"},{"data":"Flex","floor":10,"key":"SMITH"},{"data":"Flex","floor":15,"key":"SMITH"},{"data":"Infernal Blade","floor":23,"key":"SMITH"},{"floor":27,"key":"REST"},{"floor":32,"key":"REST"}],"circlet_count":0,"master_deck":["AscendersBane","Strike_R+1","Defend_R+1","Defend_R+1","Defend_R+1","Defend_R+1","Bash","Armaments+1","Flex+1","Flex+1","Bludgeon","Shrug It Off","Offering","Sword Boomerang","Disarm","Infernal Blade+1","Metallicize","Intimidate","Flex","Jack Of All Trades","Dual Wield","Whirlwind"],"relics":["Burning Blood","NeowsBlessing","Lantern","Potion Belt","Champion Belt","Black Star","Pen Nib","Gambling Chip","FossilizedHelix","Enchiridion","Boot","Blue Candle"],"acts_visited":["Exordium","TheCity"],"potions_floor_usage":[16,16,18,24,24,31],"damage_taken":[{"damage":0,"enemies":"Jaw Worm","floor":1,"turns":1},{"damage":0,"enemies":"Cultist","floor":4,"turns":1},{"damage":0,"enemies":"Gremlin Nob","floor":7,"turns":1},{"damage":10,"enemies":"2 Louse","floor":8,"turns":2},{"damage":10,"enemies":"Red Slaver","floor":11,"turns":3},{"damage":34,"enemies":"3 Sentries","floor":12,"turns":10},{"damage":2,"enemies":"3 Louse","floor":14,"turns":3},{"damage":34,"enemies":"Hexaghost","floor":16,"turns":11},{"damage":13,"enemies":"Shell Parasite","floor":18,"turns":2},{"damage":6,"enemies":"Spheric Guardian","floor":21,"turns":2},{"damage":25,"enemies":"Gremlin Leader","floor":24,"turns":8},{"damage":20,"enemies":"Snake Plant","floor":25,"turns":4},{"damage":5,"enemies":"Slavers","floor":31,"turns":6},{"damage":56,"enemies":"Collector","floor":33,"turns":3}],"seed_played":"6679833309596411406","potions_obtained":[{"floor":1,"key":"BlessingOfTheForge"},{"floor":3,"key":"SteroidPotion"},{"floor":13,"key":"FearPotion"},{"floor":14,"key":"Weak Potion"},{"floor":18,"key":"LiquidBronze"},{"floor":21,"key":"Weak Potion"}],"is_trial":false,"path_per_floor":["M","$","?","M","$","R","E","M","T","R","M","E","?","M","R","B",null,"M","?","?","M","?","R","E","M","T","R","$","?","?","E","R","B"],"character_chosen":"IRONCLAD","items_purchased":["Flex","Jack Of All Trades"],"campfire_rested":2,"item_purchase_floors":[28,28],"current_hp_per_floor":[74,74,74,75,75,75,75,71,71,71,67,39,39,43,43,15,60,53,53,53,53,53,53,34,20,20,42,42,21,21,22,44,0,0],"gold":133,"neow_bonus":"THREE_ENEMY_KILL","is_daily":false,"chose_seed":false,"campfire_upgraded":4,"win_rate":0.0,"timestamp":1609113031,"path_taken":["M","$","?","M","?","R","E","M","T","R","M","E","?","?","R","BOSS","M","?","?","?","?","R","E","M","T","R","$","?","?","E","R","BOSS"],"items_purchased_type":["Card","Card"],"build_version":"2020-12-22","purchased_purges":2,"victory":false,"max_hp_per_floor":[75,75,75,75,75,75,75,75,75,75,75,75,75,75,75,75,75,75,75,75,75,75,75,75,75,75,75,75,75,75,75,75,75,75],"relic_stats":{"counters":[14,57],"Gambling Chip":[4],"Blue Candle":[0],"Pen Nib":[1],"Black Star":2,"Champion Belt":[8],"Boot":[0],"obtain_stats":[{"Potion Belt":9,"Lantern":7,"NeowsBlessing":0,"Gambling Chip":24,"Blue Candle":31,"Enchiridion":29,"Pen Nib":24,"Black Star":17,"Champion Belt":12,"Boot":31,"Burning Blood":0,"FossilizedHelix":26},{"Potion Belt":4,"Lantern":3,"NeowsBlessing":0,"Gambling Chip":11,"Blue Candle":13,"Enchiridion":12,"Pen Nib":11,"Black Star":8,"Champion Belt":6,"Boot":13,"Burning Blood":0,"FossilizedHelix":12},{"Potion Belt":5,"Lantern":3,"NeowsBlessing":0,"Gambling Chip":44,"Blue Candle":54,"Enchiridion":48,"Pen Nib":44,"Black Star":32,"Champion Belt":18,"Boot":54,"Burning Blood":0,"FossilizedHelix":48}],"Burning Blood":67},"card_choices":[{"not_picked":["Power Through","Clash"],"picked":"Armaments","floor":1},{"not_picked":["Twin Strike","Rage"],"picked":"Flex","floor":4},{"not_picked":["Searing Blow","Intimidate"],"picked":"Flex","floor":7},{"not_picked":["Pommel Strike","Warcry"],"picked":"Bludgeon","floor":8},{"not_picked":["Flex","Anger"],"picked":"Shrug It Off","floor":11},{"not_picked":["Rampage","Cleave","Headbutt"],"picked":"SKIP","floor":12},{"not_picked":["Twin Strike","Iron Wave","Thunderclap"],"picked":"SKIP","floor":14},{"not_picked":["Fiend Fire","Brutality"],"picked":"Offering","floor":16},{"not_picked":["Battle Trance","True Grit"],"picked":"Sword Boomerang","floor":18},{"not_picked":["Dark Embrace","Hemokinesis"],"picked":"Disarm","floor":21},{"not_picked":["Rampage","Carnage+1"],"picked":"Metallicize","floor":24},{"not_picked":["Entrench","Clothesline"],"picked":"Intimidate","floor":25},{"not_picked":["Pummel+1","Anger"],"picked":"Whirlwind","floor":31}],"player_experience":2079968,"relics_obtained":[{"floor":7,"key":"Lantern"},{"floor":9,"key":"Potion Belt"},{"floor":12,"key":"Champion Belt"},{"floor":24,"key":"Pen Nib"},{"floor":24,"key":"Gambling Chip"},{"floor":26,"key":"FossilizedHelix"},{"floor":29,"key":"Enchiridion"},{"floor":31,"key":"Boot"},{"floor":31,"key":"Blue Candle"}],"event_choices":[{"damage_healed":0,"gold_gain":0,"player_choice":"Got Potions","damage_taken":0,"max_hp_gain":0,"max_hp_loss":0,"event_name":"Lab","floor":3,"gold_loss":0},{"damage_healed":0,"gold_gain":0,"player_choice":"Bought 1 Potion","damage_taken":0,"max_hp_gain":0,"max_hp_loss":0,"event_name":"The Woman in Blue","floor":13,"gold_loss":0},{"damage_healed":0,"gold_gain":0,"player_choice":"Simplicity","damage_taken":0,"max_hp_gain":0,"max_hp_loss":0,"event_name":"Back to Basics","floor":19,"gold_loss":0,"cards_upgraded":["Strike_R","Strike_R","Strike_R","Strike_R","Defend_R","Defend_R","Defend_R","Defend_R"]},{"cards_removed":["Strike_R"],"damage_healed":0,"gold_gain":0,"player_choice":"Purged","damage_taken":0,"max_hp_gain":0,"max_hp_loss":0,"event_name":"Purifier","floor":20,"gold_loss":0},{"damage_healed":0,"gold_gain":0,"player_choice":"Read","damage_taken":0,"max_hp_gain":0,"max_hp_loss":0,"event_name":"The Library","floor":22,"gold_loss":0,"cards_obtained":["Infernal Blade"]},{"damage_healed":0,"gold_gain":0,"player_choice":"Obtained Book","damage_taken":21,"max_hp_gain":0,"max_hp_loss":0,"event_name":"Cursed Tome","floor":29,"gold_loss":0},{"damage_healed":0,"gold_gain":0,"cards_transformed":["Strike_R"],"player_choice":"Transformed","damage_taken":0,"max_hp_gain":0,"max_hp_loss":0,"event_name":"Transmorgrifier","floor":30,"gold_loss":0,"cards_obtained":["Dual Wield"]}],"is_beta":false,"boss_relics":[{"not_picked":["Empty Cage","Tiny House"],"picked":"Black Star"}],"items_purged_floors":[2,28],"is_endless":false,"potions_floor_spawned":[1,7,8,14,18,21],"killed_by":"Collector","ascension_level":17}}