{"host":"q0yztes6vyjz67b3","time":1609027762,"event":{"mods":["BaseMod","Better Altar","Better Match","Better Note","Better Sensory Stone","Better Skull","Better Third Choice","Energized Spire","Halation","Hermit","Minty Spire (QoL Compilation)","Replay The Spire","StSLib","The Gatherer"],"gold_per_floor":[112,112,112,125,125,156,6,29,80,98,129,148,148,192,192,192,192],"floor_reached":16,"playtime":637,"items_purged":[],"score":120,"play_id":"a809ab80-3241-4b11-8736-add8c020bb33","local_time":"20201226160922","is_ascension_mode":false,"campfire_choices":[{"data":"Gatherer:Herbalism","floor":13,"key":"SMITH"},{"data":"hermit:Snipe","floor":15,"key":"SMITH"}],"circlet_count":0,"master_deck":["hermit:Strike_Hermit","hermit:Strike_Hermit","hermit:Strike_Hermit","hermit:Defend_Hermit","hermit:Defend_Hermit","hermit:Defend_Hermit","hermit:Snapshot","hermit:Covet","hermit:Ricochet","hermit:Coalescence","hermit:Snipe+1","Clumsy","Injury","Leg Sweep","hermit:Misfire+1","hermit:Dive","hermit:Ricochet+1","hermit:Brawl+1","Gatherer:Herbalism+1","Gatherer:ScherryThrow","hermit:ItchyTrigger","hermit:Roulette"],"relics":["hermit:Momento","PrismaticShard","Golden Idol","MealTicket","Whetstone","Snack Pack","Simple Rune"],"acts_visited":["Exordium"],"potions_floor_usage":[11],"damage_taken":[{"damage":4,"enemies":"Small Slimes","floor":1,"turns":3},{"damage":0,"enemies":"Jaw Worm","floor":4,"turns":2},{"damage":14,"enemies":"Gremlin Nob","floor":6,"turns":4},{"damage":0,"enemies":"2 Louse","floor":8,"turns":3},{"damage":1,"enemies":"Blue Slaver","floor":10,"turns":3},{"damage":19,"enemies":"3 Sentries","floor":11,"turns":6},{"damage":12,"enemies":"Exordium Thugs","floor":12,"turns":4},{"damage":20,"enemies":"Gremlin Nob","floor":14,"turns":4},{"damage":25,"enemies":"Hexaghost","floor":16,"turns":9}],"seed_played":"8718155383024618080","potions_obtained":[{"floor":4,"key":"Reflective Coating"},{"floor":6,"key":"Strength Potion"}],"is_trial":false,"path_per_floor":["M","?","?","M","?","E","$","M","T","M","E","M","R","E","R","B"],"character_chosen":"HERMIT","items_purchased":["hermit:Dive","hermit:Ricochet","hermit:Brawl+1"],"campfire_rested":0,"item_purchase_floors":[7,7,7],"current_hp_per_floor":[64,64,64,64,64,50,65,65,65,64,45,35,35,17,17,0,0],"gold":192,"neow_bonus":"TRANSFORM_TWO_CARDS","is_daily":false,"chose_seed":false,"campfire_upgraded":2,"win_rate":0.0,"timestamp":1609027762,"path_taken":["M","?","?","M","?","E","?","M","T","?","E","M","R","E","R","BOSS"],"items_purchased_type":["Card","Card","Card"],"build_version":"2020-12-22","purchased_purges":0,"victory":false,"max_hp_per_floor":[68,68,68,68,68,68,68,68,68,68,68,68,68,68,68,68,68],"card_choices":[{"not_picked":["hermit:Feint","hermit:Glare"],"picked":"hermit:Snipe","floor":1},{"not_picked":["ReachHeaven","Replay:Undeath\u0027s Touch"],"picked":"Leg Sweep","floor":4},{"not_picked":["Outmaneuver","Blade Dance"],"picked":"hermit:Misfire","floor":6},{"not_picked":["Doppelganger","Body Slam"],"picked":"Gatherer:Herbalism","floor":8},{"not_picked":["Well Laid Plans","Gatherer:Snatch"],"picked":"Gatherer:ScherryThrow","floor":10},{"not_picked":["Quick Slash","Good Instincts"],"picked":"hermit:ItchyTrigger","floor":11},{"not_picked":["ClearTheMind","Draining Mist"],"picked":"hermit:Roulette","floor":12},{"not_picked":["Demonic Infusion","Clash","Gatherer:SealedBomb"],"picked":"SKIP","floor":14}],"player_experience":524815,"relics_obtained":[{"floor":6,"key":"MealTicket"},{"floor":9,"key":"Whetstone"},{"floor":11,"key":"Snack Pack"},{"floor":14,"key":"Simple Rune"}],"event_choices":[{"damage_healed":0,"gold_gain":0,"player_choice":"Take Wound","damage_taken":0,"relics_obtained":["Golden Idol"],"max_hp_gain":0,"max_hp_loss":0,"event_name":"Golden Idol","floor":3,"gold_loss":0,"cards_obtained":["Injury"]}],"is_beta":false,"boss_relics":[],"items_purged_floors":[],"is_endless":false,"potions_floor_spawned":[4,6],"killed_by":"Hexaghost","ascension_level":0}}