{"host":"1bqbj1s4pyvm9utn","time":1609050255,"event":{"mods":["AchievementEnabler","Aspiration","BaseMod","Beaked The Cultist","Better Altar","Better Match","Better Note","Better Sensory Stone","Better Skull","Better Third Choice","BetterRewards","CCEM","Clawfect","Colored Map","Conspire","Downfall","GifTheSpireLib","Halation","Hermit","Highlight Path","Humility","Infinite Spire","Jedi Mod","Jorbs\u0027s Wanderer Trilogy","Mad Scientist","Marisa????????","Mimic Mod","Minty Spire (QoL Compilation)","Permanent Neow","Shade Mod","Shop Mod","Spicy Shops","StSLib","Stuff the Spire","The Animator","The Bug Knight","The Cursed","The Gatherer","The Hierophant","The Jungle","The Mystic","The Necromancer","The Runesmith","The Servant 0.9.4","everything is the same but u backflip on backflip","slay the spire mod where everything is the same but ironclad has a cowboy hat","vexMod"],"gold_per_floor":[112,112,87,103,121,156,156,156,182,33,33,33,33,47,47,150,150,163,163,183,41,41,41,41,41],"floor_reached":24,"playtime":2248,"items_purged":[],"score":202,"play_id":"dfc251f5-9dfe-429c-8c74-43e17777dce1","local_time":"20201226222415","is_ascension_mode":true,"campfire_choices":[{"floor":8,"key":"RECALL"},{"data":"HollowMod:CycloneSlash","floor":11,"key":"SMITH"},{"floor":15,"key":"REST"},{"floor":23,"key":"REST"}],"circlet_count":0,"master_deck":["HollowMod:NailStrikeStart","HollowMod:NailStrikeStart","HollowMod:NailStrikeStart","HollowMod:QuickDashStart","HollowMod:QuickDashStart","HollowMod:QuickDashStart","HollowMod:QuickDashStart","HollowMod:FocusHealStart","HollowMod:PogoStrike","HollowMod:CycloneSlash+1","HollowMod:HeavyBlow","Masterful Stab","Wraith Form v2","Quick Slash","HollowMod:TaintedHusks","HollowMod:ElderbugsWisdom","HollowMod:ChannelNail+1","StuffTheSpire:CopiaOfFamine","HollowMod:SoulSplash","HollowMod:BaldurShell","Pride","Shame"],"relics":["HollowMod:KingsSoulRelic","aspiration:Nostalgia","sneckomod:SneckoSoul","SacredBark","Letter Opener","Oddly Smooth Stone","CCEMRelics:FryingPan","CCEMRelics:TinyMinotavrHorn"],"acts_visited":["Exordium","TheCity"],"potions_floor_usage":[6,16,20,24],"damage_taken":[{"damage":7,"enemies":"2 Louse","floor":1,"turns":4},{"damage":8,"enemies":"Jaw Worm","floor":4,"turns":4},{"damage":4,"enemies":"Small Slimes","floor":5,"turns":3},{"damage":6,"enemies":"HollowMod:MossKnight","floor":6,"turns":6},{"damage":1,"enemies":"Blue Slaver","floor":14,"turns":3},{"damage":44,"enemies":"HollowMod:FalseKnight","floor":16,"turns":14},{"damage":43,"enemies":"3 Byrds","floor":18,"turns":6},{"damage":18,"enemies":"Shell Parasite","floor":20,"turns":13},{"damage":38,"enemies":"Gremlin Leader","floor":24,"turns":4}],"seed_played":"-5744755418992891179","potions_obtained":[{"floor":4,"key":"Dexterity Potion"},{"floor":5,"key":"Energy Potion"},{"floor":16,"key":"SpeedPotion"},{"floor":18,"key":"jedi:wingpotion"},{"floor":20,"key":"PowerPotion"}],"is_trial":false,"path_per_floor":["M","$","?","M","M","E","?","R","T","$","R","T","?","M","R","B",null,"M","?","M","$","?","R","E"],"character_chosen":"THE_BUGKNIGHT","items_purchased":["Oddly Smooth Stone","HollowMod:BaldurShell","CCEMRelics:TinyMinotavrHorn"],"campfire_rested":2,"item_purchase_floors":[10,21,21],"current_hp_per_floor":[74,74,74,66,62,68,50,50,50,50,50,50,50,55,75,36,75,32,12,6,6,6,28,0,0],"gold":41,"neow_bonus":"NOSTALGIA","is_daily":false,"chose_seed":false,"campfire_upgraded":1,"win_rate":0.0,"timestamp":1609050255,"path_taken":["M","$","?","M","M","E","?","R","T","?","R","?","?","?","R","BOSS","M","?","M","?","?","R","E"],"items_purchased_type":["Relic","Card","Relic"],"build_version":"2020-12-22","purchased_purges":0,"victory":false,"max_hp_per_floor":[75,75,75,75,75,75,75,75,75,75,75,75,75,75,75,75,75,75,75,75,75,75,75,75,75],"card_choices":[{"not_picked":["HollowMod:MothsMistake","HollowMod:ChannelNail"],"picked":"HollowMod:CycloneSlash","floor":1},{"not_picked":["HollowMod:BlackTendrils","HollowMod:AbyssShriek","HollowMod:VengefulVoid"],"picked":"SKIP","floor":4},{"not_picked":["HollowMod:InfectedAttack","HollowMod:InfectedCysts"],"picked":"HollowMod:HeavyBlow","floor":5},{"not_picked":["HollowMod:NewJinnsSoul","HollowMod:SoulEater"],"picked":"HollowMod:NewLittleFool","floor":6},{"not_picked":["infinitespire:Oblivion","infinitespire:FutureSight"],"picked":"infinitespire:UltimateForm","floor":7},{"not_picked":["HollowMod:ShadowDash","HollowMod:NewLittleFool"],"picked":"HollowMod:TaintedHusks","floor":14},{"not_picked":["HollowMod:NewInfectedGuardian","HollowMod:LifebloodCore"],"picked":"HollowMod:ElderbugsWisdom","floor":16},{"not_picked":["HollowMod:DesolateDive+1","HollowMod:FastStrike+1"],"picked":"HollowMod:ChannelNail+1","floor":18},{"not_picked":["HollowMod:TaintedHusks","HollowMod:CornifersMapStart"],"picked":"HollowMod:SoulSplash","floor":20}],"player_experience":898852,"relics_obtained":[{"floor":6,"key":"Letter Opener"},{"floor":12,"key":"CCEMRelics:FryingPan"}],"event_choices":[],"is_beta":false,"boss_relics":[{"not_picked":["Ectoplasm","vexMod:TanglingVine"],"picked":"HollowMod:KingsSoulRelic"}],"items_purged_floors":[],"is_endless":false,"potions_floor_spawned":[4,5,16,18,20],"killed_by":"Gremlin Leader","ascension_level":1}}