{"host":"2cg6xoexl1he7zus","time":1609112575,"event":{"mods":["AchievementEnabler","BaseMod","Colored Map","Minty Spire (QoL Compilation)","Quick Restart","StSLib","SuperFastMode","everything is the same but u backflip on backflip"],"gold_per_floor":[112,0,0,19,194,220,50,50,50,67,83,113,113,146,146,250,250,269,283,283,283,61,61,95,108,133,133,147,147,43,58,58,161,161,171,171,182,192,192,192,208,208,208,51,77,77,77,90,90,90],"floor_reached":51,"playtime":1608,"items_purged":["Strike_B","Doubt"],"score":1155,"play_id":"ec85ac3c-07d0-4126-bc38-51cda6c8b1b0","local_time":"20201228084255","is_ascension_mode":true,"campfire_choices":[{"data":"Defragment","floor":13.0,"key":"SMITH"},{"data":"Zap","floor":15.0,"key":"SMITH"},{"data":"Seek","floor":23.0,"key":"SMITH"},{"data":"Biased Cognition","floor":29.0,"key":"SMITH"},{"floor":32.0,"key":"REST"},{"data":"1","floor":40,"key":"LIFT"},{"data":"2","floor":42,"key":"LIFT"},{"floor":49,"key":"REST"}],"circlet_count":0,"master_deck":["AscendersBane","Zap+1","Dualcast+1","Good Instincts","BootSequence","Sunder","Ball Lightning","Conserve Battery","Defragment+1","Capacitor","Barrage","Tempest","Seek","Darkness","Fission+1","Static Discharge","Biased Cognition+1","Skim","Glacier","Consume","Seek+1","Storm","Hologram","Capacitor","Core Surge","Turbo+1"],"relics":["Cracked Core","DataDisk","Meat on the Bone","Du-Vu Doll","Girya","Pandora\u0027s Box","Enchiridion","DollysMirror","Sundial","Bag of Preparation","StrikeDummy","Fusion Hammer","Ornamental Fan","OrangePellets","Anchor"],"acts_visited":["Exordium","TheCity","TheBeyond"],"potions_floor_usage":[50],"damage_taken":[{"damage":0.0,"enemies":"Small Slimes","floor":1.0,"turns":3.0},{"damage":9.0,"enemies":"Jaw Worm","floor":4.0,"turns":4.0},{"damage":26.0,"enemies":"Lagavulin","floor":6.0,"turns":8.0},{"damage":0.0,"enemies":"Cultist","floor":10.0,"turns":3.0},{"damage":0.0,"enemies":"2 Fungi Beasts","floor":11.0,"turns":2.0},{"damage":13.0,"enemies":"3 Sentries","floor":12.0,"turns":7.0},{"damage":10.0,"enemies":"Gremlin Nob","floor":14.0,"turns":3.0},{"damage":14.0,"enemies":"Hexaghost","floor":16.0,"turns":9.0},{"damage":0.0,"enemies":"3 Byrds","floor":18.0,"turns":4.0},{"damage":2.0,"enemies":"Shell Parasite","floor":19.0,"turns":4.0},{"damage":4.0,"enemies":"Book of Stabbing","floor":24.0,"turns":4.0},{"damage":27.0,"enemies":"Centurion and Healer","floor":25.0,"turns":3.0},{"damage":8.0,"enemies":"Snecko","floor":28.0,"turns":5.0},{"damage":0.0,"enemies":"Snake Plant","floor":31.0,"turns":2.0},{"damage":1.0,"enemies":"Champ","floor":33.0,"turns":6.0},{"damage":0.0,"enemies":"3 Shapes","floor":35.0,"turns":2.0},{"damage":9,"enemies":"3 Darklings","floor":37,"turns":3},{"damage":0,"enemies":"Sphere and 2 Shapes","floor":38,"turns":2},{"damage":15,"enemies":"Writhing Mass","floor":41,"turns":4},{"damage":0,"enemies":"Nemesis","floor":45,"turns":5},{"damage":0,"enemies":"4 Shapes","floor":48,"turns":1},{"damage":10,"enemies":"Time Eater","floor":50,"turns":6}],"seed_played":"-1936627148603881197","potions_obtained":[{"floor":1.0,"key":"EssenceOfSteel"},{"floor":10.0,"key":"FearPotion"},{"floor":14.0,"key":"Strength Potion"},{"floor":16.0,"key":"DistilledChaos"},{"floor":31.0,"key":"SteroidPotion"},{"floor":38,"key":"PotionOfCapacity"}],"is_trial":false,"path_per_floor":["M","$","?","M","?","E","$","?","T","M","M","E","R","E","R","B",null,"M","M","?","?","$","R","E","M","T","T","M","R","$","M","R","B",null,"M","?","M","M","?","R","M","R","T","$","E","?","?","M","R","B",null],"character_chosen":"DEFECT","items_purchased":["Sunder","Defragment","DollysMirror","DistilledChaos","Hologram","Capacitor","OrangePellets"],"campfire_rested":2,"item_purchase_floors":[2,7,22,22,30,30,44],"current_hp_per_floor":[68,68,61,52,52,26,26,26,26,38,38,37,37,39,39,37,66,66,64,48,48,48,48,44,29,29,29,33,33,33,45,67,66,73,73,73,64,64,64,64,49,49,49,49,49,49,49,49,71,61],"gold":90,"neow_bonus":"RANDOM_COLORLESS","is_daily":false,"chose_seed":false,"campfire_upgraded":4,"win_rate":0.0,"timestamp":1609112575,"path_taken":["M","$","?","M","?","E","$","?","T","M","?","E","R","E","R","BOSS","M","M","?","?","$","R","E","?","T","?","?","R","?","M","R","BOSS","M","?","M","M","?","R","M","R","T","$","E","?","?","M","R","BOSS"],"items_purchased_type":["Card","Card","Relic","Potion","Card","Card","Relic"],"build_version":"2020-12-22","purchased_purges":2,"victory":true,"max_hp_per_floor":[75,75,75,75,75,75,75,75,75,75,75,75,75,75,75,75,75,75,75,75,75,75,75,75,75,75,75,75,75,75,75,75,75,75,75,75,75,75,75,75,75,75,75,75,75,75,75,75,75,75],"card_choices":[{"not_picked":["Madness","Dark Shackles"],"picked":"Good Instincts","floor":0.0},{"not_picked":["Turbo","Redo"],"picked":"BootSequence","floor":1.0},{"not_picked":["Stack","Cold Snap"],"picked":"Ball Lightning","floor":4.0},{"not_picked":["Hologram","Reinforced Body"],"picked":"Conserve Battery","floor":6.0},{"not_picked":["Leap","Compile Driver"],"picked":"Capacitor","floor":10.0},{"not_picked":["Leap","Reprogram"],"picked":"Barrage","floor":11.0},{"not_picked":["Machine Learning","Compile Driver","Steam"],"picked":"SKIP","floor":12.0},{"not_picked":["Force Field","Rebound"],"picked":"Tempest","floor":14.0},{"not_picked":["Fission","Meteor Strike"],"picked":"Seek","floor":16.0},{"not_picked":["Scrape","Beam Cell"],"picked":"Consume","floor":18.0},{"not_picked":["Stack","Conserve Battery","Barrage"],"picked":"SKIP","floor":19.0},{"not_picked":["Lockon+1","Conserve Battery"],"picked":"Storm","floor":24.0},{"not_picked":["Lockon","Chaos","Melter"],"picked":"SKIP","floor":25.0},{"not_picked":["Melter","Cold Snap"],"picked":"Double Energy","floor":28.0},{"not_picked":["Ball Lightning+1","Lockon","Compile Driver+1"],"picked":"SKIP","floor":31.0},{"not_picked":["Buffer","All For One"],"picked":"Core Surge","floor":33.0},{"not_picked":["Force Field+1","Double Energy"],"picked":"Turbo+1","floor":35.0},{"not_picked":["Compile Driver","Leap+1","Ball Lightning"],"picked":"SKIP","floor":37},{"not_picked":["Leap+1","Defragment","Stack+1"],"picked":"SKIP","floor":38},{"not_picked":["Recycle+1","Redo+1","Self Repair+1"],"picked":"SKIP","floor":41},{"not_picked":["Consume","Amplify","Lockon"],"picked":"SKIP","floor":45},{"not_picked":["Sweeping Beam","Conserve Battery","Rebound+1"],"picked":"SKIP","floor":48}],"player_experience":255867,"relics_obtained":[{"floor":6.0,"key":"DataDisk"},{"floor":9.0,"key":"Meat on the Bone"},{"floor":12.0,"key":"Du-Vu Doll"},{"floor":14.0,"key":"Girya"},{"floor":20.0,"key":"Enchiridion"},{"floor":24.0,"key":"Sundial"},{"floor":26.0,"key":"Bag of Preparation"},{"floor":27.0,"key":"StrikeDummy"},{"floor":43,"key":"Ornamental Fan"},{"floor":45,"key":"Anchor"}],"event_choices":[{"cards_removed":["Strike_B"],"damage_healed":0.0,"max_hp_gain":0.0,"max_hp_loss":0.0,"gold_gain":0.0,"event_name":"Golden Wing","player_choice":"Card Removal","floor":3.0,"gold_loss":0.0,"damage_taken":7.0},{"damage_healed":0.0,"max_hp_gain":0.0,"max_hp_loss":0.0,"gold_gain":175.0,"event_name":"Liars Game","player_choice":"AGREE","floor":5.0,"gold_loss":0.0,"damage_taken":0.0,"cards_obtained":["Doubt"]},{"damage_healed":0.0,"max_hp_gain":0.0,"max_hp_loss":0.0,"gold_gain":0.0,"event_name":"Upgrade Shrine","player_choice":"Upgraded","floor":8.0,"gold_loss":0.0,"damage_taken":0.0,"cards_upgraded":["Dualcast"]},{"damage_healed":0.0,"max_hp_gain":0.0,"max_hp_loss":0.0,"gold_gain":0.0,"event_name":"Cursed Tome","player_choice":"Obtained Book","floor":20.0,"gold_loss":0.0,"damage_taken":16.0},{"damage_healed":0.0,"max_hp_gain":0.0,"max_hp_loss":0.0,"gold_gain":0.0,"event_name":"Upgrade Shrine","player_choice":"Upgraded","floor":21.0,"gold_loss":0.0,"damage_taken":0.0,"cards_upgraded":["Fission"]},{"damage_healed":0,"gold_gain":0,"player_choice":"Memory 1","damage_taken":0,"max_hp_gain":0,"max_hp_loss":0,"event_name":"SensoryStone","floor":36,"gold_loss":0},{"damage_healed":0,"gold_gain":0,"player_choice":"Ignored","damage_taken":0,"max_hp_gain":0,"max_hp_loss":0,"event_name":"Mysterious Sphere","floor":39,"gold_loss":0},{"cards_removed":["Double Energy"],"damage_healed":0,"gold_gain":0,"player_choice":"Removed Skill","damage_taken":0,"max_hp_gain":0,"max_hp_loss":0,"event_name":"Falling","floor":46,"gold_loss":0},{"damage_healed":0,"gold_gain":0,"player_choice":"Ignored","damage_taken":0,"max_hp_gain":0,"max_hp_loss":0,"event_name":"SecretPortal","floor":47,"gold_loss":0}],"is_beta":false,"boss_relics":[{"not_picked":["SacredBark","Tiny House"],"picked":"Pandora\u0027s Box"},{"not_picked":["Runic Pyramid","Snecko Eye"],"picked":"Fusion Hammer"}],"items_purged_floors":[2,7],"is_endless":false,"potions_floor_spawned":[1,10,14,16,25,31,38,45],"ascension_level":11}}