{"host":"Zion","time":1609084125,"event":{"mods":["AchievementEnabler","BaseMod","Colored Map","DeckTracker","Minty Spire (QoL Compilation)","Quick Restart","Rare Cards Sparkle"],"gold_per_floor":[20,35,45,62,62,62,120,45,45,45,45,60,60,79,79,79,79],"floor_reached":16,"playtime":638,"items_purged":["Strike_B"],"score":110,"play_id":"e916692f-afee-42ef-800d-60fb9b8bbdea","local_time":"20201228004845","is_ascension_mode":true,"campfire_choices":[{"data":"Zap","floor":6.0,"key":"SMITH"},{"data":"Redo","floor":13.0,"key":"SMITH"},{"data":"Dualcast","floor":15.0,"key":"SMITH"}],"circlet_count":0,"master_deck":["Strike_B","Defend_B","Defend_B","Defend_B","Defend_B","Zap+1","Dualcast+1","Cold Snap","Ball Lightning","Redo+1","Chill"],"relics":["Cracked Core","Question Card","Bag of Marbles","Tiny Chest"],"acts_visited":["Exordium"],"potions_floor_usage":[16],"damage_taken":[{"damage":1.0,"enemies":"Cultist","floor":1.0,"turns":4.0},{"damage":14.0,"enemies":"Small Slimes","floor":2.0,"turns":3.0},{"damage":2.0,"enemies":"Jaw Worm","floor":3.0,"turns":3.0},{"damage":2.0,"enemies":"2 Fungi Beasts","floor":4.0,"turns":3.0},{"damage":23.0,"enemies":"Lagavulin Event","floor":7.0,"turns":6.0},{"damage":7.0,"enemies":"Red Slaver","floor":12.0,"turns":2.0},{"damage":0.0,"enemies":"Large Slime","floor":14.0,"turns":4.0},{"damage":28,"enemies":"Slime Boss","floor":16,"turns":6}],"seed_played":"4032901542495757065","potions_obtained":[{"floor":3.0,"key":"FearPotion"},{"floor":7.0,"key":"FearPotion"}],"is_trial":false,"path_per_floor":["M","M","M","M","?","R","?","$","T","$","?","M","R","M","R","B"],"character_chosen":"DEFECT","items_purchased":[],"campfire_rested":0,"item_purchase_floors":[],"current_hp_per_floor":[74,60,58,56,53,53,30,30,30,30,35,28,28,28,28,0,0],"gold":79,"neow_bonus":"REMOVE_TWO","is_daily":false,"chose_seed":false,"campfire_upgraded":3,"win_rate":0.0,"timestamp":1609084125,"path_taken":["M","M","?","M","?","R","?","?","T","$","?","M","R","M","R","BOSS"],"items_purchased_type":[],"build_version":"2020-12-18","purchased_purges":1,"victory":false,"max_hp_per_floor":[75,75,75,75,75,75,75,75,75,75,80,80,80,80,80,80,80],"card_choices":[{"not_picked":["Compile Driver","Rebound","Force Field"],"picked":"SKIP","floor":1.0},{"not_picked":["Hologram","Turbo"],"picked":"Cold Snap","floor":2.0},{"not_picked":["Compile Driver","Barrage"],"picked":"Ball Lightning","floor":3.0},{"not_picked":["Rebound","Turbo"],"picked":"Redo","floor":4.0},{"not_picked":["Auto Shields","Ball Lightning","Fusion"],"picked":"Chill","floor":12.0},{"not_picked":["Doom and Gloom","Go for the Eyes","Consume","Ball Lightning"],"picked":"SKIP","floor":14.0}],"player_experience":169306,"relics_obtained":[{"floor":7.0,"key":"Bag of Marbles"},{"floor":9.0,"key":"Tiny Chest"}],"event_choices":[{"damage_healed":0.0,"max_hp_gain":0.0,"max_hp_loss":0.0,"gold_gain":0.0,"event_name":"Scrap Ooze","player_choice":"Success","floor":5.0,"gold_loss":0.0,"damage_taken":3.0,"relics_obtained":["Question Card"]},{"damage_healed":0.0,"max_hp_gain":0.0,"max_hp_loss":0.0,"gold_gain":30.0,"event_name":"Dead Adventurer","player_choice":"Searched \u00272\u0027 times","floor":7.0,"gold_loss":0.0,"damage_taken":0.0},{"damage_healed":0.0,"max_hp_gain":5.0,"max_hp_loss":0.0,"gold_gain":0.0,"event_name":"Big Fish","player_choice":"Donut","floor":11.0,"gold_loss":0.0,"damage_taken":0.0}],"is_beta":true,"boss_relics":[],"items_purged_floors":[8],"is_endless":false,"potions_floor_spawned":[3,7],"killed_by":"Slime Boss","ascension_level":4}}