{"host":"i58uscbei3sy5089","time":1609076873,"event":{"mods":["Act Like it!","Arknights The Spire","BaseMod","Challenge The Spire","Colored Powertips","Conspire","Infinite Spire","Koishi","Lobotomy","LobotomyExtend","Minty Spire (QoL Compilation)","MostiFishMod","Prisma Mod","Quick Restart","Reimu£®≤©¿ˆ¡È√Œ£©","Replay The Spire","Shop Mod","StSLib","TestMod","The Construct","UnlockEverythingMod","[IsaacMod]“‘»ˆº‚À˛","vexMod","°æπ¶ƒ‹Mod°øªÏ„Á÷Æª∑–ﬁ∏¥≤π∂°","ÛÙª÷∏ƒœ"],"gold_per_floor":[118,118,118,118,134,161,192,224,224,3,3,23,23,58,58,161,227,245,245,344,344,375,375],"floor_reached":22,"playtime":1685,"items_purged":["ats:Thorns","ats:Roar Of Ursus","ats:Revitalization"],"score":378,"play_id":"f42a3e43-fdc3-47eb-9541-b7d2bc67c5c9","local_time":"20201227214753","daily_mods":["SealedDeck","Vintage","Heirloom","Time Dilation","Flight","DeadlyEvents","Elite Swarm"],"is_ascension_mode":false,"campfire_choices":[{"data":"ats:Roar Of Ursus","floor":13,"key":"SMITH"},{"data":"ats:Volcano","floor":15,"key":"SMITH"}],"circlet_count":0,"master_deck":["ats:Revitalization","ats:Apocalypse","ats:Apocalypse","ats:Hook Shot","ats:Shell Defense","ats:Shell Defense","ats:Very Hot Blade+1","ats:Volcano+1","ats:Volcano","ats:Roar Of Ursus+1","ats:Volcano+1"],"relics":["ats:Sanity","replay:Trail_Library","testmod-TestBox","HushsDoor","DaveBox","MoneyPower","DeadEye","testmod-GiftOfSatan","Civilization","SynthV:TestCard","LetterFromLob","Gambling Chip","vexMod:ScavengeHelm","ats:Originium","Chameleon Ring","ats:Originium","YumHeart","ats:Originium","Pantograph","ReplayTheSpireMod:Ninjato","MerchantsRug","ats:MaxSp2","ats:Rhine Circuitry","MagicMushroom","testmod-IndustrialRevolution","StoneCalendar","Dead Branch"],"acts_visited":["Exordium","TheCity"],"potions_floor_usage":[],"damage_taken":[{"damage":0,"enemies":"Jaw Worm","floor":1,"turns":1},{"damage":0,"enemies":"Cultist","floor":5,"turns":3},{"damage":16,"enemies":"Lagavulin","floor":6,"turns":7},{"damage":0,"enemies":"Gremlin Nob","floor":7,"turns":3},{"damage":9,"enemies":"3 Sentries","floor":8,"turns":2},{"damage":0,"enemies":"2 Louse","floor":12,"turns":1},{"damage":8,"enemies":"Gremlin Nob","floor":14,"turns":3},{"damage":9,"enemies":"The Guardian","floor":16,"turns":5},{"damage":0,"enemies":"3 Byrds","floor":18,"turns":2},{"damage":0,"enemies":"conspire:SneckoGhost","floor":22,"turns":5}],"seed_played":"-2529737588712350598","potions_obtained":[{"floor":6,"key":"Venom Potion"},{"floor":8,"key":"Strength Potion"},{"floor":14,"key":"Ancient Potion"}],"is_trial":true,"path_per_floor":["M","?","?","$","M","E","E","E","T","$","E","M","R","E","R","B",null,"M","AVR","?","?","E"],"character_chosen":"DOCTOR_CLASS","items_purchased":["MerchantsRug"],"campfire_rested":0,"item_purchase_floors":[10],"current_hp_per_floor":[73,73,73,73,80,84,88,86,86,86,86,95,95,97,97,121,131,145,145,145,145,165,165],"gold":375,"neow_bonus":"","is_daily":false,"chose_seed":false,"campfire_upgraded":2,"win_rate":0.0,"timestamp":1609076873,"path_taken":["M","?","?","?","M","E","E","E","T","$","E","?","R","?","R","BOSS","M","AVR","?","?","?"],"items_purchased_type":["Relic"],"build_version":"2020-12-22","purchased_purges":3,"victory":false,"max_hp_per_floor":[73,73,73,73,80,88,92,99,99,99,99,108,108,118,118,129,131,145,145,145,145,165,165],"card_choices":[{"not_picked":["ats:Disruption Kick","ats:Fractured Body","ats:Rat Pack","ats:Durian"],"picked":"ats:Volcano","floor":6},{"not_picked":["ats:Rat Pack","ats:Fractured Body","ats:Soul Rend","ats:Echo Reverb"],"picked":"ats:Roar Of Ursus","floor":7},{"not_picked":["ats:Calcification","ats:Disruption Kick","ats:Nebulous Foxfire","ats:Ambush"],"picked":"ats:Roar Of Ursus","floor":8},{"not_picked":["ats:Soul Rend","ats:Calcification","ats:Fractured Body","ats:True Silver Slash"],"picked":"ats:Volcano","floor":14},{"not_picked":["ats:Rat Pack","ats:Fractured Body","ats:Wolf Pack","ats:Soul Rend","ats:Ambush"],"picked":"SKIP","floor":22}],"player_experience":627246,"relics_obtained":[{"floor":1,"key":"SynthV:TestCard"},{"floor":1,"key":"LetterFromLob"},{"floor":1,"key":"Gambling Chip"},{"floor":5,"key":"vexMod:ScavengeHelm"},{"floor":6,"key":"ats:Originium"},{"floor":6,"key":"Chameleon Ring"},{"floor":7,"key":"ats:Originium"},{"floor":7,"key":"YumHeart"},{"floor":8,"key":"ats:Originium"},{"floor":8,"key":"Pantograph"},{"floor":9,"key":"ReplayTheSpireMod:Ninjato"},{"floor":12,"key":"ats:MaxSp2"},{"floor":14,"key":"ats:Rhine Circuitry"},{"floor":18,"key":"testmod-IndustrialRevolution"},{"floor":22,"key":"Dead Branch"}],"event_choices":[{"damage_healed":0,"gold_gain":0,"player_choice":"Upgraded","damage_taken":0,"max_hp_gain":0,"max_hp_loss":0,"event_name":"Upgrade Shrine","floor":2,"gold_loss":0,"cards_upgraded":["ats:Very Hot Blade"]},{"damage_healed":0,"gold_gain":99,"player_choice":"Stole From Cult","damage_taken":0,"max_hp_gain":0,"max_hp_loss":0,"event_name":"Nest","floor":20,"gold_loss":0}],"is_beta":false,"boss_relics":[{"not_picked":["Snecko Eye","Ectoplasm"],"picked":"MagicMushroom"},{"not_picked":[]}],"items_purged_floors":[10,17,19],"is_endless":false,"potions_floor_spawned":[6,8,14],"killed_by":"conspire:SneckoGhost","ascension_level":0}}