{"host":"dcj2yvrgcvh5dl2s","time":1609068324,"event":{"mods":["BaseMod","Better Note","Block Reminder","Colored Powertips","DeckTracker","Minty Spire (QoL Compilation)","Quick Restart","Rare Cards Sparkle","Relic Stats","StSLib"],"gold_per_floor":[118,133,133,146,146,179,179,204,204,220,220,232,232,232,232,328,328,353,65,65,265,280,318,338,338,363,363,386,386,386],"floor_reached":29,"playtime":557,"items_purged":[],"score":464,"play_id":"efe48c59-34c4-46e5-a286-f67d16e50853","local_time":"20201227212524","is_ascension_mode":true,"campfire_choices":[{"data":"Pommel Strike","floor":7,"key":"SMITH"},{"floor":11,"key":"REST"},{"floor":13,"key":"REST"},{"data":"Bludgeon","floor":15,"key":"SMITH"},{"data":"Flex","floor":25,"key":"SMITH"},{"data":"Disarm","floor":27,"key":"SMITH"}],"circlet_count":0,"master_deck":["AscendersBane","Strike_R","Strike_R+1","Strike_R","Strike_R","Strike_R","Defend_R","Defend_R","Defend_R","Defend_R","Bash","Intimidate+1","Dropkick","Pommel Strike+1","Disarm+1","Bludgeon+1","Sword Boomerang+1","Offering","Flex+1","Sword Boomerang"],"relics":["Burning Blood","NeowsBlessing","Ginger","Shuriken","Calipers","Golden Idol","Coffee Dripper","Paper Frog","HornCleat","Boot","Whetstone"],"acts_visited":["Exordium","TheCity"],"potions_floor_usage":[8,18,23,24,29],"damage_taken":[{"damage":0,"enemies":"2 Louse","floor":1,"turns":1},{"damage":0,"enemies":"Cultist","floor":2,"turns":1},{"damage":0,"enemies":"Small Slimes","floor":4,"turns":2},{"damage":42,"enemies":"Gremlin Nob","floor":6,"turns":5},{"damage":26,"enemies":"Lagavulin","floor":8,"turns":6},{"damage":11,"enemies":"Looter","floor":10,"turns":2},{"damage":10,"enemies":"3 Louse","floor":12,"turns":3},{"damage":18,"enemies":"Slime Boss","floor":16,"turns":8},{"damage":18,"enemies":"3 Byrds","floor":18,"turns":4},{"damage":25,"enemies":"Spheric Guardian","floor":22,"turns":4},{"damage":26,"enemies":"Slavers","floor":23,"turns":5},{"damage":17,"enemies":"3 Cultists","floor":24,"turns":4},{"damage":15,"enemies":"Shelled Parasite and Fungi","floor":29,"turns":1}],"seed_played":"-5627511488363312247","potions_obtained":[{"floor":1,"key":"PowerPotion"},{"floor":12,"key":"SkillPotion"},{"floor":16,"key":"AttackPotion"},{"floor":23,"key":"BloodPotion"},{"floor":24,"key":"PowerPotion"}],"is_trial":false,"path_per_floor":["M","M","?","M","?","E","R","E","T","M","R","M","R","?","R","B",null,"M","$","?","?","M","E","M","R","T","R","T","M"],"character_chosen":"IRONCLAD","items_purchased":["Paper Frog"],"campfire_rested":2,"item_purchase_floors":[19],"current_hp_per_floor":[74,75,71,75,75,39,39,19,19,14,36,32,54,54,54,42,62,50,50,50,50,31,11,13,13,13,13,13,0,0],"gold":386,"neow_bonus":"THREE_ENEMY_KILL","is_daily":false,"chose_seed":false,"campfire_upgraded":4,"win_rate":0.0,"timestamp":1609068324,"path_taken":["M","M","?","?","?","E","R","E","T","M","R","M","R","?","R","BOSS","M","$","?","?","M","E","?","R","T","R","?","M"],"items_purchased_type":["Relic"],"build_version":"2020-12-22","purchased_purges":0,"victory":false,"max_hp_per_floor":[75,75,75,75,75,75,75,75,75,75,75,75,75,68,68,68,68,68,68,68,68,68,68,68,68,68,68,68,68,68],"relic_stats":{"counters":[13,46],"Shuriken":[17],"Golden Idol":39,"Ginger":[2],"Whetstone":["Strike_R","Sword Boomerang"],"Boot":[0],"obtain_stats":[{"Calipers":9,"HornCleat":23,"NeowsBlessing":0,"Shuriken":8,"Golden Idol":14,"Coffee Dripper":17,"Ginger":6,"Whetstone":28,"Boot":26,"Burning Blood":0,"Paper Frog":19},{"Calipers":5,"HornCleat":11,"NeowsBlessing":0,"Shuriken":5,"Golden Idol":7,"Coffee Dripper":8,"Ginger":4,"Whetstone":12,"Boot":12,"Burning Blood":0,"Paper Frog":9},{"Calipers":15,"HornCleat":41,"NeowsBlessing":0,"Shuriken":15,"Golden Idol":20,"Coffee Dripper":28,"Ginger":9,"Whetstone":45,"Boot":45,"Burning Blood":0,"Paper Frog":32}],"Burning Blood":65},"card_choices":[{"not_picked":["Havoc","Armaments"],"picked":"Intimidate","floor":1},{"not_picked":["Twin Strike","Sever Soul"],"picked":"Dropkick","floor":2},{"not_picked":["Warcry","Headbutt"],"picked":"Pommel Strike","floor":4},{"not_picked":["Clash","Shrug It Off"],"picked":"Disarm","floor":6},{"not_picked":["Exhume","Searing Blow"],"picked":"Bludgeon","floor":8},{"not_picked":["Evolve","Metallicize"],"picked":"Sword Boomerang","floor":10},{"not_picked":["Entrench","Rupture","Rage"],"picked":"SKIP","floor":12},{"not_picked":["Limit Break","Impervious"],"picked":"Offering","floor":16},{"not_picked":["Sentinel+1","Flame Barrier","Wild Strike"],"picked":"SKIP","floor":18},{"not_picked":["Dropkick","Iron Wave+1"],"picked":"Sword Boomerang","floor":22},{"not_picked":["Wild Strike","Anger","Brutality"],"picked":"SKIP","floor":23},{"not_picked":["Sword Boomerang","Ghostly Armor","Anger"],"picked":"SKIP","floor":24}],"player_experience":2071082,"relics_obtained":[{"floor":6,"key":"Ginger"},{"floor":8,"key":"Shuriken"},{"floor":9,"key":"Calipers"},{"floor":23,"key":"HornCleat"},{"floor":26,"key":"Boot"},{"floor":28,"key":"Whetstone"}],"event_choices":[{"damage_healed":0,"gold_gain":0,"player_choice":"Bought 0 Potions","damage_taken":0,"max_hp_gain":0,"max_hp_loss":0,"event_name":"The Woman in Blue","floor":3,"gold_loss":0},{"damage_healed":0,"gold_gain":0,"player_choice":"Grow","damage_taken":0,"max_hp_gain":0,"max_hp_loss":0,"event_name":"Living Wall","floor":5,"gold_loss":0,"cards_upgraded":["Intimidate"]},{"damage_healed":0,"gold_gain":0,"player_choice":"Lose Max HP","damage_taken":0,"relics_obtained":["Golden Idol"],"max_hp_gain":0,"max_hp_loss":7,"event_name":"Golden Idol","floor":14,"gold_loss":0},{"damage_healed":0,"gold_gain":0,"player_choice":"Read","damage_taken":0,"max_hp_gain":0,"max_hp_loss":0,"event_name":"The Library","floor":20,"gold_loss":0,"cards_obtained":["Flex"]},{"damage_healed":0,"gold_gain":200,"player_choice":"Gold","damage_taken":0,"max_hp_gain":0,"max_hp_loss":0,"event_name":"Wheel of Change","floor":21,"gold_loss":0}],"is_beta":false,"boss_relics":[{"not_picked":["Mark of Pain","Pandora\u0027s Box"],"picked":"Coffee Dripper"}],"items_purged_floors":[],"is_endless":false,"potions_floor_spawned":[1,12,16,23,24],"killed_by":"Shelled Parasite and Fungi","ascension_level":17}}