{"host":"fne7yx97fnz7kq05","time":1609034368,"event":{"mods":["BaseMod","Colored Map","Colored Powertips","Highlight Path","Minty Spire (QoL Compilation)","Relic Stats"],"gold_per_floor":[10,10,10,42,104,136,177,1,1,1,35,35,35,48,48,123,123,135,21,31,31,47,47,375,2,2,2,13,33,33,33,33,110,110,128,143,12,30,30,65,65,2,27,62,77,89,109,121,121,121,121,121,6,35,35,35],"floor_reached":55,"playtime":5982,"items_purged":["Strike_G","Strike_G","Strike_G"],"score":1503,"play_id":"68218f81-4912-4071-b1ce-d050438f921d","local_time":"20201226195928","is_ascension_mode":true,"campfire_choices":[{"data":"Sucker Punch","floor":10.0,"key":"SMITH"},{"data":"Corpse Explosion","floor":12.0,"key":"SMITH"},{"data":"Footwork","floor":15.0,"key":"SMITH"},{"data":"Dodge and Roll","floor":23.0,"key":"SMITH"},{"data":"Apotheosis","floor":27.0,"key":"SMITH"},{"floor":30.0,"key":"REST"},{"floor":32.0,"key":"REST"},{"floor":41.0,"key":"RECALL"},{"floor":49.0,"key":"REST"},{"floor":52.0,"key":"REST"}],"circlet_count":0,"master_deck":["AscendersBane","Defend_G","Defend_G","Defend_G","Defend_G","Defend_G","Survivor","Neutralize","Corpse Explosion+1","Well Laid Plans+1","Sucker Punch+1","Predator","Crippling Poison","Deflect","Footwork+1","Blade Dance+1","Dodge and Roll+1","Cloak And Dagger","Blur","Apotheosis+1","Dark Shackles","Bouncing Flask","Grand Finale","Noxious Fumes+1","Backflip","Wraith Form v2","Acrobatics","Acrobatics","Venomology"],"relics":["Ring of the Snake","MawBank","Oddly Smooth Stone","Membership Card","InkBottle","Juzu Bracelet","Tough Bandages","Runic Dome","Medical Kit","Old Coin","Singing Bowl","Empty Cage","Lee\u0027s Waffle","Anchor","Smiling Mask","Vajra","Pen Nib","Mercury Hourglass"],"acts_visited":["Exordium","TheCity","TheBeyond","TheEnding"],"potions_floor_usage":[55,55,55],"damage_taken":[{"damage":4.0,"enemies":"2 Louse","floor":1.0,"turns":2.0},{"damage":0.0,"enemies":"Jaw Worm","floor":4.0,"turns":6.0},{"damage":5.0,"enemies":"Small Slimes","floor":6.0,"turns":5.0},{"damage":14.0,"enemies":"Gremlin Nob","floor":7.0,"turns":4.0},{"damage":14.0,"enemies":"3 Sentries","floor":11.0,"turns":4.0},{"damage":0.0,"enemies":"Red Slaver","floor":14.0,"turns":5.0},{"damage":4.0,"enemies":"Hexaghost","floor":16.0,"turns":15.0},{"damage":4.0,"enemies":"Spheric Guardian","floor":18.0,"turns":6.0},{"damage":0.0,"enemies":"Shell Parasite","floor":20.0,"turns":7.0},{"damage":1.0,"enemies":"Centurion and Healer","floor":22.0,"turns":6.0},{"damage":12.0,"enemies":"Book of Stabbing","floor":24.0,"turns":7.0},{"damage":0.0,"enemies":"Snake Plant","floor":28.0,"turns":7.0},{"damage":24.0,"enemies":"Snecko","floor":29.0,"turns":6.0},{"damage":39.0,"enemies":"Automaton","floor":33.0,"turns":14.0},{"damage":6.0,"enemies":"3 Shapes","floor":35.0,"turns":6.0},{"damage":4.0,"enemies":"3 Darklings","floor":36.0,"turns":5.0},{"damage":27.0,"enemies":"Transient","floor":38.0,"turns":5.0},{"damage":0.0,"enemies":"Giant Head","floor":40.0,"turns":12.0},{"damage":0.0,"enemies":"Nemesis","floor":44.0,"turns":11.0},{"damage":9.0,"enemies":"Sphere and 2 Shapes","floor":45.0,"turns":5.0},{"damage":0.0,"enemies":"3 Darklings","floor":46.0,"turns":5.0},{"damage":0.0,"enemies":"Maw","floor":47.0,"turns":10.0},{"damage":7.0,"enemies":"4 Shapes","floor":48.0,"turns":6.0},{"damage":21.0,"enemies":"Donu and Deca","floor":50.0,"turns":10.0},{"damage":0.0,"enemies":"Shield and Spear","floor":54.0,"turns":5.0},{"damage":91,"enemies":"The Heart","floor":55,"turns":6}],"seed_played":"2938756940245170696","potions_obtained":[{"floor":4.0,"key":"LiquidBronze"},{"floor":6.0,"key":"Fire Potion"},{"floor":11.0,"key":"EssenceOfSteel"},{"floor":16.0,"key":"Energy Potion"},{"floor":21.0,"key":"Poison Potion"},{"floor":24.0,"key":"SneckoOil"},{"floor":33.0,"key":"SpeedPotion"},{"floor":36.0,"key":"ColorlessPotion"},{"floor":44.0,"key":"Strength Potion"},{"floor":48.0,"key":"DistilledChaos"},{"floor":54.0,"key":"Explosive Potion"}],"is_trial":false,"path_per_floor":["M","?","T","M","?","M","E","$","T","R","E","R","?","M","R","B",null,"M","$","M","?","M","R","E","$","T","R","M","M","R","?","R","B",null,"M","M","$","M","?","E","R","$","T","E","M","M","M","M","R","B",null,"R","$","E","B"],"character_chosen":"THE_SILENT","items_purchased":["Membership Card","Crippling Poison","Dodge and Roll","Medical Kit","Apotheosis","Dark Shackles","Singing Bowl","DuplicationPotion","Lee\u0027s Waffle","Pen Nib","PowerPotion"],"campfire_rested":4,"item_purchase_floors":[8,8,19,19,25,25,25,25,37,53,53],"current_hp_per_floor":[55,55,55,55,55,50,36,36,36,36,22,22,11,11,11,7,51,47,47,47,47,46,46,34,34,34,34,34,12,32,32,52,13,54,50,46,77,50,50,52,52,52,52,54,45,47,47,42,67,46,75,85,85,85,0,0],"gold":35,"neow_bonus":"THREE_RARE_CARDS","is_daily":false,"chose_seed":false,"campfire_upgraded":5,"win_rate":0.0,"timestamp":1609034368,"path_taken":["M","?","?","M","?","?","E","?","T","R","E","R","?","M","R","BOSS","M","$","M","?","M","R","E","?","T","R","M","M","R","?","R","BOSS","M","M","$","M","?","E","R","?","T","E","M","M","M","M","R","BOSS","R","$","E","BOSS"],"items_purchased_type":["Relic","Card","Card","Relic","Card","Card","Relic","Potion","Relic","Relic","Potion"],"build_version":"2020-12-22","purchased_purges":3,"victory":false,"max_hp_per_floor":[66,66,66,66,66,66,66,66,66,66,66,66,66,66,66,66,66,66,66,66,66,66,66,66,66,66,66,66,68,68,68,68,68,68,70,70,77,77,77,79,79,79,79,81,81,83,83,85,85,85,85,85,85,85,85,85],"relic_stats":{"Lee\u0027s Waffle":31,"Singing Bowl":12,"counters":[26,180],"Pen Nib":[1],"Juzu Bracelet":0,"MawBank":60,"Medical Kit":[11],"Smiling Mask":0,"Mercury Hourglass":[18],"Tough Bandages":[126],"obtain_stats":[{"Lee\u0027s Waffle":37,"Singing Bowl":25,"Oddly Smooth Stone":7,"Vajra":44,"Pen Nib":53,"Juzu Bracelet":11,"MawBank":3,"Medical Kit":19,"Empty Cage":34,"Smiling Mask":43,"Old Coin":24,"Mercury Hourglass":54,"Runic Dome":17,"Tough Bandages":13,"Anchor":40,"Membership Card":8,"InkBottle":9,"Ring of the Snake":0},{"Lee\u0027s Waffle":16,"Singing Bowl":11,"Oddly Smooth Stone":4,"Vajra":19,"Pen Nib":24,"Juzu Bracelet":5,"MawBank":1,"Medical Kit":8,"Empty Cage":14,"Smiling Mask":18,"Old Coin":11,"Mercury Hourglass":25,"Runic Dome":7,"Tough Bandages":5,"Anchor":18,"Membership Card":4,"InkBottle":4,"Ring of the Snake":0},{"Lee\u0027s Waffle":105,"Singing Bowl":67,"Oddly Smooth Stone":17,"Vajra":133,"Pen Nib":169,"Juzu Bracelet":21,"MawBank":2,"Medical Kit":47,"Empty Cage":94,"Smiling Mask":122,"Old Coin":67,"Mercury Hourglass":174,"Runic Dome":41,"Tough Bandages":21,"Anchor":122,"Membership Card":17,"InkBottle":17,"Ring of the Snake":0}],"InkBottle":[71],"Ring of the Snake":[52]},"card_choices":[{"not_picked":["Wraith Form v2","Envenom"],"picked":"Corpse Explosion","floor":0.0},{"not_picked":["PiercingWail","Deflect"],"picked":"Well Laid Plans","floor":1.0},{"not_picked":["Catalyst","Blade Dance"],"picked":"Sucker Punch","floor":4.0},{"not_picked":["Deadly Poison","Backstab"],"picked":"Predator","floor":6.0},{"not_picked":["Eviscerate","Bullet Time","Backstab"],"picked":"SKIP","floor":7.0},{"not_picked":["Quick Slash","Flying Knee"],"picked":"Deflect","floor":11.0},{"not_picked":["Deflect","Bane"],"picked":"Footwork","floor":14.0},{"not_picked":["Bane+1","Leg Sweep"],"picked":"Blade Dance+1","floor":18.0},{"not_picked":["Outmaneuver","Reflex","Bullet Time"],"picked":"SKIP","floor":20.0},{"not_picked":["Well Laid Plans","Prepared"],"picked":"Cloak And Dagger","floor":22.0},{"not_picked":["Acrobatics+1","Distraction"],"picked":"Blur","floor":24.0},{"not_picked":["Endless Agony","Sucker Punch"],"picked":"Bouncing Flask","floor":28.0},{"not_picked":["Masterful Stab","Backflip","Bouncing Flask+1"],"picked":"Singing Bowl","floor":29.0},{"not_picked":["Night Terror","Glass Knife"],"picked":"Grand Finale","floor":33.0},{"not_picked":["Prepared","Flying Knee+1","Underhanded Strike"],"picked":"Singing Bowl","floor":35.0},{"not_picked":["Leg Sweep","Catalyst"],"picked":"Noxious Fumes+1","floor":36.0},{"not_picked":["Deflect+1","Backstab"],"picked":"Backflip","floor":38.0},{"not_picked":["Well Laid Plans","After Image","Prepared"],"picked":"Singing Bowl","floor":40.0},{"not_picked":["Sucker Punch+1","Dash","Poisoned Stab+1"],"picked":"Singing Bowl","floor":44.0},{"not_picked":["Underhanded Strike","Endless Agony"],"picked":"Acrobatics","floor":45.0},{"not_picked":["Dagger Spray","Dagger Throw","Backflip"],"picked":"Singing Bowl","floor":46.0},{"not_picked":["Backflip+1","Bane+1"],"picked":"Acrobatics","floor":47.0},{"not_picked":["Choke","Blade Dance","Bane+1"],"picked":"Singing Bowl","floor":48.0},{"not_picked":["Prepared","Slice"],"picked":"Venomology","floor":54.0}],"player_experience":227709,"relics_obtained":[{"floor":3.0,"key":"MawBank"},{"floor":7.0,"key":"Oddly Smooth Stone"},{"floor":9.0,"key":"InkBottle"},{"floor":11.0,"key":"Juzu Bracelet"},{"floor":24.0,"key":"Old Coin"},{"floor":40.0,"key":"Anchor"},{"floor":43.0,"key":"Smiling Mask"},{"floor":44.0,"key":"Vajra"},{"floor":54.0,"key":"Mercury Hourglass"}],"event_choices":[{"damage_healed":0.0,"max_hp_gain":0.0,"max_hp_loss":0.0,"gold_gain":0.0,"event_name":"Living Wall","player_choice":"Grow","floor":2.0,"gold_loss":0.0,"damage_taken":0.0,"cards_upgraded":["Well Laid Plans"]},{"damage_healed":0.0,"max_hp_gain":0.0,"max_hp_loss":0.0,"gold_gain":50.0,"event_name":"Golden Shrine","player_choice":"Pray","floor":5.0,"gold_loss":0.0,"damage_taken":0.0},{"damage_healed":0.0,"max_hp_gain":0.0,"max_hp_loss":0.0,"gold_gain":0.0,"event_name":"Scrap Ooze","player_choice":"Success","floor":13.0,"gold_loss":0.0,"damage_taken":11.0,"relics_obtained":["Tough Bandages"]},{"damage_healed":0.0,"max_hp_gain":0.0,"max_hp_loss":0.0,"gold_gain":0.0,"event_name":"Lab","player_choice":"Got Potions","floor":21.0,"gold_loss":0.0,"damage_taken":0.0},{"damage_healed":0.0,"max_hp_gain":0.0,"max_hp_loss":0.0,"gold_gain":0.0,"event_name":"Vampires","player_choice":"Ignored","floor":31.0,"gold_loss":0.0,"damage_taken":0.0},{"damage_healed":0.0,"max_hp_gain":0.0,"max_hp_loss":0.0,"gold_gain":0.0,"event_name":"Match and Keep!","player_choice":"1 cards matched","floor":39.0,"gold_loss":0.0,"damage_taken":0.0,"cards_obtained":["Wraith Form v2"]}],"is_beta":false,"boss_relics":[{"not_picked":["SlaversCollar","Tiny House"],"picked":"Runic Dome"},{"not_picked":["Pandora\u0027s Box","HoveringKite"],"picked":"Empty Cage"}],"items_purged_floors":[25,37,42],"is_endless":false,"potions_floor_spawned":[4,6,11,16,24,29,33,35,36,44,48,54],"killed_by":"The Heart","ascension_level":16}}