{"host":"5cnm2qapaqj5mmu7","time":1609066208,"event":{"mods":["BaseMod","Bestiary","Colored Map","Minty Spire (QoL Compilation)","StSLib"],"gold_per_floor":[114,131,131,61,73,103,123,123,123,123,123,138,138,138,138,138,138],"floor_reached":16,"playtime":499,"items_purged":[],"score":115,"play_id":"505cbdfb-7e4f-4444-a434-02c825616ff6","local_time":"20201227115008","is_ascension_mode":true,"campfire_choices":[{"floor":8.0,"key":"REST"},{"data":"Immolate","floor":10.0,"key":"SMITH"},{"data":"Dark Embrace","floor":13.0,"key":"SMITH"},{"data":"Bash","floor":15.0,"key":"SMITH"}],"circlet_count":0,"master_deck":["Strike_R","Strike_R+1","Strike_R+1","Strike_R","Strike_R","Defend_R","Defend_R","Defend_R","Defend_R","Bash+1","Immolate+1","Second Wind","Cleave","Dark Embrace+1","Disarm","Wild Strike","Havoc"],"relics":["Burning Blood","Ornamental Fan","The Courier","Paper Frog"],"acts_visited":["Exordium"],"potions_floor_usage":[16],"damage_taken":[{"damage":0.0,"enemies":"Small Slimes","floor":1.0,"turns":2.0},{"damage":2.0,"enemies":"Jaw Worm","floor":2.0,"turns":3.0},{"damage":0.0,"enemies":"Cultist","floor":5.0,"turns":2.0},{"damage":27.0,"enemies":"Gremlin Nob","floor":6.0,"turns":4.0},{"damage":36.0,"enemies":"Large Slime","floor":7.0,"turns":5.0},{"damage":4.0,"enemies":"Blue Slaver","floor":12.0,"turns":3.0},{"damage":34,"enemies":"Slime Boss","floor":16,"turns":6}],"seed_played":"-7998098397384723836","potions_obtained":[{"floor":1.0,"key":"Explosive Potion"},{"floor":5.0,"key":"DistilledChaos"},{"floor":7.0,"key":"Weak Potion"}],"is_trial":false,"path_per_floor":["M","M","?","$","M","E","M","R","T","R","?","M","R","?","R","B"],"character_chosen":"IRONCLAD","items_purchased":["Dark Embrace"],"campfire_rested":1,"item_purchase_floors":[4],"current_hp_per_floor":[72,72,58,58,64,43,13,34,34,34,27,29,29,34,34,0,0],"gold":138,"neow_bonus":"THREE_RARE_CARDS","is_daily":false,"chose_seed":false,"campfire_upgraded":3,"win_rate":0.0,"timestamp":1609066208,"path_taken":["M","M","?","$","M","E","M","R","T","R","?","M","R","?","R","BOSS"],"items_purchased_type":["Card"],"build_version":"2020-12-22","purchased_purges":0,"victory":false,"max_hp_per_floor":[72,72,72,72,72,72,72,72,72,72,72,72,72,77,77,77,77],"card_choices":[{"not_picked":["Bludgeon","Offering"],"picked":"Immolate","floor":0.0},{"not_picked":["Headbutt","Armaments"],"picked":"Second Wind","floor":1.0},{"not_picked":["Whirlwind","Pommel Strike"],"picked":"Cleave","floor":2.0},{"not_picked":["Havoc","Cleave"],"picked":"Disarm","floor":5.0},{"not_picked":["Armaments","Whirlwind"],"picked":"Wild Strike","floor":6.0},{"not_picked":["Iron Wave","Cleave","Whirlwind"],"picked":"SKIP","floor":7.0},{"not_picked":["Battle Trance","Body Slam"],"picked":"Havoc","floor":12.0}],"player_experience":525264,"relics_obtained":[{"floor":6.0,"key":"Ornamental Fan"},{"floor":9.0,"key":"The Courier"}],"event_choices":[{"damage_healed":0.0,"max_hp_gain":0.0,"max_hp_loss":0.0,"gold_gain":0.0,"event_name":"Shining Light","player_choice":"Entered Light","floor":3.0,"gold_loss":0.0,"damage_taken":14.0,"cards_upgraded":["Strike_R","Strike_R"]},{"damage_healed":0.0,"max_hp_gain":0.0,"max_hp_loss":0.0,"gold_gain":0.0,"event_name":"Scrap Ooze","player_choice":"Success","floor":11.0,"gold_loss":0.0,"damage_taken":7.0,"relics_obtained":["Paper Frog"]},{"damage_healed":0.0,"max_hp_gain":5.0,"max_hp_loss":0.0,"gold_gain":0.0,"event_name":"Big Fish","player_choice":"Donut","floor":14.0,"gold_loss":0.0,"damage_taken":0.0}],"is_beta":false,"boss_relics":[],"items_purged_floors":[],"is_endless":false,"potions_floor_spawned":[1,5,7,12],"killed_by":"Slime Boss","ascension_level":3}}