{"host":"baymyijz6sxaqj5s","time":1609058217,"event":{"mods":["AchievementEnabler","BaseMod","Colored Map","Colored Powertips","DeckTracker","KOR Keyword Fix","Keyboard Shortcuts","Minty Spire (QoL Compilation)","Quick Restart","StSLib","SuperFastMode"],"gold_per_floor":[110,123,123,134,134,134,150,150,176,123,143,143,143,156,156,156,156],"floor_reached":16,"playtime":365,"items_purged":[],"score":101,"play_id":"3a6415ab-a27a-4ef0-8abd-86b8154ec00d","local_time":"20201227173657","is_ascension_mode":true,"campfire_choices":[{"data":"Flame Barrier","floor":6,"key":"SMITH"},{"data":"Entrench","floor":13,"key":"SMITH"},{"data":"Power Through","floor":15,"key":"SMITH"}],"circlet_count":0,"master_deck":["Strike_R","Strike_R","Strike_R+1","Strike_R+1","Strike_R","Defend_R","Defend_R+1","Defend_R+1","Defend_R","Bash","Flame Barrier+1","Power Through+1","Entrench+1","Armaments+1"],"relics":["Burning Blood","Anchor","War Paint"],"acts_visited":["Exordium"],"potions_floor_usage":[14,16,16],"damage_taken":[{"damage":10,"enemies":"Small Slimes","floor":1,"turns":4},{"damage":5,"enemies":"2 Louse","floor":2,"turns":4},{"damage":1,"enemies":"Cultist","floor":4,"turns":3},{"damage":5,"enemies":"Exordium Thugs","floor":7,"turns":6},{"damage":3,"enemies":"Large Slime","floor":11,"turns":10},{"damage":0,"enemies":"3 Louse","floor":14,"turns":5},{"damage":73,"enemies":"Hexaghost","floor":16,"turns":16}],"seed_played":"3795952877294278241","potions_obtained":[{"floor":1,"key":"EssenceOfSteel"},{"floor":7,"key":"EssenceOfSteel"},{"floor":11,"key":"SpeedPotion"}],"is_trial":false,"path_per_floor":["M","M","?","M","?","R","M","?","T","$","M","?","R","M","R","B"],"character_chosen":"IRONCLAD","items_purchased":["Armaments"],"campfire_rested":0,"item_purchase_floors":[10],"current_hp_per_floor":[84,85,67,72,72,72,73,61,61,61,64,64,64,70,70,0,0],"gold":156,"neow_bonus":"TEN_PERCENT_HP_BONUS","is_daily":false,"chose_seed":false,"campfire_upgraded":3,"win_rate":0.0,"timestamp":1609058217,"path_taken":["M","M","?","M","?","R","M","?","T","$","M","?","R","?","R","BOSS"],"items_purchased_type":["Card"],"build_version":"2020-12-22","purchased_purges":0,"victory":false,"max_hp_per_floor":[88,88,88,88,88,88,88,88,88,88,88,88,88,88,88,88,88],"card_choices":[{"not_picked":["Dropkick","Twin Strike","Havoc"],"picked":"SKIP","floor":1},{"not_picked":["Perfected Strike","Wild Strike"],"picked":"Flame Barrier","floor":2},{"not_picked":["Brutality","Anger"],"picked":"Power Through","floor":4},{"not_picked":["Sword Boomerang","Headbutt"],"picked":"Entrench","floor":7},{"not_picked":["Clothesline","Clash","Uppercut"],"picked":"SKIP","floor":11},{"not_picked":["Rupture","True Grit","Dropkick"],"picked":"SKIP","floor":14}],"player_experience":256165,"relics_obtained":[{"floor":9,"key":"War Paint"}],"event_choices":[{"damage_healed":0,"gold_gain":0,"player_choice":"Entered Light","damage_taken":18,"max_hp_gain":0,"max_hp_loss":0,"event_name":"Shining Light","floor":3,"gold_loss":0,"cards_upgraded":["Strike_R","Strike_R"]},{"damage_healed":0,"gold_gain":0,"player_choice":"Ignored","damage_taken":0,"max_hp_gain":0,"max_hp_loss":0,"event_name":"Golden Wing","floor":5,"gold_loss":0},{"damage_healed":0,"gold_gain":0,"player_choice":"Success","damage_taken":12,"relics_obtained":["Anchor"],"max_hp_gain":0,"max_hp_loss":0,"event_name":"Scrap Ooze","floor":8,"gold_loss":0},{"damage_healed":0,"gold_gain":0,"player_choice":"Forge","damage_taken":0,"max_hp_gain":0,"max_hp_loss":0,"event_name":"Accursed Blacksmith","floor":12,"gold_loss":0,"cards_upgraded":["Armaments"]}],"is_beta":false,"boss_relics":[],"items_purged_floors":[],"is_endless":false,"potions_floor_spawned":[1,7,11],"killed_by":"Hexaghost","ascension_level":2}}