{"host":"mj8akmyfd5lo602f","time":1609033847,"event":{"mods":["2.2 Compatiblity","Act Like it!","BaseMod","Bestiary","BshForSts","Colored Map","Colored Powertips","Downfall","Highlight Path","Minty Spire (QoL Compilation)","Permanent Neow","Relic Stats","StSLib","The Servant 0.9.4"],"gold_per_floor":[99,99,115,128,228,228,253,283,303,228,228,40,40,52,72,174,174,174,185,217,228,245,86,86,100,100,118,143,68,68,78,90,186,186,186,202,220,220,205,255,255,255,180,194,212,97,97,110,127,127],"floor_reached":51,"playtime":4589,"items_purged":["champ:Encircle","Slimebound:Icky"],"score":696,"play_id":"bf498d39-7378-49d6-a208-18993525c759","local_time":"20201227015047","is_ascension_mode":false,"campfire_choices":[{"data":"champ:Taunt","floor":1.0,"key":"SMITH"},{"floor":10.0,"key":"REST"},{"data":"champ:Control","floor":13.0,"key":"SMITH"},{"data":"champ:Backstep","floor":18.0,"key":"SMITH"},{"data":"champ:FocusedDefense","floor":26.0,"key":"SMITH"},{"floor":29.0,"key":"RECALL"},{"data":"champ:Lariat","floor":35.0,"key":"SMITH"},{"data":"champ:Improvising","floor":43,"key":"SMITH"},{"data":"champ:EnGarde","floor":47,"key":"SMITH"}],"circlet_count":0,"master_deck":["champ:Strike","champ:Strike","champ:Strike","champ:Defend","champ:Defend","champ:Defend","champ:Defend","champ:Taunt+1","champ:SteelEdge+1","champ:DefensiveShout","champ:Circumvent","champ:SwordSigil","champ:TornadoPunch","champ:Control+1","champ:HoldFirm","champ:FocusedDefense+1","champ:ShieldSigil","champ:EnGarde+1","champ:AdrenalArmor","champ:Lariat+1","champ:Improvising+1","champ:ShieldWall","champ:ShieldWall+1","champ:TornadoPunch+1"],"relics":["champ:ChampionCrown","Question Card","downfall:HeartBlessingBlue","Meat on the Bone","Chemical X","Cursed Key","Red Mask","Letter Opener","Orichalcum","downfall:HeartBlessingGreen","sneckomod:SneckoTalon","Incense Burner","downfall:HeartBlessingRed"],"acts_visited":["Exordium","TheCity","TheBeyond"],"potions_floor_usage":[44,44,46],"damage_taken":[{"damage":1.0,"enemies":"Small Slimes","floor":3.0,"turns":4.0},{"damage":0.0,"enemies":"2 Louse","floor":4.0,"turns":4.0},{"damage":64.0,"enemies":"downfall:Heads","floor":5.0,"turns":9.0},{"damage":0.0,"enemies":"Cultist","floor":6.0,"turns":1.0},{"damage":18.0,"enemies":"Lagavulin","floor":8.0,"turns":11.0},{"damage":0.0,"enemies":"3 Louse","floor":9.0,"turns":5.0},{"damage":5.0,"enemies":"downfall:FleeingMerchant","floor":12.0,"turns":4.0},{"damage":0.0,"enemies":"Lots of Slimes","floor":14.0,"turns":1.0},{"damage":22.0,"enemies":"Large Slime","floor":15.0,"turns":7.0},{"damage":55.0,"enemies":"downfall:Ironclad","floor":16.0,"turns":15.0},{"damage":0.0,"enemies":"Shell Parasite","floor":19.0,"turns":5.0},{"damage":1.0,"enemies":"Masked Bandits","floor":20.0,"turns":4.0},{"damage":2.0,"enemies":"3 Byrds","floor":21.0,"turns":7.0},{"damage":0.0,"enemies":"Snake Plant","floor":22.0,"turns":5.0},{"damage":2.0,"enemies":"downfall:FleeingMerchant","floor":23.0,"turns":4.0},{"damage":10.0,"enemies":"Centurion and Healer","floor":25.0,"turns":13.0},{"damage":35.0,"enemies":"Chosen and Byrds","floor":27.0,"turns":6.0},{"damage":70.0,"enemies":"Gremlin Leader","floor":28.0,"turns":9.0},{"damage":8.0,"enemies":"Sentry and Sphere","floor":31.0,"turns":6.0},{"damage":0.0,"enemies":"3 Cultists","floor":32.0,"turns":6.0},{"damage":48.0,"enemies":"downfall:Watcher","floor":33.0,"turns":10.0},{"damage":0.0,"enemies":"Orb Walker","floor":36.0,"turns":3.0},{"damage":2.0,"enemies":"3 Darklings","floor":37.0,"turns":5.0},{"damage":21.0,"enemies":"downfall:FleeingMerchant","floor":39.0,"turns":4.0},{"damage":4,"enemies":"Mind Bloom Boss Battle","floor":40,"turns":8},{"damage":30,"enemies":"Transient","floor":44,"turns":5},{"damage":8,"enemies":"Maw","floor":45,"turns":8},{"damage":21,"enemies":"downfall:FleeingMerchant","floor":46,"turns":4},{"damage":3,"enemies":"4 Shapes","floor":48,"turns":5},{"damage":34,"enemies":"Transient","floor":49,"turns":5},{"damage":4,"enemies":"downfall:Defect","floor":50,"turns":7}],"seed_played":"-3067458226390481568","potions_obtained":[{"floor":4.0,"key":"Block Potion"},{"floor":8.0,"key":"BlessingOfTheForge"},{"floor":15.0,"key":"Weak Potion"},{"floor":16.0,"key":"AttackPotion"},{"floor":20.0,"key":"SteroidPotion"},{"floor":22.0,"key":"FairyPotion"},{"floor":28.0,"key":"hexamod:EctoCoolerPotion"},{"floor":40,"key":"SteroidPotion"},{"floor":44,"key":"champ:CounterPotion"},{"floor":49,"key":"SteroidPotion"}],"is_trial":false,"path_per_floor":["R","?","M","M","?","M","T","E","M","R","?","$","R","M","M","B",null,"R","M","?","M","M","$","T","M","R","M","E","R","?","M","M","B",null,"R","M","M","?","$","?","T","?","R","M","M","$","R","M","M","B",null],"character_chosen":"THE_CHAMP","items_purchased":["Chemical X","champ:BringItOn","champ:EnGarde"],"campfire_rested":1,"item_purchase_floors":[12,12,23],"current_hp_per_floor":[90,90,89,89,34,34,34,16,16,56,56,51,51,51,61,48,100,100,100,99,99,99,99,99,99,99,64,55,55,55,61,61,40,100,100,100,100,100,100,100,100,100,100,76,68,73,73,70,52,64],"gold":127,"neow_bonus":"TRANSFORM_CARD","is_daily":false,"chose_seed":false,"campfire_upgraded":7,"win_rate":0.0,"timestamp":1609033847,"path_taken":["R","?","M","M","?","M","T","E","M","R","?","$","R","M","M","BOSS","R","M","?","M","M","$","T","M","R","M","E","R","?","M","M","BOSS","R","M","M","?","$","?","T","?","R","M","M","$","R","M","M","BOSS"],"items_purchased_type":["Relic","Card","Card"],"build_version":"2020-12-22","purchased_purges":2,"victory":true,"max_hp_per_floor":[90,90,90,90,90,90,90,90,90,100,100,100,100,100,100,100,100,100,100,100,100,100,100,100,100,100,100,100,100,100,100,100,100,100,100,100,100,100,100,100,100,100,100,100,100,100,100,100,100,100],"relic_stats":{"counters":[31,190],"Chemical X":[17],"Letter Opener":[338],"Orichalcum":[24],"Question Card":28,"Cursed Key":1,"obtain_stats":[{"downfall:HeartBlessingRed":43,"champ:ChampionCrown":0,"downfall:HeartBlessingGreen":29,"Incense Burner":40,"Letter Opener":24,"Orichalcum":28,"Question Card":8,"Cursed Key":17,"sneckomod:SneckoTalon":34,"downfall:BrokenWingStatue":2,"downfall:HeartBlessingBlue":10,"Red Mask":20,"Chemical X":12,"Meat on the Bone":11},{"downfall:HeartBlessingRed":25,"champ:ChampionCrown":0,"downfall:HeartBlessingGreen":18,"Incense Burner":25,"Letter Opener":15,"Orichalcum":18,"Question Card":5,"Cursed Key":10,"sneckomod:SneckoTalon":21,"downfall:BrokenWingStatue":0,"downfall:HeartBlessingBlue":6,"Red Mask":12,"Chemical X":7,"Meat on the Bone":6},{"downfall:HeartBlessingRed":156,"champ:ChampionCrown":0,"downfall:HeartBlessingGreen":114,"Incense Burner":156,"Letter Opener":86,"Orichalcum":114,"Question Card":29,"Cursed Key":61,"sneckomod:SneckoTalon":136,"downfall:BrokenWingStatue":0,"downfall:HeartBlessingBlue":34,"Red Mask":70,"Chemical X":38,"Meat on the Bone":34}],"Meat on the Bone":96},"card_choices":[{"not_picked":["champ:GladiatorsShout","champ:Circumvent"],"picked":"champ:ShieldWall","floor":3.0},{"not_picked":["champ:AdrenalArmor","champ:Haymaker","champ:EnragedBash"],"picked":"SKIP","floor":4.0},{"not_picked":["champ:CrownThrow","champ:IronFortress"],"picked":"champ:Circumvent","floor":5.0},{"not_picked":["champ:GladiatorsShout","champ:BringItOn"],"picked":"champ:SwordSigil","floor":6.0},{"not_picked":["champ:ShieldThrow","champ:GutPunch","champ:PerfectedStrike"],"picked":"SKIP","floor":8.0},{"not_picked":["champ:ShieldSigil","champ:DefensiveShout","champ:RageSigil"],"picked":"champ:TornadoPunch","floor":9.0},{"not_picked":["champ:PerfectedStrike","champ:Circumvent","champ:AdrenalArmor"],"picked":"champ:Control","floor":12.0},{"not_picked":["champ:RecklessLeap","champ:GutPunch","champ:IronFortress"],"picked":"champ:Backstep","floor":14.0},{"not_picked":["champ:CheapShot","champ:CrookedStrike","champ:GladiatorsShout","champ:TornadoPunch"],"picked":"SKIP","floor":15.0},{"not_picked":["champ:CheapShot","champ:MurderStrike","champ:EnchantSword"],"picked":"champ:HoldFirm","floor":16.0},{"not_picked":["champ:PerfectedStrike","champ:DefensiveShout+1","champ:FanOfKnives","champ:PreciseThrust"],"picked":"SKIP","floor":19.0},{"not_picked":["champ:Haymaker","champ:FocusedGladiator+1","champ:PerfectedStrike"],"picked":"champ:Encircle","floor":20.0},{"not_picked":["champ:DeathBlow","champ:TornadoPunch+1","champ:GutPunch"],"picked":"champ:FocusedDefense","floor":21.0},{"not_picked":["champ:FocusedBerserking","champ:Aggression+1","champ:ShieldSlam","champ:EnragedBash"],"picked":"SKIP","floor":22.0},{"not_picked":["champ:CalledShot+1","champ:PreciseThrust+1","champ:CrookedStrike"],"picked":"champ:ShieldSigil","floor":23.0},{"not_picked":["champ:GutPunch","champ:Backstep+1","champ:PerfectedStrike","champ:FanOfKnives"],"picked":"SKIP","floor":25.0},{"not_picked":["champ:BerserkersShout","champ:CrookedStrike","champ:Backstep+1","champ:RageSigil"],"picked":"SKIP","floor":27.0},{"not_picked":["champ:Riposte","champ:RageSigil","champ:ShieldSlam","champ:PerfectedStrike+1"],"picked":"SKIP","floor":28.0},{"not_picked":["champ:PerfectedStrike+1","champ:PreciseThrust","champ:StanceDance","champ:CrookedStrike"],"picked":"SKIP","floor":31.0},{"not_picked":["champ:Haymaker","champ:FocusedGladiator","champ:Control","champ:CrookedStrike+1"],"picked":"SKIP","floor":32.0},{"not_picked":["champ:EnchantShield","champ:MurderStrike","champ:PerfectForm"],"picked":"champ:Improvising","floor":33.0},{"not_picked":["champ:FlashCut","champ:GladiatorStyle+1","champ:Backstep","champ:FightOn"],"picked":"SKIP","floor":36.0},{"not_picked":["champ:EndlessRage+1","champ:GladiatorsShout","champ:AdrenalArmor+1"],"picked":"champ:ShieldWall","floor":37.0},{"not_picked":["champ:AdrenalArmor","champ:Backstep","champ:DefensiveShout"],"picked":"champ:ShieldWall+1","floor":39},{"not_picked":["champ:DefensiveShout","champ:MurderStrike","champ:GladiatorsShout+1","champ:Backstep"],"picked":"SKIP","floor":44},{"not_picked":["champ:FlashCut+1","champ:FanOfKnives+1","champ:Balance+1","champ:FaceSlap"],"picked":"SKIP","floor":45},{"not_picked":["champ:AdrenalArmor","champ:BerserkersShout","champ:GutPunch+1","champ:Backstep"],"picked":"SKIP","floor":46},{"not_picked":["champ:FalseCounter+1","champ:BringItOn+1","champ:Haymaker+1"],"picked":"champ:TornadoPunch+1","floor":48},{"not_picked":["champ:Backstep+1","champ:DefensiveShout","champ:ShieldSigil+1","champ:FanOfKnives+1"],"picked":"SKIP","floor":49}],"player_experience":449880,"relics_obtained":[{"floor":8.0,"key":"Question Card"},{"floor":20.0,"key":"Red Mask"},{"floor":24.0,"key":"Letter Opener"},{"floor":28.0,"key":"Orichalcum"},{"floor":40,"key":"Incense Burner"}],"event_choices":[{"damage_healed":0.0,"max_hp_gain":0.0,"max_hp_loss":0.0,"gold_gain":0.0,"event_name":"Masked Bandits","player_choice":"Fought Bandits","floor":20.0,"gold_loss":0.0,"damage_taken":0.0},{"damage_healed":0.0,"max_hp_gain":0.0,"max_hp_loss":0.0,"gold_gain":0.0,"cards_transformed":["champ:Backstep","champ:BringItOn"],"event_name":"Drug Dealer","player_choice":"Became Test Subject","floor":30.0,"gold_loss":0.0,"damage_taken":0.0,"cards_obtained":["champ:AdrenalArmor","champ:Lariat"]}],"is_beta":false,"boss_relics":[{"not_picked":["champ:PowerArmor","Snecko Eye"],"picked":"Cursed Key"},{"not_picked":["Tiny House","Astrolabe"],"picked":"sneckomod:SneckoTalon"}],"items_purged_floors":[23,46],"is_endless":false,"potions_floor_spawned":[4,8,15,16,20,22,25,28,32,40,44,49],"ascension_level":0}}