{"host":"1sep654oresgee70","time":1609103068,"event":{"mods":["2.2 Compatiblity","Aspiration","BaseMod","Better Altar","Better Match","Better Note","Better Sensory Stone","Better Skull","Better Third Choice","Better Vampires","Better-Laid Plans","BetterRewards","Block Reminder","Conspire","Curses Come First","Displayed Cursed Tome","Gold Saver","Hubris","Infinite Spire","Minty Spire (QoL Compilation)","Potion Indicator Mod","Quick Restart","Red Circlet Mod","Replay The Spire","Shop Mod","Spicy Shops","StSLib","The Blue Laboratory","Thieving Mod","Transform Curses","Unceasing Turn Reminder","UnlockEverythingMod"],"gold_per_floor":[738,753,85,100,5,5,5,5,5,20,20,20,35,50,103,203,203,218,11,11,11,26,26,41,71,71,71,86,86,101,116,116,216,216,231,231,42,42,67,82,97,127,127,157,157,157,172,187,187,187],"floor_reached":51,"playtime":2326,"items_purged":["Parasite","hubris:Wrath","hubris:Wrath"],"score":769,"play_id":"b7a5d491-486d-434c-a4a8-c12a2983068f","local_time":"20201227220428","daily_mods":["Chimera","Red Cards","Lethality"],"is_ascension_mode":false,"campfire_choices":[{"data":"Enlightenment","floor":6,"key":"SMITH"},{"data":"Zap","floor":8,"key":"SMITH"},{"data":"Omniscience","floor":23,"key":"SMITH"},{"floor":29,"key":"REST"},{"floor":32,"key":"REST"},{"floor":45,"key":"REST"},{"floor":49,"key":"REST"}],"circlet_count":0,"master_deck":["Apotheosis+1","Bash","Survivor","Zap+1","Eruption","Apotheosis","Replay:Battleflow","Protect","Prostrate","FlurryOfBlows","WreathOfFlame","Prostrate","Evaluate","Enlightenment+1","Prostrate","FlurryOfBlows","Omniscience+1","Judgement","Worship","JustLucky","Armaments","Fasting2","Scrawl","FlurryOfBlows+1","Study","Apotheosis+1","Bash","Survivor","Zap+1","Eruption","Apotheosis","Replay:Battleflow","Protect","Prostrate","FlurryOfBlows","WreathOfFlame","Prostrate","Evaluate","Enlightenment+1","Prostrate","FlurryOfBlows","Omniscience","Judgement","Worship","JustLucky","Armaments","Fasting2","Scrawl","FlurryOfBlows+1","Study","Hemokinesis","Heavy Blade+1","FollowUp","Havoc","JustLucky+1","Iron Wave","Demon Form","JustLucky+1","Vengeance","FlurryOfBlows","ThirdEye","FollowUp","ReplayTheSpireMod:Strike From Hell","Evaluate+1","EmptyFist","SandsOfTime+1","FlyingSleeves+1"],"relics":["HolyWater","ReplayTheSpireMod:CursedCoin","Strawberry","Damaru","Replay:Wax Seal","Blood Vial","DollysMirror","hubris:TinFlute","Pandora\u0027s Box","Lee\u0027s Waffle","Ancient Tea Set","Iron Hammer","hubris:GlazedTorus","infinitespire:PuzzleCube","CaptainsWheel","Blue Doll","TungstenRod","Replay:WaspNest","Happy Flower"],"acts_visited":["Exordium","TheCity","TheBeyond"],"potions_floor_usage":[16,16,18,24,30,30,41,42,48,50],"damage_taken":[{"damage":0,"enemies":"2 Louse","floor":1,"turns":2},{"damage":5,"enemies":"Small Slimes","floor":2,"turns":3},{"damage":0,"enemies":"Cultist","floor":4,"turns":2},{"damage":13,"enemies":"Blue Slaver","floor":10,"turns":4},{"damage":0,"enemies":"Red Slaver","floor":13,"turns":4},{"damage":0,"enemies":"Exordium Wildlife","floor":14,"turns":3},{"damage":27,"enemies":"Hexaghost","floor":16,"turns":6},{"damage":33,"enemies":"2 Thieves","floor":18,"turns":3},{"damage":1,"enemies":"Chosen","floor":22,"turns":3},{"damage":3,"enemies":"3 Cultists","floor":24,"turns":4},{"damage":26,"enemies":"Book of Stabbing","floor":25,"turns":3},{"damage":30,"enemies":"Snake Plant","floor":28,"turns":2},{"damage":8,"enemies":"Cultist and Chosen","floor":30,"turns":4},{"damage":6,"enemies":"Snecko","floor":31,"turns":3},{"damage":12,"enemies":"conspire:MysteriousRune","floor":33,"turns":3},{"damage":21,"enemies":"3 Darklings","floor":35,"turns":3},{"damage":6,"enemies":"3 Shapes","floor":40,"turns":4},{"damage":2,"enemies":"Transient","floor":41,"turns":5},{"damage":0,"enemies":"Giant Head","floor":42,"turns":4},{"damage":51,"enemies":"Nemesis","floor":44,"turns":7},{"damage":2,"enemies":"Maw","floor":47,"turns":5},{"damage":14,"enemies":"Sphere and 2 Shapes","floor":48,"turns":2},{"damage":3,"enemies":"Replay:Hell Engine","floor":50,"turns":6}],"seed_played":"4726349093531193793","potions_obtained":[{"floor":4,"key":"Block Potion"},{"floor":10,"key":"Block Potion"},{"floor":13,"key":"Regen Potion"},{"floor":14,"key":"Strength Potion"},{"floor":18,"key":"blueLaboratory:PhilterOfMotion"},{"floor":22,"key":"Adrenaline Potion"},{"floor":24,"key":"blueLaboratory:BubblePotion"},{"floor":33,"key":"blueLaboratory:EnragingPotion"},{"floor":41,"key":"Energy Potion"},{"floor":44,"key":"LiquidMemories"},{"floor":47,"key":"Explosive Potion"},{"floor":48,"key":"blueLaboratory:ImpenetrablePotion"}],"is_trial":false,"path_per_floor":["M","M","$","M","$","R","$","R","T","M","?","?","M","M","R","B",null,"M","$","?","AVR","M","R","M","E","T","?","M","R","M","M","R","B",null,"M","AVR","$","$","T","M","M","E","T","E","R","?","M","M","R","B",null],"character_chosen":"WATCHER","items_purchased":["ReplayTheSpireMod:CursedCoin","Strawberry","Damaru","Replay:Wax Seal","Prostrate","FlurryOfBlows","WreathOfFlame","Blood Vial","DollysMirror","Enlightenment","Lee\u0027s Waffle","Study","Vengeance","FlurryOfBlows","ThirdEye"],"campfire_rested":4,"item_purchase_floors":[3,3,3,3,3,3,3,3,3,5,19,19,37,37,37],"current_hp_per_floor":[72,67,74,76,76,76,76,76,76,63,63,63,65,67,67,56,76,43,83,83,83,82,82,80,56,56,39,11,35,29,25,49,39,83,62,62,62,62,62,58,58,60,60,11,35,35,35,23,47,46],"gold":187,"neow_bonus":"","is_daily":true,"chose_seed":false,"campfire_upgraded":3,"win_rate":0.0,"timestamp":1609103068,"path_taken":["M","M","$","M","$","R","$","R","T","M","?","?","M","M","R","BOSS","M","?","?","AVR","?","R","M","E","T","?","M","R","M","M","R","BOSS","M","AVR","?","$","?","M","M","E","T","E","R","?","M","?","R","BOSS"],"items_purchased_type":["Relic","Relic","Relic","Relic","Card","Card","Card","Relic","Relic","Card","Relic","Card","Card","Card","Card"],"build_version":"2020-12-22","purchased_purges":3,"victory":true,"max_hp_per_floor":[72,72,76,76,76,76,76,76,76,76,76,76,76,76,76,76,76,76,83,83,83,83,83,83,83,83,83,83,83,83,83,83,83,83,83,83,83,83,83,83,83,83,83,83,83,83,83,83,83,83],"card_choices":[{"not_picked":["PathToVictory","Anger"],"picked":"Replay:Battleflow","floor":1},{"not_picked":["FlyingSleeves","Run Through"],"picked":"Protect","floor":2},{"not_picked":["Fasting2","ThirdEye"],"picked":"Evaluate","floor":4},{"not_picked":["Replay:Undeath\u0027s Touch","Pommel Strike"],"picked":"Prostrate","floor":10},{"not_picked":["EmptyFist","LikeWater"],"picked":"FlurryOfBlows","floor":13},{"not_picked":["FearNoEvil","Halt"],"picked":"Omniscience","floor":14},{"not_picked":["Replay:AllIn","Berserk"],"picked":"Judgement","floor":16},{"not_picked":["Replay:Cycle","Fire Breathing"],"picked":"FlurryOfBlows+1","floor":18},{"not_picked":["Sword Boomerang","Perfected Strike"],"picked":"Hemokinesis","floor":22},{"not_picked":["DeceiveReality","ThirdEye"],"picked":"Heavy Blade+1","floor":24},{"not_picked":["Replay:Vibes","Vengeance+1"],"picked":"FollowUp","floor":25},{"not_picked":["Thunderclap","Uppercut"],"picked":"Havoc","floor":28},{"not_picked":["conspire:Purge","Sanctity"],"picked":"JustLucky+1","floor":30},{"not_picked":["Uppercut+1","CutThroughFate"],"picked":"Iron Wave","floor":31},{"not_picked":["Ragnarok","Offering"],"picked":"Demon Form","floor":33},{"not_picked":["Wild Strike","EmptyFist"],"picked":"JustLucky+1","floor":35},{"not_picked":["Headbutt","Thunderclap"],"picked":"FollowUp","floor":40},{"not_picked":["Replay:Vibes","ReplayTheSpireMod:Limb From Limb+1"],"picked":"ReplayTheSpireMod:Strike From Hell","floor":41},{"not_picked":["Double Tap","SashWhip"],"picked":"Evaluate+1","floor":42},{"not_picked":["Pummel+1","EmptyMind+1"],"picked":"EmptyFist","floor":44},{"not_picked":["Cleave+1","CrushJoints"],"picked":"SandsOfTime+1","floor":47},{"not_picked":["Evaluate+1","ReplayTheSpireMod:Limb From Limb+1"],"picked":"FlyingSleeves+1","floor":48}],"player_experience":2397634,"relics_obtained":[{"floor":9,"key":"hubris:TinFlute"},{"floor":25,"key":"Iron Hammer"},{"floor":26,"key":"hubris:GlazedTorus"},{"floor":39,"key":"Blue Doll"},{"floor":42,"key":"TungstenRod"},{"floor":43,"key":"Replay:WaspNest"},{"floor":44,"key":"Happy Flower"}],"event_choices":[{"cards_removed":["Strike_G"],"damage_healed":0,"gold_gain":0,"player_choice":"Offered Basic","damage_taken":0,"max_hp_gain":0,"max_hp_loss":0,"event_name":"Bonfire Elementals","floor":12,"gold_loss":0},{"damage_healed":0,"gold_gain":0,"player_choice":"RE ","damage_taken":19,"relics_obtained":["infinitespire:PuzzleCube"],"max_hp_gain":0,"max_hp_loss":0,"event_name":"betterSkull:BetterSkull","floor":27,"gold_loss":0,"cards_upgraded":[]},{"damage_healed":0,"gold_gain":0,"player_choice":"Ignored","damage_taken":0,"max_hp_gain":0,"max_hp_loss":0,"event_name":"Mysterious Sphere","floor":46,"gold_loss":0}],"is_beta":false,"boss_relics":[{"not_picked":["SacredBark","conspire:RunicOctahedron"],"picked":"Pandora\u0027s Box"},{"not_picked":["Fusion Hammer","Kintsugi"],"picked":"HolyWater"}],"items_purged_floors":[3,21,36],"is_endless":false,"potions_floor_spawned":[4,10,13,14,18,22,24,33,41,44,47,48],"ascension_level":0}}