{"host":"wfkvcf4y4vkrpwe0","time":1609106790,"event":{"mods":["BaseMod","Conspire","Downfall","Hermit","Minty Spire (QoL Compilation)","Replay The Spire","StSLib","The Construct","The Cursed","The Disciple","The Hierophant","The Necromancer"],"gold_per_floor":[99,117,130,141,126,126,151,76,133,30,30,15,35,54,70,165,165,90,102,102,118,130,130,182,182,215,215,215,215,215],"floor_reached":28,"playtime":1707,"items_purged":[],"score":253,"play_id":"bdc94826-39a9-4deb-90f9-53c1d68bd612","local_time":"20201227220630","is_ascension_mode":false,"campfire_choices":[{"data":"Guardian:TwinSlam","floor":1,"key":"SMITH"},{"floor":8,"key":"RECALL"},{"floor":11,"key":"REST"},{"floor":25,"key":"REST"}],"circlet_count":0,"master_deck":["Guardian:Strike_Guardian","Guardian:Strike_Guardian","Guardian:Strike_Guardian","Guardian:Strike_Guardian+1","Guardian:Defend_Guardian","Guardian:Defend_Guardian","Guardian:CurlUp","Guardian:TwinSlam+1","Guardian:SpikerProtocol","Guardian:PrismaticBeam","Guardian:ArmoredProtocol","Guardian:ShieldSpikes+1","Guardian:SpikerProtocol","Guardian:EvasiveProtocol","Guardian:WalkerClaw","Guardian:PrismaticBarrier","Guardian:EvasiveProtocol","Guardian:BaubleBeam","Writhe","Replay:Hysterical Blindness","Shame","Guardian:ArmoredProtocol","Guardian:Gem_Red"],"relics":["Guardian:ModeShifter","downfall:HeartBlessingBlue","Happy Flower","Replay:Ancient Bell","conspire:DeflatedDodgeball","Calipers","downfall:HeartBlessingRed","downfall:RedIOU","Gremlin Food","Question Card"],"acts_visited":["Exordium","TheCity"],"potions_floor_usage":[16,16,16,22,26,26,28],"damage_taken":[{"damage":4,"enemies":"conspire:RoseBush","floor":2,"turns":3},{"damage":11,"enemies":"Jaw Worm","floor":3,"turns":3},{"damage":2,"enemies":"Cultist","floor":4,"turns":3},{"damage":3,"enemies":"downfall:FleeingMerchant","floor":5,"turns":4},{"damage":20,"enemies":"3 Sentries","floor":9,"turns":9},{"damage":12,"enemies":"downfall:FleeingMerchant","floor":10,"turns":4},{"damage":0,"enemies":"downfall:FleeingMerchant","floor":12,"turns":4},{"damage":2,"enemies":"3 Louse","floor":13,"turns":2},{"damage":7,"enemies":"Blue Slaver","floor":14,"turns":4},{"damage":0,"enemies":"Red Slaver","floor":15,"turns":4},{"damage":65,"enemies":"downfall:Ironclad","floor":16,"turns":12},{"damage":13,"enemies":"Spheric Guardian","floor":19,"turns":4},{"damage":4,"enemies":"3 Byrds","floor":21,"turns":5},{"damage":71,"enemies":"Centurion and Healer","floor":22,"turns":13},{"damage":40,"enemies":"conspire:SneckoGhost","floor":26,"turns":7},{"damage":11,"enemies":"Cultist and Chosen","floor":28,"turns":4}],"seed_played":"6026397405950670870","potions_obtained":[{"floor":2,"key":"LiquidBronze"},{"floor":3,"key":"Block Potion"},{"floor":4,"key":"SkillPotion"},{"floor":15,"key":"AttackPotion"},{"floor":16,"key":"SteroidPotion"},{"floor":19,"key":"Cursed Concoction"},{"floor":22,"key":"Fruit Juice"},{"floor":26,"key":"Weak Potion"}],"is_trial":false,"path_per_floor":["R","M","M","M","$","?","T","R","?","$","R","$","M","M","M","B",null,"R","M","?","M","M","?","T","R","E","?","M"],"character_chosen":"GUARDIAN","items_purchased":["Guardian:Gem_Cyan","Guardian:EvasiveProtocol"],"campfire_rested":2,"item_purchase_floors":[10,10],"current_hp_per_floor":[88,84,73,71,68,68,68,78,58,46,75,75,73,66,66,1,98,98,85,85,81,15,15,15,45,5,5,0,0,0],"gold":215,"neow_bonus":"TEN_PERCENT_HP_BONUS","is_daily":false,"chose_seed":false,"campfire_upgraded":1,"win_rate":0.0,"timestamp":1609106790,"path_taken":["R","M","M","M","$","?","T","R","?","$","R","$","M","M","M","BOSS","R","M","?","?","M","?","T","R","E","?","M"],"items_purchased_type":["Card","Card"],"build_version":"2020-12-22","purchased_purges":0,"victory":false,"max_hp_per_floor":[88,88,88,88,88,88,88,98,98,98,98,98,98,98,98,98,98,98,98,98,98,103,103,103,103,103,103,103,103,103],"card_choices":[{"not_picked":["Guardian:EvasiveProtocol","Guardian:PiercingHide"],"picked":"Guardian:SpikerProtocol","floor":2},{"not_picked":["Guardian:WalkerClaw","Guardian:Gem_Fragmented"],"picked":"Guardian:PrismaticBeam","floor":3},{"not_picked":["Guardian:Emergency","Guardian:Planning"],"picked":"Guardian:ArmoredProtocol","floor":4},{"not_picked":["Guardian:CrystalBeam","Guardian:PiercingHide"],"picked":"Guardian:Gem_Green","floor":5},{"not_picked":["Guardian:Gem_Green","Guardian:StasisField"],"picked":"Guardian:Gem_White","floor":9},{"not_picked":["Guardian:Repulse","Guardian:Harden"],"picked":"Guardian:SpikerProtocol","floor":10},{"not_picked":["Guardian:Planning","Guardian:TemporalShield"],"picked":"Guardian:WalkerClaw","floor":12},{"not_picked":["Guardian:PrimingBeam","Guardian:WalkerClaw"],"picked":"Guardian:PrismaticBarrier","floor":13},{"not_picked":["Guardian:WalkerClaw","Guardian:DonusPower"],"picked":"Guardian:EvasiveProtocol","floor":14},{"not_picked":["Guardian:Emergency","Guardian:SentryBeam"],"picked":"Guardian:Gem_Green","floor":15},{"not_picked":["Guardian:Gem_Orange","Guardian:StasisStrike"],"picked":"Guardian:BaubleBeam","floor":16},{"not_picked":["Guardian:Aged","Languid"],"picked":"Writhe","floor":17},{"not_picked":["hermit:ImpendingDoom","Spreading Infection"],"picked":"Replay:Hysterical Blindness","floor":17},{"not_picked":["conspire:Blindness","hermit:ImpendingDoom"],"picked":"Shame","floor":17},{"not_picked":["Guardian:WalkerClaw","Guardian:SpikerProtocol"],"picked":"Guardian:Gem_Lightblue","floor":19},{"not_picked":["Guardian:Suspension","Guardian:SentryBeam"],"picked":"Guardian:ArmoredProtocol","floor":21},{"not_picked":["Guardian:BronzeArmor","Guardian:BronzeOrb"],"picked":"Guardian:Gem_Red","floor":22},{"not_picked":["Guardian:PiercingHide","Guardian:Suspension"],"picked":"Guardian:Gem_Red","floor":26}],"player_experience":549909,"relics_obtained":[{"floor":9,"key":"Happy Flower"},{"floor":24,"key":"Gremlin Food"},{"floor":26,"key":"Question Card"}],"event_choices":[{"cards_removed":["Reaper"],"damage_healed":0,"gold_gain":0,"player_choice":"Took Card","damage_taken":0,"max_hp_gain":0,"max_hp_loss":0,"event_name":"NoteForYourself","floor":27,"gold_loss":0,"cards_obtained":["Reaper"]}],"is_beta":false,"boss_relics":[{"not_picked":["construct:ClawGrip","Replay:Bronze Core"],"picked":"Replay:Ancient Bell"},{"not_picked":["MawBank","Simple Rune"],"picked":"Tiny Chest"},{"not_picked":["Replay:Bottled Flurry","Gremlin Horn"],"picked":"conspire:DeflatedDodgeball"},{"not_picked":["WingedGreaves","conspire:GiftBox"],"picked":"Calipers"}],"items_purged_floors":[],"is_endless":false,"potions_floor_spawned":[2,3,4,13,15,16,19,22,26],"killed_by":"Cultist and Chosen","ascension_level":0}}