{"host":"12lnwhc48gjtaggg","time":1609089882,"event":{"mods":["Aspiration","BaseMod","BetterRewards","Gold Saver","GungeonMod","Infinite Spire","Minty Spire (QoL Compilation)","Remove Card Discount Mod","Shop Mod","StSLib","Trackpad","[IsaacMod]????"],"gold_per_floor":[775,789,789,789,806,837,837,870,870,880,880,894,909,832,832,935,935,947,947,869,886,896,927,938,950,950,950,950,967,992,992,992,1096,1096,1107,1124,1161,1461,1480,1480,1492,1388,1388,1404,1454,1464,1495,1495,1495,1495],"floor_reached":51,"playtime":2266,"items_purged":["Strike_R","Perfected Strike","Strike_R","Defend_R","Strike_R","Strike_R","Dropkick","Strike_R","Defend_R","Inflame","Defend_R","Defend_R","DemoMod:BlackBlade"],"score":1105,"play_id":"259db893-139f-480d-824b-bb289eb139df","local_time":"20201227172442","is_ascension_mode":true,"campfire_choices":[{"data":"DemoMod:BlackBlade","floor":7,"key":"SMITH"},{"data":"infinitespire:Collect","floor":11,"key":"SMITH"},{"data":"Inflame","floor":15,"key":"SMITH"},{"floor":27,"key":"REST"},{"data":"DemoMod:WhiteBlade","floor":32,"key":"SMITH"},{"data":"Disarm","floor":40,"key":"SMITH"},{"data":"Bandage Up","floor":49,"key":"SMITH"}],"circlet_count":0,"master_deck":["Bash","DemoMod:BlackBlade+1","DemoMod:WhiteBlade+1","infinitespire:Collect+1","Dropkick","Shrug It Off","Inflame+1","Disarm+1","Inflame+1","Offering","Rampage","Twin Strike","Whirlwind+1","Whirlwind+1","Shrug It Off","Spot Weakness+1","Bandage Up+1"],"relics":["Burning Blood","HushsDoor","Vajra","DemoMod:ClearGuonStone","StoneCalendar","DoctorsRemote","DemoMod:PartiallyEatenCheese","DemoMod:SerJunkan","infinitespire:WardingShard","DemoMod:Junk","SteamSale","MerchantsRug","DollysMirror","SatanicBible"],"acts_visited":["Exordium","TheCity","TheBeyond"],"potions_floor_usage":[6,12,33,33,33,41,50,50],"damage_taken":[{"damage":0,"enemies":"Jaw Worm","floor":1,"turns":3},{"damage":7,"enemies":"Small Slimes","floor":2,"turns":3},{"damage":3,"enemies":"Cultist","floor":5,"turns":3},{"damage":6,"enemies":"Lagavulin","floor":6,"turns":3},{"damage":23,"enemies":"3 Sentries","floor":8,"turns":6},{"damage":0,"enemies":"Lots of Slimes","floor":10,"turns":1},{"damage":0,"enemies":"Gremlin Gang","floor":12,"turns":2},{"damage":1,"enemies":"Looter","floor":13,"turns":3},{"damage":0,"enemies":"Slime Boss","floor":16,"turns":3},{"damage":7,"enemies":"Spheric Guardian","floor":18,"turns":3},{"damage":9,"enemies":"Shell Parasite","floor":21,"turns":6},{"damage":0,"enemies":"Chosen and Byrds","floor":22,"turns":4},{"damage":9,"enemies":"Gremlin Leader","floor":23,"turns":4},{"damage":14,"enemies":"Snecko","floor":24,"turns":4},{"damage":20,"enemies":"Shelled Parasite and Fungi","floor":25,"turns":6},{"damage":0,"enemies":"Centurion and Healer","floor":29,"turns":3},{"damage":0,"enemies":"Slavers","floor":30,"turns":4},{"damage":50,"enemies":"Automaton","floor":33,"turns":8},{"damage":13,"enemies":"3 Shapes","floor":35,"turns":5},{"damage":6,"enemies":"Orb Walker","floor":36,"turns":2},{"damage":12,"enemies":"Writhing Mass","floor":39,"turns":2},{"damage":6,"enemies":"Spire Growth","floor":41,"turns":3},{"damage":6,"enemies":"Sphere and 2 Shapes","floor":44,"turns":2},{"damage":16,"enemies":"Mind Bloom Boss Battle","floor":45,"turns":5},{"damage":6,"enemies":"Jaw Worm Horde","floor":46,"turns":2},{"damage":7,"enemies":"Nemesis","floor":47,"turns":7},{"damage":55,"enemies":"infinitespire:MassOfShapes","floor":50,"turns":9}],"seed_played":"-4751474069007889568","potions_obtained":[{"floor":2,"key":"Energy Potion"},{"floor":5,"key":"Dexterity Potion"},{"floor":6,"key":"Block Potion"},{"floor":13,"key":"Weak Potion"},{"floor":18,"key":"SkillPotion"},{"floor":35,"key":"Ancient Potion"},{"floor":39,"key":"Block Potion"},{"floor":41,"key":"SteroidPotion"},{"floor":47,"key":"Regen Potion"}],"is_trial":false,"path_per_floor":["M","M","?","T","M","E","R","E","T","M","R","M","M","$","R","B",null,"M","?","$","M","M","E","M","M","T","R","AVR","M","E","?","R","B",null,"M","M","$","?","M","R","M","$","T","M","?","M","E","?","R","B",null],"character_chosen":"IRONCLAD","items_purchased":["Vajra","DemoMod:ClearGuonStone","DemoMod:BlackBlade","Dropkick","Inflame","SteamSale","MerchantsRug","Rampage","Twin Strike","DollysMirror","Shrug It Off"],"campfire_rested":1,"item_purchase_floors":[0,0,0,14,20,37,37,37,37,42,42],"current_hp_per_floor":[70,69,49,49,52,52,52,35,35,41,41,47,52,52,52,58,80,79,79,79,76,80,77,69,55,55,79,79,80,80,64,64,20,80,73,73,73,73,67,67,67,67,67,67,57,57,56,56,56,28],"gold":1495,"neow_bonus":"","is_daily":false,"chose_seed":false,"campfire_upgraded":6,"win_rate":0.0,"timestamp":1609089882,"path_taken":["M","M","?","?","M","E","R","E","T","M","R","?","?","$","R","BOSS","M","?","$","M","M","E","M","M","T","R","AVR","M","E","?","R","BOSS","M","M","$","?","M","R","M","$","T","M","?","M","E","?","R","BOSS"],"items_purchased_type":["Relic","Relic","Card","Card","Card","Relic","Relic","Card","Card","Relic","Card"],"build_version":"2020-12-22","purchased_purges":13,"victory":true,"max_hp_per_floor":[80,80,80,80,80,80,80,80,80,80,80,80,80,80,80,80,80,80,80,80,80,80,80,80,80,80,80,80,80,80,80,80,80,80,80,80,80,80,80,80,80,80,80,80,80,80,80,80,80,80],"card_choices":[{"not_picked":["Impervious","Havoc","Warcry"],"picked":"SKIP","floor":1},{"not_picked":["Bomb","Twin Strike"],"picked":"Perfected Strike","floor":2},{"not_picked":["infinitespire:FutureSight","infinitespire:Oblivion"],"picked":"infinitespire:Collect","floor":3},{"not_picked":["Clash","Flame Barrier"],"picked":"Dropkick","floor":5},{"not_picked":["Sentinel","Spot Weakness"],"picked":"DemoMod:BlackBlade","floor":6},{"not_picked":["Body Slam","Pummel"],"picked":"Bomb","floor":8},{"not_picked":["Thunderclap","Sword Boomerang"],"picked":"Shrug It Off","floor":10},{"not_picked":["Disarm","Clash"],"picked":"Inflame","floor":12},{"not_picked":["Evolve","Searing Blow"],"picked":"Disarm","floor":13},{"not_picked":["Wild Strike","Headbutt"],"picked":"DemoMod:BlackBlade","floor":18},{"not_picked":["Power Through","Iron Wave","Clothesline+1"],"picked":"SKIP","floor":21},{"not_picked":["Fire Breathing+1","Rage"],"picked":"Inflame+1","floor":22},{"not_picked":["Clothesline","Double Tap"],"picked":"DemoMod:BlackBlade","floor":23},{"not_picked":["Intimidate","Warcry+1","Entrench"],"picked":"SKIP","floor":24},{"not_picked":["Clash+1","Headbutt","Seeing Red+1"],"picked":"SKIP","floor":25},{"not_picked":["Perfected Strike+1","Flex","Headbutt"],"picked":"SKIP","floor":29},{"not_picked":["Pummel+1","Offering","Battle Trance"],"picked":"SKIP","floor":30},{"not_picked":["Pummel+1","Battle Trance"],"picked":"Offering","floor":30},{"not_picked":["Fire Breathing","Rage","infinitespire:OneForAll"],"picked":"SKIP","floor":35},{"not_picked":["Power Through+1","Armaments+1","Sword Boomerang"],"picked":"SKIP","floor":36},{"not_picked":["Twin Strike+1","Clash","Pommel Strike+1"],"picked":"SKIP","floor":39},{"not_picked":["Havoc","Searing Blow+1"],"picked":"Whirlwind+1","floor":41},{"not_picked":["Havoc+1","Body Slam+1","Intimidate"],"picked":"SKIP","floor":44},{"not_picked":["Havoc+1","Clothesline+1"],"picked":"Spot Weakness+1","floor":45},{"not_picked":["Pummel+1","infinitespire:OneForAll","Bludgeon"],"picked":"SKIP","floor":46},{"not_picked":["Flex+1","Seeing Red","Cleave"],"picked":"SKIP","floor":47},{"not_picked":["Dark Shackles","Finesse"],"picked":"Bandage Up","floor":48}],"player_experience":339933,"relics_obtained":[{"floor":4,"key":"DoctorsRemote"},{"floor":6,"key":"DemoMod:PartiallyEatenCheese"},{"floor":8,"key":"DemoMod:SerJunkan"},{"floor":9,"key":"infinitespire:WardingShard"},{"floor":23,"key":"DemoMod:Junk"},{"floor":26,"key":"DemoMod:DecoyRelic"},{"floor":30,"key":"DemoMod:Junk"},{"floor":31,"key":"DemoMod:Junk"},{"floor":43,"key":"SatanicBible"},{"floor":45,"key":"DemoMod:Junk"},{"floor":47,"key":"DemoMod:Junk"}],"event_choices":[{"damage_healed":0,"gold_gain":0,"player_choice":"Ignored","damage_taken":0,"max_hp_gain":0,"max_hp_loss":0,"event_name":"Ghosts","floor":19,"gold_loss":0},{"damage_healed":0,"gold_gain":0,"player_choice":"Obtained Book","damage_taken":16,"max_hp_gain":0,"max_hp_loss":0,"event_name":"Cursed Tome","floor":31,"gold_loss":0},{"damage_healed":0,"gold_gain":0,"player_choice":"Fight","damage_taken":0,"max_hp_gain":0,"max_hp_loss":0,"event_name":"MindBloom","floor":45,"gold_loss":0},{"damage_healed":0,"gold_gain":0,"player_choice":"Memory 1","damage_taken":0,"max_hp_gain":0,"max_hp_loss":0,"event_name":"SensoryStone","floor":48,"gold_loss":0}],"is_beta":false,"boss_relics":[{"not_picked":["Astrolabe","Ectoplasm"],"picked":"aspiration:RunicSpoon"},{"not_picked":[]},{"not_picked":["trackpad:Coffee","SacredBark"],"picked":"Empty Cage"},{"not_picked":[]}],"items_purged_floors":[0,14,14,14,14,20,20,20,20,37,37,37,37],"is_endless":false,"potions_floor_spawned":[2,5,6,13,18,23,29,30,35,39,41,47],"ascension_level":1}}