{"host":"e4wnmsyty9uvvtwf","time":1609043979,"event":{"mods":["Aspiration","BaseMod","Colored Map","Colored Powertips","Marisa£®ÏF”Í°°ƒß¿Ì…≥£©","Minty Spire (QoL Compilation)","Rare Cards Sparkle","Replay The Spire","StSLib"],"gold_per_floor":[114,133,153,153,153,153,184,184,184,184,184],"floor_reached":10,"playtime":264,"items_purged":[],"score":125,"play_id":"82a843b4-07ba-4e04-bc36-00b6a1c890f8","local_time":"20201227123939","is_ascension_mode":true,"campfire_choices":[{"data":"Neutralize","floor":6,"key":"SMITH"},{"floor":8,"key":"REST"}],"circlet_count":0,"master_deck":["AscendersBane","Strike_G","Strike_G","Strike_G","Strike_G","Strike_G","Defend_G","Defend_G","Defend_G","Defend_G","Defend_G","Survivor","Neutralize+1","Flying Knee","Poisoned Stab","Deflect","Regret","Bane"],"relics":["Ring of the Snake","Toy Ornithopter","InkBottle","Mirror"],"acts_visited":["Exordium"],"potions_floor_usage":[7],"damage_taken":[{"damage":3,"enemies":"2 Louse","floor":1,"turns":3},{"damage":5,"enemies":"Small Slimes","floor":2,"turns":3},{"damage":0,"enemies":"Jaw Worm","floor":3,"turns":4},{"damage":48,"enemies":"Replay:BlueRogue","floor":7,"turns":9},{"damage":43,"enemies":"Lagavulin","floor":10,"turns":8}],"seed_played":"8754148049846198722","potions_obtained":[{"floor":2,"key":"Venom Potion"}],"is_trial":false,"path_per_floor":["M","M","M","?","?","R","E","R","T","E"],"character_chosen":"THE_SILENT","items_purchased":[],"campfire_rested":1,"item_purchase_floors":[],"current_hp_per_floor":[62,57,57,57,57,57,14,35,35,0,0],"gold":184,"neow_bonus":"TEN_PERCENT_HP_BONUS","is_daily":false,"chose_seed":false,"campfire_upgraded":1,"win_rate":0.0,"timestamp":1609043979,"path_taken":["M","M","M","?","?","R","E","R","T","E"],"items_purchased_type":[],"build_version":"2020-12-22","purchased_purges":0,"victory":false,"max_hp_per_floor":[72,72,72,72,72,72,72,72,72,72,72],"card_choices":[{"not_picked":["PiercingWail","Heel Hook"],"picked":"Flying Knee","floor":1},{"not_picked":["Cloak And Dagger","Terror"],"picked":"Poisoned Stab","floor":2},{"not_picked":["Quick Slash","Outmaneuver"],"picked":"Deflect","floor":3},{"not_picked":["Prepared","Terror"],"picked":"Bane","floor":7}],"player_experience":651213,"relics_obtained":[{"floor":7,"key":"InkBottle"},{"floor":9,"key":"Mirror"}],"event_choices":[{"damage_healed":0,"gold_gain":0,"player_choice":"Ignored","damage_taken":0,"max_hp_gain":0,"max_hp_loss":0,"event_name":"Liars Game","floor":4,"gold_loss":0},{"damage_healed":0,"gold_gain":0,"player_choice":"Box","damage_taken":0,"relics_obtained":["Toy Ornithopter"],"max_hp_gain":0,"max_hp_loss":0,"event_name":"Big Fish","floor":5,"gold_loss":0,"cards_obtained":["Regret"]}],"is_beta":false,"boss_relics":[],"items_purged_floors":[],"is_endless":false,"potions_floor_spawned":[2],"killed_by":"Lagavulin","ascension_level":18}}