{"host":"areou1to5q11ox5u","time":1609088634,"event":{"mods":["AchievementEnabler","BaseMod","Bestiary","Block Reminder","Colored Map","Colored Powertips","DeckTracker","Downfall","Highlight Path","Infinite Spire","Minty Spire (QoL Compilation)","Permanent Neow","Random Character Button","Relic Sorter","Relic Stats","StSLib","The Jungle"],"gold_per_floor":[0,17,35,55,75,75,75,109,119,131,147,147,157,607,624,624,624,624],"floor_reached":16,"playtime":1610,"items_purged":[],"score":108,"play_id":"c74f38db-816b-4247-a363-7f6c3c153ee6","local_time":"20201227180354","is_ascension_mode":false,"campfire_choices":[{"floor":1.0,"key":"RECALL"}],"circlet_count":0,"master_deck":["Guardian:Strike_Guardian","Guardian:Strike_Guardian","Guardian:Strike_Guardian","Guardian:Strike_Guardian","Guardian:Defend_Guardian","Guardian:Defend_Guardian","Guardian:Defend_Guardian","Guardian:Defend_Guardian","Guardian:CurlUp","Guardian:TwinSlam","Guardian:SphericShield","Guardian:TemporalStrike","Guardian:Gem_Cyan","Guardian:PiercingHide","Guardian:ShieldCharger","Guardian:ArmoredProtocol","Guardian:GemFinder","Guardian:Gem_Red","Guardian:SentryBeam","Guardian:Gem_Red","Guardian:Gem_Red","Guardian:Gem_Cyan","Guardian:CrystalBeam","Slimebound:Icky","Slimebound:Icky","Slimebound:Icky","Guardian:Gem_Green","Guardian:TemporalStrike"],"relics":["Guardian:ModeShifter","downfall:BrokenWingStatue","Ginger"],"acts_visited":["Exordium"],"potions_floor_usage":[16],"damage_taken":[{"damage":2.0,"enemies":"2 Louse","floor":2.0,"turns":3.0},{"damage":0.0,"enemies":"Jaw Worm","floor":3.0,"turns":4.0},{"damage":0.0,"enemies":"Cultist","floor":4.0,"turns":4.0},{"damage":18.0,"enemies":"Exordium Thugs","floor":5.0,"turns":6.0},{"damage":13.0,"enemies":"Gremlin Nob","floor":8.0,"turns":5.0},{"damage":8.0,"enemies":"2 Fungi Beasts","floor":9.0,"turns":4.0},{"damage":13.0,"enemies":"Large Slime","floor":10.0,"turns":9.0},{"damage":7.0,"enemies":"3 Louse","floor":11.0,"turns":4.0},{"damage":1.0,"enemies":"2 Fungi Beasts","floor":13.0,"turns":4.0},{"damage":0.0,"enemies":"3 Louse","floor":15.0,"turns":4.0},{"damage":30,"enemies":"downfall:Defect","floor":16,"turns":11}],"seed_played":"-1194258910376124458","potions_obtained":[{"floor":3.0,"key":"Explosive Potion"},{"floor":4.0,"key":"Regen Potion"},{"floor":5.0,"key":"Guardian:DefensiveModePotion"},{"floor":15.0,"key":"Guardian:DefensiveModePotion"}],"is_trial":false,"path_per_floor":["R","M","M","M","M","?","T","E","M","M","M","?","M","?","M","B"],"character_chosen":"GUARDIAN","items_purchased":[],"campfire_rested":0,"item_purchase_floors":[],"current_hp_per_floor":[80,78,78,78,60,60,60,56,48,35,28,28,27,27,27,0,0,0],"gold":624,"neow_bonus":"THREE_RARE_CARDS","is_daily":false,"chose_seed":false,"campfire_upgraded":0,"win_rate":0.0,"timestamp":1609088634,"path_taken":["R","M","M","M","M","?","T","E","M","M","M","?","M","?","M","BOSS"],"items_purchased_type":[],"build_version":"2020-12-22","purchased_purges":0,"victory":false,"max_hp_per_floor":[80,80,80,80,80,80,80,80,80,80,80,80,80,80,80,80,80,80],"relic_stats":{"counters":[11,58],"Ginger":[0],"obtain_stats":[{"downfall:BrokenWingStatue":6,"Guardian:ModeShifter":0,"Ginger":8},{"downfall:BrokenWingStatue":4,"Guardian:ModeShifter":0,"Ginger":5},{"downfall:BrokenWingStatue":17,"Guardian:ModeShifter":0,"Ginger":22}]},"card_choices":[{"not_picked":["Guardian:HyperBeam_Guardian","Guardian:BaubleBeam"],"picked":"Guardian:SphericShield","floor":0.0},{"not_picked":["Guardian:Gem_Lightblue","Guardian:Incinerate"],"picked":"Guardian:TemporalStrike","floor":2.0},{"not_picked":["Guardian:Incinerate","Guardian:PrimingBeam"],"picked":"Guardian:Gem_Cyan","floor":3.0},{"not_picked":["Guardian:Gem_Lightblue","Guardian:ChargeCore"],"picked":"Guardian:PiercingHide","floor":4.0},{"not_picked":["Guardian:Gem_Cyan","Guardian:ShieldSpikes"],"picked":"Guardian:ShieldCharger","floor":5.0},{"not_picked":["Guardian:Harden","Guardian:Gem_Crimson"],"picked":"Guardian:ArmoredProtocol","floor":8.0},{"not_picked":["Guardian:ChargeCore","Guardian:Gem_Fragmented"],"picked":"Guardian:GemFinder","floor":9.0},{"not_picked":["Guardian:Gem_Lightblue","Guardian:Gem_Cyan"],"picked":"Guardian:Gem_Red","floor":10.0},{"not_picked":["Guardian:Gem_Crimson","Guardian:Emergency"],"picked":"Guardian:SentryBeam","floor":10.0},{"not_picked":["Guardian:Gem_Cyan","Guardian:Gem_Lightblue"],"picked":"Guardian:Gem_Red","floor":11.0},{"not_picked":["Guardian:DonusPower","Guardian:Suspension"],"picked":"Guardian:Gem_Red","floor":11.0},{"not_picked":["Guardian:Gem_Green","Guardian:Gem_Lightblue"],"picked":"Guardian:Gem_Cyan","floor":13.0},{"not_picked":["Guardian:DonusPower","Guardian:PrismaticBeam"],"picked":"Guardian:CrystalBeam","floor":13.0},{"not_picked":["Guardian:Gem_Red","Guardian:Gem_Lightblue"],"picked":"Guardian:Gem_Green","floor":15.0},{"not_picked":["Guardian:ShieldCharger","Guardian:MultiBeam"],"picked":"Guardian:TemporalStrike","floor":15.0}],"player_experience":25694,"relics_obtained":[{"floor":8.0,"key":"Ginger"}],"event_choices":[],"is_beta":false,"boss_relics":[],"items_purged_floors":[],"is_endless":false,"potions_floor_spawned":[3,4,5,15],"killed_by":"downfall:Defect","ascension_level":0}}