{"host":"2c1pg2m9wpz3w4c0","time":1609037294,"event":{"mods":["AchievementEnabler","Act Like it!","Aspiration","BaseMod","Better Note","BetterRewards","Disable Question Mark Monsters","Halation","Hubris","Infinite Spire","Lotus Mark","Marisa????????","Minty Spire (QoL Compilation)","Replay The Spire","StSLib","SuperFastMode","The Clintock","The Jungle","The Runesmith","Transform Curses"],"gold_per_floor":[117,128,232,148,159,159,178,202,225,243,263,278,298,311,311,412,412,428,439,363,363,382,382,392,410,410,426,426,426],"floor_reached":28,"playtime":1093,"items_purged":[],"score":370,"play_id":"822defe0-a6fd-429f-9d82-c008a856e16e","local_time":"20201226194814","is_ascension_mode":false,"campfire_choices":[{"data":"Metallicize","floor":6,"key":"SMITH"},{"floor":15,"key":"REST"}],"circlet_count":0,"master_deck":["Strike_R","Strike_R","Strike_R","Strike_R","Strike_R","Defend_R","Defend_R","Defend_R","Defend_R","Bash","Armaments","Life Link","Sadistic Nature","Iron Wave","Metallicize+1","Thunderclap","Ghostly Armor","ReplayTheSpireMod:Splinters","Twin Strike","Rampage","Flex","Finesse","Exhume","Armaments","Inflame","infinitespire:OneForAll","Perfected Strike","Flex","infinitespire:OneForAll","Pommel Strike","hubris:CleavingFinish","Flex","Anger","Anger","Fire Breathing","Feed","Ghostly Armor+1","Dual Wield","Disarm","Apotheosis+1","Disarm","Shrug It Off+1","Body Slam","Anger+1","hubris:ReadiedAction","Anger"],"relics":["Burning Blood","Prayer Wheel","hubris:MedicalManual","ReplayFunnel","Oddly Smooth Stone","Philosopher\u0027s Stone","The Courier"],"acts_visited":["Exordium","theJungle:Jungle"],"potions_floor_usage":[7,10,12,13,13,14,16,18,22,24],"damage_taken":[{"damage":13,"enemies":"Cultist","floor":1,"turns":4},{"damage":3,"enemies":"2 Louse","floor":2,"turns":4},{"damage":0,"enemies":"Jaw Worm","floor":5,"turns":5},{"damage":10,"enemies":"Exordium Wildlife","floor":7,"turns":5},{"damage":0,"enemies":"Lots of Slimes","floor":10,"turns":6},{"damage":0,"enemies":"2 Fungi Beasts","floor":11,"turns":2},{"damage":6,"enemies":"Looter","floor":12,"turns":5},{"damage":17,"enemies":"Exordium Thugs","floor":13,"turns":5},{"damage":4,"enemies":"Lots of Slimes","floor":14,"turns":5},{"damage":34,"enemies":"The Guardian","floor":16,"turns":15},{"damage":16,"enemies":"theJungle:Flameango_and_Byrd","floor":18,"turns":5},{"damage":4,"enemies":"Shell Parasite","floor":19,"turns":7},{"damage":6,"enemies":"theJungle:Snecko_Cultist_And_Trap","floor":22,"turns":6},{"damage":22,"enemies":"Snake Plant","floor":24,"turns":4},{"damage":12,"enemies":"theJungle:JungleHuntersEncounter","floor":25,"turns":7},{"damage":34,"enemies":"theJungle:Lyon","floor":27,"turns":6},{"damage":23,"enemies":"Snake Plant","floor":28,"turns":2}],"seed_played":"-4051059494256786489","potions_obtained":[{"floor":5,"key":"EssenceOfSteel"},{"floor":7,"key":"DistilledChaos"},{"floor":11,"key":"Elixir"},{"floor":12,"key":"EntropicBrew"},{"floor":16,"key":"LiquidBronze"},{"floor":19,"key":"HeartOfIron"},{"floor":22,"key":"Block Potion"}],"is_trial":false,"path_per_floor":["M","M","?","$","M","R","M","T","T","M","M","M","M","M","R","B",null,"M","M","$","?","M","?","M","M","T","M","M"],"character_chosen":"IRONCLAD","items_purchased":["Prayer Wheel","Armaments","Life Link","Sadistic Nature","Finesse","Disarm"],"campfire_rested":1,"item_purchase_floors":[0,0,0,0,4,20],"current_hp_per_floor":[49,52,52,52,58,58,54,54,54,60,66,66,55,57,80,52,80,70,72,72,72,72,72,56,50,50,22,0,0],"gold":426,"neow_bonus":"","is_daily":false,"chose_seed":false,"campfire_upgraded":1,"win_rate":0.0,"timestamp":1609037294,"path_taken":["M","?","?","$","?","R","M","?","T","?","M","M","M","M","R","BOSS","M","M","$","?","M","?","M","M","T","?","M"],"items_purchased_type":["Relic","Card","Card","Card","Card","Card"],"build_version":"2020-12-22","purchased_purges":0,"victory":false,"max_hp_per_floor":[80,80,80,80,80,80,80,80,80,80,80,80,80,80,80,80,80,80,80,80,80,80,80,80,80,80,80,80,80],"card_choices":[{"not_picked":["Uppercut","Hemokinesis"],"picked":"Iron Wave","floor":1},{"not_picked":["Cleave","Pommel Strike"],"picked":"Metallicize","floor":1},{"not_picked":["True Grit","Warcry"],"picked":"Thunderclap","floor":2},{"not_picked":["Headbutt","Battle Trance"],"picked":"Ghostly Armor","floor":2},{"not_picked":["Abandon","Reckless Charge"],"picked":"Twin Strike","floor":3},{"not_picked":["Dropkick","Headbutt"],"picked":"Rampage","floor":3},{"not_picked":["Dark Embrace","Perfected Strike"],"picked":"Flex","floor":3},{"not_picked":["Heavy Blade","Twin Strike"],"picked":"Exhume","floor":5},{"not_picked":["Sentinel","ReplayTheSpireMod:Strike From Hell"],"picked":"Armaments","floor":5},{"not_picked":["Armaments","Searing Blow"],"picked":"Inflame","floor":7},{"not_picked":["ReplayTheSpireMod:Strike From Hell","Dual Wield"],"picked":"infinitespire:OneForAll","floor":7},{"not_picked":["Hemokinesis","Clothesline"],"picked":"Perfected Strike","floor":10},{"not_picked":["Shrug It Off","True Grit"],"picked":"Flex","floor":10},{"not_picked":["Abandon","Perfected Strike"],"picked":"infinitespire:OneForAll","floor":11},{"not_picked":["Replay:Undeath\u0027s Touch","Hemokinesis"],"picked":"Pommel Strike","floor":11},{"not_picked":["Searing Blow","ReplayTheSpireMod:Limb From Limb"],"picked":"hubris:CleavingFinish","floor":12},{"not_picked":["Thunderclap","Iron Wave"],"picked":"Flex","floor":12},{"not_picked":["Clothesline","Heavy Blade"],"picked":"Anger","floor":13},{"not_picked":["Replay:Many Hands","Warcry","Perfected Strike"],"picked":"SKIP","floor":13},{"not_picked":["hubris:ReadiedAction","Iron Wave"],"picked":"Anger","floor":14},{"not_picked":["Sever Soul","Perfected Strike"],"picked":"Fire Breathing","floor":14},{"not_picked":["Double Tap","Juggernaut"],"picked":"Feed","floor":16},{"not_picked":["Clash","Wild Strike"],"picked":"Ghostly Armor+1","floor":18},{"not_picked":["Heavy Blade+1","Headbutt","Sword Boomerang"],"picked":"SKIP","floor":18},{"not_picked":["Searing Blow","Clash+1"],"picked":"Dual Wield","floor":19},{"not_picked":["Run Through","Heavy Blade","True Grit"],"picked":"SKIP","floor":19},{"not_picked":["Wild Strike","Demonic Infusion"],"picked":"Disarm","floor":22},{"not_picked":["Flex","Pummel"],"picked":"Shrug It Off+1","floor":22},{"not_picked":["Wild Strike","Blood for Blood"],"picked":"Body Slam","floor":24},{"not_picked":["Headbutt","Run Through","Combust"],"picked":"SKIP","floor":24},{"not_picked":["Hemogenesis","ReplayTheSpireMod:Stacked"],"picked":"Anger+1","floor":25},{"not_picked":["Wild Strike","Metallicize+1"],"picked":"hubris:ReadiedAction","floor":25},{"not_picked":["Iron Wave","ReplayTheSpireMod:Strike From Hell+1"],"picked":"Anger","floor":27},{"not_picked":["infinitespire:OneForAll","Run Through+1","Seeing Red"],"picked":"SKIP","floor":27}],"player_experience":1139397,"relics_obtained":[{"floor":8,"key":"ReplayFunnel"},{"floor":9,"key":"Oddly Smooth Stone"},{"floor":26,"key":"The Courier"}],"event_choices":[{"cards_removed":["Metallicize"],"damage_healed":0,"gold_gain":0,"player_choice":"Take \u0026 Give","damage_taken":0,"max_hp_gain":0,"max_hp_loss":0,"event_name":"betterNote:BetterNote","floor":21,"gold_loss":0,"cards_obtained":["Apotheosis"]},{"damage_healed":0,"gold_gain":0,"player_choice":"0 cards matched","damage_taken":0,"max_hp_gain":0,"max_hp_loss":0,"event_name":"Match and Keep!","floor":23,"gold_loss":0,"cards_obtained":[]}],"is_beta":false,"boss_relics":[{"not_picked":["ReplayTheSpireMod:SealedPack","aspiration:PoetsPen_weak"],"picked":"Philosopher\u0027s Stone"}],"items_purged_floors":[],"is_endless":false,"potions_floor_spawned":[5,7,11,12,16,19,22],"killed_by":"Snake Plant","ascension_level":0}}