{"host":"7nu0fnckee4tlfez","time":1609094903,"event":{"mods":["2.2 Compatiblity","AchievementEnabler","Astrologer","BaseMod","CapriCore","Colored Map","Downfall","Lobotomy","Marisa£¨Ùöéë¡¡Øª×âÞÞ£©","Minty Spire (QoL Compilation)","StSLib","SuperFastMode","The Immortal"],"gold_per_floor":[111,122,122,136,136,170,182,182,182,182,192,206,235,258,258,358,358,378,187,197,210,210,210,241,241,241,273,18,35,35,52,52,52,52],"floor_reached":33,"playtime":1673,"items_purged":["Strike_P"],"score":347,"play_id":"c8f28b3f-53e8-43bc-a83a-297a68760a0a","local_time":"20201228034823","is_ascension_mode":false,"campfire_choices":[{"data":"BowlingBash","floor":8,"key":"SMITH"},{"data":"DeceiveReality","floor":10,"key":"SMITH"},{"data":"Tantrum","floor":15,"key":"SMITH"},{"data":"TalkToTheHand","floor":23,"key":"SMITH"},{"data":"ClearTheMind","floor":25,"key":"SMITH"},{"floor":32,"key":"REST"}],"circlet_count":0,"master_deck":["Strike_P","Strike_P","Strike_P","Defend_P","Defend_P","Defend_P","Eruption+1","Vigilance","ThirdEye","Tantrum+1","WheelKick","EmptyFist","BowlingBash+1","DeceiveReality+1","CutThroughFate","SandsOfTime","DeusExMachina","CrushJoints","Judgement","SashWhip+1","BattleHymn+1","ClearTheMind+1","FearNoEvil","TalkToTheHand+1","Nirvana+1","WaveOfTheHand+1","Omniscience+1","Evaluate+1","TalkToTheHand"],"relics":["PureWater","Prayer Wheel","Meat on the Bone","Kunai","PreservedInsect","Sozu","MealTicket","Pear","Juzu Bracelet","Toxic Egg 2"],"acts_visited":["Exordium","TheCity"],"potions_floor_usage":[6,16],"damage_taken":[{"damage":0.0,"enemies":"Small Slimes","floor":1.0,"turns":2.0},{"damage":0.0,"enemies":"Cultist","floor":2.0,"turns":3.0},{"damage":1.0,"enemies":"Jaw Worm","floor":4.0,"turns":3.0},{"damage":0,"enemies":"Gremlin Nob","floor":6,"turns":2},{"damage":1,"enemies":"Lots of Slimes","floor":7,"turns":3},{"damage":0,"enemies":"Gremlin Gang","floor":11,"turns":2},{"damage":3,"enemies":"Large Slime","floor":12,"turns":4},{"damage":7,"enemies":"3 Sentries","floor":13,"turns":3},{"damage":24,"enemies":"Hexaghost","floor":16,"turns":6},{"damage":0,"enemies":"Spheric Guardian","floor":18,"turns":2},{"damage":0,"enemies":"Chosen","floor":20,"turns":3},{"damage":19,"enemies":"Centurion and Healer","floor":21,"turns":3},{"damage":7,"enemies":"Gremlin Leader","floor":24,"turns":3},{"damage":39,"enemies":"Slavers","floor":27,"turns":3},{"damage":11,"enemies":"Snecko","floor":29,"turns":4},{"damage":0,"enemies":"Sentry and Sphere","floor":31,"turns":3},{"damage":124,"enemies":"Automaton","floor":33,"turns":6}],"seed_played":"621342568589835589","potions_obtained":[{"floor":1.0,"key":"FearPotion"},{"floor":7,"key":"Weak Potion"},{"floor":13,"key":"CultistPotion"}],"is_trial":false,"path_per_floor":["M","M","?","M","?","E","M","R","T","R","M","M","E","T","R","B",null,"M","$","M","M","?","R","E","R","T","E","$","M","?","M","R","B"],"character_chosen":"WATCHER","items_purchased":["BattleHymn","ClearTheMind","Toxic Egg 2"],"campfire_rested":1,"item_purchase_floors":[19,19,28],"current_hp_per_floor":[72,72,72,71,71,71,70,70,70,70,70,67,60,60,60,48,72,72,72,72,53,53,53,46,46,56,29,44,45,29,41,67,0,0],"gold":52,"neow_bonus":"UPGRADE_CARD","is_daily":false,"chose_seed":false,"campfire_upgraded":5,"win_rate":0.0,"timestamp":1609094903,"path_taken":["M","M","?","M","?","E","M","R","T","R","M","?","E","?","R","BOSS","M","?","?","M","?","R","E","R","T","E","$","M","?","M","R","BOSS"],"items_purchased_type":["Card","Card","Relic"],"build_version":"2020-12-22","purchased_purges":1,"victory":false,"max_hp_per_floor":[72,72,72,72,72,72,72,72,72,72,72,72,72,72,72,72,72,72,72,72,72,72,72,72,72,82,82,82,82,87,87,87,87,87],"card_choices":[{"not_picked":["CarveReality","Crescendo"],"picked":"ThirdEye","floor":1.0},{"not_picked":["CarveReality","PathToVictory"],"picked":"Tantrum","floor":2.0},{"not_picked":["FlyingSleeves","FollowUp"],"picked":"WheelKick","floor":4.0},{"not_picked":["Crescendo","ThirdEye"],"picked":"EmptyFist","floor":6},{"not_picked":["FollowUp","EmptyFist"],"picked":"BowlingBash","floor":7},{"not_picked":["PathToVictory","EmptyFist"],"picked":"DeceiveReality","floor":7},{"not_picked":["SashWhip","Protect"],"picked":"CutThroughFate","floor":11},{"not_picked":["CutThroughFate","Protect"],"picked":"SandsOfTime","floor":11},{"not_picked":["SashWhip","CrushJoints"],"picked":"DeusExMachina","floor":12},{"not_picked":["Indignation","WheelKick","Sanctity"],"picked":"SKIP","floor":12},{"not_picked":["Indignation","Vengeance"],"picked":"CrushJoints","floor":13},{"not_picked":["LessonLearned","Establishment"],"picked":"Judgement","floor":16},{"not_picked":["Conclude","Crescendo"],"picked":"SashWhip+1","floor":18},{"not_picked":["Meditate","Conclude","JustLucky+1"],"picked":"SKIP","floor":18},{"not_picked":["Pray","Vengeance+1"],"picked":"FearNoEvil","floor":20},{"not_picked":["EmptyBody","CrushJoints+1","Halt"],"picked":"SKIP","floor":20},{"not_picked":["FlurryOfBlows","Study"],"picked":"TalkToTheHand","floor":21},{"not_picked":["Sanctity","CutThroughFate"],"picked":"Nirvana+1","floor":21},{"not_picked":["BowlingBash","Halt","Meditate"],"picked":"SKIP","floor":24},{"not_picked":["Worship+1","EmptyBody","CrushJoints"],"picked":"SKIP","floor":27},{"not_picked":["ReachHeaven+1","BowlingBash"],"picked":"WaveOfTheHand+1","floor":29},{"not_picked":["Fasting2+1","Consecrate"],"picked":"Omniscience+1","floor":29},{"not_picked":["ThirdEye+1","Halt+1"],"picked":"Evaluate+1","floor":31},{"not_picked":["Consecrate","ThirdEye+1"],"picked":"TalkToTheHand","floor":31}],"player_experience":63078,"relics_obtained":[{"floor":6,"key":"Prayer Wheel"},{"floor":9,"key":"Meat on the Bone"},{"floor":13,"key":"Kunai"},{"floor":14,"key":"PreservedInsect"},{"floor":24,"key":"MealTicket"},{"floor":26,"key":"Pear"},{"floor":27,"key":"Juzu Bracelet"}],"event_choices":[{"damage_healed":0.0,"max_hp_gain":0.0,"max_hp_loss":0.0,"gold_gain":0.0,"event_name":"Liars Game","player_choice":"Ignored","floor":3.0,"gold_loss":0.0,"damage_taken":0.0},{"cards_removed":["Defend_P"],"damage_healed":0.0,"max_hp_gain":0.0,"max_hp_loss":0.0,"gold_gain":0.0,"event_name":"Purifier","player_choice":"Purged","floor":5.0,"gold_loss":0.0,"damage_taken":0.0},{"damage_healed":0,"gold_gain":0,"player_choice":"Upgraded","damage_taken":0,"max_hp_gain":0,"max_hp_loss":0,"event_name":"Upgrade Shrine","floor":22,"gold_loss":0,"cards_upgraded":["BattleHymn"]},{"damage_healed":0,"gold_gain":0,"player_choice":"Shed Blood","damage_taken":21,"max_hp_gain":5,"max_hp_loss":0,"event_name":"Forgotten Altar","floor":30,"gold_loss":0}],"is_beta":false,"boss_relics":[{"not_picked":["Empty Cage","SlaversCollar"],"picked":"Sozu"}],"items_purged_floors":[19],"is_endless":false,"potions_floor_spawned":[1,7,13,18,21,27,29],"killed_by":"Automaton","ascension_level":0}}