{"host":"t5h83eruwt5lxl3o","time":1609041660,"event":{"mods":["AchievementEnabler","Act Like it!","BaseMod","CapriCore","Colored Map","DeckTracker","Hermit","Highlight Path","Koishi","Marisa£¨Ùöéë¡¡Øª×âÞÞ£©","Minty Spire (QoL Compilation)","Permanent Neow","Quick Restart","StSLib","SuperFastMode","The Cursed","The Immortal","everything is the same but u backflip on backflip"],"gold_per_floor":[110,121,138,156,156,156,183,203,203,220,220,249,261,291,291,367,367,385,385,404,404,115,148,164,164,236,270,289,308,36,52,52,125,125,143,143,193,193,203,228,228,245,245,205,222,249,249,280,280,280,280,280,37,66,66,66],"floor_reached":55,"playtime":3066,"items_purged":[],"score":1528,"play_id":"7bc76cae-f527-464e-be8f-acf9ccfe51e9","local_time":"20201227130100","is_ascension_mode":true,"campfire_choices":[{"data":"Shrug It Off","floor":6.0,"key":"SMITH"},{"data":"Dark Embrace","floor":11.0,"key":"SMITH"},{"data":"Power Through","floor":15.0,"key":"SMITH"},{"data":"Barricade","floor":32.0,"key":"SMITH"},{"data":"Fiend Fire","floor":41.0,"key":"SMITH"},{"floor":47.0,"key":"RECALL"},{"data":"Evolve","floor":49.0,"key":"SMITH"},{"data":"Bash","floor":52.0,"key":"SMITH"}],"circlet_count":0,"master_deck":["AscendersBane","Strike_R","Strike_R","Defend_R+1","Defend_R+1","Defend_R","Defend_R","Bash+1","Fiend Fire+1","Sword Boomerang","Carnage","Power Through+1","Shrug It Off+1","Flash of Steel","Dark Embrace+1","Cleave","Reckless Charge","Power Through+1","Barricade+1","Battle Trance","Flame Barrier","Rage","True Grit","Seeing Red+1","Evolve+1","Feel No Pain+1","Immolate","Madness","Madness","Intimidate","Infernal Blade","True Grit+1","Body Slam+1","The Bomb","Impervious"],"relics":["Burning Blood","Pen Nib","Mercury Hourglass","War Paint","Philosopher\u0027s Stone","InkBottle","Charon\u0027s Ashes","Bottled Lightning","Paper Frog","Omamori","Membership Card","Bag of Preparation","Sozu","TungstenRod","Pear","Thread and Needle","Anchor","Toolbox","Strawberry"],"acts_visited":["Exordium","TheCity","TheBeyond","TheEnding"],"potions_floor_usage":[55],"damage_taken":[{"damage":0.0,"enemies":"2 Louse","floor":1.0,"turns":4.0},{"damage":1.0,"enemies":"Cultist","floor":2.0,"turns":3.0},{"damage":7.0,"enemies":"Jaw Worm","floor":3.0,"turns":2.0},{"damage":7.0,"enemies":"Looter","floor":4.0,"turns":4.0},{"damage":20.0,"enemies":"Lagavulin","floor":7.0,"turns":4.0},{"damage":7.0,"enemies":"Exordium Wildlife","floor":8.0,"turns":4.0},{"damage":0.0,"enemies":"3 Louse","floor":10.0,"turns":3.0},{"damage":10.0,"enemies":"3 Sentries","floor":12.0,"turns":6.0},{"damage":0.0,"enemies":"2 Fungi Beasts","floor":13.0,"turns":2.0},{"damage":31.0,"enemies":"Slime Boss","floor":16.0,"turns":8.0},{"damage":1.0,"enemies":"Spheric Guardian","floor":18.0,"turns":4.0},{"damage":19.0,"enemies":"3 Byrds","floor":20.0,"turns":3.0},{"damage":31.0,"enemies":"Gremlin Leader","floor":23.0,"turns":3.0},{"damage":6.0,"enemies":"Centurion and Healer","floor":24.0,"turns":3.0},{"damage":16.0,"enemies":"Book of Stabbing","floor":27.0,"turns":5.0},{"damage":8.0,"enemies":"Shelled Parasite and Fungi","floor":28.0,"turns":2.0},{"damage":0.0,"enemies":"Snecko","floor":29.0,"turns":4.0},{"damage":2.0,"enemies":"Cultist and Chosen","floor":31.0,"turns":5.0},{"damage":11.0,"enemies":"Champ","floor":33.0,"turns":18.0},{"damage":0.0,"enemies":"3 Shapes","floor":35.0,"turns":2.0},{"damage":11.0,"enemies":"2 Orb Walkers","floor":37.0,"turns":4.0},{"damage":7.0,"enemies":"3 Darklings","floor":39.0,"turns":4.0},{"damage":0.0,"enemies":"Giant Head","floor":40.0,"turns":9.0},{"damage":0.0,"enemies":"Sphere and 2 Shapes","floor":42.0,"turns":3.0},{"damage":0.0,"enemies":"Writhing Mass","floor":45.0,"turns":5.0},{"damage":17.0,"enemies":"Reptomancer","floor":46.0,"turns":5.0},{"damage":0.0,"enemies":"Giant Head","floor":48.0,"turns":8.0},{"damage":2.0,"enemies":"Time Eater","floor":50.0,"turns":8.0},{"damage":51.0,"enemies":"Shield and Spear","floor":54.0,"turns":6.0},{"damage":34,"enemies":"The Heart","floor":55,"turns":7}],"seed_played":"8079224444145025154","potions_obtained":[{"floor":2.0,"key":"DuplicationPotion"},{"floor":3.0,"key":"Strength Potion"},{"floor":10.0,"key":"GamblersBrew"},{"floor":12.0,"key":"Swift Potion"},{"floor":18.0,"key":"EntropicBrew"},{"floor":20.0,"key":"Fire Potion"},{"floor":23.0,"key":"Regen Potion"},{"floor":28.0,"key":"Swift Potion"},{"floor":33.0,"key":"BlessingOfTheForge"}],"is_trial":false,"path_per_floor":["M","M","M","M","?","R","E","M","T","M","R","E","M","?","R","B",null,"M","?","M","T","$","E","M","?","T","E","M","M","$","M","R","B",null,"M","?","?","?","M","E","R","M","T","?","M","E","R","E","R","B",null,"R","$","E","B"],"character_chosen":"IRONCLAD","items_purchased":["Charon\u0027s Ashes","Membership Card","Evolve","Bag of Preparation","The Bomb","Toolbox","Impervious"],"campfire_rested":0,"item_purchase_floors":[22,30,30,30,53,53,53],"current_hp_per_floor":[68,68,67,66,66,66,52,51,51,57,57,53,59,59,59,34,60,65,65,52,52,52,27,39,39,39,29,27,33,33,37,37,32,59,65,56,51,51,50,66,66,72,72,72,78,67,67,73,73,77,78,78,78,40,6,6],"gold":66,"neow_bonus":"THREE_RARE_CARDS","is_daily":false,"chose_seed":false,"campfire_upgraded":7,"win_rate":0.0,"timestamp":1609041660,"path_taken":["M","M","M","M","?","R","E","M","T","M","R","E","?","?","R","BOSS","M","?","M","?","$","E","M","?","T","E","M","M","$","M","R","BOSS","M","?","?","?","?","E","R","M","T","?","M","E","R","E","R","BOSS","R","$","E","BOSS"],"items_purchased_type":["Relic","Relic","Card","Relic","Card","Relic","Card"],"build_version":"2020-12-22","purchased_purges":0,"victory":false,"max_hp_per_floor":[68,68,68,68,68,68,68,68,68,68,68,68,68,68,68,68,68,68,68,68,68,68,68,68,68,68,68,68,68,68,68,68,68,68,68,68,68,68,68,78,78,78,78,78,78,78,78,78,78,78,78,78,78,85,85,85],"card_choices":[{"not_picked":["Brutality","Berserk"],"picked":"Fiend Fire","floor":0.0},{"not_picked":["Havoc","Sever Soul"],"picked":"Sword Boomerang","floor":1.0},{"not_picked":["Pommel Strike","Flex"],"picked":"Carnage","floor":2.0},{"not_picked":["Flex","Body Slam"],"picked":"Power Through","floor":3.0},{"not_picked":["Pommel Strike","Infernal Blade"],"picked":"Shrug It Off","floor":4.0},{"not_picked":["Uppercut","Clothesline"],"picked":"Dark Embrace","floor":7.0},{"not_picked":["Infernal Blade","Dropkick"],"picked":"Cleave","floor":8.0},{"not_picked":["Reaper","Ghostly Armor"],"picked":"Reckless Charge","floor":10.0},{"not_picked":["Shrug It Off","Reaper"],"picked":"Power Through","floor":12.0},{"not_picked":["Pommel Strike","Clash","Havoc"],"picked":"SKIP","floor":13.0},{"not_picked":["Reaper","Juggernaut"],"picked":"Barricade","floor":16.0},{"not_picked":["Armaments","Blood for Blood+1"],"picked":"Battle Trance","floor":18.0},{"not_picked":["Twin Strike","Armaments","Pummel"],"picked":"SKIP","floor":20.0},{"not_picked":["Armaments","Limit Break"],"picked":"Flame Barrier","floor":23.0},{"not_picked":["Rampage","Whirlwind","Heavy Blade"],"picked":"SKIP","floor":24.0},{"not_picked":["Iron Wave","Twin Strike"],"picked":"Seeing Red","floor":27.0},{"not_picked":["Heavy Blade","Iron Wave","Clothesline"],"picked":"SKIP","floor":28.0},{"not_picked":["Sword Boomerang","Flex+1","Armaments"],"picked":"SKIP","floor":29.0},{"not_picked":["Sword Boomerang","Flex+1","Armaments"],"picked":"SKIP","floor":29.0},{"not_picked":["Cleave","Ghostly Armor"],"picked":"Feel No Pain+1","floor":31.0},{"not_picked":["Bludgeon","Exhume"],"picked":"Immolate","floor":33.0},{"not_picked":["Pommel Strike","Thunderclap","Clash"],"picked":"SKIP","floor":35.0},{"not_picked":["Pommel Strike","Thunderclap","Clash"],"picked":"SKIP","floor":35.0},{"not_picked":["Wild Strike","Reckless Charge"],"picked":"Intimidate","floor":37.0},{"not_picked":["Sword Boomerang","Flex","Wild Strike+1"],"picked":"SKIP","floor":39.0},{"not_picked":["Thunderclap","Cleave"],"picked":"Infernal Blade","floor":40.0},{"not_picked":["Flex+1","Shrug It Off","Clothesline"],"picked":"SKIP","floor":42.0},{"not_picked":["Armaments","Uppercut","Immolate"],"picked":"SKIP","floor":45.0},{"not_picked":["Heavy Blade","Clash"],"picked":"True Grit+1","floor":46.0},{"not_picked":["Combust","Warcry+1"],"picked":"Body Slam+1","floor":48.0},{"not_picked":["Armaments","Inflame","Flex"],"picked":"SKIP","floor":54.0}],"player_experience":625390,"relics_obtained":[{"floor":7.0,"key":"Pen Nib"},{"floor":9.0,"key":"Mercury Hourglass"},{"floor":12.0,"key":"War Paint"},{"floor":21.0,"key":"InkBottle"},{"floor":23.0,"key":"Bottled Lightning"},{"floor":26.0,"key":"Paper Frog"},{"floor":27.0,"key":"Omamori"},{"floor":37.0,"key":"TungstenRod"},{"floor":40.0,"key":"Pear"},{"floor":46.0,"key":"Thread and Needle"},{"floor":48.0,"key":"Anchor"},{"floor":54.0,"key":"Strawberry"}],"event_choices":[{"damage_healed":0.0,"max_hp_gain":0.0,"max_hp_loss":0.0,"gold_gain":0.0,"event_name":"Match and Keep!","player_choice":"1 cards matched","floor":5.0,"gold_loss":0.0,"damage_taken":0.0,"cards_obtained":["Flash of Steel"]},{"damage_healed":0.0,"max_hp_gain":0.0,"max_hp_loss":0.0,"gold_gain":30.0,"event_name":"Dead Adventurer","player_choice":"Searched \u00272\u0027 times","floor":14.0,"gold_loss":0.0,"damage_taken":0.0},{"damage_healed":0.0,"max_hp_gain":0.0,"max_hp_loss":0.0,"gold_gain":0.0,"event_name":"Vampires","player_choice":"Ignored","floor":19.0,"gold_loss":0.0,"damage_taken":0.0},{"damage_healed":0.0,"max_hp_gain":0.0,"max_hp_loss":0.0,"gold_gain":0.0,"cards_transformed":["Strike_R","Strike_R"],"event_name":"Drug Dealer","player_choice":"Became Test Subject","floor":25.0,"gold_loss":0.0,"damage_taken":0.0,"cards_obtained":["Rage","True Grit"]},{"damage_healed":0.0,"max_hp_gain":0.0,"max_hp_loss":0.0,"gold_gain":0.0,"event_name":"Winding Halls","player_choice":"Embrace Madness","floor":36.0,"gold_loss":0.0,"damage_taken":9.0,"cards_obtained":["Madness","Madness"]},{"damage_healed":0.0,"max_hp_gain":0.0,"max_hp_loss":0.0,"gold_gain":0.0,"event_name":"Mysterious Sphere","player_choice":"Fight","floor":37.0,"gold_loss":0.0,"damage_taken":0.0},{"cards_removed":["Strike_R"],"damage_healed":0.0,"max_hp_gain":0.0,"max_hp_loss":0.0,"gold_gain":0.0,"event_name":"Purifier","player_choice":"Purged","floor":38.0,"gold_loss":0.0,"damage_taken":0.0},{"damage_healed":0.0,"max_hp_gain":0.0,"max_hp_loss":0.0,"gold_gain":0.0,"event_name":"Designer","player_choice":"Upgraded Two","floor":44.0,"gold_loss":40.0,"damage_taken":0.0,"cards_upgraded":["Defend_R","Seeing Red"]}],"is_beta":false,"boss_relics":[{"not_picked":["Runic Cube","Fusion Hammer"],"picked":"Philosopher\u0027s Stone"},{"not_picked":["Black Star","Runic Dome"],"picked":"Sozu"}],"items_purged_floors":[],"is_endless":false,"potions_floor_spawned":[2,3,10,12,18,20,23,28,33,37,39,40,48,54],"killed_by":"The Heart","ascension_level":14}}