{"host":"wonp23fsqqcu31ie","time":1609075297,"event":{"mods":["2.2 Compatiblity","AchievementEnabler","Aspiration","BaseMod","Bestiary","Better Altar","Better Match","Better Sensory Stone","Better Skull","Better Third Choice","BetterRewards","Block Reminder","Colored Map","Colored Powertips","Conspire","DeckTracker","Displayed Cursed Tome","Downfall","Hermit","Highlight Path","Hubris","Minty Spire (QoL Compilation)","Permanent Neow","Quick Restart","Rare Cards Sparkle","Relic Stats","Replay The Spire","Shade Mod","Shop Mod","StSLib","SuperFastMode","The Animator","The Cursed","The Dragon Tamer","The Gatherer","The Necromancer","The Runesmith","The Servant 0.9.4"],"gold_per_floor":[217,271,271,196,49,74,87,98,98,131,131,231,246,256,256,358,408,422,453,728,177,191,191,225,225,298,316,316,64,97,67,67,67,67],"floor_reached":33,"playtime":1120,"items_purged":["Regret"],"score":398,"play_id":"d4071d42-39bd-43f8-a7cc-44991614e469","local_time":"20201228002137","is_ascension_mode":true,"campfire_choices":[{"floor":15,"key":"REST"},{"floor":23,"key":"RECALL"},{"floor":25,"key":"REST"},{"data":"hermit:Roughhouse","floor":32,"key":"SMITH"}],"circlet_count":0,"master_deck":["hermit:Strike_Hermit","hermit:Strike_Hermit","hermit:Strike_Hermit","hermit:Strike_Hermit","hermit:Defend_Hermit","hermit:Defend_Hermit","hermit:Defend_Hermit","hermit:Defend_Hermit+1","hermit:Snapshot","hermit:Covet","hermit:Manifest","ReplayUltimateDefense+1","hermit:Horror","hermit:Deadeye","hermit:CursedWeapon","hermit:Roughhouse+1","hermit:Quickdraw","hermit:Brawl","hermit:Gambit","hermit:Quickdraw","hermit:ItchyTrigger","hermit:Quickdraw+1","hermit:Showdown+1","hermit:Dissolve+1","hermit:Scavenge","hermit:HighCaliber+1","hermit:Quickdraw+1"],"relics":["hermit:Momento","HandDrill","Replay:Rubber Ducky","hubris:ToyBattleship","Eternal Feather","Golden Egg","MerchantsRug","Juzu Bracelet","hubris:Reverence","hubris:BottledHeart","hermit:Horseshoe","Strawberry"],"acts_visited":["Exordium","TheCity"],"potions_floor_usage":[10,10,16,18,19,22,24,33,33,33],"damage_taken":[{"damage":7,"enemies":"Jaw Worm","floor":1,"turns":3},{"damage":37,"enemies":"Lagavulin","floor":6,"turns":8},{"damage":0,"enemies":"conspire:RoseBush","floor":7,"turns":5},{"damage":0,"enemies":"2 Louse","floor":8,"turns":3},{"damage":21,"enemies":"Gremlin Nob","floor":10,"turns":5},{"damage":11,"enemies":"Exordium Thugs","floor":13,"turns":5},{"damage":3,"enemies":"Exordium Wildlife","floor":14,"turns":3},{"damage":23,"enemies":"The Guardian","floor":16,"turns":14},{"damage":30,"enemies":"2 Thieves","floor":18,"turns":4},{"damage":19,"enemies":"conspire:MimicChest","floor":19,"turns":6},{"damage":2,"enemies":"Spheric Guardian","floor":22,"turns":3},{"damage":36,"enemies":"Slavers","floor":24,"turns":7},{"damage":26,"enemies":"Centurion and Healer","floor":27,"turns":4},{"damage":0,"enemies":"Replay:Snechameleon","floor":30,"turns":5},{"damage":2,"enemies":"Pondfish","floor":33,"turns":9}],"seed_played":"-6731316076626260170","potions_obtained":[{"floor":6,"key":"conspire:TimeTravelPotion"},{"floor":8,"key":"PowerPotion"},{"floor":14,"key":"Swift Potion"},{"floor":16,"key":"SteroidPotion"},{"floor":17,"key":"LifebloodPotion"},{"floor":22,"key":"Explosive Potion"},{"floor":27,"key":"Dexterity Potion"},{"floor":31,"key":"GamblersBrew"},{"floor":31,"key":"LiquidMemories"}],"is_trial":false,"path_per_floor":["M","?","?","?","$","E","M","M","T","E","?","?","M","M","R","B",null,"M","?","?","$","M","R","E","R","T","M","?","$","E","?","R","B"],"character_chosen":"HERMIT","items_purchased":["HandDrill","Golden Egg","MerchantsRug","hermit:Showdown","Regen Potion","hermit:Horseshoe"],"campfire_rested":2,"item_purchase_floors":[5,21,21,21,21,29],"current_hp_per_floor":[68,68,73,73,73,36,36,36,36,24,24,24,13,10,34,11,85,55,36,36,36,43,55,19,59,59,33,1,1,1,1,1,0,0],"gold":67,"neow_bonus":"HUNDRED_GOLD","is_daily":false,"chose_seed":false,"campfire_upgraded":1,"win_rate":0.0,"timestamp":1609075297,"path_taken":["M","?","?","?","$","E","?","M","T","E","?","?","?","M","R","BOSS","M","?","?","$","?","R","E","R","T","M","?","?","E","?","R","BOSS"],"items_purchased_type":["Relic","Relic","Relic","Card","Potion","Relic"],"build_version":"2020-12-22","purchased_purges":1,"victory":false,"max_hp_per_floor":[75,75,80,80,80,80,80,80,80,80,80,80,80,80,80,80,85,85,85,85,85,85,85,85,85,85,85,1,1,1,1,1,1,1],"relic_stats":{"counters":[19,106],"Eternal Feather":27,"HandDrill":[20],"Juzu Bracelet":0,"obtain_stats":[{"Golden Egg":21,"MerchantsRug":21,"Tiny House":17,"hubris:64BitClover":0,"Eternal Feather":19,"Juzu Bracelet":24,"Replay:Rubber Ducky":6,"Replay:Ringing Soul":6,"hubris:BottledHeart":28,"Strawberry":30,"HandDrill":5,"hubris:ToyBattleship":10,"hermit:Horseshoe":29,"hermit:Momento":0,"hubris:Reverence":26},{"Golden Egg":14,"MerchantsRug":14,"Tiny House":12,"hubris:64BitClover":0,"Eternal Feather":14,"Juzu Bracelet":16,"Replay:Rubber Ducky":6,"Replay:Ringing Soul":3,"hubris:BottledHeart":17,"Strawberry":18,"HandDrill":5,"hubris:ToyBattleship":9,"hermit:Horseshoe":17,"hermit:Momento":0,"hubris:Reverence":16},{"Golden Egg":78,"MerchantsRug":78,"Tiny House":68,"hubris:64BitClover":0,"Eternal Feather":78,"Juzu Bracelet":88,"Replay:Rubber Ducky":33,"Replay:Ringing Soul":17,"hubris:BottledHeart":92,"Strawberry":97,"HandDrill":25,"hubris:ToyBattleship":46,"hermit:Horseshoe":92,"hermit:Momento":0,"hubris:Reverence":88}]},"card_choices":[{"not_picked":["hermit:Maintenance","hermit:DeadMansHand"],"picked":"hermit:Manifest","floor":1},{"not_picked":["Transmutation+1","Secret Weapon+1"],"picked":"ReplayUltimateDefense+1","floor":4},{"not_picked":["hermit:LoneWolf","hermit:LuckOfTheDraw"],"picked":"hermit:Horror","floor":6},{"not_picked":["hermit:Spite","hermit:ItchyTrigger"],"picked":"hermit:Deadeye","floor":7},{"not_picked":["hermit:HoleUp","hermit:Maintenance"],"picked":"hermit:CursedWeapon","floor":8},{"not_picked":["hermit:CursedWeapon","hermit:HoleUp"],"picked":"hermit:Roughhouse","floor":10},{"not_picked":["hermit:Dive","hermit:Showdown"],"picked":"hermit:Quickdraw","floor":13},{"not_picked":["hermit:HighCaliber","hermit:Roulette"],"picked":"hermit:Brawl","floor":14},{"not_picked":["hermit:HighNoon","hermit:OverwhelmingPower"],"picked":"hermit:Gambit","floor":16},{"not_picked":["hermit:CalledShot","hermit:Ricochet"],"picked":"hermit:Quickdraw","floor":17},{"not_picked":["hermit:Misfire","hermit:LuckOfTheDraw"],"picked":"hermit:ItchyTrigger","floor":18},{"not_picked":["hermit:ItchyTrigger","hermit:FullyLoaded"],"picked":"hermit:Quickdraw+1","floor":19},{"not_picked":["hermit:HoleUp","hermit:PistolWhip"],"picked":"hermit:Dissolve","floor":22},{"not_picked":["hermit:Purgatory","hermit:Showdown"],"picked":"hermit:Scavenge","floor":24},{"not_picked":["hermit:Glare","hermit:Vantage"],"picked":"hermit:HighCaliber+1","floor":27},{"not_picked":["hermit:Glare+1","hermit:Vantage"],"picked":"hermit:Quickdraw+1","floor":30}],"player_experience":403178,"relics_obtained":[{"floor":6,"key":"Replay:Rubber Ducky"},{"floor":10,"key":"hubris:ToyBattleship"},{"floor":19,"key":"Eternal Feather"},{"floor":24,"key":"Juzu Bracelet"},{"floor":26,"key":"hubris:Reverence"},{"floor":30,"key":"Strawberry"}],"event_choices":[{"damage_healed":0,"gold_gain":54,"player_choice":"Gained Gold","damage_taken":0,"max_hp_gain":0,"max_hp_loss":0,"event_name":"Golden Wing","floor":2,"gold_loss":0},{"damage_healed":0,"gold_gain":0,"player_choice":"Donut","damage_taken":0,"max_hp_gain":5,"max_hp_loss":0,"event_name":"Big Fish","floor":3,"gold_loss":0},{"damage_healed":0,"gold_gain":0,"player_choice":"2","damage_taken":0,"max_hp_gain":0,"max_hp_loss":0,"event_name":"betterMatch:BetterMatch","floor":4,"gold_loss":0,"cards_obtained":["betterMatch:ColorlessRareCard"]},{"damage_healed":0,"gold_gain":0,"player_choice":"Leave","damage_taken":0,"max_hp_gain":0,"max_hp_loss":0,"event_name":"conspire:Investor","floor":11,"gold_loss":0},{"damage_healed":0,"gold_gain":100,"player_choice":"Pray","damage_taken":0,"max_hp_gain":0,"max_hp_loss":0,"event_name":"Golden Shrine","floor":12,"gold_loss":0},{"damage_healed":0,"gold_gain":275,"player_choice":"Desecrate","damage_taken":0,"max_hp_gain":0,"max_hp_loss":0,"event_name":"Golden Shrine","floor":20,"gold_loss":0,"cards_obtained":["Regret"]},{"damage_healed":0,"gold_gain":0,"player_choice":"Bought 2 Potions","damage_taken":0,"max_hp_gain":0,"max_hp_loss":0,"event_name":"The Woman in Blue","floor":31,"gold_loss":0}],"is_beta":false,"boss_relics":[{"not_picked":["hubris:TerracottaHorce","Snecko Eye"],"picked":"Tiny House"}],"items_purged_floors":[21],"is_endless":false,"potions_floor_spawned":[6,8,14,16,22,27],"killed_by":"Pondfish","ascension_level":2}}