{"host":"wg33yb1rgt3nbe17","time":1609046522,"event":{"mods":["AchievementEnabler","BaseMod","Colored Map","Minty Spire (QoL Compilation)","Permanent Neow","Relic Stats","StSLib"],"gold_per_floor":[117,117,117,42,60,60,74,99,99,99,123,48,48,62,62,62,62],"floor_reached":16,"playtime":476,"items_purged":["Decay"],"score":104,"play_id":"31fc15b8-1080-4ee6-87be-0321a8194407","local_time":"20201227002202","is_ascension_mode":true,"campfire_choices":[{"data":"Hologram","floor":6,"key":"SMITH"},{"data":"Biased Cognition","floor":10,"key":"SMITH"},{"data":"Hologram","floor":13,"key":"SMITH"},{"data":"White Noise","floor":15,"key":"SMITH"}],"circlet_count":0,"master_deck":["Strike_B","Strike_B","Strike_B","Strike_B","Defend_B","Defend_B","Defend_B","Defend_B","Zap","Dualcast","Cold Snap","Hologram+1","Biased Cognition+1","Conserve Battery","Hologram+1","Conserve Battery","White Noise+1"],"relics":["Sozu","Golden Idol","Smiling Mask","Blood Vial"],"acts_visited":["Exordium"],"potions_floor_usage":[],"damage_taken":[{"damage":12,"enemies":"Jaw Worm","floor":1,"turns":3},{"damage":0,"enemies":"Cultist","floor":5,"turns":3},{"damage":0,"enemies":"2 Louse","floor":7,"turns":3},{"damage":7,"enemies":"Looter","floor":11,"turns":3},{"damage":7,"enemies":"Exordium Wildlife","floor":14,"turns":5},{"damage":39,"enemies":"The Guardian","floor":16,"turns":12}],"seed_played":"6168615820039779538","potions_obtained":[],"is_trial":false,"path_per_floor":["M","?","?","$","M","R","M","T","T","R","M","$","R","M","R","B"],"character_chosen":"DEFECT","items_purchased":["Hologram","Conserve Battery"],"campfire_rested":0,"item_purchase_floors":[12,12],"current_hp_per_floor":[63,45,45,45,45,45,45,45,45,45,40,40,40,35,35,0,0],"gold":62,"neow_bonus":"BOSS_RELIC","is_daily":false,"chose_seed":false,"campfire_upgraded":4,"win_rate":0.0,"timestamp":1609046522,"path_taken":["M","?","?","$","?","R","M","?","T","R","M","$","R","M","R","BOSS"],"items_purchased_type":["Card","Card"],"build_version":"2020-12-22","purchased_purges":1,"victory":false,"max_hp_per_floor":[75,75,75,75,75,75,75,75,75,75,75,75,75,75,75,75,75],"relic_stats":{"Sozu":3,"Blood Vial":6,"counters":[6,29],"Golden Idol":15,"Smiling Mask":0,"obtain_stats":[{"Sozu":0,"Blood Vial":9,"Golden Idol":2,"Cracked Core":0,"Smiling Mask":8},{"Sozu":0,"Blood Vial":3,"Golden Idol":1,"Cracked Core":0,"Smiling Mask":3},{"Sozu":0,"Blood Vial":9,"Golden Idol":3,"Cracked Core":0,"Smiling Mask":9}]},"card_choices":[{"not_picked":["Sweeping Beam","Consume"],"picked":"Cold Snap","floor":1},{"not_picked":["Doom and Gloom","Tempest"],"picked":"Hologram","floor":5},{"not_picked":["Conserve Battery","Gash"],"picked":"Biased Cognition","floor":7},{"not_picked":["Fusion","Melter"],"picked":"Conserve Battery","floor":11},{"not_picked":["Compile Driver","Force Field"],"picked":"White Noise","floor":14}],"player_experience":545917,"relics_obtained":[{"floor":8,"key":"Smiling Mask"},{"floor":9,"key":"Blood Vial"}],"event_choices":[{"damage_healed":0,"gold_gain":0,"player_choice":"Take Damage","damage_taken":18,"relics_obtained":["Golden Idol"],"max_hp_gain":0,"max_hp_loss":0,"event_name":"Golden Idol","floor":2,"gold_loss":0},{"damage_healed":0,"gold_gain":0,"player_choice":"Cursed","damage_taken":0,"max_hp_gain":0,"max_hp_loss":0,"event_name":"Wheel of Change","floor":3,"gold_loss":0,"cards_obtained":["Decay"]}],"is_beta":false,"boss_relics":[],"items_purged_floors":[4],"is_endless":false,"potions_floor_spawned":[7,11,14],"killed_by":"The Guardian","ascension_level":3}}