{"host":"gno7vgl3p6u1gqsg","time":1609053910,"event":{"mods":["Act Like it!","BaseMod","Gensokyo","Marisa（霧雨　魔理沙）","Minty Spire (QoL Compilation)","Rare Cards Sparkle","RatMod","Reimu（博??梦）","StSLib","The Servant 0.9.4","everything is the same but u backflip on backflip"],"gold_per_floor":[113,130,146,146,165,165,191,202,249,261,261,261,271,287,287,389,389,406,416,447,447,447],"floor_reached":21,"playtime":1782,"items_purged":[],"score":185,"play_id":"50e97777-6212-447c-9c83-2e2ad344d6f0","local_time":"20201226232510","is_ascension_mode":false,"campfire_choices":[{"data":"MysteriousBeam","floor":6,"key":"SMITH"},{"data":"UltimateShortwave","floor":12,"key":"SMITH"},{"data":"MeteoricShower","floor":15,"key":"SMITH"}],"circlet_count":0,"master_deck":["Strike_MRS","Strike_MRS","Strike_MRS","Strike_MRS","Defend_MRS","Defend_MRS","Defend_MRS","Defend_MRS","MasterSpark","UpSweep","EnergyRecoil","WitchLeyline","GasGiant","MysteriousBeam+1","Forethought","MeteoricShower+1","UltimateShortwave+1","SporeBomb","ManaConvection","ChargeUpSpray","BinaryStars","DeepEcoloBomb","AlicesGift+1","NonDirectionalLaser"],"relics":["MiniHakkero","Anchor","Tiny Chest","MealTicket","RedLine:ReiMu","Red Mask"],"acts_visited":["Exordium","TheCity"],"potions_floor_usage":[7,16,19,20,20],"damage_taken":[{"damage":11,"enemies":"Jaw Worm","floor":1,"turns":3},{"damage":0,"enemies":"Cultist","floor":2,"turns":3},{"damage":0,"enemies":"Small Slimes","floor":3,"turns":2},{"damage":13,"enemies":"3 Louse","floor":5,"turns":3},{"damage":4,"enemies":"Lagavulin","floor":7,"turns":5},{"damage":6,"enemies":"Exordium Thugs","floor":8,"turns":3},{"damage":2,"enemies":"Blue Slaver","floor":10,"turns":4},{"damage":5,"enemies":"Looter","floor":13,"turns":3},{"damage":5,"enemies":"Exordium Thugs","floor":14,"turns":3},{"damage":23,"enemies":"Hexaghost","floor":16,"turns":6},{"damage":0,"enemies":"Chosen","floor":18,"turns":4},{"damage":20,"enemies":"Spheric Guardian","floor":19,"turns":4},{"damage":42,"enemies":"Masked Bandits","floor":20,"turns":4},{"damage":0,"enemies":"Snake Plant","floor":21,"turns":1}],"seed_played":"-3620244318650260274","potions_obtained":[{"floor":3,"key":"BottledSpark"},{"floor":5,"key":"EssenceOfSteel"},{"floor":10,"key":"PowerPotion"},{"floor":14,"key":"BlessingOfTheForge"},{"floor":16,"key":"BottledSpark"},{"floor":19,"key":"Ancient Potion"},{"floor":20,"key":"Dexterity Potion"}],"is_trial":true,"path_per_floor":["M","M","M","?","M","R","E","M","T","M","T","R","M","M","R","B",null,"M","M","?","M"],"character_chosen":"MARISA","items_purchased":[],"campfire_rested":0,"item_purchase_floors":[],"current_hp_per_floor":[64,64,64,64,51,51,47,41,41,39,39,39,34,29,29,6,75,75,55,13,13,13],"gold":447,"neow_bonus":"","is_daily":false,"chose_seed":false,"campfire_upgraded":3,"win_rate":0.0,"timestamp":1609053910,"path_taken":["M","M","M","?","M","R","E","?","T","M","?","R","M","M","R","BOSS","M","M","?","M"],"items_purchased_type":[],"build_version":"2020-12-22","purchased_purges":0,"victory":false,"max_hp_per_floor":[75,75,75,75,75,75,75,75,75,75,75,75,75,75,75,75,75,75,75,75,75,75],"card_choices":[{"not_picked":["GrandCross","PowerUp"],"picked":"EnergyRecoil","floor":1},{"not_picked":["EnergyRecoil","6A"],"picked":"WitchLeyline","floor":2},{"not_picked":["Acceleration","PowerUp"],"picked":"GasGiant","floor":3},{"not_picked":["DC","UnstableBomb"],"picked":"MeteoricShower","floor":5},{"not_picked":["Acceleration","DC"],"picked":"UltimateShortwave","floor":7},{"not_picked":["LuminesStrike","MysteriousBeam"],"picked":"SporeBomb","floor":8},{"not_picked":["ShootTheMoon","DoubleSpark"],"picked":"ManaConvection","floor":10},{"not_picked":["DC","LuminesStrike","AbsoluteMagnitude"],"picked":"SKIP","floor":13},{"not_picked":["PowerUp","GrandCross"],"picked":"ChargeUpSpray","floor":14},{"not_picked":["CasketOfStar","AbsoluteMagnitude"],"picked":"BinaryStars","floor":16},{"not_picked":["MilkyWay","EnergyRecoil+1"],"picked":"DeepEcoloBomb","floor":18},{"not_picked":["MilkyWay","Acceleration"],"picked":"AlicesGift+1","floor":19},{"not_picked":["MysteriousBeam","EnergyRecoil"],"picked":"NonDirectionalLaser","floor":20}],"player_experience":452449,"relics_obtained":[{"floor":7,"key":"Anchor"},{"floor":9,"key":"Tiny Chest"},{"floor":11,"key":"MealTicket"},{"floor":20,"key":"Red Mask"}],"event_choices":[{"damage_healed":0,"gold_gain":0,"player_choice":"2 cards matched","damage_taken":0,"max_hp_gain":0,"max_hp_loss":0,"event_name":"Match and Keep!","floor":4,"gold_loss":0,"cards_obtained":["MysteriousBeam","Forethought"]},{"damage_healed":0,"gold_gain":0,"player_choice":"2 cards matched","damage_taken":0,"max_hp_gain":0,"max_hp_loss":0,"event_name":"Match and Keep!","floor":4,"gold_loss":0,"cards_obtained":["MysteriousBeam","Forethought"]},{"damage_healed":0,"gold_gain":0,"player_choice":"Fought Bandits","damage_taken":0,"max_hp_gain":0,"max_hp_loss":0,"event_name":"Masked Bandits","floor":20,"gold_loss":0}],"is_beta":false,"boss_relics":[{"not_picked":["Snecko Eye","Black Star"],"picked":"RedLine:ReiMu"}],"items_purged_floors":[],"is_endless":false,"potions_floor_spawned":[3,5,10,14,16,19,20],"killed_by":"Snake Plant","ascension_level":0}}