{"host":"baymyijz6sxaqj5s","time":1609056760,"event":{"mods":["AchievementEnabler","BaseMod","Colored Map","Colored Powertips","DeckTracker","KOR Keyword Fix","Keyboard Shortcuts","Minty Spire (QoL Compilation)","Quick Restart","StSLib","SuperFastMode"],"gold_per_floor":[110,124,142,158,178,178,178,178,178,178,189,201,215,231,231,330,330,346,372,372,355,355,355],"floor_reached":22,"playtime":602,"items_purged":[],"score":200,"play_id":"a0d57c50-f340-49fd-98d6-f273a6d07154","local_time":"20201227171240","is_ascension_mode":true,"campfire_choices":[{"data":"Armaments","floor":6,"key":"SMITH"},{"data":"Body Slam","floor":15,"key":"SMITH"}],"circlet_count":0,"master_deck":["Strike_R","Strike_R","Strike_R","Strike_R","Strike_R","Defend_R+1","Defend_R","Defend_R","Defend_R+1","Bash","Heavy Blade","Armaments+1","Power Through","Body Slam+1","Twin Strike","Reaper","Flame Barrier+1","Flame Barrier+1","Spot Weakness"],"relics":["Burning Blood","War Paint","Girya","Orichalcum","SlaversCollar","Anchor"],"acts_visited":["Exordium","TheCity"],"potions_floor_usage":[12,13,16,16,21],"damage_taken":[{"damage":1,"enemies":"Cultist","floor":1,"turns":4},{"damage":12,"enemies":"Jaw Worm","floor":2,"turns":3},{"damage":8,"enemies":"2 Louse","floor":3,"turns":4},{"damage":21,"enemies":"Red Slaver","floor":4,"turns":6},{"damage":5,"enemies":"Exordium Wildlife","floor":5,"turns":4},{"damage":9,"enemies":"Looter","floor":11,"turns":4},{"damage":0,"enemies":"3 Louse","floor":12,"turns":2},{"damage":11,"enemies":"Gremlin Gang","floor":13,"turns":9},{"damage":0,"enemies":"Looter","floor":14,"turns":3},{"damage":56,"enemies":"Slime Boss","floor":16,"turns":16},{"damage":84,"enemies":"3 Byrds","floor":18,"turns":11},{"damage":1,"enemies":"2 Thieves","floor":21,"turns":4},{"damage":59,"enemies":"Chosen and Byrds","floor":22,"turns":10}],"seed_played":"6364174428192855856","potions_obtained":[{"floor":1,"key":"Weak Potion"},{"floor":10,"key":"Explosive Potion"},{"floor":10,"key":"Ancient Potion"},{"floor":12,"key":"Block Potion"},{"floor":16,"key":"ElixirPotion"},{"floor":18,"key":"BloodPotion"}],"is_trial":false,"path_per_floor":["M","M","M","M","M","R","T","T","T","?","M","M","M","M","R","B",null,"M","T","?","M","M"],"character_chosen":"IRONCLAD","items_purchased":[],"campfire_rested":0,"item_purchase_floors":[],"current_hp_per_floor":[88,82,80,65,66,66,66,66,66,66,63,69,64,70,70,20,88,19,19,19,49,0,0],"gold":355,"neow_bonus":"TEN_PERCENT_HP_BONUS","is_daily":false,"chose_seed":false,"campfire_upgraded":2,"win_rate":0.0,"timestamp":1609056760,"path_taken":["M","M","M","M","?","R","?","?","T","?","M","M","?","M","R","BOSS","M","?","?","M","M"],"items_purchased_type":[],"build_version":"2020-12-22","purchased_purges":0,"victory":false,"max_hp_per_floor":[88,88,88,88,88,88,88,88,88,88,88,88,88,88,88,88,88,88,88,88,88,88,88],"card_choices":[{"not_picked":["Bloodletting","Flex"],"picked":"Heavy Blade","floor":1},{"not_picked":["Perfected Strike","Hemokinesis","Heavy Blade"],"picked":"SKIP","floor":2},{"not_picked":["Pommel Strike","Anger","True Grit"],"picked":"SKIP","floor":3},{"not_picked":["Power Through","Warcry"],"picked":"Armaments","floor":4},{"not_picked":["Infernal Blade","Evolve","Blood for Blood"],"picked":"SKIP","floor":5},{"not_picked":["Clothesline","Wild Strike","Hemokinesis"],"picked":"SKIP","floor":11},{"not_picked":["Sword Boomerang","Warcry"],"picked":"Power Through","floor":12},{"not_picked":["Anger","Heavy Blade"],"picked":"Body Slam","floor":13},{"not_picked":["Heavy Blade","Anger"],"picked":"Twin Strike","floor":14},{"not_picked":["Offering","Limit Break"],"picked":"Reaper","floor":16},{"not_picked":["Headbutt+1","Flex"],"picked":"Flame Barrier+1","floor":18},{"not_picked":["Disarm+1","Headbutt"],"picked":"Spot Weakness","floor":21}],"player_experience":256165,"relics_obtained":[{"floor":7,"key":"War Paint"},{"floor":8,"key":"Girya"},{"floor":9,"key":"Orichalcum"},{"floor":19,"key":"Anchor"}],"event_choices":[{"damage_healed":0,"gold_gain":0,"player_choice":"Got Potions","damage_taken":0,"max_hp_gain":0,"max_hp_loss":0,"event_name":"Lab","floor":10,"gold_loss":0},{"damage_healed":0,"gold_gain":0,"player_choice":"Copied","damage_taken":0,"max_hp_gain":0,"max_hp_loss":0,"event_name":"Duplicator","floor":20,"gold_loss":0,"cards_obtained":["Flame Barrier"]}],"is_beta":false,"boss_relics":[{"not_picked":["Pandora\u0027s Box","Runic Cube"],"picked":"SlaversCollar"}],"items_purged_floors":[],"is_endless":false,"potions_floor_spawned":[1,11,12,16,18],"killed_by":"Chosen and Byrds","ascension_level":2}}