{"host":"ayh4nqhr0ddw4ozv","time":1609037702,"event":{"mods":["BaseMod","Minty Spire (QoL Compilation)","Relic Stats","Robot Space Explorer","StSLib"],"gold_per_floor":[115,135,148,159,171,198,210,210,210,210,254,288,321,401,401,526,526,550,573,78,97,97,138,138,171,197,241,141,185,208,232,232,361,361,380,380,399,412,322,362,376,410,455,330,330,344,384,397,397,397,397,397,47,85,85],"floor_reached":56,"playtime":4363,"items_purged":["RobotSpaceExplorer:Strike","RobotSpaceExplorer:Defend","RobotSpaceExplorer:Defend","RobotSpaceExplorer:Strike"],"score":1870,"play_id":"739a0351-077c-4a4d-8d3d-408018b8e53b","local_time":"20201226185502","is_ascension_mode":true,"campfire_choices":[{"data":"RobotSpaceExplorer:ShovelStrike","floor":8.0,"key":"SMITH"},{"data":"RobotSpaceExplorer:FranticSearch","floor":15,"key":"SMITH"},{"data":"RobotSpaceExplorer:ChargingLaser","floor":24,"key":"SMITH"},{"data":"RobotSpaceExplorer:Jetpack","floor":32,"key":"SMITH"},{"floor":45,"key":"RECALL"},{"data":"RobotSpaceExplorer:ShockMissile","floor":49,"key":"SMITH"},{"data":"RobotSpaceExplorer:IronShell","floor":52,"key":"SMITH"}],"circlet_count":0,"master_deck":["RobotSpaceExplorer:Strike","RobotSpaceExplorer:Scan","RobotSpaceExplorer:MiniLasers","RobotSpaceExplorer:FranticSearch+1","RobotSpaceExplorer:RigExplosive","RobotSpaceExplorer:Pulsar","RobotSpaceExplorer:ShovelStrike+1","RobotSpaceExplorer:TrailblazerForm","RobotSpaceExplorer:TrailblazerForm","RobotSpaceExplorer:ScrapToss","RobotSpaceExplorer:ChargingLaser+1","RobotSpaceExplorer:JunkDive","RobotSpaceExplorer:Fix","RobotSpaceExplorer:Jetpack+1","RobotSpaceExplorer:Autoloader","RobotSpaceExplorer:FranticSearch+1","RobotSpaceExplorer:IronShell+1","RobotSpaceExplorer:LuckyStrike","RobotSpaceExplorer:Blaster","Panache","RobotSpaceExplorer:ScrapMissile+1","RobotSpaceExplorer:ShockMissile+1"],"relics":["Coffee Dripper","Turnip","Thread and Needle","Golden Idol","Potion Belt","Odd Mushroom","Eternal Feather","Unceasing Top","RobotSpaceExplorer:SearchSpecs","Medical Kit","Pen Nib","Ornamental Fan","Centennial Puzzle","Boot","Kunai","Sundial","SlaversCollar","Juzu Bracelet","Incense Burner","Bag of Preparation","Strawberry","Bag of Marbles"],"acts_visited":["Exordium","TheCity","TheBeyond","TheEnding"],"potions_floor_usage":[11,11,12,12,13,14,14,16,19,19,21,21,21,23,23,25,25,25,27,27,29,29,33,35,37,37,40,41,41,46,47,48,50,55,55,55,55,55,55],"damage_taken":[{"damage":2.0,"enemies":"Jaw Worm","floor":1.0,"turns":4.0},{"damage":0.0,"enemies":"2 Louse","floor":2.0,"turns":4.0},{"damage":2.0,"enemies":"Cultist","floor":3.0,"turns":5.0},{"damage":0.0,"enemies":"3 Louse","floor":4.0,"turns":4.0},{"damage":4.0,"enemies":"Exordium Thugs","floor":5.0,"turns":5.0},{"damage":13.0,"enemies":"Lagavulin","floor":6.0,"turns":6.0},{"damage":8.0,"enemies":"Blue Slaver","floor":7.0,"turns":5.0},{"damage":0,"enemies":"Gremlin Nob","floor":11,"turns":2},{"damage":0,"enemies":"The Mushroom Lair","floor":12,"turns":4},{"damage":1,"enemies":"3 Sentries","floor":13,"turns":8},{"damage":9,"enemies":"Gremlin Nob","floor":14,"turns":4},{"damage":2,"enemies":"The Guardian","floor":16,"turns":15},{"damage":10,"enemies":"Shell Parasite","floor":18,"turns":6},{"damage":0,"enemies":"2 Thieves","floor":19,"turns":3},{"damage":9,"enemies":"Sentry and Sphere","floor":21,"turns":6},{"damage":14,"enemies":"Slavers","floor":23,"turns":5},{"damage":1,"enemies":"Gremlin Leader","floor":25,"turns":4},{"damage":6,"enemies":"Book of Stabbing","floor":27,"turns":5},{"damage":25,"enemies":"Slavers","floor":29,"turns":8},{"damage":0,"enemies":"Shelled Parasite and Fungi","floor":30,"turns":1},{"damage":0,"enemies":"Centurion and Healer","floor":31,"turns":5},{"damage":13,"enemies":"Champ","floor":33,"turns":7},{"damage":5,"enemies":"3 Darklings","floor":35,"turns":5},{"damage":0,"enemies":"3 Shapes","floor":37,"turns":4},{"damage":0,"enemies":"3 Darklings","floor":38,"turns":5},{"damage":5,"enemies":"Reptomancer","floor":40,"turns":5},{"damage":0,"enemies":"Transient","floor":41,"turns":5},{"damage":0,"enemies":"Giant Head","floor":42,"turns":4},{"damage":20,"enemies":"Writhing Mass","floor":46,"turns":6},{"damage":0,"enemies":"Nemesis","floor":47,"turns":5},{"damage":4,"enemies":"Spire Growth","floor":48,"turns":4},{"damage":6,"enemies":"Donu and Deca","floor":50,"turns":6},{"damage":1,"enemies":"Shield and Spear","floor":54,"turns":3},{"damage":21,"enemies":"The Heart","floor":55,"turns":7}],"seed_played":"3830697244847950887","potions_obtained":[{"floor":4.0,"key":"SteroidPotion"},{"floor":5.0,"key":"Ancient Potion"},{"floor":7.0,"key":"Strength Potion"},{"floor":12,"key":"Explosive Potion"},{"floor":13,"key":"Strength Potion"},{"floor":14,"key":"LiquidMemories"},{"floor":16,"key":"Strength Potion"},{"floor":18,"key":"Block Potion"},{"floor":23,"key":"Dexterity Potion"},{"floor":25,"key":"EntropicBrew"},{"floor":29,"key":"Strength Potion"},{"floor":37,"key":"SneckoOil"},{"floor":40,"key":"FearPotion"},{"floor":42,"key":"Energy Potion"},{"floor":46,"key":"RobotSpaceExplorer:LiquidFusion"},{"floor":47,"key":"DuplicationPotion"},{"floor":54,"key":"Energy Potion"}],"is_trial":false,"path_per_floor":["M","M","M","M","M","E","M","R","T","?","E","?","E","?","R","B",null,"M","M","$","M","?","E","R","E","T","E","$","E","M","M","R","B",null,"M","?","M","M","?","E","M","E","T","$","R","M","E","M","R","B",null,"R","$","E","B",null],"character_chosen":"RobotSpaceExplorer","items_purchased":["Medical Kit","RobotSpaceExplorer:Jetpack","Pen Nib","SteroidPotion","Strawberry","Block Potion"],"campfire_rested":0,"item_purchase_floors":[20,20,20,20,53,53],"current_hp_per_floor":[66,66,64,64,60,47,39,39,39,39,39,39,38,29,38,36,61,51,51,51,42,42,32,41,44,44,42,42,21,21,25,37,28,59,58,53,53,57,57,56,60,64,64,64,69,53,53,53,65,63,68,69,76,75,56],"gold":85,"neow_bonus":"BOSS_RELIC","is_daily":false,"chose_seed":false,"campfire_upgraded":6,"win_rate":0.0,"timestamp":1609037702,"path_taken":["M","M","M","M","M","E","M","R","T","?","E","?","E","?","R","BOSS","M","M","$","M","?","E","R","E","T","E","$","E","M","M","R","BOSS","M","?","M","M","?","E","M","E","T","$","R","M","E","M","R","BOSS","R","$","E","BOSS"],"items_purchased_type":["Relic","Card","Relic","Potion","Relic","Potion"],"build_version":"2020-12-22","purchased_purges":4,"victory":true,"max_hp_per_floor":[75,75,75,75,75,75,75,75,75,69,69,69,69,69,69,69,69,69,69,69,69,69,69,69,69,69,69,69,69,69,69,69,69,69,69,69,69,69,69,69,69,69,69,69,69,69,69,69,69,69,69,69,76,76,76],"relic_stats":{"counters":[34,175],"Golden Idol":258,"Eternal Feather":48,"Pen Nib":[47],"Juzu Bracelet":0,"Bag of Preparation":[8],"Medical Kit":[25],"Boot":[488],"Centennial Puzzle":[30],"Ornamental Fan":[492],"Sundial":[14],"Turnip":[13],"Kunai":[114],"obtain_stats":[{"Potion Belt":11,"Golden Idol":10,"RobotSpaceExplorer:RoboCore":0,"Thread and Needle":9,"Eternal Feather":13,"Pen Nib":20,"Juzu Bracelet":40,"Incense Burner":42,"Bag of Preparation":47,"Odd Mushroom":12,"Medical Kit":20,"Boot":26,"SlaversCollar":34,"Centennial Puzzle":25,"Ornamental Fan":23,"Sundial":29,"Strawberry":53,"Turnip":6,"Coffee Dripper":0,"RobotSpaceExplorer:SearchSpecs":17,"Bag of Marbles":54,"Kunai":27,"Unceasing Top":14},{"Potion Belt":8,"Golden Idol":7,"RobotSpaceExplorer:RoboCore":0,"Thread and Needle":7,"Eternal Feather":10,"Pen Nib":14,"Juzu Bracelet":26,"Incense Burner":28,"Bag of Preparation":30,"Odd Mushroom":9,"Medical Kit":14,"Boot":17,"SlaversCollar":22,"Centennial Puzzle":17,"Ornamental Fan":16,"Sundial":19,"Strawberry":32,"Turnip":6,"Coffee Dripper":0,"RobotSpaceExplorer:SearchSpecs":12,"Bag of Marbles":33,"Kunai":18,"Unceasing Top":11},{"Potion Belt":35,"Golden Idol":33,"RobotSpaceExplorer:RoboCore":0,"Thread and Needle":33,"Eternal Feather":47,"Pen Nib":75,"Juzu Bracelet":135,"Incense Burner":144,"Bag of Preparation":155,"Odd Mushroom":39,"Medical Kit":75,"Boot":90,"SlaversCollar":116,"Centennial Puzzle":90,"Ornamental Fan":86,"Sundial":103,"Strawberry":165,"Turnip":28,"Coffee Dripper":0,"RobotSpaceExplorer:SearchSpecs":66,"Bag of Marbles":168,"Kunai":95,"Unceasing Top":51}],"Unceasing Top":[49]},"card_choices":[{"not_picked":["RobotSpaceExplorer:ExhaustFan","RobotSpaceExplorer:DoubleFind"],"picked":"RobotSpaceExplorer:FranticSearch","floor":1.0},{"not_picked":["RobotSpaceExplorer:Pulsar","RobotSpaceExplorer:Counterblock"],"picked":"RobotSpaceExplorer:RigExplosive","floor":2.0},{"not_picked":["RobotSpaceExplorer:SlimeMissile","RobotSpaceExplorer:SurgingShield"],"picked":"RobotSpaceExplorer:Pulsar","floor":3.0},{"not_picked":["RobotSpaceExplorer:SlimeMissile","RobotSpaceExplorer:MiniBoosters"],"picked":"RobotSpaceExplorer:ShovelStrike","floor":4.0},{"not_picked":["RobotSpaceExplorer:Pulsar","RobotSpaceExplorer:Ammunition","RobotSpaceExplorer:SurgingShield"],"picked":"SKIP","floor":5.0},{"not_picked":["RobotSpaceExplorer:MetalStrike","RobotSpaceExplorer:MiniDrones"],"picked":"RobotSpaceExplorer:Wormhole","floor":6.0},{"not_picked":["RobotSpaceExplorer:GearShield","RobotSpaceExplorer:GlueShot","RobotSpaceExplorer:SelfCleaning"],"picked":"SKIP","floor":7.0},{"not_picked":["RobotSpaceExplorer:ImprovisedAttack","RobotSpaceExplorer:ScrapMissile"],"picked":"RobotSpaceExplorer:TrailblazerForm","floor":11},{"not_picked":["RobotSpaceExplorer:Electroshield","RobotSpaceExplorer:SlimeMissile"],"picked":"RobotSpaceExplorer:TrailblazerForm","floor":13},{"not_picked":["RobotSpaceExplorer:Counterblock","RobotSpaceExplorer:SlimeMissile"],"picked":"RobotSpaceExplorer:ScrapToss","floor":14},{"not_picked":["RobotSpaceExplorer:DroneSwarm","RobotSpaceExplorer:ShockMissile"],"picked":"RobotSpaceExplorer:ChargingLaser","floor":16},{"not_picked":["RobotSpaceExplorer:GearShield","RobotSpaceExplorer:ToxicBomb"],"picked":"RobotSpaceExplorer:JunkDive","floor":18},{"not_picked":["RobotSpaceExplorer:MetalStrike","RobotSpaceExplorer:Pulsar"],"picked":"RobotSpaceExplorer:Fix","floor":19},{"not_picked":["RobotSpaceExplorer:FranticSearch","RobotSpaceExplorer:ExhaustFan+1","RobotSpaceExplorer:ScrapMissile"],"picked":"SKIP","floor":21},{"not_picked":["RobotSpaceExplorer:ScrapMissile","RobotSpaceExplorer:SurgingShield","RobotSpaceExplorer:ShovelStrike"],"picked":"SKIP","floor":23},{"not_picked":["RobotSpaceExplorer:ImprovisedAttack","RobotSpaceExplorer:PlasmaMissile"],"picked":"RobotSpaceExplorer:Autoloader","floor":25},{"not_picked":["RobotSpaceExplorer:PowerGlove","RobotSpaceExplorer:MiniDrones"],"picked":"RobotSpaceExplorer:FranticSearch","floor":27},{"not_picked":["RobotSpaceExplorer:SwiftStep","RobotSpaceExplorer:SelfCleaning","RobotSpaceExplorer:ShockKick+1"],"picked":"SKIP","floor":29},{"not_picked":["RobotSpaceExplorer:SwiftStep+1","RobotSpaceExplorer:Reload+1"],"picked":"RobotSpaceExplorer:IronShell","floor":30},{"not_picked":["RobotSpaceExplorer:Probe","RobotSpaceExplorer:SlimeMissile"],"picked":"RobotSpaceExplorer:LuckyStrike","floor":31},{"not_picked":["RobotSpaceExplorer:BlastShield","RobotSpaceExplorer:Comet"],"picked":"RobotSpaceExplorer:Blaster","floor":33},{"not_picked":["RobotSpaceExplorer:ShockKick+1","RobotSpaceExplorer:SurgingShield+1","RobotSpaceExplorer:Fix"],"picked":"SKIP","floor":35},{"not_picked":["The Bomb","Trip"],"picked":"Panache","floor":36},{"not_picked":["RobotSpaceExplorer:FranticSearch+1","RobotSpaceExplorer:ScrapToss","RobotSpaceExplorer:DoubleBlock"],"picked":"SKIP","floor":37},{"not_picked":["RobotSpaceExplorer:SurgingStrike+1","RobotSpaceExplorer:SelfCleaning+1","RobotSpaceExplorer:GlueShot"],"picked":"SKIP","floor":38},{"not_picked":["RobotSpaceExplorer:Electropulse","RobotSpaceExplorer:Counterblock","RobotSpaceExplorer:ImprovisedAttack+1"],"picked":"SKIP","floor":40},{"not_picked":["RobotSpaceExplorer:SurgingStrike+1","RobotSpaceExplorer:PowerGlove+1"],"picked":"RobotSpaceExplorer:ScrapMissile+1","floor":41},{"not_picked":["RobotSpaceExplorer:MetalStrike+1","RobotSpaceExplorer:GlueShot","RobotSpaceExplorer:Pulsar+1"],"picked":"SKIP","floor":42},{"not_picked":["RobotSpaceExplorer:ToxicBomb","RobotSpaceExplorer:SwiftStep+1","RobotSpaceExplorer:Ammunition+1"],"picked":"SKIP","floor":46},{"not_picked":["RobotSpaceExplorer:SurgingStrike","RobotSpaceExplorer:ShockKick+1"],"picked":"RobotSpaceExplorer:ShockMissile","floor":47},{"not_picked":["RobotSpaceExplorer:SurgingStrike+1","RobotSpaceExplorer:Reload+1","RobotSpaceExplorer:SurgingShield"],"picked":"SKIP","floor":48},{"not_picked":["RobotSpaceExplorer:MetalStrike+1","RobotSpaceExplorer:FrostMissile","RobotSpaceExplorer:TurboDodge"],"picked":"SKIP","floor":54}],"player_experience":239670,"relics_obtained":[{"floor":6.0,"key":"Turnip"},{"floor":9.0,"key":"Thread and Needle"},{"floor":11,"key":"Potion Belt"},{"floor":12,"key":"Odd Mushroom"},{"floor":13,"key":"Eternal Feather"},{"floor":14,"key":"Unceasing Top"},{"floor":23,"key":"Ornamental Fan"},{"floor":25,"key":"Centennial Puzzle"},{"floor":26,"key":"Boot"},{"floor":27,"key":"Kunai"},{"floor":29,"key":"Sundial"},{"floor":40,"key":"Juzu Bracelet"},{"floor":42,"key":"Incense Burner"},{"floor":47,"key":"Bag of Preparation"},{"floor":54,"key":"Bag of Marbles"}],"event_choices":[{"damage_healed":0.0,"max_hp_gain":0.0,"max_hp_loss":6.0,"gold_gain":0.0,"event_name":"Golden Idol","player_choice":"Lose Max HP","floor":10.0,"gold_loss":0.0,"damage_taken":0.0,"relics_obtained":["Golden Idol"]},{"damage_healed":0,"gold_gain":0,"player_choice":"Fought Mushrooms","damage_taken":0,"max_hp_gain":0,"max_hp_loss":0,"event_name":"Mushrooms","floor":12,"gold_loss":0},{"damage_healed":0,"gold_gain":0,"player_choice":"Searched \u00271\u0027 times","damage_taken":0,"max_hp_gain":0,"max_hp_loss":0,"event_name":"Dead Adventurer","floor":14,"gold_loss":0},{"cards_removed":["RobotSpaceExplorer:Defend"],"damage_healed":0,"gold_gain":0,"player_choice":"Offered Basic","damage_taken":0,"max_hp_gain":0,"max_hp_loss":0,"event_name":"Bonfire Elementals","floor":22,"gold_loss":0},{"damage_healed":0,"gold_gain":0,"player_choice":"Memory 2","damage_taken":5,"max_hp_gain":0,"max_hp_loss":0,"event_name":"SensoryStone","floor":36,"gold_loss":0},{"cards_removed":["RobotSpaceExplorer:Defend"],"damage_healed":0,"gold_gain":0,"player_choice":"Upgrade and Remove","damage_taken":0,"max_hp_gain":0,"max_hp_loss":0,"event_name":"Designer","floor":39,"gold_loss":90,"cards_upgraded":["RobotSpaceExplorer:FranticSearch"]}],"is_beta":false,"boss_relics":[{"not_picked":["Fusion Hammer","Busted Crown"],"picked":"RobotSpaceExplorer:SearchSpecs"},{"not_picked":["Velvet Choker","Snecko Eye"],"picked":"SlaversCollar"}],"items_purged_floors":[20,28,44,53],"is_endless":false,"potions_floor_spawned":[4,5,7,12,13,14,16,18,23,25,29,37,40,42,46,47,54],"ascension_level":8}}