{"host":"wfkvcf4y4vkrpwe0","time":1609098223,"event":{"mods":["BaseMod","Downfall","Minty Spire (QoL Compilation)","Replay The Spire","StSLib","The Construct","The Cursed","The Disciple","The Necromancer"],"gold_per_floor":[363,107,107,121,121,121,132,132,186,198,210,239,251,275,287,299,299],"floor_reached":16,"playtime":390,"items_purged":[],"score":90,"play_id":"019ec83c-eeca-4fe9-92e6-548f27d5c79d","local_time":"20201227194343","is_ascension_mode":false,"campfire_choices":[{"floor":6,"key":"REST"},{"data":"Summon_Lich","floor":8,"key":"SMITH"},{"data":"Bone_Armory","floor":11,"key":"SMITH"},{"floor":15,"key":"REST"}],"circlet_count":0,"master_deck":["Strike_W","Strike_W","Strike_W","Strike_W","Defend_W","Defend_W","Defend_W","Defend_W","Negative_Energy_Arrows","Bone_Wall","Uncharnel","Bone_Armory+1","expansioncontent:StudyTheSpire+1","Summon_Lich+1","Bone_Armory"],"relics":["Vampire_Amulet","Question Card","MawBank","PrismaticShard"],"acts_visited":["Exordium"],"potions_floor_usage":[16,16],"damage_taken":[{"damage":7,"enemies":"Jaw Worm","floor":1,"turns":5},{"damage":9,"enemies":"Cultist","floor":4,"turns":4},{"damage":10,"enemies":"2 Louse","floor":7,"turns":3},{"damage":31,"enemies":"Looter","floor":12,"turns":4},{"damage":8,"enemies":"3 Louse","floor":14,"turns":3},{"damage":68,"enemies":"Hexaghost","floor":16,"turns":9}],"seed_played":"-3278248469967328419","potions_obtained":[{"floor":4,"key":"sneckomod:MuddlingPotion"},{"floor":7,"key":"Fire Potion"}],"is_trial":false,"path_per_floor":["M","$","?","M","T","R","M","R","T","?","R","M","?","M","R","B"],"character_chosen":"NECROMANCER","items_purchased":["Bone_Armory","expansioncontent:StudyTheSpire"],"campfire_rested":2,"item_purchase_floors":[2,2],"current_hp_per_floor":[49,49,49,42,42,64,58,58,58,75,75,46,46,44,66,0,0],"gold":299,"neow_bonus":"TWO_FIFTY_GOLD","is_daily":false,"chose_seed":false,"campfire_upgraded":2,"win_rate":0.0,"timestamp":1609098223,"path_taken":["M","$","?","?","?","R","M","R","T","?","R","M","?","M","R","BOSS"],"items_purchased_type":["Card","Card"],"build_version":"2020-12-22","purchased_purges":0,"victory":false,"max_hp_per_floor":[75,75,75,75,75,75,75,75,75,75,75,75,75,75,75,75,75],"card_choices":[{"not_picked":["Blood_Whip","Deaths_Shadow"],"picked":"Uncharnel","floor":1},{"not_picked":["Siphon_Strength","Scare","Necromantic_Selection"],"picked":"SKIP","floor":4},{"not_picked":["Strike_from_Beyond","Bone_Bullets","Vampiric_Strike"],"picked":"Summon_Lich","floor":7},{"not_picked":["Bone_Shift","Negative_Energy_Shield","Bone_Bullets"],"picked":"Bone_Armory","floor":12},{"not_picked":["Slimebound:SlimeBrawl","Ball Lightning","ReplayTheSpireMod:Reroute Power","Feel No Pain"],"picked":"SKIP","floor":14}],"player_experience":549146,"relics_obtained":[{"floor":5,"key":"Question Card"},{"floor":9,"key":"MawBank"}],"event_choices":[{"damage_healed":0,"gold_gain":0,"player_choice":"Upgraded","damage_taken":0,"max_hp_gain":0,"max_hp_loss":0,"event_name":"Upgrade Shrine","floor":3,"gold_loss":0,"cards_upgraded":["expansioncontent:StudyTheSpire"]},{"damage_healed":25,"gold_gain":0,"player_choice":"Banana","damage_taken":0,"max_hp_gain":0,"max_hp_loss":0,"event_name":"Big Fish","floor":10,"gold_loss":0}],"is_beta":false,"boss_relics":[],"items_purged_floors":[],"is_endless":false,"potions_floor_spawned":[4,7],"killed_by":"Hexaghost","ascension_level":0}}