{"host":"hqvh779b89tfrjxy","time":1609031031,"event":{"mods":["Act Like it!","BaseMod","Better Third Choice","Downfall","Elementarium","Filter the Spire","GifTheSpireLib","Minty Spire (QoL Compilation)","Replay The Spire","Spicy Shops","StSLib"],"gold_per_floor":[116,132,146,161,178,178,190,223,223,239,239,251,251,101,101,202,202,218,228,115,115,132,166,166,198,198,198,214,229,249,277,277,277,277],"floor_reached":33,"playtime":1153,"items_purged":["Strike_R"],"score":503,"play_id":"6356b36a-be76-4a9e-acab-4bc70f1d44cd","local_time":"20201227020351","is_ascension_mode":true,"campfire_choices":[{"data":"Fire Breathing","floor":6,"key":"SMITH"},{"data":"Combust","floor":11,"key":"SMITH"},{"data":"Uppercut","floor":13,"key":"SMITH"},{"data":"Whirlwind","floor":15,"key":"SMITH"},{"data":"Perfected Strike","floor":24,"key":"SMITH"},{"floor":27,"key":"DIG"},{"floor":32,"key":"REST"}],"circlet_count":0,"master_deck":["Strike_R","Strike_R","Strike_R","Strike_R","Defend_R","Defend_R","Defend_R","Defend_R","Bash+1","Fire Breathing+1","Sever Soul","Perfected Strike","Combust+1","Perfected Strike+1","Uppercut+1","Whirlwind+1","Fire Breathing+1"],"relics":["Snecko Eye","Incense Burner","Counterbalance","SlaversCollar","Elementarium:HuntersSling","Bronze Scales","Prayer Wheel","Shovel","Replay:Arrowhead","Gremlin Food","Strawberry"],"acts_visited":["Exordium","Elementarium:Elementarium"],"potions_floor_usage":[8,25,30,31,33,33],"damage_taken":[{"damage":0,"enemies":"Cultist","floor":1,"turns":3},{"damage":2,"enemies":"2 Louse","floor":2,"turns":3},{"damage":0,"enemies":"Small Slimes","floor":3,"turns":3},{"damage":13,"enemies":"3 Louse","floor":4,"turns":4},{"damage":0,"enemies":"Blue Slaver","floor":5,"turns":2},{"damage":6,"enemies":"Lots of Slimes","floor":7,"turns":4},{"damage":1,"enemies":"Replay:BlueRogue","floor":8,"turns":3},{"damage":0,"enemies":"Gremlin Gang","floor":10,"turns":3},{"damage":8,"enemies":"Blue Slaver","floor":12,"turns":2},{"damage":0,"enemies":"Slime Boss","floor":16,"turns":4},{"damage":0,"enemies":"Elementarium:2_ELEMENTALS","floor":18,"turns":2},{"damage":2,"enemies":"Elementarium:MUD_AND_TAR_GOLEMS","floor":19,"turns":3},{"damage":7,"enemies":"Elementarium:RubyGolem","floor":22,"turns":2},{"damage":13,"enemies":"Elementarium:FIRE_NOBILITY","floor":23,"turns":3},{"damage":24,"enemies":"Elementarium:WarGolem","floor":25,"turns":3},{"damage":9,"enemies":"Elementarium:VoidBeast","floor":28,"turns":2},{"damage":15,"enemies":"Elementarium:Hydrostalker","floor":29,"turns":4},{"damage":2,"enemies":"Elementarium:3_ELEMENTALS","floor":30,"turns":3},{"damage":12,"enemies":"Elementarium:ElementalPortal","floor":31,"turns":4},{"damage":36,"enemies":"Elementarium:GolemEmperor","floor":33,"turns":3}],"seed_played":"2672767410134693526","potions_obtained":[{"floor":1,"key":"BlessingOfTheForge"},{"floor":4,"key":"Doom Potion"},{"floor":5,"key":"Strength Potion"},{"floor":12,"key":"Energy Potion"},{"floor":19,"key":"BloodPotion"},{"floor":29,"key":"Elixir"},{"floor":30,"key":"ColorlessPotion"},{"floor":31,"key":"hexamod:EctoCoolerPotion"}],"is_trial":false,"path_per_floor":["M","M","M","M","M","R","M","E","T","M","R","M","R","$","R","B",null,"M","M","?","?","M","E","R","E","T","R","M","M","M","E","R","B"],"character_chosen":"IRONCLAD","items_purchased":["Whirlwind"],"campfire_rested":1,"item_purchase_floors":[14],"current_hp_per_floor":[72,70,70,57,57,57,51,50,50,50,50,42,42,42,42,42,71,71,69,69,69,62,49,49,25,25,25,16,1,15,10,36,0,0],"gold":277,"neow_bonus":"BOSS_RELIC","is_daily":false,"chose_seed":false,"campfire_upgraded":5,"win_rate":0.0,"timestamp":1609031031,"path_taken":["M","M","M","M","M","R","M","E","T","M","R","?","R","$","R","BOSS","M","M","?","?","M","E","R","E","T","R","M","M","M","E","R","BOSS"],"items_purchased_type":["Card"],"build_version":"2020-12-22","purchased_purges":1,"victory":false,"max_hp_per_floor":[80,80,80,80,80,80,80,80,80,80,80,80,80,80,80,80,80,80,80,80,80,80,80,80,80,80,80,80,80,80,87,87,87,87],"card_choices":[{"not_picked":["Wild Strike","Dropkick"],"picked":"Fire Breathing","floor":1},{"not_picked":["Rupture","ReplayTheSpireMod:Strike From Hell"],"picked":"Sever Soul","floor":2},{"not_picked":["ReplayTheSpireMod:Corrosion Curse","Headbutt","Infernal Blade"],"picked":"SKIP","floor":3},{"not_picked":["ReplayTheSpireMod:Strike From Hell","Pommel Strike"],"picked":"Perfected Strike","floor":4},{"not_picked":["Sword Boomerang","Bloodletting"],"picked":"Combust","floor":5},{"not_picked":["Iron Wave","Combust"],"picked":"Perfected Strike","floor":7},{"not_picked":["Wild Strike","Bloodletting","Burning Pact"],"picked":"SKIP","floor":8},{"not_picked":["ReplayReversal","Exhume"],"picked":"Uppercut","floor":10},{"not_picked":["True Grit","Body Slam","Twin Strike"],"picked":"SKIP","floor":12},{"not_picked":["Sentinel","Whirlwind+1","Thunderclap"],"picked":"SKIP","floor":18},{"not_picked":["Replay:Undeath\u0027s Touch+1","Sever Soul","Rage"],"picked":"SKIP","floor":19},{"not_picked":["Sever Soul+1","Infernal Blade","Inflame+1"],"picked":"SKIP","floor":22},{"not_picked":["Armaments","Inflame","Pommel Strike"],"picked":"SKIP","floor":23},{"not_picked":["Cleave","Defy Death+1","Limit Break"],"picked":"SKIP","floor":25},{"not_picked":["Sword Boomerang+1","ReplayTheSpireMod:LeadingStrike+1","Spot Weakness"],"picked":"SKIP","floor":28},{"not_picked":["Uppercut","Headbutt","Feel No Pain+1"],"picked":"SKIP","floor":28},{"not_picked":["Battle Trance","Thunderclap","Run Through+1"],"picked":"SKIP","floor":29},{"not_picked":["Headbutt","Metallicize","Infernal Blade"],"picked":"SKIP","floor":29},{"not_picked":["Heavy Blade","Sword Boomerang"],"picked":"Fire Breathing+1","floor":30},{"not_picked":["Seeing Red+1","ReplayReversal+1","Shrug It Off+1"],"picked":"SKIP","floor":30},{"not_picked":["Exhume","Metallicize","Armaments"],"picked":"SKIP","floor":31}],"player_experience":184218,"relics_obtained":[{"floor":8,"key":"Incense Burner"},{"floor":9,"key":"Counterbalance"},{"floor":23,"key":"Prayer Wheel"},{"floor":25,"key":"Shovel"},{"floor":26,"key":"Replay:Arrowhead"},{"floor":27,"key":"Gremlin Food"},{"floor":31,"key":"Strawberry"}],"event_choices":[{"damage_healed":0,"gold_gain":0,"player_choice":"Sling","damage_taken":0,"relics_obtained":["Elementarium:HuntersSling"],"max_hp_gain":0,"max_hp_loss":0,"event_name":"Elementarium:BigGameHunter","floor":20,"gold_loss":113},{"damage_healed":0,"gold_gain":0,"player_choice":"Open","damage_taken":0,"relics_obtained":["Bronze Scales"],"max_hp_gain":0,"max_hp_loss":0,"event_name":"Elementarium:TarCoveredCasket","floor":21,"gold_loss":0,"cards_obtained":["Elementarium:StickyTar"]}],"is_beta":false,"boss_relics":[{"not_picked":["Painkiller Herb","Kintsugi"],"picked":"SlaversCollar"}],"items_purged_floors":[14],"is_endless":false,"potions_floor_spawned":[1,4,5,7,12,19,22,29,30,31],"killed_by":"Elementarium:GolemEmperor","ascension_level":7}}