{"host":"tknto047uabgu3zm","time":1609092499,"event":{"mods":["AchievementEnabler","BaseMod","Bestiary","Block Reminder","Colored Map","Colored Powertips","Highlight Path","Minty Spire (QoL Compilation)","MonsterHotkey","Permanent Neow","Random Character Button","Rare Cards Sparkle","Relic Sorter","Relic Stats","StSLib"],"gold_per_floor":[118,130,130,130,144,144,294,325,352,366,379,394,394,394],"floor_reached":13,"playtime":488,"items_purged":[],"score":142,"play_id":"35d5ae4c-98e2-463c-b48e-86c492168327","local_time":"20201227100819","is_ascension_mode":true,"campfire_choices":[{"data":"Eruption","floor":6,"key":"SMITH"}],"circlet_count":0,"master_deck":["AscendersBane","Strike_P","Strike_P","Strike_P","Strike_P","Defend_P","Defend_P","Defend_P","Defend_P","Eruption+1","Vigilance","FearNoEvil","Halt","Doubt","TalkToTheHand","Indignation","Crescendo","Evaluate"],"relics":["VioletLotus","Singing Bowl","Golden Idol","Odd Mushroom","Strawberry"],"acts_visited":["Exordium"],"potions_floor_usage":[8,8],"damage_taken":[{"damage":1,"enemies":"Small Slimes","floor":1,"turns":4},{"damage":0,"enemies":"Jaw Worm","floor":2,"turns":3},{"damage":0,"enemies":"2 Louse","floor":5,"turns":3},{"damage":20,"enemies":"The Mushroom Lair","floor":8,"turns":5},{"damage":1,"enemies":"2 Fungi Beasts","floor":10,"turns":4},{"damage":21,"enemies":"Exordium Wildlife","floor":11,"turns":4},{"damage":0,"enemies":"Large Slime","floor":12,"turns":4},{"damage":27,"enemies":"Gremlin Nob","floor":13,"turns":2}],"seed_played":"-3851668247502161262","potions_obtained":[{"floor":1,"key":"StancePotion"},{"floor":2,"key":"Explosive Potion"},{"floor":11,"key":"Fire Potion"}],"is_trial":false,"path_per_floor":["M","M","?","?","M","R","?","?","T","M","M","M","E"],"character_chosen":"WATCHER","items_purchased":[],"campfire_rested":0,"item_purchase_floors":[],"current_hp_per_floor":[60,60,42,42,44,44,44,24,31,30,9,9,0,0],"gold":394,"neow_bonus":"BOSS_RELIC","is_daily":false,"chose_seed":false,"campfire_upgraded":1,"win_rate":0.0,"timestamp":1609092499,"path_taken":["M","M","?","?","M","R","?","?","T","M","?","M","E"],"items_purchased_type":[],"build_version":"2020-12-22","purchased_purges":0,"victory":false,"max_hp_per_floor":[68,68,68,62,64,64,64,64,71,71,71,71,71,71],"relic_stats":{"Singing Bowl":2,"counters":[8,29],"Golden Idol":18,"VioletLotus":[6],"obtain_stats":[{"Singing Bowl":3,"Golden Idol":4,"Strawberry":9,"VioletLotus":0,"PureWater":0,"Odd Mushroom":8},{"Singing Bowl":2,"Golden Idol":2,"Strawberry":4,"VioletLotus":0,"PureWater":0,"Odd Mushroom":4},{"Singing Bowl":7,"Golden Idol":7,"Strawberry":15,"VioletLotus":0,"PureWater":0,"Odd Mushroom":15}]},"card_choices":[{"not_picked":["FlurryOfBlows","SignatureMove"],"picked":"FearNoEvil","floor":1},{"not_picked":["WreathOfFlame","Pray"],"picked":"Halt","floor":2},{"not_picked":["Prostrate","Fasting2","BowlingBash"],"picked":"Singing Bowl","floor":5},{"not_picked":["Study","JustLucky"],"picked":"TalkToTheHand","floor":8},{"not_picked":["FollowUp","CrushJoints"],"picked":"Indignation","floor":10},{"not_picked":["Swivel","PathToVictory"],"picked":"Crescendo","floor":11},{"not_picked":["Weave","Fasting2"],"picked":"Evaluate","floor":12}],"player_experience":484965,"relics_obtained":[{"floor":8,"key":"Odd Mushroom"},{"floor":9,"key":"Strawberry"}],"event_choices":[{"damage_healed":0,"gold_gain":0,"player_choice":"Success","damage_taken":18,"relics_obtained":["Singing Bowl"],"max_hp_gain":0,"max_hp_loss":0,"event_name":"Scrap Ooze","floor":3,"gold_loss":0},{"damage_healed":0,"gold_gain":0,"player_choice":"Lose Max HP","damage_taken":0,"relics_obtained":["Golden Idol"],"max_hp_gain":0,"max_hp_loss":6,"event_name":"Golden Idol","floor":4,"gold_loss":0},{"damage_healed":0,"gold_gain":150,"player_choice":"AGREE","damage_taken":0,"max_hp_gain":0,"max_hp_loss":0,"event_name":"Liars Game","floor":7,"gold_loss":0,"cards_obtained":["Doubt"]},{"damage_healed":0,"gold_gain":0,"player_choice":"Fought Mushrooms","damage_taken":0,"max_hp_gain":0,"max_hp_loss":0,"event_name":"Mushrooms","floor":8,"gold_loss":0}],"is_beta":false,"boss_relics":[],"items_purged_floors":[],"is_endless":false,"potions_floor_spawned":[1,2,11],"killed_by":"Gremlin Nob","ascension_level":17}}