{"host":"hgkb2zpbo2dcws21","time":1609062781,"event":{"mods":["AchievementEnabler","BaseMod","Colored Map","Colored Powertips","Custom Start","DeckTracker","KOR Keyword Fix","Minty Spire (QoL Compilation)","Relic Stats","StSLib","SuperFastMode"],"gold_per_floor":[115,190,217,234,70,100,100,100,100,117,128,128,128,27,27,103,103,123,134,134,34,34,34,34],"floor_reached":23,"playtime":388,"items_purged":["Strike_R","Strike_R"],"score":424,"play_id":"bec3dfa0-8b29-4563-8dbd-bd0c7ad28cfd","local_time":"20201227185301","is_ascension_mode":true,"campfire_choices":[{"data":"Evolve","floor":8,"key":"SMITH"},{"data":"Disarm","floor":15,"key":"SMITH"}],"circlet_count":0,"master_deck":["AscendersBane","Strike_R","Defend_R","Defend_R","Defend_R","Defend_R","Bash","Disarm+1","Wild Strike","Evolve+1","Pommel Strike","Rampage","Shrug It Off","Juggernaut","Power Through","Bloodletting","Reckless Charge"],"relics":["Burning Blood","NeowsBlessing","Juzu Bracelet","TheAbacus","Lantern","Meat on the Bone","Runic Cube"],"acts_visited":["Exordium","TheCity"],"potions_floor_usage":[],"damage_taken":[{"damage":0,"enemies":"Small Slimes","floor":1,"turns":1},{"damage":0,"enemies":"Jaw Worm","floor":4,"turns":1},{"damage":0,"enemies":"Lagavulin","floor":6,"turns":1},{"damage":1,"enemies":"Cultist","floor":10,"turns":3},{"damage":20,"enemies":"2 Fungi Beasts","floor":11,"turns":3},{"damage":41,"enemies":"The Guardian","floor":16,"turns":12},{"damage":21,"enemies":"Spheric Guardian","floor":18,"turns":5},{"damage":8,"enemies":"Shell Parasite","floor":19,"turns":7},{"damage":51,"enemies":"Book of Stabbing","floor":23,"turns":6}],"seed_played":"-2601187564626122192","potions_obtained":[{"floor":4,"key":"Fire Potion"},{"floor":6,"key":"Ancient Potion"}],"is_trial":false,"path_per_floor":["M","?","T","M","$","E","?","R","T","M","M","?","?","$","R","B",null,"M","M","?","$","?","E"],"character_chosen":"IRONCLAD","items_purchased":["TheAbacus","Shrug It Off"],"campfire_rested":0,"item_purchase_floors":[5,14],"current_hp_per_floor":[74,63,63,69,69,75,75,75,75,75,61,61,61,61,61,38,66,51,49,49,49,49,0,0],"gold":34,"neow_bonus":"THREE_ENEMY_KILL","is_daily":false,"chose_seed":false,"campfire_upgraded":2,"win_rate":0.0,"timestamp":1609062781,"path_taken":["M","?","?","M","$","E","?","R","T","M","M","?","?","?","R","BOSS","M","M","?","$","?","E"],"items_purchased_type":["Relic","Card"],"build_version":"2020-12-22","purchased_purges":2,"victory":false,"max_hp_per_floor":[75,75,75,75,75,75,75,75,75,75,75,75,75,75,75,75,75,75,75,75,75,75,75,75],"relic_stats":{"TheAbacus":[126],"counters":[9,39],"Juzu Bracelet":2,"obtain_stats":[{"Lantern":6,"TheAbacus":5,"NeowsBlessing":0,"Juzu Bracelet":3,"Burning Blood":0,"Meat on the Bone":9,"Runic Cube":17},{"Lantern":3,"TheAbacus":2,"NeowsBlessing":0,"Juzu Bracelet":1,"Burning Blood":0,"Meat on the Bone":3,"Runic Cube":6},{"Lantern":3,"TheAbacus":2,"NeowsBlessing":0,"Juzu Bracelet":1,"Burning Blood":0,"Meat on the Bone":3,"Runic Cube":21}],"Burning Blood":43,"Meat on the Bone":12,"Runic Cube":[15]},"card_choices":[{"not_picked":["True Grit","Flame Barrier"],"picked":"Disarm","floor":1},{"not_picked":["Combust","Heavy Blade"],"picked":"Wild Strike","floor":4},{"not_picked":["Dark Embrace","Headbutt"],"picked":"Evolve","floor":6},{"not_picked":["Thunderclap","Cleave"],"picked":"Pommel Strike","floor":10},{"not_picked":["Dual Wield","Shockwave"],"picked":"Rampage","floor":11},{"not_picked":["Immolate","Berserk"],"picked":"Juggernaut","floor":16},{"not_picked":["Shrug It Off","Cleave+1"],"picked":"Power Through","floor":18},{"not_picked":["Clothesline","Armaments"],"picked":"Bloodletting","floor":19}],"player_experience":1111127,"relics_obtained":[{"floor":3,"key":"Juzu Bracelet"},{"floor":6,"key":"Lantern"},{"floor":9,"key":"Meat on the Bone"}],"event_choices":[{"damage_healed":0,"gold_gain":75,"player_choice":"Gather Gold","damage_taken":11,"max_hp_gain":0,"max_hp_loss":0,"event_name":"World of Goop","floor":2,"gold_loss":0},{"cards_removed":["Strike_R"],"damage_healed":0,"gold_gain":0,"player_choice":"Forget","damage_taken":0,"max_hp_gain":0,"max_hp_loss":0,"event_name":"Living Wall","floor":7,"gold_loss":0},{"damage_healed":0,"gold_gain":0,"player_choice":"Got Potions","damage_taken":0,"max_hp_gain":0,"max_hp_loss":0,"event_name":"Lab","floor":12,"gold_loss":0},{"cards_removed":["Strike_R"],"damage_healed":0,"gold_gain":0,"player_choice":"Purged","damage_taken":0,"max_hp_gain":0,"max_hp_loss":0,"event_name":"Purifier","floor":13,"gold_loss":0},{"damage_healed":0,"gold_gain":0,"player_choice":"Ignored","damage_taken":0,"max_hp_gain":0,"max_hp_loss":0,"event_name":"Vampires","floor":20,"gold_loss":0},{"damage_healed":0,"gold_gain":0,"player_choice":"Read","damage_taken":0,"max_hp_gain":0,"max_hp_loss":0,"event_name":"The Library","floor":22,"gold_loss":0,"cards_obtained":["Reckless Charge"]}],"is_beta":false,"boss_relics":[{"not_picked":["Calling Bell","Sozu"],"picked":"Runic Cube"}],"items_purged_floors":[14,21],"is_endless":false,"potions_floor_spawned":[4,6,11],"killed_by":"Book of Stabbing","ascension_level":20}}