{"host":"eqvoimh73njwfgdh","time":1609110514,"event":{"mods":["AchievementEnabler","BaseMod","Better Altar","Better Match","Better Note","Better Sensory Stone","Better Skull","Better Third Choice","BetterRewards","Colored Powertips","Conspire","Energized Spire","Hubris","Minty Spire (QoL Compilation)","Permanent Neow","Rare Cards Sparkle","Relic Stats","Replay The Spire","Spicy Shops","StSLib","The Animator","The Blue Laboratory","vexMod"],"gold_per_floor":[117,133,153,351,351,351,381,381],"floor_reached":7,"playtime":548,"items_purged":[],"score":56,"play_id":"07cd6b7a-090d-4a98-bed2-d6eec3ec5166","local_time":"20201228000834","is_ascension_mode":true,"campfire_choices":[{"floor":6,"key":"REST"}],"circlet_count":0,"master_deck":["animator:Strike_MadokaMagica","animator:Defend_MadokaMagica","animator:Strike","animator:Strike","animator:Strike","animator:Defend","animator:Defend","animator:Defend","animator:IrohaTamaki+1","animator:YuiTsuruno","animator:TsurugaMeisai","animator:LizardPriest","animator:Mikaela","animator:LizardPriest","hubris:Compulsion"],"relics":["animator:LivingPicture","animator:TheMissingPiece","PrismaticShard","Centennial Puzzle"],"acts_visited":["Exordium"],"potions_floor_usage":[7],"damage_taken":[{"damage":1,"enemies":"Cultist","floor":1,"turns":5},{"damage":7,"enemies":"2 Louse","floor":2,"turns":3},{"damage":1,"enemies":"Jaw Worm","floor":3,"turns":4},{"damage":19,"enemies":"Lagavulin","floor":7,"turns":10}],"seed_played":"157399040791414206","potions_obtained":[{"floor":1,"key":"Fire Potion"},{"floor":7,"key":"DistilledChaos"}],"is_trial":false,"path_per_floor":["M","M","M","?","?","R","E"],"character_chosen":"THE_ANIMATOR","items_purchased":[],"campfire_rested":1,"item_purchase_floors":[],"current_hp_per_floor":[65,58,57,31,31,50,31,31],"gold":381,"neow_bonus":"UPGRADE_CARD","is_daily":false,"chose_seed":false,"campfire_upgraded":0,"win_rate":0.0,"timestamp":1609110514,"path_taken":["M","?","M","?","?","R","E"],"items_purchased_type":[],"build_version":"2020-12-22","purchased_purges":0,"victory":false,"max_hp_per_floor":[66,66,66,66,66,66,66,66],"relic_stats":{"Centennial Puzzle":[0],"counters":[4,22],"obtain_stats":[{"Centennial Puzzle":7,"animator:TheMissingPiece":0,"animator:LivingPicture":0,"PrismaticShard":5},{"Centennial Puzzle":4,"animator:TheMissingPiece":0,"animator:LivingPicture":0,"PrismaticShard":3},{"Centennial Puzzle":22,"animator:TheMissingPiece":0,"animator:LivingPicture":0,"PrismaticShard":12}]},"card_choices":[{"not_picked":["animator:RoyMustang","animator:ElricEdward"],"picked":"animator:TsurugaMeisai","floor":1},{"not_picked":["animator:ElricEdward","animator:ChaikaBohdan"],"picked":"animator:LizardPriest","floor":2},{"not_picked":["animator:RoyMustang","animator:Azekura"],"picked":"animator:Mikaela","floor":3},{"not_picked":["animator:Guy","animator:ChaikaBohdan"],"picked":"animator:LizardPriest","floor":4}],"player_experience":114103,"relics_obtained":[{"floor":7,"key":"Centennial Puzzle"}],"event_choices":[],"is_beta":false,"boss_relics":[],"items_purged_floors":[],"is_endless":false,"potions_floor_spawned":[1,7],"killed_by":"Lagavulin","ascension_level":2}}