{"host":"3c27c697js19kaoo","time":1609051533,"event":{"mods":["ATMod(阿瑾Mod)","Aspiration","BaseMod","CapriCore","Dota2Spire","Hermit","Minty Spire (QoL Compilation)","Quick Restart","Remilia（蕾米莉亚）","Replay The Spire","Robot Space Explorer","RumiaBox-露米娅的神秘盒子","Spicy Shops","StSLib","The Alterego","The Cursed","The Runesmith","The Servant 0.9.4","vexMod","【功能Mod】混沌之环修复补丁","【遗物卡牌】REMEMod"],"gold_per_floor":[114,134,147,147,147,147,164,198,221,253,253,269,269,298,298,306,306],"floor_reached":16,"playtime":451,"items_purged":[],"score":112,"play_id":"4fd20b32-9ec4-430c-88e4-97c84c3814e4","local_time":"20201227144533","is_ascension_mode":false,"campfire_choices":[{"data":"AT_KneejerkReflex","floor":6,"key":"SMITH"},{"floor":13,"key":"REST"},{"floor":15,"key":"REST"}],"circlet_count":0,"master_deck":["Strike_B","Strike_B","Strike_B","Strike_B","Defend_B","Defend_B","Defend_B","Defend_B","Zap","Dualcast","AT_KneejerkReflex+1","AT_RealColorLess+1","AT_RobotInSpace","AT_DarkMatter","FTL","REME_ForAll"],"relics":["Cracked Core","REME_ComplimentaryCards","AT_ATBox","NeowsBlessing","Ancient Tea Set","Bag of Preparation","AT_BellDemon","Dota2Spire:BlackKingBar","aspiration:HummingbirdHeart","GodSword3","Replay:Bandana","The Courier"],"acts_visited":["Exordium"],"potions_floor_usage":[7,16,16],"damage_taken":[{"damage":0,"enemies":"Cultist","floor":1,"turns":1},{"damage":0,"enemies":"Jaw Worm","floor":2,"turns":1},{"damage":0,"enemies":"2 Louse","floor":3,"turns":1},{"damage":4,"enemies":"Red Slaver","floor":7,"turns":4},{"damage":21,"enemies":"Lagavulin","floor":8,"turns":6},{"damage":32,"enemies":"Gremlin Nob","floor":10,"turns":3},{"damage":7,"enemies":"3 Louse","floor":12,"turns":3},{"damage":5,"enemies":"Looter","floor":14,"turns":3},{"damage":57,"enemies":"Slime Boss","floor":16,"turns":3}],"seed_played":"392353111702255404","potions_obtained":[{"floor":1,"key":"EssenceOfSteel"},{"floor":2,"key":"GamblersBrew"},{"floor":7,"key":"Elixir"},{"floor":12,"key":"Energy Potion"}],"is_trial":false,"path_per_floor":["M","M","M","T","?","R","M","E","T","E","?","M","R","M","R","B"],"character_chosen":"DEFECT","items_purchased":[],"campfire_rested":2,"item_purchase_floors":[],"current_hp_per_floor":[75,75,75,75,75,75,71,51,51,19,19,12,34,29,51,0,0],"gold":306,"neow_bonus":"THREE_ENEMY_KILL","is_daily":false,"chose_seed":false,"campfire_upgraded":1,"win_rate":0.0,"timestamp":1609051533,"path_taken":["M","M","M","?","?","R","M","E","T","E","?","M","R","M","R","BOSS"],"items_purchased_type":[],"build_version":"2020-12-22","purchased_purges":0,"victory":false,"max_hp_per_floor":[75,75,75,75,75,75,75,75,75,75,75,75,75,75,75,75,75],"card_choices":[{"not_picked":["Barrage","Chill"],"picked":"AT_RobotInSpace","floor":1},{"not_picked":["Stack","Undo","Recycle"],"picked":"SKIP","floor":2},{"not_picked":["Coolheaded","Sweeping Beam"],"picked":"AT_DarkMatter","floor":3},{"not_picked":["Rebound","Leap","AT_HeatAcrobatics"],"picked":"SKIP","floor":7},{"not_picked":["Compile Driver","Barrage"],"picked":"FTL","floor":8},{"not_picked":["Crystallizer","Streamline"],"picked":"REME_ForAll","floor":10},{"not_picked":["Genetic Algorithm","Steam","FIFO Queue"],"picked":"SKIP","floor":12},{"not_picked":["ReplayTheSpireMod:System Scan","Chaos","Leap"],"picked":"SKIP","floor":14}],"player_experience":187381,"relics_obtained":[{"floor":4,"key":"Ancient Tea Set"},{"floor":8,"key":"Bag of Preparation"},{"floor":9,"key":"AT_BellDemon"},{"floor":10,"key":"Dota2Spire:BlackKingBar"},{"floor":10,"key":"aspiration:HummingbirdHeart"},{"floor":12,"key":"Replay:Bandana"},{"floor":14,"key":"The Courier"}],"event_choices":[{"damage_healed":0,"gold_gain":0,"player_choice":"Grow","damage_taken":0,"max_hp_gain":0,"max_hp_loss":0,"event_name":"Living Wall","floor":5,"gold_loss":0,"cards_upgraded":["AT_RealColorLess"]},{"damage_healed":0,"gold_gain":0,"player_choice":"Gave Potion","damage_taken":0,"relics_obtained":["GodSword3"],"max_hp_gain":0,"max_hp_loss":0,"event_name":"WeMeetAgain","floor":11,"gold_loss":0}],"is_beta":false,"boss_relics":[],"items_purged_floors":[],"is_endless":false,"potions_floor_spawned":[1,2,7,12,14],"killed_by":"Slime Boss","ascension_level":0}}