{"host":"BK","time":1609036254,"event":{"mods":["BaseMod","Highlight Path","Minty Spire (QoL Compilation)","StSLib"],"gold_per_floor":[113,128,146,146,48,48,123,156,182,182,182],"floor_reached":10,"playtime":465,"items_purged":[],"score":132,"play_id":"3b3be102-b6e9-4cc8-839e-de14b09a8a72","local_time":"20201226193054","is_ascension_mode":true,"campfire_choices":[{"data":"Neutralize","floor":6.0,"key":"SMITH"}],"circlet_count":0,"master_deck":["AscendersBane","Strike_G","Strike_G","Strike_G","Strike_G","Strike_G","Defend_G","Defend_G","Defend_G","Defend_G","Defend_G","Survivor","Neutralize+1","Bane","Dagger Throw","Flash of Steel","Cloak And Dagger"],"relics":["WristBlade","Happy Flower","Omamori"],"acts_visited":["Exordium"],"potions_floor_usage":[8,10],"damage_taken":[{"damage":4.0,"enemies":"Cultist","floor":1.0,"turns":5.0},{"damage":1.0,"enemies":"Small Slimes","floor":2.0,"turns":4.0},{"damage":8.0,"enemies":"2 Louse","floor":3.0,"turns":3.0},{"damage":23,"enemies":"3 Sentries","floor":8,"turns":13},{"damage":20,"enemies":"Lagavulin","floor":10,"turns":6}],"seed_played":"-5307493489855698628","potions_obtained":[{"floor":2.0,"key":"Dexterity Potion"},{"floor":3.0,"key":"Dexterity Potion"}],"is_trial":false,"path_per_floor":["M","M","M","?","$","R","?","E","T","E"],"character_chosen":"THE_SILENT","items_purchased":["Flash of Steel"],"campfire_rested":0,"item_purchase_floors":[5],"current_hp_per_floor":[55,54,46,51,51,51,40,17,17,0,0],"gold":182,"neow_bonus":"BOSS_RELIC","is_daily":false,"chose_seed":false,"campfire_upgraded":1,"win_rate":0.0,"timestamp":1609036254,"path_taken":["M","?","M","?","$","R","?","E","T","E"],"items_purchased_type":["Card"],"build_version":"2020-12-18","purchased_purges":0,"victory":false,"max_hp_per_floor":[66,66,66,71,71,71,71,71,71,71,71],"card_choices":[{"not_picked":["Distraction","Expertise"],"picked":"Bane","floor":1.0},{"not_picked":["Calculated Gamble","Cloak And Dagger"],"picked":"Dagger Throw","floor":2.0},{"not_picked":["Deflect","Blur","Acrobatics"],"picked":"SKIP","floor":3.0},{"not_picked":["Sucker Punch","Choke"],"picked":"Cloak And Dagger","floor":8}],"player_experience":2445196,"relics_obtained":[{"floor":8,"key":"Happy Flower"},{"floor":9,"key":"Omamori"}],"event_choices":[{"damage_healed":0.0,"max_hp_gain":5.0,"max_hp_loss":0.0,"gold_gain":0.0,"event_name":"Big Fish","player_choice":"Donut","floor":4.0,"gold_loss":0.0,"damage_taken":0.0},{"damage_healed":0.0,"max_hp_gain":0.0,"max_hp_loss":0.0,"gold_gain":75.0,"event_name":"World of Goop","player_choice":"Gather Gold","floor":7.0,"gold_loss":0.0,"damage_taken":11.0}],"is_beta":true,"boss_relics":[],"items_purged_floors":[],"is_endless":false,"potions_floor_spawned":[2,3],"killed_by":"Lagavulin","ascension_level":20}}