{"host":"sum4dy402bbv9y4o","time":1609090367,"event":{"mods":["Aspiration","BaseMod","Conspire","Highlight Path","Minty Spire (QoL Compilation)","StSLib"],"gold_per_floor":[117,117,133,22,36,36,83,83,164,164,10,21,38,71,71,145,145,162,191,191,1,13,13,45,45,45,70,83,100,375,390,390,462,462,474,53,70,95,95,95,95],"floor_reached":40,"playtime":1517,"items_purged":["Strike_B","Regret"],"score":898,"play_id":"b200203e-94c1-4e59-8898-b6e1085cc216","local_time":"20201227203247","is_ascension_mode":true,"campfire_choices":[{"data":"Dualcast","floor":6,"key":"SMITH"},{"data":"Zap","floor":8,"key":"SMITH"},{"data":"aspiration:Polymerization","floor":10,"key":"SMITH"},{"data":"Go for the Eyes","floor":15,"key":"SMITH"},{"data":"Chill","floor":23,"key":"SMITH"},{"data":"Go for the Eyes","floor":25,"key":"SMITH"},{"floor":32,"key":"REST"}],"circlet_count":0,"master_deck":["AscendersBane","Strike_B","Strike_B+1","Defend_B","Defend_B+1","Defend_B","Zap+1","Dualcast+1","Dark Shackles","Rebound","aspiration:Polymerization+1","Ball Lightning","Cold Snap","Steam","Gash","Go for the Eyes+1","Chill+1","Go for the Eyes+1","Defragment+1","Core Surge","Barrage","Streamline+1","RitualDagger","Ball Lightning","Beam Cell","Gash","Genetic Algorithm","Barrage","Redo","Electrodynamics+1","Conserve Battery+1"],"relics":["Cracked Core","Orichalcum","Frozen Egg 2","aspiration:HummingbirdHeart","conspire:SpecialSausage","Red Mask","Tiny Chest","Shuriken","aspiration:StickyExplosives","Empty Cage","aspiration:MysteriousAuxiliaryCore","WingedGreaves","Singing Bowl"],"acts_visited":["TheCity","TheBeyond"],"potions_floor_usage":[19,24,33,33,38,40],"damage_taken":[{"damage":0,"enemies":"conspire:RoseBush","floor":1,"turns":3},{"damage":12,"enemies":"Jaw Worm","floor":3,"turns":2},{"damage":1,"enemies":"2 Louse","floor":5,"turns":2},{"damage":3,"enemies":"Looter","floor":12,"turns":3},{"damage":0,"enemies":"Red Slaver","floor":13,"turns":3},{"damage":6,"enemies":"Lagavulin","floor":14,"turns":7},{"damage":7,"enemies":"The Guardian","floor":16,"turns":8},{"damage":0,"enemies":"Shell Parasite","floor":18,"turns":5},{"damage":0,"enemies":"Masked Bandits","floor":19,"turns":3},{"damage":2,"enemies":"2 Thieves","floor":22,"turns":3},{"damage":5,"enemies":"conspire:SneckoGhost","floor":24,"turns":8},{"damage":0,"enemies":"conspire:Head Lice","floor":27,"turns":8},{"damage":0,"enemies":"Centurion and Healer","floor":28,"turns":5},{"damage":6,"enemies":"Snake Plant","floor":29,"turns":4},{"damage":0,"enemies":"Snecko","floor":31,"turns":3},{"damage":42,"enemies":"conspire:MysteriousRune","floor":33,"turns":11},{"damage":8,"enemies":"Orb Walker","floor":35,"turns":4},{"damage":2,"enemies":"3 Shapes","floor":37,"turns":4},{"damage":0,"enemies":"Mind Bloom Boss Battle","floor":38,"turns":5},{"damage":63,"enemies":"Giant Head","floor":40,"turns":6}],"seed_played":"-1579081699071630076","potions_obtained":[{"floor":13,"key":"SkillPotion"},{"floor":16,"key":"DuplicationPotion"},{"floor":22,"key":"conspire:TimeTravelPotion"},{"floor":28,"key":"Ancient Potion"},{"floor":33,"key":"Weak Potion"},{"floor":35,"key":"LiquidMemories"}],"is_trial":false,"path_per_floor":["M","?","M","$","M","R","T","R","T","R","$","M","M","E","R","B",null,"M","?","?","$","M","R","E","R","T","E","M","M","?","M","R","B",null,"M","$","M","?","T","E"],"character_chosen":"DEFECT","items_purchased":["Ball Lightning","Cold Snap","Gash","Go for the Eyes","Block Potion","Ball Lightning","Beam Cell","aspiration:MysteriousAuxiliaryCore"],"campfire_rested":1,"item_purchase_floors":[4,4,11,11,11,21,21,36],"current_hp_per_floor":[64,43,31,31,30,30,30,30,30,30,30,27,27,21,21,14,57,57,57,51,51,49,49,44,44,44,44,44,38,38,38,59,28,60,52,52,50,50,50,0,0],"gold":95,"neow_bonus":"RANDOM_COLORLESS","is_daily":false,"chose_seed":false,"campfire_upgraded":6,"win_rate":0.0,"timestamp":1609090367,"path_taken":["M","?","M","$","M","R","?","R","T","R","$","M","M","E","R","BOSS","M","?","?","$","M","R","E","R","T","E","M","M","?","?","R","BOSS","M","$","M","?","?","E"],"items_purchased_type":["Card","Card","Card","Card","Potion","Card","Card","Relic"],"build_version":"2020-12-22","purchased_purges":2,"victory":false,"max_hp_per_floor":[71,71,71,71,71,71,71,71,71,71,71,71,71,71,71,71,71,71,71,71,71,71,71,71,71,71,71,71,71,71,71,71,71,71,71,71,71,71,71,71,71],"card_choices":[{"not_picked":["Mind Blast","Flash of Steel"],"picked":"Dark Shackles","floor":0},{"not_picked":["Redo","Steam"],"picked":"Rebound","floor":1},{"not_picked":["Storm","Hologram"],"picked":"aspiration:Polymerization","floor":3},{"not_picked":["Coolheaded","Hello World"],"picked":"Steam","floor":5},{"not_picked":["Chaos","Redo"],"picked":"Chill","floor":12},{"not_picked":["Fusion","Leap"],"picked":"Go for the Eyes","floor":13},{"not_picked":["Force Field","White Noise"],"picked":"Defragment+1","floor":14},{"not_picked":["All For One","Meteor Strike"],"picked":"Core Surge","floor":16},{"not_picked":["FTL","Undo"],"picked":"Barrage","floor":18},{"not_picked":["Rip and Tear","Stack"],"picked":"Streamline+1","floor":19},{"not_picked":["Compile Driver","Coolheaded"],"picked":"Gash","floor":22},{"not_picked":["Steam","Biased Cognition+1","Double Energy"],"picked":"SKIP","floor":24},{"not_picked":["Gash","Multi-Cast"],"picked":"Genetic Algorithm","floor":27},{"not_picked":["Stack","Blizzard"],"picked":"Barrage","floor":28},{"not_picked":["Streamline","Multi-Cast"],"picked":"Redo","floor":29},{"not_picked":["Ball Lightning","Go for the Eyes","Beam Cell"],"picked":"SKIP","floor":31},{"not_picked":["Thunder Strike","Fission"],"picked":"Electrodynamics+1","floor":33},{"not_picked":["Consume","Rebound"],"picked":"Conserve Battery+1","floor":35},{"not_picked":["Storm+1","Go for the Eyes","Steam"],"picked":"SKIP","floor":37}],"player_experience":2845533,"relics_obtained":[{"floor":7,"key":"Orichalcum"},{"floor":9,"key":"Frozen Egg 2"},{"floor":14,"key":"aspiration:HummingbirdHeart"},{"floor":19,"key":"Red Mask"},{"floor":24,"key":"Tiny Chest"},{"floor":26,"key":"Shuriken"},{"floor":27,"key":"aspiration:StickyExplosives"},{"floor":38,"key":"WingedGreaves"},{"floor":39,"key":"Singing Bowl"}],"event_choices":[{"damage_healed":0,"gold_gain":0,"player_choice":"Entered Light","damage_taken":21,"max_hp_gain":0,"max_hp_loss":0,"event_name":"Shining Light","floor":2,"gold_loss":0,"cards_upgraded":["Defend_B","Strike_B"]},{"damage_healed":0,"gold_gain":0,"player_choice":"Fought Bandits","damage_taken":0,"max_hp_gain":0,"max_hp_loss":0,"event_name":"Masked Bandits","floor":19,"gold_loss":0},{"damage_healed":0,"gold_gain":0,"player_choice":"Joined the Cult","damage_taken":6,"max_hp_gain":0,"max_hp_loss":0,"event_name":"Nest","floor":20,"gold_loss":0,"cards_obtained":["RitualDagger"]},{"damage_healed":0,"gold_gain":275,"player_choice":"Desecrate","damage_taken":0,"max_hp_gain":0,"max_hp_loss":0,"event_name":"Golden Shrine","floor":30,"gold_loss":0,"cards_obtained":["Regret"]},{"damage_healed":0,"gold_gain":0,"player_choice":"Fight","damage_taken":0,"max_hp_gain":0,"max_hp_loss":0,"event_name":"MindBloom","floor":38,"gold_loss":0}],"is_beta":false,"boss_relics":[{"not_picked":["aspiration:PoetsPen","aspiration:RunicSpoon"],"picked":"conspire:SpecialSausage"},{"not_picked":["Cursed Key","Snecko Eye"],"picked":"Empty Cage"}],"items_purged_floors":[21,36],"is_endless":false,"potions_floor_spawned":[13,16,18,22,28,29,33,35],"killed_by":"Giant Head","ascension_level":20}}