{"host":"c70kelp781yiwf61","time":1609060846,"event":{"mods":["BaseMod","Minty Spire (QoL Compilation)","Reimu£®≤©¿ˆ¡È√Œ£©","Waifu the Spire"],"gold_per_floor":[119,9999,8915,8931,8948,8948,8973,8973,8973,8973,8989,9008,9026,8490,8490,8585,8585,8598,8613,8628,8054,8073,8102,8102,7559,7559,7243,7168,7184,6510,6527,6527,6629,6629,6629],"floor_reached":34,"playtime":1384,"items_purged":["Strike_Lin:ReiMu","Strike_Lin:ReiMu","Strike_Lin:ReiMu","PayForSelf:ReiMu","Defend_Lin:ReiMu"],"score":464,"play_id":"9241c884-5668-49d0-82c1-a999441d0461","local_time":"20201227172046","is_ascension_mode":true,"campfire_choices":[{"data":"Mayhem","floor":6,"key":"SMITH"},{"data":"UniversalSpiritual:ReiMu","floor":8,"key":"SMITH"},{"data":"LovePray:ReiMu","floor":10,"key":"SMITH"},{"data":"Discovery","floor":15,"key":"SMITH"},{"floor":24,"key":"REST"},{"floor":32,"key":"REST"}],"circlet_count":0,"master_deck":["Defend_Lin:ReiMu","Defend_Lin:ReiMu","NB:ReiMu","Stagnation:ReiMu","LovePray:ReiMu+1","ManaGlint:ReiMu","PassingAway:ReiMu","Mayhem+1","UniversalSpiritual:ReiMu+1","Conquer:ReiMu","Dreaming2:ReiMu","KamiSacrifice:ReiMu+1","Conquer:ReiMu","SubcavityInstant:ReiMu","RainPray2:ReiMu","Discovery+1","YinYangSange:ReiMu","Shading:ReiMu+1","Amulet:ReiMu","SpreadBorder2:ReiMu","HakureiPhantom:ReiMu","Secret Technique","Gathering:ReiMu","Dreaming2:ReiMu","Leap+1","Perseverance+1","FineLineFantasy:ReiMu","Amulet:ReiMu","SealNeedle:ReiMu","The Bomb","AlertArray:ReiMu","Secret Technique","RainPray2:ReiMu","Sadistic Nature","Bandage Up","Master of Strategy","Free:ReiMu","SpringWay:ReiMu","MikOfLucky:ReiMu","Crescendo","SubcavityFantasy:ReiMu"],"relics":["FlyPower:ReiMu","Akabeko","Medical Kit","Letter Opener","FossilizedHelix","Membership Card","Tiny Chest","PureWhite:ReiMu","Sozu","PrismaticShard","Centennial Puzzle","Shovel","CrazyTorch:ReiMu","War Paint","HandDrill","BodyOfKamiR:ReiMu","Question Card","Bag of Marbles","Orichalcum","TentaclePot:ReiMu","Happy Flower","Incense Burner","Strange Spoon"],"acts_visited":["Exordium","TheCity"],"potions_floor_usage":[7,16,19,23],"damage_taken":[{"damage":0,"enemies":"2 Louse","floor":1,"turns":3},{"damage":0,"enemies":"Cultist","floor":4,"turns":4},{"damage":0,"enemies":"Small Slimes","floor":5,"turns":2},{"damage":0,"enemies":"3 Sentries","floor":7,"turns":2},{"damage":14,"enemies":"Exordium Wildlife","floor":11,"turns":4},{"damage":0,"enemies":"3 Louse","floor":12,"turns":1},{"damage":0,"enemies":"Red Slaver","floor":13,"turns":1},{"damage":17,"enemies":"The Guardian","floor":16,"turns":6},{"damage":0,"enemies":"Chosen","floor":18,"turns":3},{"damage":0,"enemies":"3 Byrds","floor":19,"turns":2},{"damage":28,"enemies":"Shelled Parasite and Fungi","floor":20,"turns":6},{"damage":23,"enemies":"Snake Plant","floor":22,"turns":3},{"damage":22,"enemies":"Slavers","floor":23,"turns":3},{"damage":0,"enemies":"Centurion and Healer","floor":29,"turns":2},{"damage":0,"enemies":"Shelled Parasite and Fungi","floor":31,"turns":1},{"damage":29,"enemies":"Collector","floor":33,"turns":7}],"seed_played":"1595339565675215014","potions_obtained":[{"floor":1,"key":"AttackPotion"},{"floor":11,"key":"GamblersBrew"},{"floor":16,"key":"Fruit Juice"}],"is_trial":false,"path_per_floor":["M","?","$","M","M","R","E","R","T","R","M","M","M","$","R","B",null,"M","M","M","$","M","E","R","$","T","$","?","M","$","M","R","B",null],"character_chosen":"REIMU","items_purchased":["Akabeko","Medical Kit","Letter Opener","AttackPotion","LiquidFlight:ReiMu","ManaGlint:ReiMu","PassingAway:ReiMu","Mayhem","UniversalSpiritual:ReiMu","Membership Card","Tiny Chest","PureWhite:ReiMu","Discovery","YinYangSange:ReiMu","PayForSelf:ReiMu","PrismaticShard","Centennial Puzzle","Shovel","HakureiPhantom:ReiMu","Secret Technique","Gathering:ReiMu","Dreaming2:ReiMu","War Paint","FineLineFantasy:ReiMu","HandDrill","BodyOfKamiR:ReiMu","Amulet:ReiMu","SealNeedle:ReiMu","The Bomb","AlertArray:ReiMu","Bag of Marbles","Orichalcum","TentaclePot:ReiMu","Secret Technique","RainPray2:ReiMu","Happy Flower","Incense Burner","Strange Spoon","Bandage Up","Master of Strategy","Free:ReiMu","SpringWay:ReiMu","MikOfLucky:ReiMu"],"campfire_rested":2,"item_purchase_floors":[3,3,3,3,3,3,3,3,3,14,14,14,14,14,14,21,21,21,21,21,21,21,25,25,25,25,25,25,25,25,27,27,27,27,27,30,30,30,30,30,30,30,30],"current_hp_per_floor":[71,71,71,71,71,71,71,71,71,71,57,57,57,57,57,45,76,76,76,48,48,25,3,25,25,25,25,25,25,25,25,47,26,26,26],"gold":6629,"neow_bonus":"TEN_PERCENT_HP_BONUS","is_daily":false,"chose_seed":false,"campfire_upgraded":4,"win_rate":0.0,"timestamp":1609060846,"path_taken":["M","?","$","?","M","R","E","R","T","R","M","M","M","$","R","BOSS","M","M","?","$","M","E","R","?","T","$","?","M","$","M","R","BOSS"],"items_purchased_type":["Relic","Relic","Relic","Potion","Potion","Card","Card","Card","Card","Relic","Relic","Relic","Card","Card","Card","Relic","Relic","Relic","Card","Card","Card","Card","Relic","Card","Relic","Relic","Card","Card","Card","Card","Relic","Relic","Relic","Card","Card","Relic","Relic","Relic","Card","Card","Card","Card","Card"],"build_version":"2020-12-22","purchased_purges":5,"victory":false,"max_hp_per_floor":[71,71,71,71,71,71,71,71,71,71,71,71,71,71,71,76,76,76,76,76,76,76,76,76,76,76,76,76,76,76,76,76,76,76,76],"card_choices":[{"not_picked":["SpiritualOutbreak2:ReiMu","Intuition:ReiMu"],"picked":"LovePray:ReiMu","floor":1},{"not_picked":["FoulBorder2:ReiMu","OrbThrow:ReiMu"],"picked":"Conquer:ReiMu","floor":4},{"not_picked":["LearningPray:ReiMu","Enchanting:ReiMu"],"picked":"Dreaming2:ReiMu","floor":5},{"not_picked":["FoulBorder2:ReiMu","RunawayExorcism:ReiMu"],"picked":"KamiSacrifice:ReiMu","floor":7},{"not_picked":["Meditation:ReiMu","SubAcupoint:ReiMu"],"picked":"Conquer:ReiMu","floor":11},{"not_picked":["ForcedLanding:ReiMu","SafetyPray:ReiMu"],"picked":"SubcavityInstant:ReiMu","floor":12},{"not_picked":["ForcedLanding:ReiMu","TakeOff:ReiMu"],"picked":"RainPray2:ReiMu","floor":13},{"not_picked":["HakureiPhantom:ReiMu","Free:ReiMu"],"picked":"Shading:ReiMu","floor":16},{"not_picked":["TakeOff:ReiMu","RainPray2:ReiMu"],"picked":"Amulet:ReiMu","floor":18},{"not_picked":["SpringWay:ReiMu","Enchanting:ReiMu"],"picked":"SpreadBorder2:ReiMu","floor":19},{"not_picked":["OrbThrow:ReiMu","Amulet:ReiMu","Meditation:ReiMu+1"],"picked":"SKIP","floor":20},{"not_picked":["Headbutt","Rage"],"picked":"Leap+1","floor":22},{"not_picked":["AirStrike:ReiMu","Conserve Battery+1"],"picked":"Perseverance+1","floor":23},{"not_picked":["Rebound","TakeOff:ReiMu","KamiSacrifice:ReiMu"],"picked":"Sadistic Nature","floor":29},{"not_picked":["Genetic Algorithm","Escape Plan","Reinforced Body"],"picked":"Crescendo","floor":31},{"not_picked":["Biased Cognition","Panache","Echo Form"],"picked":"SubcavityFantasy:ReiMu","floor":33}],"player_experience":154980,"relics_obtained":[{"floor":7,"key":"FossilizedHelix"},{"floor":23,"key":"CrazyTorch:ReiMu"},{"floor":26,"key":"Question Card"}],"event_choices":[{"cards_removed":["Strike_Lin:ReiMu"],"damage_healed":0,"gold_gain":0,"player_choice":"Purged","damage_taken":0,"max_hp_gain":0,"max_hp_loss":0,"event_name":"Purifier","floor":2,"gold_loss":0},{"cards_removed":["Defend_Lin:ReiMu"],"damage_healed":0,"gold_gain":0,"player_choice":"Gave Gold","damage_taken":0,"max_hp_gain":0,"max_hp_loss":0,"event_name":"Beggar","floor":28,"gold_loss":75}],"is_beta":false,"boss_relics":[{"not_picked":["Runic Pyramid","ShineYinYang:ReiMu"],"picked":"Sozu"}],"items_purged_floors":[3,14,21,25,30],"is_endless":false,"potions_floor_spawned":[1,11,13,16,18,20,29,31,33],"ascension_level":2}}