{"host":"ovxa65d68iy9l57e","time":1609071092,"event":{"mods":["AchievementEnabler","BaseMod","Better Altar","Better Skull","Better Vampires","Colored Map","Curses Come First","Minty Spire (QoL Compilation)","Relic Stats","StSLib"],"gold_per_floor":[112,132,151,2,17,47,47,76,76,76,91,126,145,110,110,207,207,225,225,96,96,115,115,134,162,162,162,189,189,10,22,22,121,121,132,151,151,26,38,38,69,69,69,85,99,99,114,37,37,37],"floor_reached":51,"playtime":5066,"items_purged":["Strike_P","Strike_P","Strike_P"],"score":938,"play_id":"63133533-753e-495b-84f7-40895773ec74","local_time":"20201227131132","is_ascension_mode":true,"campfire_choices":[{"data":"Study","floor":7,"key":"SMITH"},{"data":"Eruption","floor":15,"key":"SMITH"},{"data":"Tantrum","floor":23,"key":"SMITH"},{"data":"MentalFortress","floor":29,"key":"SMITH"},{"data":"BowlingBash","floor":32,"key":"SMITH"},{"data":"ClearTheMind","floor":40,"key":"SMITH"},{"data":"Scrawl","floor":42,"key":"SMITH"},{"data":"TalkToTheHand","floor":46,"key":"SMITH"},{"data":"WaveOfTheHand","floor":49,"key":"SMITH"}],"circlet_count":0,"master_deck":["Strike_P","Defend_P","Defend_P","Defend_P","Defend_P","Eruption+1","Vigilance","Sanctity","BowlingBash+1","Study+1","Tantrum+1","MentalFortress+1","WaveOfTheHand+1","FollowUp","InnerPeace","EmptyBody","BattleHymn","Scrawl+1","CrushJoints","Crescendo+1","FlurryOfBlows","ClearTheMind+1","Brilliance","EmptyFist","Ragnarok+1","WheelKick+1","TalkToTheHand+1","Meditate+1"],"relics":["HolyWater","NeowsBlessing","Dead Branch","Meat on the Bone","Shuriken","Matryoshka","Philosopher\u0027s Stone","MutagenicStrength","Boot","Eternal Feather","Question Card","Bag of Preparation","Toy Ornithopter","Potion Belt","HornCleat"],"acts_visited":["Exordium","TheCity","TheBeyond"],"potions_floor_usage":[6,8,28,28,31,36,41,44,47,50],"damage_taken":[{"damage":0,"enemies":"Jaw Worm","floor":1,"turns":1},{"damage":0,"enemies":"2 Louse","floor":2,"turns":1},{"damage":0,"enemies":"Small Slimes","floor":3,"turns":1},{"damage":10,"enemies":"Looter","floor":5,"turns":4},{"damage":20,"enemies":"Gremlin Nob","floor":6,"turns":3},{"damage":22,"enemies":"Lagavulin","floor":8,"turns":5},{"damage":17,"enemies":"Red Slaver","floor":11,"turns":4},{"damage":13,"enemies":"Gremlin Nob","floor":12,"turns":3},{"damage":1,"enemies":"Gremlin Gang","floor":13,"turns":4},{"damage":0,"enemies":"Slime Boss","floor":16,"turns":5},{"damage":24,"enemies":"2 Thieves","floor":18,"turns":3},{"damage":0,"enemies":"Chosen","floor":22,"turns":4},{"damage":0,"enemies":"3 Cultists","floor":24,"turns":3},{"damage":9,"enemies":"Slavers","floor":25,"turns":3},{"damage":0,"enemies":"Gremlin Leader","floor":28,"turns":4},{"damage":0,"enemies":"Sentry and Sphere","floor":31,"turns":3},{"damage":27,"enemies":"Automaton","floor":33,"turns":5},{"damage":1,"enemies":"Orb Walker","floor":35,"turns":3},{"damage":20,"enemies":"3 Shapes","floor":36,"turns":5},{"damage":5,"enemies":"3 Darklings","floor":39,"turns":3},{"damage":71,"enemies":"Nemesis","floor":41,"turns":6},{"damage":20,"enemies":"4 Shapes","floor":44,"turns":4},{"damage":7,"enemies":"Spire Growth","floor":45,"turns":3},{"damage":5,"enemies":"Writhing Mass","floor":47,"turns":5},{"damage":28,"enemies":"Donu and Deca","floor":50,"turns":9}],"seed_played":"-805192273013983373","potions_obtained":[{"floor":1,"key":"BlessingOfTheForge"},{"floor":6,"key":"PowerPotion"},{"floor":12,"key":"GamblersBrew"},{"floor":13,"key":"FairyPotion"},{"floor":16,"key":"BlessingOfTheForge"},{"floor":22,"key":"BottledMiracle"},{"floor":28,"key":"EntropicBrew"},{"floor":31,"key":"SmokeBomb"},{"floor":36,"key":"StancePotion"},{"floor":41,"key":"ColorlessPotion"},{"floor":45,"key":"Regen Potion"}],"is_trial":false,"path_per_floor":["M","M","M","$","M","E","R","E","T","?","M","E","M","?","R","B",null,"M","?","$","?","M","R","M","E","T","?","E","R","$","M","R","B",null,"M","M","?","$","M","R","E","R","T","M","M","R","M","$","R","B",null],"character_chosen":"WATCHER","items_purchased":["Tantrum","MentalFortress","CrushJoints","Brilliance","DistilledChaos"],"campfire_rested":0,"item_purchase_floors":[4,4,20,30,48],"current_hp_per_floor":[72,72,72,72,62,42,42,20,20,20,15,14,25,43,43,43,72,48,48,48,48,48,48,48,39,39,39,39,51,51,51,66,39,72,71,51,51,51,46,61,33,48,48,45,38,53,67,67,72,44],"gold":37,"neow_bonus":"THREE_ENEMY_KILL","is_daily":false,"chose_seed":false,"campfire_upgraded":9,"win_rate":0.0,"timestamp":1609071092,"path_taken":["M","M","M","$","M","E","R","E","T","?","M","E","M","?","R","BOSS","M","?","$","?","M","R","M","E","T","?","E","R","$","M","R","BOSS","M","M","?","$","M","R","E","R","T","M","M","R","M","$","R","BOSS"],"items_purchased_type":["Card","Card","Card","Card","Potion"],"build_version":"2020-12-22","purchased_purges":3,"victory":true,"max_hp_per_floor":[72,72,72,72,72,72,72,72,72,72,72,72,72,72,72,72,72,72,72,72,72,72,72,72,72,72,72,72,72,72,72,72,72,72,72,72,72,72,72,72,72,72,72,72,72,72,72,72,72,72],"relic_stats":{"counters":[25,94],"Shuriken":[39],"Dead Branch":[126],"Eternal Feather":77,"Bag of Preparation":[20],"Boot":[63],"Question Card":10,"obtain_stats":[{"Potion Belt":43,"NeowsBlessing":0,"Dead Branch":6,"Eternal Feather":26,"Bag of Preparation":28,"Boot":25,"Question Card":26,"Matryoshka":12,"HornCleat":43,"Shuriken":9,"MutagenicStrength":19,"HolyWater":34,"Philosopher\u0027s Stone":17,"PureWater":0,"Toy Ornithopter":41,"Meat on the Bone":8},{"Potion Belt":21,"NeowsBlessing":0,"Dead Branch":5,"Eternal Feather":14,"Bag of Preparation":15,"Boot":14,"Question Card":14,"Matryoshka":8,"HornCleat":21,"Shuriken":6,"MutagenicStrength":11,"HolyWater":17,"Philosopher\u0027s Stone":10,"PureWater":0,"Toy Ornithopter":21,"Meat on the Bone":6},{"Potion Belt":73,"NeowsBlessing":0,"Dead Branch":10,"Eternal Feather":44,"Bag of Preparation":48,"Boot":44,"Question Card":44,"Matryoshka":22,"HornCleat":73,"Shuriken":15,"MutagenicStrength":34,"HolyWater":56,"Philosopher\u0027s Stone":31,"PureWater":0,"Toy Ornithopter":73,"Meat on the Bone":15}],"Toy Ornithopter":10,"Meat on the Bone":60},"card_choices":[{"not_picked":["EmptyMind","CarveReality"],"picked":"Sanctity","floor":1},{"not_picked":["BattleHymn","Sanctity"],"picked":"BowlingBash","floor":2},{"not_picked":["Consecrate","PathToVictory"],"picked":"Study","floor":3},{"not_picked":["Tantrum","Crescendo"],"picked":"WaveOfTheHand","floor":5},{"not_picked":["Nirvana","EmptyMind"],"picked":"FollowUp","floor":6},{"not_picked":["Vengeance","Study","SignatureMove"],"picked":"SKIP","floor":8},{"not_picked":["Adaptation","Meditate"],"picked":"InnerPeace","floor":11},{"not_picked":["Worship","EmptyMind"],"picked":"EmptyBody","floor":12},{"not_picked":["Conclude","Sanctity"],"picked":"BattleHymn","floor":13},{"not_picked":["Omniscience","Devotion"],"picked":"Scrawl","floor":16},{"not_picked":["WreathOfFlame","LikeWater","EmptyMind"],"picked":"SKIP","floor":18},{"not_picked":["Evaluate","FollowUp+1"],"picked":"Crescendo+1","floor":22},{"not_picked":["CrushJoints","Crescendo"],"picked":"FlurryOfBlows","floor":24},{"not_picked":["CarveReality","InnerPeace","BattleHymn"],"picked":"SKIP","floor":25},{"not_picked":["BowlingBash","Perseverance","LikeWater"],"picked":"ClearTheMind","floor":28},{"not_picked":["JustLucky","Adaptation+1","Swivel"],"picked":"EmptyFist","floor":31},{"not_picked":["Omniscience","SpiritShield","MasterReality"],"picked":"Ragnarok","floor":33},{"not_picked":["ThirdEye","Prostrate","JustLucky+1","CutThroughFate"],"picked":"SKIP","floor":35},{"not_picked":["FearNoEvil","Nirvana+1","BowlingBash","SashWhip"],"picked":"SKIP","floor":36},{"not_picked":["EmptyFist+1","EmptyBody","FollowUp","EmptyMind+1"],"picked":"SKIP","floor":39},{"not_picked":["SashWhip","Crescendo+1","FearNoEvil+1"],"picked":"WheelKick+1","floor":41},{"not_picked":["SashWhip+1","Wish","EmptyBody"],"picked":"TalkToTheHand","floor":44},{"not_picked":["ThirdEye","SashWhip","CrushJoints+1"],"picked":"Meditate+1","floor":45},{"not_picked":["Worship+1","ClearTheMind+1","WheelKick","Conclude+1"],"picked":"SKIP","floor":47}],"player_experience":242898,"relics_obtained":[{"floor":6,"key":"Dead Branch"},{"floor":8,"key":"Meat on the Bone"},{"floor":9,"key":"Shuriken"},{"floor":12,"key":"Matryoshka"},{"floor":25,"key":"Boot"},{"floor":26,"key":"Eternal Feather"},{"floor":26,"key":"Question Card"},{"floor":28,"key":"Bag of Preparation"},{"floor":41,"key":"Toy Ornithopter"},{"floor":43,"key":"Potion Belt"},{"floor":43,"key":"HornCleat"}],"event_choices":[{"damage_healed":0,"gold_gain":0,"player_choice":"Fled","damage_taken":0,"max_hp_gain":0,"max_hp_loss":0,"event_name":"Scrap Ooze","floor":10,"gold_loss":0},{"damage_healed":18,"gold_gain":0,"player_choice":"Healed","damage_taken":0,"max_hp_gain":0,"max_hp_loss":0,"event_name":"The Cleric","floor":14,"gold_loss":35},{"damage_healed":0,"gold_gain":0,"player_choice":"Inject Mutagens","damage_taken":0,"relics_obtained":["MutagenicStrength"],"max_hp_gain":0,"max_hp_loss":0,"event_name":"Drug Dealer","floor":19,"gold_loss":0},{"damage_healed":0,"gold_gain":0,"player_choice":"Ignored","damage_taken":0,"max_hp_gain":0,"max_hp_loss":0,"event_name":"Ghosts","floor":21,"gold_loss":0},{"damage_healed":0,"gold_gain":0,"player_choice":"Bought 0 Potions","damage_taken":0,"max_hp_gain":0,"max_hp_loss":0,"event_name":"The Woman in Blue","floor":27,"gold_loss":0},{"damage_healed":0,"gold_gain":0,"player_choice":"Upgraded","damage_taken":0,"max_hp_gain":0,"max_hp_loss":0,"event_name":"Upgrade Shrine","floor":37,"gold_loss":0,"cards_upgraded":["Ragnarok"]}],"is_beta":false,"boss_relics":[{"not_picked":["Pandora\u0027s Box","Empty Cage"],"picked":"Philosopher\u0027s Stone"},{"not_picked":["Tiny House","Velvet Choker"],"picked":"HolyWater"}],"items_purged_floors":[20,30,38],"is_endless":false,"potions_floor_spawned":[1,6,12,13,16,22,28,31,36,41,45],"ascension_level":2}}