{"host":"6qo42zgaknezulyg","time":1609041751,"event":{"mods":["2.2 Compatiblity","BaseMod","Colored Map","Downfall","Highlight Path","Keyboard Shortcuts","Minty Spire (QoL Compilation)","Permanent Neow","Quick Restart","StSLib","SuperFastMode"],"gold_per_floor":[99,110,110,125,137,169,169,169,79,110,122,150,300,332,351,451,451,451,462,547,547,547,561,638,638,373,399,399,417,417,443,454,558,558,558,568,434,447,459,472,522,316,344,269,279,279,296,100,118,118],"floor_reached":51,"playtime":2366,"items_purged":["champ:Strike","Slimebound:Tackle+1","Slimebound:Tackle+1","champ:Defend","champ:Defend"],"score":1156,"play_id":"8a3cb22f-56e5-4ced-a9ba-3c36a4c529ff","local_time":"20201227130231","is_ascension_mode":true,"campfire_choices":[{"data":"expansioncontent:QuickStudy","floor":1.0,"key":"SMITH"},{"data":"champ:Aggression","floor":8.0,"key":"SMITH"},{"data":"champ:Taunt","floor":18.0,"key":"SMITH"},{"floor":25.0,"key":"REST"},{"data":"champ:RecklessLeap","floor":28.0,"key":"SMITH"},{"data":"champ:FaceSlap","floor":30.0,"key":"SMITH"},{"floor":35.0,"key":"RECALL"},{"floor":44.0,"key":"REST"},{"floor":46,"key":"REST"}],"circlet_count":0,"master_deck":["champ:Defend","champ:Defend","champ:Execute","champ:Taunt+1","expansioncontent:QuickStudy+1","champ:FaceSlap+1","champ:Aggression+1","champ:RecklessLeap+1","champ:Backstep","champ:Aggression+1","Slimebound:Tackle+1","champ:AdrenalArmor+1","champ:Haymaker+1","champ:Balance"],"relics":["champ:ChampionCrown","Turnip","Gremlin Horn","StrikeDummy","Bag of Marbles","TungstenRod","SlaversCollar","Eternal Feather","Oddly Smooth Stone","Mercury Hourglass","Potion Belt","Fusion Hammer","CaptainsWheel","Smiling Mask","Vajra","Pen Nib","downfall:HeartBlessingRed","Lantern"],"acts_visited":["Exordium","TheCity","TheBeyond"],"potions_floor_usage":[50,50,50,50,50,50,50],"damage_taken":[{"damage":5.0,"enemies":"Cultist","floor":2.0,"turns":3.0},{"damage":5.0,"enemies":"Small Slimes","floor":4.0,"turns":4.0},{"damage":2.0,"enemies":"Jaw Worm","floor":5.0,"turns":3.0},{"damage":14.0,"enemies":"Lagavulin","floor":6.0,"turns":4.0},{"damage":13.0,"enemies":"downfall:FleeingMerchant","floor":9.0,"turns":4.0},{"damage":18.0,"enemies":"3 Sentries","floor":10.0,"turns":8.0},{"damage":5.0,"enemies":"Exordium Wildlife","floor":11.0,"turns":2.0},{"damage":14.0,"enemies":"Lagavulin","floor":12.0,"turns":5.0},{"damage":14.0,"enemies":"3 Sentries","floor":14.0,"turns":5.0},{"damage":18.0,"enemies":"2 Fungi Beasts","floor":15.0,"turns":2.0},{"damage":29.0,"enemies":"downfall:Watcher","floor":16.0,"turns":8.0},{"damage":4.0,"enemies":"Spheric Guardian","floor":19.0,"turns":3.0},{"damage":31.0,"enemies":"Snecko","floor":23.0,"turns":6.0},{"damage":31.0,"enemies":"downfall:FleeingMerchant","floor":26.0,"turns":4.0},{"damage":27.0,"enemies":"Book of Stabbing","floor":27.0,"turns":3.0},{"damage":2.0,"enemies":"Sentry and Sphere","floor":29.0,"turns":2.0},{"damage":29.0,"enemies":"Slavers","floor":31.0,"turns":3.0},{"damage":21.0,"enemies":"Shelled Parasite and Fungi","floor":32.0,"turns":1.0},{"damage":29.0,"enemies":"downfall:Defect","floor":33.0,"turns":6.0},{"damage":25.0,"enemies":"3 Shapes","floor":36.0,"turns":3.0},{"damage":0.0,"enemies":"downfall:FleeingMerchant","floor":37.0,"turns":1.0},{"damage":21.0,"enemies":"Orb Walker","floor":38.0,"turns":2.0},{"damage":28.0,"enemies":"Writhing Mass","floor":39.0,"turns":5.0},{"damage":24.0,"enemies":"3 Darklings","floor":40.0,"turns":4.0},{"damage":30.0,"enemies":"Nemesis","floor":43.0,"turns":5.0},{"damage":21,"enemies":"Jaw Worm Horde","floor":45,"turns":2},{"damage":46,"enemies":"Maw","floor":47,"turns":5},{"damage":32,"enemies":"Transient","floor":49,"turns":5},{"damage":34,"enemies":"downfall:Ironclad","floor":50,"turns":4}],"seed_played":"-2302889011368106962","potions_obtained":[{"floor":3.0,"key":"FearPotion"},{"floor":3.0,"key":"EntropicBrew"},{"floor":3.0,"key":"FearPotion"},{"floor":4.0,"key":"Regen Potion"},{"floor":11.0,"key":"champ:OpenerPotion"},{"floor":19.0,"key":"Block Potion"},{"floor":27.0,"key":"SkillPotion"},{"floor":32.0,"key":"FairyPotion"},{"floor":33.0,"key":"Fire Potion"},{"floor":36.0,"key":"Strength Potion"},{"floor":39.0,"key":"Dexterity Potion"}],"is_trial":false,"path_per_floor":["R","M","?","M","M","E","T","R","$","E","M","E","?","E","M","B",null,"R","M","?","?","?","M","T","R","$","E","R","M","R","E","M","B",null,"R","M","$","M","M","M","T","$","E","R","M","R","M","$","M","B",null],"character_chosen":"THE_CHAMP","items_purchased":["Oddly Smooth Stone","CaptainsWheel","Strength Potion","Vajra","Lantern"],"campfire_rested":3,"item_purchase_floors":[26,37,37,42,48],"current_hp_per_floor":[57,57,57,57,55,52,52,52,47,50,50,48,48,43,45,50,80,80,81,64,64,57,46,46,82,84,90,90,90,90,90,89,90,90,90,90,90,90,86,87,87,87,90,90,89,90,79,79,89,90],"gold":118,"neow_bonus":"RANDOM_COLORLESS_2","is_daily":false,"chose_seed":false,"campfire_upgraded":5,"win_rate":0.0,"timestamp":1609041751,"path_taken":["R","M","?","M","?","E","T","R","?","E","M","E","?","E","M","BOSS","R","M","?","?","?","M","T","R","$","E","R","M","R","E","M","BOSS","R","M","$","?","M","M","T","$","E","R","M","R","M","$","M","BOSS"],"items_purchased_type":["Relic","Relic","Potion","Relic","Relic"],"build_version":"2020-12-22","purchased_purges":5,"victory":true,"max_hp_per_floor":[90,90,90,90,90,90,90,90,90,90,90,90,90,90,90,90,90,90,90,90,90,90,90,90,90,90,90,90,90,90,90,90,90,90,90,90,90,90,90,90,90,90,90,90,90,90,90,90,90,90],"card_choices":[{"not_picked":["Sadistic Nature","Secret Weapon"],"picked":"expansioncontent:QuickStudy","floor":0.0},{"not_picked":["champ:FanOfKnives","champ:DefensiveShout","champ:IronFortress"],"picked":"SKIP","floor":2.0},{"not_picked":["champ:Haymaker","champ:GutPunch"],"picked":"champ:FaceSlap","floor":4.0},{"not_picked":["champ:RageSigil","champ:BringItOn"],"picked":"champ:Aggression","floor":5.0},{"not_picked":["champ:Haymaker","champ:SteelEdge","champ:Backstep"],"picked":"SKIP","floor":6.0},{"not_picked":["champ:GutPunch","champ:Shatter","champ:EnragedBash"],"picked":"SKIP","floor":9.0},{"not_picked":["champ:ViciousMockery","champ:Backstep","champ:BladeFlurry"],"picked":"SKIP","floor":10.0},{"not_picked":["champ:Haymaker","champ:Backstep"],"picked":"champ:RecklessLeap","floor":11.0},{"not_picked":["champ:DefensiveStyle","champ:SwordSigil","champ:StanceDance"],"picked":"SKIP","floor":12.0},{"not_picked":["champ:CrookedStrike","champ:GutPunch"],"picked":"champ:Backstep","floor":14.0},{"not_picked":["champ:GladiatorsShout","champ:Lariat","champ:GutPunch"],"picked":"SKIP","floor":15.0},{"not_picked":["champ:PerfectedStrike","champ:AdrenalArmor"],"picked":"champ:Aggression","floor":19.0},{"not_picked":["champ:CalledShot","champ:FocusedBerserking"],"picked":"champ:AdrenalArmor+1","floor":23.0},{"not_picked":["champ:EnragedBash","champ:GladiatorsShout","champ:Backstep"],"picked":"SKIP","floor":26.0},{"not_picked":["champ:RisingSlash","champ:Backstep","champ:ShieldSigil"],"picked":"SKIP","floor":27.0},{"not_picked":["champ:ShieldSigil","champ:BerserkersShout","champ:CrownThrow"],"picked":"SKIP","floor":29.0},{"not_picked":["champ:ShieldWall","champ:FlashCut","champ:StanceDance"],"picked":"SKIP","floor":31.0},{"not_picked":["champ:Backstep","champ:FlashCut","champ:Haymaker"],"picked":"SKIP","floor":32.0},{"not_picked":["champ:CalledShot","champ:SkillfulDodge","champ:ShieldSigil"],"picked":"SKIP","floor":36.0},{"not_picked":["champ:Haymaker","champ:FightOn","champ:EndlessRage+1"],"picked":"SKIP","floor":37.0},{"not_picked":["champ:PerfectedStrike","champ:ShieldSigil"],"picked":"champ:Haymaker+1","floor":38.0},{"not_picked":["champ:Riposte+1","champ:RisingSlash","champ:GutPunch"],"picked":"SKIP","floor":39.0},{"not_picked":["champ:FocusedDefense+1","champ:FocusedGladiator+1","champ:Backstep"],"picked":"SKIP","floor":40.0},{"not_picked":["champ:Lariat+1","champ:FlashCut"],"picked":"champ:Balance","floor":43.0},{"not_picked":["champ:Encircle","champ:PerfectedStrike+1","champ:StanceDance"],"picked":"SKIP","floor":45},{"not_picked":["champ:FalseCounter","champ:FaceSlap","champ:BladeFlurry+1"],"picked":"SKIP","floor":47},{"not_picked":["champ:PerfectedStrike","champ:FlashCut+1","champ:DefensiveShout"],"picked":"SKIP","floor":49}],"player_experience":1058915,"relics_obtained":[{"floor":6.0,"key":"Turnip"},{"floor":7.0,"key":"Gremlin Horn"},{"floor":10.0,"key":"StrikeDummy"},{"floor":12.0,"key":"Bag of Marbles"},{"floor":14.0,"key":"TungstenRod"},{"floor":24.0,"key":"Eternal Feather"},{"floor":27.0,"key":"Mercury Hourglass"},{"floor":31.0,"key":"Potion Belt"},{"floor":41.0,"key":"Smiling Mask"},{"floor":43.0,"key":"Pen Nib"}],"event_choices":[{"damage_healed":0.0,"max_hp_gain":0.0,"max_hp_loss":0.0,"gold_gain":0.0,"event_name":"Lab","player_choice":"Got Potions","floor":3.0,"gold_loss":0.0,"damage_taken":0.0}],"is_beta":false,"boss_relics":[{"not_picked":["Velvet Choker","Cursed Key"],"picked":"SlaversCollar"},{"not_picked":["Pandora\u0027s Box","champ:ChampionCrownUpgraded"],"picked":"Fusion Hammer"}],"items_purged_floors":[9,26,37,42,48],"is_endless":false,"potions_floor_spawned":[4,6,11,14,15,19,27,32,33,36,39,40,43,47],"ascension_level":8}}