{"host":"eemx8njkng76fu5x","time":1609062692,"event":{"mods":["2.2 Compatiblity","BaseMod","Downfall","Minty Spire (QoL Compilation)","Permanent Neow","StSLib","Unceasing Turn Reminder","Unknown Chances"],"gold_per_floor":[99,113,123,137,157,170,170,190,190,209,241,241,91,122,135,234,234,234,249,10,20,5,5,81,114,128,53,73,107,107,192,208,313,313,313,327,340,360,360,360,360,376,371,471,490,508,508,539,554,554,554,589,223,223,223],"floor_reached":56,"playtime":4313,"items_purged":["champ:Strike","champ:LastStand","champ:CalledShot"],"score":1413,"play_id":"022d8f44-16a8-4c54-bb8c-7dc11123e8a0","local_time":"20201227175132","is_ascension_mode":true,"campfire_choices":[{"data":"champ:Taunt","floor":1.0,"key":"SMITH"},{"floor":9.0,"key":"RECALL"},{"data":"champ:ArenaPreparation","floor":13.0,"key":"SMITH"},{"data":"champ:BerserkerStyle","floor":18.0,"key":"SMITH"},{"data":"champ:Execute","floor":23.0,"key":"SMITH"},{"data":"champ:FanOfKnives","floor":27.0,"key":"SMITH"},{"data":"champ:PerfectForm","floor":35.0,"key":"SMITH"},{"floor":40,"key":"DIG"},{"data":"champ:HeavySlash","floor":47,"key":"SMITH"},{"floor":54,"key":"DIG"}],"circlet_count":0,"master_deck":["champ:Execute+1","champ:Taunt+1","champ:BerserkerStyle+1","champ:ArenaPreparation+1","champ:BerserkerStyle","champ:BerserkerStyle","champ:BringItOn+1","champ:EnchantSword+1","champ:FocusedBerserking+1","champ:EnchantSword+1","champ:FanOfKnives+1","champ:EnchantSword+1","champ:GladiatorStyle","champ:PerfectForm+1","champ:BladeFlurry+1","champ:EnchantCrown+1","champ:Circumvent+1","champ:CrownThrow","champ:RapidStrikes","champ:BringItOn+1","champ:ShieldWall","champ:FaceSlap+1","champ:HeavySlash+1","champ:GladiatorStyle+1","champ:HoldFirm+1","champ:DeathBlow+1"],"relics":["Snecko Eye","Toxic Egg 2","HornCleat","downfall:HeartBlessingRed","downfall:HeartBlessingGreen","Centennial Puzzle","Coffee Dripper","champ:BerserkersGuideToSlaughter","Shovel","downfall:HeartBlessingBlue","champ:FightingForDummies","Pandora\u0027s Box","Frozen Egg 2","War Paint","Strawberry","Toy Ornithopter","Bag of Preparation","Pen Nib","Ornamental Fan","Kunai"],"acts_visited":["Exordium","TheCity","TheBeyond","TheEnding"],"potions_floor_usage":[55],"damage_taken":[{"damage":10.0,"enemies":"Cultist","floor":2.0,"turns":4.0},{"damage":10.0,"enemies":"2 Louse","floor":3.0,"turns":3.0},{"damage":20.0,"enemies":"Jaw Worm","floor":4.0,"turns":6.0},{"damage":48.0,"enemies":"Large Slime","floor":5.0,"turns":5.0},{"damage":59.0,"enemies":"Gremlin Gang","floor":6.0,"turns":7.0},{"damage":45.0,"enemies":"3 Louse","floor":8.0,"turns":4.0},{"damage":45.0,"enemies":"Large Slime","floor":10.0,"turns":4.0},{"damage":86.0,"enemies":"3 Sentries","floor":11.0,"turns":9.0},{"damage":57.0,"enemies":"Lagavulin","floor":14.0,"turns":8.0},{"damage":44.0,"enemies":"Gremlin Gang","floor":15.0,"turns":5.0},{"damage":98.0,"enemies":"downfall:Ironclad","floor":16.0,"turns":8.0},{"damage":64.0,"enemies":"3 Byrds","floor":19.0,"turns":6.0},{"damage":45.0,"enemies":"downfall:FleeingMerchant","floor":20.0,"turns":4.0},{"damage":33.0,"enemies":"Snake Plant","floor":21.0,"turns":4.0},{"damage":17.0,"enemies":"downfall:FleeingMerchant","floor":22.0,"turns":4.0},{"damage":18.0,"enemies":"Slavers","floor":25.0,"turns":3.0},{"damage":44.0,"enemies":"Snecko","floor":26.0,"turns":6.0},{"damage":42.0,"enemies":"Centurion and Healer","floor":28.0,"turns":4.0},{"damage":33.0,"enemies":"Gremlin Leader","floor":29.0,"turns":5.0},{"damage":13.0,"enemies":"Cultist and Chosen","floor":32.0,"turns":3.0},{"damage":59.0,"enemies":"downfall:Defect","floor":33.0,"turns":8.0},{"damage":0.0,"enemies":"3 Darklings","floor":36.0,"turns":3.0},{"damage":9,"enemies":"3 Shapes","floor":37,"turns":3},{"damage":66,"enemies":"Writhing Mass","floor":38,"turns":6},{"damage":34,"enemies":"Maw","floor":42,"turns":5},{"damage":13,"enemies":"downfall:FleeingMerchant","floor":43,"turns":4},{"damage":3,"enemies":"downfall:LadyInBlue","floor":44,"turns":4},{"damage":24,"enemies":"Sphere and 2 Shapes","floor":45,"turns":3},{"damage":12,"enemies":"Spire Growth","floor":46,"turns":3},{"damage":64,"enemies":"Nemesis","floor":48,"turns":5},{"damage":14,"enemies":"3 Darklings","floor":49,"turns":3},{"damage":62,"enemies":"downfall:Silent","floor":50,"turns":4},{"damage":52,"enemies":"downfall:CharBossMerchant","floor":52,"turns":5},{"damage":70,"enemies":"downfall:NeowBoss","floor":55,"turns":20}],"seed_played":"6834755939577891324","potions_obtained":[{"floor":3.0,"key":"Dexterity Potion"},{"floor":6.0,"key":"champ:TechniquePotion"},{"floor":8.0,"key":"Energy Potion"},{"floor":21.0,"key":"DuplicationPotion"},{"floor":25.0,"key":"SteroidPotion"},{"floor":32.0,"key":"Guardian:BlockOnCardUsePotion"},{"floor":44,"key":"champ:UltimateStancePotion"}],"is_trial":false,"path_per_floor":["R","M","M","M","M","M","T","M","R","M","E","?","R","E","M","B",null,"R","M","$","M","$","R","T","E","M","R","M","E","?","?","M","B",null,"R","M","M","M","?","R","T","M","$","?","M","M","R","E","M","B",null,"E","$","R","B",null],"character_chosen":"THE_CHAMP","items_purchased":["champ:BerserkersGuideToSlaughter","champ:GladiatorStyle+1","Strawberry","Ornamental Fan"],"campfire_rested":0,"item_purchase_floors":[20,43,43,53],"current_hp_per_floor":[90,90,90,87,92,66,66,63,63,57,40,100,100,100,91,71,100,100,100,100,89,98,98,98,100,94,104,110,110,110,92,98,90,110,110,110,110,70,70,70,70,80,91,97,106,104,104,102,112,108,117,117,117,117,117],"gold":223,"neow_bonus":"BOSS_RELIC","is_daily":false,"chose_seed":false,"campfire_upgraded":7,"win_rate":0.0,"timestamp":1609062692,"path_taken":["R","M","M","M","M","?","T","M","R","M","E","?","R","E","M","BOSS","R","M","$","M","?","R","T","E","M","R","?","E","?","?","M","BOSS","R","M","M","M","?","R","T","?","$","?","M","?","R","E","M","BOSS","E","$","R","BOSS"],"items_purchased_type":["Relic","Card","Relic","Relic"],"build_version":"2020-12-22","purchased_purges":3,"victory":true,"max_hp_per_floor":[90,90,90,90,95,95,95,100,100,100,100,100,100,100,100,100,100,100,100,100,100,100,100,100,100,100,110,110,110,110,110,110,110,110,110,110,110,110,110,110,110,110,117,117,117,117,117,117,117,117,117,117,117,117,117],"card_choices":[{"not_picked":["champ:RageSigil","champ:Balance"],"picked":"champ:BerserkerStyle","floor":2.0},{"not_picked":["champ:StanceDance","champ:FlashCut"],"picked":"champ:FightOn","floor":3.0},{"not_picked":["champ:FanOfKnives","champ:Circumvent"],"picked":"champ:ArenaPreparation","floor":4.0},{"not_picked":["champ:BringItOn","champ:Circumvent"],"picked":"champ:BerserkerStyle","floor":5.0},{"not_picked":["champ:GladiatorsShout","champ:DefensiveShout"],"picked":"champ:FightOn","floor":6.0},{"not_picked":["champ:TornadoPunch","champ:Haymaker"],"picked":"champ:BerserkerStyle","floor":8.0},{"not_picked":["champ:Haymaker","champ:IronFortress","champ:CrownThrow"],"picked":"SKIP","floor":10.0},{"not_picked":["champ:Balance+1","champ:TornadoPunch"],"picked":"champ:BringItOn+1","floor":11.0},{"not_picked":["champ:Haymaker","champ:ShieldSigil+1"],"picked":"champ:EnchantSword+1","floor":14.0},{"not_picked":["champ:TornadoPunch","champ:Circumvent+1"],"picked":"champ:FocusedBerserking+1","floor":15.0},{"not_picked":["champ:EnchantShield+1","champ:SteelEdge"],"picked":"champ:EnchantSword+1","floor":16.0},{"not_picked":["champ:BerserkersShout+1","champ:FocusedDefense+1"],"picked":"champ:FanOfKnives","floor":19.0},{"not_picked":["champ:ShieldSigil+1","champ:Haymaker","champ:BerserkersShout+1"],"picked":"SKIP","floor":20.0},{"not_picked":["champ:GladiatorsShout+1","champ:Haymaker","champ:FocusedGladiator+1"],"picked":"SKIP","floor":21.0},{"not_picked":["champ:PerfectedStrike","champ:Backstep+1"],"picked":"champ:EnchantSword+1","floor":22.0},{"not_picked":["champ:StanceDance+1","champ:BerserkersShout+1","champ:PerfectedStrike+1"],"picked":"SKIP","floor":25.0},{"not_picked":["champ:CrookedStrike","champ:DeathBlow","champ:EnGarde+1"],"picked":"SKIP","floor":26.0},{"not_picked":["champ:PerfectedStrike","champ:BringItOn+1"],"picked":"champ:GladiatorStyle","floor":28.0},{"not_picked":["champ:Control+1","champ:RageSigil+1"],"picked":"champ:PerfectForm","floor":29.0},{"not_picked":["champ:EnGarde+1","champ:RageSigil+1"],"picked":"champ:BladeFlurry","floor":32.0},{"not_picked":["champ:ShieldSlam","champ:ShieldThrow"],"picked":"champ:EnchantCrown+1","floor":33.0},{"not_picked":["champ:FanOfKnives","champ:IronFortress","champ:CrookedStrike+1"],"picked":"SKIP","floor":36.0},{"not_picked":["champ:RecklessLeap","champ:GladiatorsShout+1"],"picked":"champ:FaceSlap+1","floor":37},{"not_picked":["champ:HeartStrike+1","champ:ViciousMockery+1","champ:RageSigil+1"],"picked":"SKIP","floor":38},{"not_picked":["champ:StanceDance+1","champ:Backstep+1","champ:DefensiveShout+1"],"picked":"SKIP","floor":42},{"not_picked":["champ:FanOfKnives","champ:FocusedBerserking+1"],"picked":"champ:HeavySlash","floor":43},{"not_picked":["champ:FalseCounter+1","champ:ShieldSigil+1","champ:GutPunch"],"picked":"SKIP","floor":45},{"not_picked":["champ:GutPunch","champ:GladiatorsShout+1","champ:PerfectedStrike+1"],"picked":"SKIP","floor":46},{"not_picked":["champ:Backstep+1","champ:BerserkerStyle+1"],"picked":"champ:HoldFirm+1","floor":48},{"not_picked":["champ:AdrenalArmor+1","champ:RecklessLeap"],"picked":"champ:DeathBlow+1","floor":49},{"not_picked":["champ:ShieldSigil+1","champ:TornadoPunch+1","champ:DeathBlow+1"],"picked":"SKIP","floor":52}],"player_experience":387645,"relics_obtained":[{"floor":7.0,"key":"Toxic Egg 2"},{"floor":11.0,"key":"HornCleat"},{"floor":14.0,"key":"Centennial Puzzle"},{"floor":25.0,"key":"Shovel"},{"floor":29.0,"key":"champ:FightingForDummies"},{"floor":40,"key":"Frozen Egg 2"},{"floor":41,"key":"War Paint"},{"floor":44,"key":"Toy Ornithopter"},{"floor":48,"key":"Bag of Preparation"},{"floor":52,"key":"Pen Nib"},{"floor":54,"key":"Kunai"}],"event_choices":[{"damage_healed":60.0,"max_hp_gain":0.0,"max_hp_loss":0.0,"gold_gain":0.0,"event_name":"Wheel of Change","player_choice":"Full Heal","floor":12.0,"gold_loss":0.0,"damage_taken":0.0},{"damage_healed":0.0,"max_hp_gain":0.0,"max_hp_loss":0.0,"gold_gain":0.0,"event_name":"Ghosts","player_choice":"Ignored","floor":30.0,"gold_loss":0.0,"damage_taken":0.0},{"damage_healed":0,"gold_gain":0,"player_choice":"Forge","damage_taken":0,"max_hp_gain":0,"max_hp_loss":0,"event_name":"Accursed Blacksmith","floor":39,"gold_loss":0,"cards_upgraded":["champ:BladeFlurry"]}],"is_beta":false,"boss_relics":[{"not_picked":["Tiny House","Philosopher\u0027s Stone"],"picked":"Coffee Dripper"},{"not_picked":["Black Star","champ:PowerArmor"],"picked":"Pandora\u0027s Box"}],"items_purged_floors":[20,43,53],"is_endless":false,"potions_floor_spawned":[3,6,8,11,21,25,28,32,33,37,38,42,46],"ascension_level":1}}