{"host":"kg3sujd0l7l0va61","time":1609047103,"event":{"mods":["AchievementEnabler","Aspiration","BaseMod","Bestiary","Better Match","Better Note","BetterRewards","Challenge The Spire","Colored Powertips","Custom Start","Decade(王小明)","Displayed Cursed Tome","Downfall","GifTheSpireLib","Hermit","HololiveMod","Infinite Spire","KinomotoSakuraMod(木之本樱)","Koishi","Luminous","Marisa（F雨　魔理沙）","Marked Mod","Minty Spire (QoL Compilation)","MostiFishMod","Prisma Mod","Quick Restart","READ ME - Guardian Mod","Rare Cards Sparkle","Reimu（博丽灵梦）","Replay The Spire","RumiaBox-露米娅的神秘盒子","StSLib","The Cursed","The Hierophant","The Servant 0.9.4","Waifu the Spire","WarShipGirlsR/战舰少女R mod","Yakumo Yukari mod","Youmu（魂魄妖梦）","【遗物卡牌】REMEMod"],"gold_per_floor":[112,112,125,125,135,163,163,188,188,207,221,240,251,278,278,374,374,392,409,409,409,334,334,334,34,34,44,44,61,95,106,106,202,202,218,228,287,337,350,382,382,382,382,410,430,430,461,485,485,485,485,485,105,133,133],"floor_reached":56,"playtime":1555,"items_purged":["Strike_R"],"score":1910,"play_id":"bd76d761-2b74-4e4b-a39c-bb376a5b295b","local_time":"20201227133143","is_ascension_mode":true,"campfire_choices":[{"data":"MostiFishMod:RacingGame","floor":15,"key":"SMITH"},{"floor":23,"key":"RECALL"},{"data":"Exhume","floor":28,"key":"SMITH"},{"data":"Clash","floor":32,"key":"PURGE"},{"data":"Limit Break","floor":41,"key":"SMITH"},{"data":"Infernal Blade","floor":46,"key":"SMITH"},{"data":"Pummel","floor":49,"key":"SMITH"},{"data":"MostiFishMod:FireWorks","floor":52,"key":"SMITH"}],"circlet_count":0,"master_deck":["Strike_R","Strike_R","Defend_R","Defend_R","Defend_R","Bash+1","Die Die Die","ReplayTheSpireMod:Limb From Limb","infinitespire:Starlight+1","Infernal Blade+1","Disarm","Armaments","REME_Scribble","Perfected Strike","MostiFishMod:RacingGame+1","Exhume+1","Anger","Headbutt","Pommel Strike+1","Heavy Blade","Pummel+1","Combust","Limit Break+1","Warcry+1","Flex+1","MostiFishMod:FireWorks+1","ReplayTheSpireMod:Limb From Limb","aspiration:Lunge","MostiFishMod:InvigoratingSolution","Strike_G","REME_Scribble+1","Headbutt","MostiFishMod:NewArrival","Replay:SS_forest_5","Secret Weapon","Armaments+1"],"relics":["Burning Blood","DaveBox","REME_ComplimentaryCards","BirthdayGift-Tetrahedron","SynthV:TestCard","Divine Protection","REME_PuzzleBoxRelic","infinitespire:Bottled Soul","PreservedInsect","HaiYi:Twilight","BranchBurnRelic","aspiration:Stabinomicon","aspiration:PoetsPen_weak","GodSword5","Gambling Chip","ReplayFunnel","infinitespire:ShieldingShard","TungstenRod","infinitespire:WardingShard","SynthV:C4","BargainBundle","aspiration:TomeofQuesting"],"acts_visited":["Exordium","TheCity","TheBeyond","TheEnding"],"potions_floor_usage":[16,33,50],"damage_taken":[{"damage":8,"enemies":"Jaw Worm","floor":1,"turns":2},{"damage":2,"enemies":"Cultist","floor":3,"turns":2},{"damage":8,"enemies":"2 Louse","floor":5,"turns":2},{"damage":3,"enemies":"Lagavulin","floor":6,"turns":2},{"damage":0,"enemies":"Gremlin Nob","floor":8,"turns":3},{"damage":0,"enemies":"Exordium Thugs","floor":10,"turns":2},{"damage":0,"enemies":"Looter","floor":11,"turns":2},{"damage":2,"enemies":"Blue Slaver","floor":12,"turns":2},{"damage":0,"enemies":"Large Slime","floor":13,"turns":2},{"damage":9,"enemies":"3 Sentries","floor":14,"turns":3},{"damage":0,"enemies":"Slime Boss","floor":16,"turns":4},{"damage":0,"enemies":"3 Byrds","floor":18,"turns":2},{"damage":5,"enemies":"Shell Parasite","floor":19,"turns":2},{"damage":0,"enemies":"Snake Plant","floor":21,"turns":1},{"damage":0,"enemies":"3 Cultists","floor":27,"turns":1},{"damage":6,"enemies":"Cultist and Chosen","floor":29,"turns":2},{"damage":0,"enemies":"Book of Stabbing","floor":30,"turns":2},{"damage":11,"enemies":"Centurion and Healer","floor":31,"turns":3},{"damage":0,"enemies":"Automaton","floor":33,"turns":4},{"damage":1,"enemies":"Orb Walker","floor":35,"turns":2},{"damage":2,"enemies":"3 Shapes","floor":36,"turns":2},{"damage":2,"enemies":"Mind Bloom Boss Battle","floor":38,"turns":2},{"damage":0,"enemies":"Writhing Mass","floor":39,"turns":1},{"damage":0,"enemies":"Nemesis","floor":40,"turns":3},{"damage":0,"enemies":"Reptomancer","floor":44,"turns":1},{"damage":2,"enemies":"Sphere and 2 Shapes","floor":45,"turns":2},{"damage":0,"enemies":"Giant Head","floor":47,"turns":1},{"damage":44,"enemies":"infinitespire:MassOfShapes","floor":50,"turns":2},{"damage":0,"enemies":"Shield and Spear","floor":54,"turns":1},{"damage":61,"enemies":"The Heart","floor":55,"turns":4}],"seed_played":"3705529310186415006","potions_obtained":[{"floor":5,"key":"Milkshake"},{"floor":10,"key":"Explosive Potion"},{"floor":12,"key":"Dexterity Potion"},{"floor":16,"key":"ZuzhouPotion:ReiMu"},{"floor":31,"key":"hexamod:EctoCoolerPotion"},{"floor":36,"key":"Adrenaline Potion"}],"is_trial":false,"path_per_floor":["M","?","M","?","M","E","$","E","T","M","M","M","M","E","R","B",null,"M","M","?","M","$","R","?","$","T","M","R","M","E","M","R","B",null,"M","M","?","?","M","E","R","?","T","E","M","R","E","T","R","B",null,"R","$","E","B",null],"character_chosen":"IRONCLAD","items_purchased":["Dead Branch","Replay:SS_forest_5","BargainBundle","Secret Weapon"],"campfire_rested":0,"item_purchase_floors":[25,53,53,53],"current_hp_per_floor":[86,64,78,60,73,88,88,88,88,88,88,88,90,89,89,94,94,94,94,94,94,94,94,94,94,94,96,96,98,98,99,99,102,102,104,106,80,91,100,109,109,109,109,112,117,117,119,119,119,92,124,124,124,126,79],"gold":133,"neow_bonus":"TEN_PERCENT_HP_BONUS","is_daily":false,"chose_seed":false,"campfire_upgraded":6,"win_rate":0.0,"timestamp":1609047103,"path_taken":["M","?","M","?","M","E","?","E","T","M","M","?","M","E","R","BOSS","M","?","?","M","?","R","?","$","T","?","R","M","E","M","R","BOSS","M","M","?","?","M","E","R","?","T","E","M","R","E","?","R","BOSS","R","$","E","BOSS"],"items_purchased_type":["Relic","Card","Relic","Card"],"build_version":"2020-12-22","purchased_purges":1,"victory":true,"max_hp_per_floor":[88,88,88,88,88,88,88,88,88,88,88,88,90,92,92,94,94,94,94,94,94,94,94,94,94,94,96,96,98,98,100,100,102,102,104,106,106,106,108,110,110,110,110,112,117,117,119,119,119,124,124,124,124,126,131],"card_choices":[{"not_picked":["Havoc","Pommel Strike"],"picked":"ReplayTheSpireMod:Limb From Limb","floor":1},{"not_picked":["ReplayTheSpireMod:Black Plague","infinitespire:Punishment"],"picked":"infinitespire:Starlight","floor":2},{"not_picked":["Combust","Dropkick","Pommel Strike","REME_SingleHolding"],"picked":"Infernal Blade","floor":3},{"not_picked":["Headbutt","Anger","Havoc","Replay:Undeath\u0027s Touch"],"picked":"Disarm","floor":5},{"not_picked":["Shockwave","True Grit","Pommel Strike","Dual Wield"],"picked":"Replay:Undeath\u0027s Touch","floor":6},{"not_picked":["Iron Wave","Metallicize","Intimidate","True Grit","Cleave"],"picked":"SKIP","floor":8},{"not_picked":["Sword Boomerang","ReplayTheSpireMod:Corrosion Curse","Iron Wave","Rage"],"picked":"Armaments","floor":10},{"not_picked":["ReplayTheSpireMod:LeadingStrike","Combust","Body Slam","ReplayTheSpireMod:Corrosion Curse"],"picked":"REME_Scribble","floor":11},{"not_picked":["True Grit","Cleave","Infernal Blade","Heavy Blade"],"picked":"Clash","floor":12},{"not_picked":["Replay:Undeath\u0027s Touch","Offering","Iron Wave","Flame Barrier"],"picked":"Perfected Strike","floor":13},{"not_picked":["Intimidate","Searing Blow","True Grit","Clash"],"picked":"MostiFishMod:RacingGame","floor":14},{"not_picked":["Corruption","Barricade","MostiFishMod:OrdinaryWorld","MostiFishMod:RacingGame"],"picked":"Exhume","floor":16},{"not_picked":["Armaments","REME_FearOfPain+1","Anger","Disarm","Dropkick"],"picked":"SKIP","floor":18},{"not_picked":["Armaments","REME_FearOfPain+1","Disarm","Dropkick"],"picked":"Anger","floor":18},{"not_picked":["REME_SingleHolding","Reckless Charge","Perfected Strike+1","Cleave"],"picked":"Headbutt","floor":19},{"not_picked":["ReplayReversal+1","Cleave","Bludgeon","Havoc+1"],"picked":"Pommel Strike+1","floor":27},{"not_picked":["Fire Breathing","Sentinel","Iron Wave+1","Uppercut"],"picked":"Heavy Blade","floor":29},{"not_picked":["Life Link","Iron Wave","Shrug It Off","Wild Strike"],"picked":"Pummel","floor":30},{"not_picked":["Juggernaut","Clash","Shrug It Off","True Grit"],"picked":"Combust","floor":31},{"not_picked":["MostiFishMod:RacingGame","MostiFishMod:DarkDeal","MostiFishMod:WingOfPhoenix","Berserk"],"picked":"Limit Break","floor":33},{"not_picked":["Perfected Strike","Thunderclap","Massacre","Anger"],"picked":"Warcry+1","floor":35},{"not_picked":["MostiFishMod:#F4004+1","Rupture","Cleave+1","Sever Soul"],"picked":"Flex+1","floor":36},{"not_picked":["Replay:Undeath\u0027s Touch+1","Pummel+1","Power Through","Clash"],"picked":"MostiFishMod:FireWorks","floor":38},{"not_picked":["True Grit","ReplayReversal","Shrug It Off","Replay:Undeath\u0027s Touch+1"],"picked":"ReplayTheSpireMod:Limb From Limb","floor":39},{"not_picked":["Run Through","Combust","Sword Boomerang+1","Rage+1","ReplayTheSpireMod:Strike From Hell+1"],"picked":"SKIP","floor":40},{"not_picked":["Warcry","Heavy Blade","Clothesline+1","ReplayTheSpireMod:Limb From Limb"],"picked":"REME_Scribble+1","floor":44},{"not_picked":["ReplayTheSpireMod:Strike From Hell","Wild Strike","Armaments","Replay:Undeath\u0027s Touch+1"],"picked":"Headbutt","floor":45},{"not_picked":["Havoc","Sever Soul+1","Massacre+1","Perfected Strike"],"picked":"MostiFishMod:NewArrival","floor":47},{"not_picked":["Defy Death","ReplayTheSpireMod:Corrosion Curse","Clothesline","Cleave"],"picked":"Armaments+1","floor":54}],"player_experience":113622,"relics_obtained":[{"floor":1,"key":"SynthV:TestCard"},{"floor":6,"key":"Divine Protection"},{"floor":8,"key":"REME_PuzzleBoxRelic"},{"floor":9,"key":"infinitespire:Bottled Soul"},{"floor":14,"key":"PreservedInsect"},{"floor":30,"key":"aspiration:Stabinomicon"},{"floor":37,"key":"GodSword5"},{"floor":38,"key":"Gambling Chip"},{"floor":40,"key":"ReplayFunnel"},{"floor":43,"key":"infinitespire:ShieldingShard"},{"floor":44,"key":"TungstenRod"},{"floor":47,"key":"infinitespire:WardingShard"},{"floor":48,"key":"SynthV:C4"},{"floor":54,"key":"aspiration:TomeofQuesting"}],"event_choices":[{"damage_healed":0,"gold_gain":0,"player_choice":"Entered Light","damage_taken":18,"max_hp_gain":0,"max_hp_loss":0,"event_name":"Shining Light","floor":4,"gold_loss":0,"cards_upgraded":["Bash","infinitespire:Starlight"]},{"damage_healed":0,"gold_gain":0,"player_choice":"Full Heal","damage_taken":0,"max_hp_gain":0,"max_hp_loss":0,"event_name":"Wheel of Change","floor":20,"gold_loss":0},{"cards_removed":["Replay:Undeath\u0027s Touch"],"damage_healed":5,"gold_gain":0,"player_choice":"Offered Common","damage_taken":0,"max_hp_gain":0,"max_hp_loss":0,"event_name":"Bonfire Elementals","floor":24,"gold_loss":0},{"cards_removed":["Replay:Undeath\u0027s Touch"],"damage_healed":5,"gold_gain":0,"player_choice":"Offered Special","damage_taken":0,"max_hp_gain":0,"max_hp_loss":0,"event_name":"Bonfire Elementals","floor":24,"gold_loss":0},{"damage_healed":0,"gold_gain":0,"player_choice":"Fight","damage_taken":0,"max_hp_gain":0,"max_hp_loss":0,"event_name":"MindBloom","floor":38,"gold_loss":0}],"is_beta":false,"boss_relics":[{"not_picked":["SynthV:MejaisSoulstealer","infinitespire:Cupcake"],"picked":"HaiYi:Twilight"},{"not_picked":["Black Blood","Tiny House"],"picked":"aspiration:PoetsPen_weak"}],"items_purged_floors":[22],"is_endless":false,"potions_floor_spawned":[5,10,12,14,16,27,29,31,36,38,44,47],"ascension_level":4}}