{"host":"1eo5f82aifdzd7pr","time":1609087209,"event":{"mods":["AchievementEnabler","BaseMod","Colored Map","Colored Powertips","DeckTracker","Minty Spire (QoL Compilation)","SuperFastMode"],"gold_per_floor":[114,114,134,149,149,149,168,168,168,183,183,207,132,163,163,256,256,280,303,317,367,367,367,367,367,393,393,393,393],"floor_reached":28,"playtime":1838,"items_purged":[],"score":364,"play_id":"afbad7d4-cf1f-4221-9dd2-0ace03ef2808","local_time":"20201227184009","is_ascension_mode":true,"campfire_choices":[{"data":"Neutralize","floor":6.0,"key":"SMITH"},{"data":"Predator","floor":8.0,"key":"SMITH"},{"data":"Accuracy","floor":11.0,"key":"SMITH"},{"floor":15.0,"key":"REST"},{"floor":23.0,"key":"REST"},{"data":"Malaise","floor":25.0,"key":"SMITH"},{"floor":27.0,"key":"REST"}],"circlet_count":0,"master_deck":["AscendersBane","Strike_G","Strike_G","Strike_G","Defend_G","Defend_G","Defend_G","Defend_G","Survivor","Neutralize+1","Prepared","Infinite Blades","Predator+1","Accuracy+1","Malaise+1"],"relics":["Ring of the Serpent","Golden Idol","Singing Bowl","Odd Mushroom","Regal Pillow"],"acts_visited":["Exordium","TheCity"],"potions_floor_usage":[28],"damage_taken":[{"damage":1.0,"enemies":"2 Louse","floor":1.0,"turns":4.0},{"damage":11.0,"enemies":"Jaw Worm","floor":3.0,"turns":6.0},{"damage":0.0,"enemies":"Cultist","floor":4.0,"turns":4.0},{"damage":3.0,"enemies":"3 Louse","floor":7.0,"turns":5.0},{"damage":10.0,"enemies":"2 Fungi Beasts","floor":10.0,"turns":4.0},{"damage":5.0,"enemies":"Exordium Wildlife","floor":12.0,"turns":6.0},{"damage":0.0,"enemies":"The Mushroom Lair","floor":14.0,"turns":4.0},{"damage":15.0,"enemies":"Hexaghost","floor":16.0,"turns":11.0},{"damage":11.0,"enemies":"3 Byrds","floor":18.0,"turns":9.0},{"damage":25.0,"enemies":"2 Thieves","floor":19.0,"turns":4.0},{"damage":11.0,"enemies":"Snecko","floor":20.0,"turns":5.0},{"damage":85,"enemies":"Gremlin Leader","floor":28,"turns":13}],"seed_played":"3561065005671973550","potions_obtained":[{"floor":7.0,"key":"AttackPotion"},{"floor":10.0,"key":"SteroidPotion"},{"floor":14.0,"key":"EntropicBrew"},{"floor":16.0,"key":"SteroidPotion"}],"is_trial":false,"path_per_floor":["M","?","M","M","?","R","M","R","T","M","R","M","?","?","R","B",null,"M","M","M","?","?","R","?","R","T","R","E"],"character_chosen":"THE_SILENT","items_purchased":[],"campfire_rested":3,"item_purchase_floors":[],"current_hp_per_floor":[58,58,47,47,38,38,35,35,35,27,27,24,24,26,45,30,57,48,25,16,16,16,37,37,37,37,72,0,0],"gold":393,"neow_bonus":"TRANSFORM_CARD","is_daily":false,"chose_seed":false,"campfire_upgraded":4,"win_rate":0.0,"timestamp":1609087209,"path_taken":["M","?","M","M","?","R","M","R","T","?","R","M","?","?","R","BOSS","M","M","M","?","?","R","?","R","T","R","E"],"items_purchased_type":[],"build_version":"2020-12-22","purchased_purges":0,"victory":false,"max_hp_per_floor":[66,60,60,60,60,60,60,60,60,62,62,64,64,66,66,66,66,68,70,72,72,72,72,72,72,72,72,72,72],"card_choices":[{"not_picked":["Underhanded Strike","Acrobatics"],"picked":"Infinite Blades","floor":1.0},{"not_picked":["Calculated Gamble","Deflect"],"picked":"Predator","floor":3.0},{"not_picked":["Sucker Punch","Underhanded Strike"],"picked":"Accuracy","floor":4.0},{"not_picked":["Dagger Throw","Slice","Eviscerate"],"picked":"SKIP","floor":7.0},{"not_picked":["Endless Agony","Quick Slash","Deadly Poison"],"picked":"Singing Bowl","floor":10.0},{"not_picked":["Slice","Flying Knee","Endless Agony"],"picked":"Singing Bowl","floor":12.0},{"not_picked":["Deadly Poison","Expertise","Infinite Blades"],"picked":"Singing Bowl","floor":14.0},{"not_picked":["Bullet Time","Phantasmal Killer"],"picked":"Malaise","floor":16.0},{"not_picked":["Dagger Spray","Outmaneuver","Dagger Throw"],"picked":"Singing Bowl","floor":18.0},{"not_picked":["Deadly Poison+1","Masterful Stab","Heel Hook"],"picked":"Singing Bowl","floor":19.0},{"not_picked":["Deadly Poison","Quick Slash","Dodge and Roll"],"picked":"Singing Bowl","floor":20.0}],"player_experience":705549,"relics_obtained":[{"floor":9.0,"key":"Singing Bowl"},{"floor":14.0,"key":"Odd Mushroom"},{"floor":26.0,"key":"Regal Pillow"}],"event_choices":[{"damage_healed":0.0,"max_hp_gain":0.0,"max_hp_loss":6.0,"gold_gain":0.0,"event_name":"Golden Idol","player_choice":"Lose Max HP","floor":2.0,"gold_loss":0.0,"damage_taken":0.0,"relics_obtained":["Golden Idol"]},{"damage_healed":0.0,"max_hp_gain":0.0,"max_hp_loss":0.0,"gold_gain":0.0,"event_name":"Wheel of Change","player_choice":"Damaged","floor":5.0,"gold_loss":0.0,"damage_taken":9.0},{"cards_removed":["Defend_G"],"damage_healed":0.0,"max_hp_gain":0.0,"max_hp_loss":0.0,"gold_gain":0.0,"event_name":"The Cleric","player_choice":"Card Removal","floor":13.0,"gold_loss":75.0,"damage_taken":0.0},{"damage_healed":0.0,"max_hp_gain":0.0,"max_hp_loss":0.0,"gold_gain":0.0,"event_name":"Mushrooms","player_choice":"Fought Mushrooms","floor":14.0,"gold_loss":0.0,"damage_taken":0.0},{"damage_healed":0.0,"max_hp_gain":0.0,"max_hp_loss":0.0,"gold_gain":50.0,"event_name":"Nest","player_choice":"Stole From Cult","floor":21.0,"gold_loss":0.0,"damage_taken":0.0},{"damage_healed":0.0,"max_hp_gain":0.0,"max_hp_loss":0.0,"gold_gain":0.0,"event_name":"The Mausoleum","player_choice":"Ignored","floor":22.0,"gold_loss":0.0,"damage_taken":0.0},{"cards_removed":["Strike_G"],"damage_healed":0.0,"max_hp_gain":0.0,"max_hp_loss":0.0,"gold_gain":0.0,"event_name":"Bonfire Elementals","player_choice":"Offered Basic","floor":24.0,"gold_loss":0.0,"damage_taken":0.0}],"is_beta":false,"boss_relics":[{"not_picked":["Fusion Hammer","Calling Bell"],"picked":"Ring of the Serpent"}],"items_purged_floors":[],"is_endless":false,"potions_floor_spawned":[7,10,14,16],"killed_by":"Gremlin Leader","ascension_level":15}}