{"host":"s0rqbuvjzggdtc2s","time":1609056091,"event":{"mods":["ATMod(°¢èªMod)","BaseMod","Minty Spire (QoL Compilation)","StSLib","The Bug Knight","¡¾ÒÅÎï¿¨ÅÆ¡¿REMEMod"],"gold_per_floor":[111,111,131,131,150,189,189,208,233,233,213,246,72,81,81,200,200,223,223,223,67,100,100,153,270,293,293,178,178,250,320,320,525,525,613,463,42,42,95,95,230,230,230,230,327,385,385,500,500,550],"floor_reached":51,"playtime":1525,"items_purged":["HollowMod:SharpenedShadows"],"score":786,"play_id":"89d95971-f61c-4b43-9e72-880995438c2d","local_time":"20201227160131","is_ascension_mode":false,"campfire_choices":[{"floor":10,"key":"REST"},{"data":"REME_BattleFury","floor":15,"key":"SMITH"},{"data":"HollowMod:FastStrike","floor":23,"key":"SMITH"},{"data":"HollowMod:HuntersJournal","floor":27,"key":"SMITH"},{"data":"HollowMod:ChannelNail","floor":29,"key":"SMITH"},{"floor":32,"key":"REST"},{"data":"HollowMod:GrimmsGift","floor":40,"key":"SMITH"},{"data":"HollowMod:MantisMark","floor":44,"key":"SMITH"},{"data":"HollowMod:SoulSplash","floor":47,"key":"SMITH"},{"floor":49,"key":"REST"}],"circlet_count":0,"master_deck":["HollowMod:NailStrikeStart+1","HollowMod:NailStrikeStart+1","HollowMod:NailStrikeStart+1","HollowMod:NailStrikeStart+1","HollowMod:QuickDashStart+1","HollowMod:QuickDashStart+1","HollowMod:QuickDashStart+1","HollowMod:QuickDashStart+1","HollowMod:FocusHealStart+1","HollowMod:PogoStrike","AT_Desolate+1","Dual Wield","HollowMod:HuntersJournal+1","HollowMod:CycloneSlash","HollowMod:FastStrike+1","HollowMod:theNailsmith","REME_BattleFury+1","Parasite","HollowMod:DashSlash","HollowMod:DesolateDive+1","HollowMod:PerfectDash","HollowMod:ChannelNail+1","HollowMod:CloakDash+1","HollowMod:SoulSplash+1","AT_FamilyPortrait+1","HollowMod:GrimmsGift+1","HollowMod:MantisMark+1","HollowMod:LifebloodCocoon+1","HollowMod:SiblingsSouls+1"],"relics":["HollowMod:KingsSoulRelic","AT_ATBox","REME_ComplimentaryCards","NeowsBlessing","Golden Idol","Juzu Bracelet","CeramicFish","AT_TrinityForce","Tiny Chest","AT_MibuBalloonWealth","Red Mask","HollowMod:KingsBrand","Toy Ornithopter","HollowMod:StagPassRelic","AT_GuinsooRageblade","AT_BellDemon","Torii","AT_TimeSand","Ginger"],"acts_visited":["Exordium","TheCity","TheBeyond"],"potions_floor_usage":[16,33,48,50,50],"damage_taken":[{"damage":0,"enemies":"Small Slimes","floor":1,"turns":1},{"damage":0,"enemies":"2 Louse","floor":3,"turns":1},{"damage":0,"enemies":"Jaw Worm","floor":5,"turns":1},{"damage":31,"enemies":"Lagavulin","floor":6,"turns":4},{"damage":8,"enemies":"Exordium Thugs","floor":8,"turns":4},{"damage":6,"enemies":"Exordium Wildlife","floor":12,"turns":2},{"damage":15,"enemies":"Hexaghost","floor":16,"turns":7},{"damage":4,"enemies":"Chosen","floor":18,"turns":3},{"damage":4,"enemies":"3 Byrds","floor":22,"turns":3},{"damage":5,"enemies":"Masked Bandits","floor":25,"turns":2},{"damage":9,"enemies":"Centurion and Healer","floor":30,"turns":2},{"damage":8,"enemies":"Book of Stabbing","floor":31,"turns":2},{"damage":51,"enemies":"Collector","floor":33,"turns":6},{"damage":0,"enemies":"3 Shapes","floor":35,"turns":1},{"damage":13,"enemies":"Orb Walker","floor":39,"turns":2},{"damage":0,"enemies":"Transient","floor":41,"turns":5},{"damage":1,"enemies":"Jaw Worm Horde","floor":45,"turns":3},{"damage":1,"enemies":"Spire Growth","floor":46,"turns":2},{"damage":7,"enemies":"2 Orb Walkers","floor":48,"turns":2},{"damage":37,"enemies":"Donu and Deca","floor":50,"turns":4}],"seed_played":"2815656650533026796","potions_obtained":[{"floor":3,"key":"SkillPotion"},{"floor":11,"key":"DuplicationPotion"},{"floor":12,"key":"Block Potion"},{"floor":18,"key":"CultistPotion"},{"floor":35,"key":"Fire Potion"}],"is_trial":false,"path_per_floor":["M","?","M","?","M","E","?","M","T","R","?","M","$","?","R","B",null,"M","?","?","$","M","R","T","?","T","R","$","R","M","E","R","B",null,"M","?","$","T","M","R","M","?","T","R","M","M","R","?","R","B",null],"character_chosen":"THE_BUGKNIGHT","items_purchased":["REME_BattleFury","Tiny Chest","HollowMod:ChannelNail","AT_FamilyPortrait","AT_GuinsooRageblade"],"campfire_rested":3,"item_purchase_floors":[13,21,28,37,37],"current_hp_per_floor":[75,75,75,57,57,26,26,24,24,46,46,40,40,58,58,43,75,71,71,71,71,73,73,73,74,74,74,74,74,65,57,75,30,75,75,75,75,75,62,62,72,72,72,72,71,70,70,68,75,38],"gold":550,"neow_bonus":"THREE_ENEMY_KILL","is_daily":false,"chose_seed":false,"campfire_upgraded":7,"win_rate":0.0,"timestamp":1609056091,"path_taken":["M","?","M","?","M","E","?","M","T","R","?","M","$","?","R","BOSS","M","?","?","$","M","R","?","?","T","R","$","R","M","E","R","BOSS","M","?","$","?","M","R","M","?","T","R","M","M","R","?","R","BOSS"],"items_purchased_type":["Card","Relic","Card","Card","Relic"],"build_version":"2020-12-22","purchased_purges":1,"victory":true,"max_hp_per_floor":[75,75,75,75,75,75,75,75,75,75,75,75,75,75,75,75,75,75,75,75,75,75,75,75,75,75,75,75,75,75,75,75,75,75,75,75,75,75,75,75,75,75,75,75,75,75,75,75,75,75],"card_choices":[{"not_picked":["HollowMod:ChannelNail","HollowMod:SoulVessel"],"picked":"HollowMod:HuntersJournal","floor":1},{"not_picked":["HollowMod:LifebloodCocoon","HollowMod:InfectedAttack"],"picked":"HollowMod:CycloneSlash","floor":3},{"not_picked":["HollowMod:Grubsong","HollowMod:ChannelNail"],"picked":"HollowMod:VengefulVoid","floor":5},{"not_picked":["HollowMod:MothsMistake","HollowMod:CoiledNail"],"picked":"HollowMod:FastStrike","floor":6},{"not_picked":["HollowMod:VengefulVoid","HollowMod:HeavyBlow"],"picked":"HollowMod:SharpenedShadows","floor":8},{"not_picked":["HollowMod:NewJinnsSoul","HollowMod:MonarchWings"],"picked":"HollowMod:theNailsmith","floor":12},{"not_picked":["HollowMod:SoulStrike","HollowMod:InfectionAssault"],"picked":"HollowMod:DashSlash","floor":18},{"not_picked":["HollowMod:TaintedHusks","HollowMod:HeavyBlow"],"picked":"HollowMod:DesolateDive+1","floor":22},{"not_picked":["HollowMod:TaintedHusks","HollowMod:VengefulVoid"],"picked":"HollowMod:PerfectDash","floor":25},{"not_picked":["HollowMod:NewGlowingWomb","HollowMod:InfectedAttack"],"picked":"HollowMod:CloakDash+1","floor":30},{"not_picked":["HollowMod:ChannelNail","HollowMod:SharpenedNail"],"picked":"HollowMod:SoulSplash","floor":31},{"not_picked":["HollowMod:MawleksShell","HollowMod:NewJinnsSoul+1","HollowMod:BrokenVessel+1"],"picked":"SKIP","floor":35},{"not_picked":["HollowMod:HowlingWraiths","HollowMod:RecoilStrike"],"picked":"HollowMod:GrimmsGift","floor":39},{"not_picked":["HollowMod:DreamGate+1","HollowMod:SoulSplash"],"picked":"HollowMod:MantisMark","floor":41},{"not_picked":["HollowMod:CycloneSlash+1","HollowMod:NewGlowingWomb"],"picked":"HollowMod:LifebloodCocoon+1","floor":45},{"not_picked":["HollowMod:GoodIntentions","HollowMod:NewGlowingWomb"],"picked":"HollowMod:SiblingsSouls+1","floor":46}],"player_experience":194508,"relics_obtained":[{"floor":6,"key":"Juzu Bracelet"},{"floor":9,"key":"CeramicFish"},{"floor":24,"key":"AT_MibuBalloonWealth"},{"floor":25,"key":"Red Mask"},{"floor":26,"key":"HollowMod:KingsBrand"},{"floor":31,"key":"Toy Ornithopter"},{"floor":38,"key":"AT_BellDemon"},{"floor":39,"key":"Torii"},{"floor":43,"key":"AT_TimeSand"},{"floor":48,"key":"Ginger"}],"event_choices":[{"damage_healed":0,"gold_gain":0,"player_choice":"Ignored","damage_taken":0,"max_hp_gain":0,"max_hp_loss":0,"event_name":"Liars Game","floor":2,"gold_loss":0},{"damage_healed":0,"gold_gain":0,"player_choice":"Take Damage","damage_taken":18,"relics_obtained":["Golden Idol"],"max_hp_gain":0,"max_hp_loss":0,"event_name":"Golden Idol","floor":4,"gold_loss":0},{"damage_healed":0,"gold_gain":0,"player_choice":"Grow","damage_taken":0,"max_hp_gain":0,"max_hp_loss":0,"event_name":"Living Wall","floor":7,"gold_loss":0,"cards_upgraded":["HollowMod:FocusHealStart"]},{"damage_healed":0,"gold_gain":0,"player_choice":"Bought 1 Potion","damage_taken":0,"max_hp_gain":0,"max_hp_loss":0,"event_name":"The Woman in Blue","floor":11,"gold_loss":0},{"damage_healed":18,"gold_gain":0,"player_choice":"Healed and dodged fight","damage_taken":0,"max_hp_gain":0,"max_hp_loss":0,"event_name":"Mushrooms","floor":14,"gold_loss":0,"cards_obtained":["Parasite"]},{"damage_healed":0,"gold_gain":0,"player_choice":"Simplicity","damage_taken":0,"max_hp_gain":0,"max_hp_loss":0,"event_name":"Back to Basics","floor":20,"gold_loss":0,"cards_upgraded":["HollowMod:NailStrikeStart","HollowMod:NailStrikeStart","HollowMod:NailStrikeStart","HollowMod:NailStrikeStart","HollowMod:QuickDashStart","HollowMod:QuickDashStart","HollowMod:QuickDashStart","HollowMod:QuickDashStart"]},{"damage_healed":0,"gold_gain":0,"player_choice":"Fought Bandits","damage_taken":0,"max_hp_gain":0,"max_hp_loss":0,"event_name":"Masked Bandits","floor":25,"gold_loss":0},{"damage_healed":0,"gold_gain":0,"player_choice":"Fight","damage_taken":0,"max_hp_gain":0,"max_hp_loss":0,"event_name":"Mysterious Sphere","floor":48,"gold_loss":0}],"is_beta":false,"boss_relics":[{"not_picked":["Runic Pyramid","Runic Dome"],"picked":"AT_TrinityForce"},{"not_picked":["AT_MortalBlade","Empty Cage"],"picked":"HollowMod:KingsSoulRelic"}],"items_purged_floors":[28],"is_endless":false,"potions_floor_spawned":[3,12,18,22,25,30,35,39],"ascension_level":0}}