{"host":"skr63qsdfgeey3it","time":1609103174,"event":{"mods":["BaseMod","Colored Map","Hubris","Minty Spire (QoL Compilation)","Replay The Spire","Spicy Shops","StSLib"],"gold_per_floor":[109,109,34,209,209,244,244,256,279,298,329,329,329,10,10,108,108,118,129,2,20,20,20],"floor_reached":22,"playtime":1314,"items_purged":["Parasite","Strike_R"],"score":307,"play_id":"92b45ea9-965f-41a3-984c-149e23726342","local_time":"20201227150614","is_ascension_mode":true,"campfire_choices":[{"data":"Barricade","floor":7,"key":"SMITH"},{"data":"Bludgeon","floor":13,"key":"SMITH"}],"circlet_count":0,"master_deck":["AscendersBane","Strike_R","Strike_R","Strike_R","Defend_R","Defend_R","Defend_R","Bash","Bludgeon+1","ReplayTheSpireMod:Stacked+1","Barricade+1","Demon Form","Metallicize","Blood for Blood+1","Feed","Twin Strike","Flame Barrier","Chrysalis","Finesse","Chrysalis","Bludgeon"],"relics":["Burning Blood","Meat on the Bone","Smiling Mask","ReplayTheSpireMod:Lightbulb","ClockworkSouvenir","Sozu","ReplayTheSpireMod:ShopPack"],"acts_visited":["Exordium","TheCity"],"potions_floor_usage":[6],"damage_taken":[{"damage":8,"enemies":"Small Slimes","floor":1,"turns":3},{"damage":10,"enemies":"Gremlin Nob","floor":6,"turns":4},{"damage":12,"enemies":"Jaw Worm","floor":8,"turns":3},{"damage":0,"enemies":"2 Louse","floor":10,"turns":4},{"damage":32,"enemies":"Lagavulin","floor":11,"turns":9},{"damage":21,"enemies":"Slime Boss","floor":16,"turns":14},{"damage":13,"enemies":"Shell Parasite","floor":18,"turns":5},{"damage":60,"enemies":"3 Byrds","floor":19,"turns":6},{"damage":5,"enemies":"Snake Plant","floor":21,"turns":5},{"damage":40,"enemies":"Masked Bandits","floor":22,"turns":3}],"seed_played":"-6183538837695798262","potions_obtained":[{"floor":1,"key":"GamblersBrew"},{"floor":6,"key":"Strength Potion"},{"floor":8,"key":"Strength Potion"}],"is_trial":false,"path_per_floor":["M","?","$","?","?","E","R","M","T","M","E","?","R","$","R_BF","B",null,"M","M","$","M","?"],"character_chosen":"IRONCLAD","items_purchased":["Metallicize","ClockworkSouvenir","Blood for Blood","ReplayTheSpireMod:ShopPack"],"campfire_rested":0,"item_purchase_floors":[14,14,14,20],"current_hp_per_floor":[70,70,70,70,63,59,59,53,53,59,45,45,45,45,68,53,71,64,25,25,38,0,0],"gold":20,"neow_bonus":"THREE_RARE_CARDS","is_daily":false,"chose_seed":false,"campfire_upgraded":2,"win_rate":0.0,"timestamp":1609103174,"path_taken":["M","?","$","?","?","E","R","M","T","?","E","?","R","$","R_BF","BOSS","M","?","$","M","?"],"items_purchased_type":["Card","Relic","Card","Relic"],"build_version":"2020-12-22","purchased_purges":2,"victory":false,"max_hp_per_floor":[80,80,77,77,77,77,77,77,77,77,77,77,77,77,77,77,77,77,80,80,80,80,80],"card_choices":[{"not_picked":["Limit Break","Berserk"],"picked":"Bludgeon","floor":0},{"not_picked":["Heavy Blade","Clash","Body Slam"],"picked":"SKIP","floor":1},{"not_picked":["True Grit","Replay:Undeath\u0027s Touch"],"picked":"Barricade","floor":6},{"not_picked":["Whirlwind","Dual Wield","Rampage"],"picked":"SKIP","floor":8},{"not_picked":["ReplayTheSpireMod:Limb From Limb","Clothesline","Dark Embrace"],"picked":"SKIP","floor":10},{"not_picked":["Metallicize","Evolve"],"picked":"Demon Form","floor":11},{"not_picked":["Brutality","Demonic Infusion"],"picked":"Feed","floor":16},{"not_picked":["True Grit","Headbutt+1"],"picked":"Twin Strike","floor":18},{"not_picked":["Perfected Strike","Thunderclap"],"picked":"Flame Barrier","floor":19},{"not_picked":["Magnetism","Master of Strategy"],"picked":"Chrysalis","floor":20},{"not_picked":["Panacea","ReplayTheSpireMod:Uncanny Aura"],"picked":"Finesse","floor":20},{"not_picked":["Violence","Replay:Sssssssssstrike"],"picked":"Chrysalis","floor":20},{"not_picked":["Body Slam","Warcry"],"picked":"Bludgeon","floor":21}],"player_experience":730220,"relics_obtained":[{"floor":6,"key":"Meat on the Bone"},{"floor":9,"key":"Smiling Mask"},{"floor":11,"key":"ReplayTheSpireMod:Lightbulb"}],"event_choices":[{"damage_healed":0,"gold_gain":175,"player_choice":"AGREE","damage_taken":0,"max_hp_gain":0,"max_hp_loss":0,"event_name":"Liars Game","floor":4,"gold_loss":0,"cards_obtained":["Doubt"]},{"cards_removed":["Doubt"],"damage_healed":0,"gold_gain":0,"player_choice":"Card Removal","damage_taken":7,"max_hp_gain":0,"max_hp_loss":0,"event_name":"Golden Wing","floor":5,"gold_loss":0},{"cards_removed":["Strike_R"],"damage_healed":0,"gold_gain":0,"player_choice":"Purged","damage_taken":0,"max_hp_gain":0,"max_hp_loss":0,"event_name":"Purifier","floor":12,"gold_loss":0},{"damage_healed":0,"gold_gain":0,"player_choice":"Fought Bandits","damage_taken":0,"max_hp_gain":0,"max_hp_loss":0,"event_name":"Masked Bandits","floor":22,"gold_loss":0}],"is_beta":false,"boss_relics":[{"not_picked":["Runic Dome","hubris:TerracottaHorce"],"picked":"Sozu"}],"items_purged_floors":[3,14],"is_endless":false,"potions_floor_spawned":[1,6,8,10,18,21],"killed_by":"Masked Bandits","ascension_level":12}}