{"host":"7mrmd33mpx7q5wx9","time":1609042900,"event":{"mods":["AchievementEnabler","BaseMod","BetterRewards","Colored Map","Defuse TimeMaze Blight","Minty Spire (QoL Compilation)","Permanent Neow","Quick Restart","StSLib","SuperFastMode"],"gold_per_floor":[110,122,136,155,170,170,170,170],"floor_reached":7,"playtime":549,"items_purged":["Strike_P"],"score":47,"play_id":"e65aa568-6786-40bf-943c-f8d2051cdb1a","local_time":"20201226222140","is_ascension_mode":true,"campfire_choices":[{"data":"Eruption","floor":6,"key":"SMITH"}],"circlet_count":0,"master_deck":["Strike_P","Strike_P","Strike_P","Defend_P","Defend_P","Defend_P","Defend_P","Eruption+1","Vigilance","Pain","Forethought+1","WaveOfTheHand+1","Indignation+1","CutThroughFate","Protect+1","BowlingBash"],"relics":["PureWater","Du-Vu Doll","Toxic Egg 2"],"acts_visited":["Exordium"],"potions_floor_usage":[7,7],"damage_taken":[{"damage":4,"enemies":"2 Louse","floor":1,"turns":5},{"damage":9,"enemies":"Cultist","floor":2,"turns":5},{"damage":14,"enemies":"Jaw Worm","floor":3,"turns":7},{"damage":9,"enemies":"Gremlin Gang","floor":4,"turns":6},{"damage":6,"enemies":"Looter","floor":5,"turns":5},{"damage":25,"enemies":"Lagavulin","floor":7,"turns":7}],"seed_played":"-5295826361548780457","potions_obtained":[{"floor":1,"key":"PowerPotion"},{"floor":2,"key":"Energy Potion"},{"floor":5,"key":"Swift Potion"}],"is_trial":false,"path_per_floor":["M","M","M","M","M","R","E"],"character_chosen":"WATCHER","items_purchased":[],"campfire_rested":0,"item_purchase_floors":[],"current_hp_per_floor":[61,52,38,29,23,23,0,0],"gold":170,"neow_bonus":"","is_daily":false,"chose_seed":false,"campfire_upgraded":1,"win_rate":0.0,"timestamp":1609042900,"path_taken":["M","M","M","M","M","R","E"],"items_purchased_type":[],"build_version":"2020-12-22","purchased_purges":1,"victory":false,"max_hp_per_floor":[72,72,72,72,72,72,72,72],"card_choices":[{"not_picked":["JustLucky","WindmillStrike"],"picked":"WaveOfTheHand+1","floor":1},{"not_picked":["FlyingSleeves","ReachHeaven"],"picked":"Indignation+1","floor":2},{"not_picked":["Halt+1","WaveOfTheHand+1"],"picked":"CutThroughFate","floor":3},{"not_picked":["Meditate+1","WheelKick"],"picked":"Protect+1","floor":4},{"not_picked":["FollowUp","SignatureMove"],"picked":"BowlingBash","floor":5}],"player_experience":350678,"relics_obtained":[],"event_choices":[],"is_beta":false,"boss_relics":[],"items_purged_floors":[0],"is_endless":false,"potions_floor_spawned":[1,2,5],"killed_by":"Lagavulin","ascension_level":1}}