{"host":"iyvjjqtjrywxqc57","time":1609070915,"event":{"mods":["AchievementEnabler","BaseMod","Bestiary","Better Altar","Better Match","Better Note","Better Sensory Stone","Better Skull","Better Third Choice","Colored Map","Colored Powertips","Displayed Cursed Tome","Downfall","Jorbs\u0027s Wanderer Trilogy","Minty Spire (QoL Compilation)","Quick Restart","Rare Cards Sparkle","Relic Stats","StSLib"],"gold_per_floor":[119,130,110,110,123,123,138,138,138,138,53,97,111,125,125,253,253,268,42,42,60,60,94,22,40,40,83,83,108,449,449,449,574,574,590,603,603,603],"floor_reached":37,"playtime":4768,"items_purged":[],"score":429,"play_id":"7e3eab6a-dd32-4760-a8b1-8429a90028ef","local_time":"20201227060835","is_ascension_mode":false,"campfire_choices":[{"data":"Distraction","floor":6,"key":"SMITH"},{"data":"Underhanded Strike","floor":8,"key":"SMITH"},{"floor":15,"key":"REST"},{"floor":28,"key":"REST"},{"floor":32,"key":"REST"}],"circlet_count":0,"master_deck":["Strike_G","Strike_G+1","Strike_G","Strike_G","Strike_G","Defend_G","Defend_G","Defend_G","Defend_G","Defend_G","Survivor","Neutralize","PiercingWail+1","Distraction+1","Injury","Underhanded Strike+1","Noxious Fumes","Blade Dance","Poisoned Stab+1","Masterful Stab+1","Acrobatics","Phantasmal Killer","All Out Attack+1","expansioncontent:QuickStudy","Deflect","A Thousand Cuts","Poisoned Stab+1","Distraction","Leg Sweep","Endless Agony+1","Envenom","Burst"],"relics":["Runic Pyramid","betterThird:SlimedRelic","Golden Idol","Molten Egg 2","Shuriken","Black Star","Gremlin Horn","Bird Faced Urn","Mercury Hourglass","Paper Crane","HornCleat","Old Coin","Boot","SlaversCollar"],"acts_visited":["Exordium","TheCity","TheBeyond"],"potions_floor_usage":[14,16,16,23,23,25,27,27,33,36],"damage_taken":[{"damage":0,"enemies":"2 Louse","floor":1,"turns":3},{"damage":0,"enemies":"Jaw Worm","floor":2,"turns":5},{"damage":0,"enemies":"Cultist","floor":5,"turns":6},{"damage":0,"enemies":"3 Louse","floor":7,"turns":5},{"damage":6,"enemies":"Lagavulin","floor":12,"turns":10},{"damage":1,"enemies":"Red Slaver","floor":13,"turns":3},{"damage":8,"enemies":"Large Slime","floor":14,"turns":2},{"damage":35,"enemies":"The Guardian","floor":16,"turns":10},{"damage":12,"enemies":"2 Thieves","floor":18,"turns":5},{"damage":4,"enemies":"Chosen","floor":21,"turns":5},{"damage":15,"enemies":"Gremlin Leader","floor":23,"turns":4},{"damage":8,"enemies":"Snecko","floor":25,"turns":5},{"damage":20,"enemies":"Slavers","floor":27,"turns":5},{"damage":0,"enemies":"Cultist and Chosen","floor":29,"turns":5},{"damage":21,"enemies":"Gremlin Leader","floor":30,"turns":5},{"damage":21,"enemies":"Collector","floor":33,"turns":7},{"damage":0,"enemies":"Orb Walker","floor":35,"turns":4},{"damage":26,"enemies":"3 Darklings","floor":36,"turns":5},{"damage":53,"enemies":"2 Orb Walkers","floor":37,"turns":4}],"seed_played":"-5723211792568206990","potions_obtained":[{"floor":7,"key":"CunningPotion"},{"floor":12,"key":"FearPotion"},{"floor":13,"key":"Weak Potion"},{"floor":18,"key":"Fire Potion"},{"floor":22,"key":"DuplicationPotion"},{"floor":22,"key":"CultistPotion"},{"floor":22,"key":"PowerPotion"},{"floor":23,"key":"Energy Potion"},{"floor":25,"key":"SteroidPotion"},{"floor":30,"key":"Guardian:BlockOnCardUsePotion"}],"is_trial":false,"path_per_floor":["M","M","?","?","M","R","M","R","T","?","$","E","M","M","R","B",null,"M","$","?","M","?","E","$","M","T","E","R","M","E","?","R","B",null,"M","M","?"],"character_chosen":"THE_SILENT","items_purchased":["Noxious Fumes","Blade Dance","expansioncontent:QuickStudy","ColorlessPotion","Poisoned Stab+1","Fire Potion"],"campfire_rested":3,"item_purchase_floors":[11,11,19,19,24,24],"current_hp_per_floor":[70,70,59,59,59,59,59,59,59,45,45,39,38,30,51,16,70,58,58,58,54,54,39,39,35,35,19,40,44,27,20,41,22,70,70,44,0,0],"gold":603,"neow_bonus":"BOSS_RELIC","is_daily":false,"chose_seed":false,"campfire_upgraded":2,"win_rate":0.0,"timestamp":1609070915,"path_taken":["M","M","?","?","M","R","M","R","T","?","?","E","M","M","R","BOSS","M","$","?","M","?","E","$","?","T","E","R","M","E","?","R","BOSS","M","M","?"],"items_purchased_type":["Card","Card","Card","Potion","Card","Potion"],"build_version":"2020-12-22","purchased_purges":0,"victory":false,"max_hp_per_floor":[70,70,70,70,70,70,70,70,70,70,70,70,70,70,70,70,70,70,70,70,70,70,70,70,70,70,70,70,70,70,70,70,70,70,70,70,70,70],"relic_stats":{"Gremlin Horn":[7,8],"counters":[19,98],"Golden Idol":132,"Shuriken":[19],"Bird Faced Urn":[22],"Black Star":3,"Boot":[5],"obtain_stats":[{"Gremlin Horn":23,"Golden Idol":4,"Paper Crane":27,"Boot":30,"Mercury Hourglass":26,"Old Coin":30,"SlaversCollar":34,"HornCleat":27,"Shuriken":12,"betterThird:SlimedRelic":3,"Bird Faced Urn":23,"Molten Egg 2":9,"Black Star":17,"Ring of the Snake":0,"Runic Pyramid":0},{"Gremlin Horn":11,"Golden Idol":2,"Paper Crane":13,"Boot":15,"Mercury Hourglass":12,"Old Coin":15,"SlaversCollar":16,"HornCleat":13,"Shuriken":5,"betterThird:SlimedRelic":2,"Bird Faced Urn":11,"Molten Egg 2":4,"Black Star":8,"Ring of the Snake":0,"Runic Pyramid":0},{"Gremlin Horn":58,"Golden Idol":8,"Paper Crane":68,"Boot":78,"Mercury Hourglass":63,"Old Coin":78,"SlaversCollar":85,"HornCleat":68,"Shuriken":29,"betterThird:SlimedRelic":8,"Bird Faced Urn":58,"Molten Egg 2":19,"Black Star":44,"Ring of the Snake":0,"Runic Pyramid":0}],"Mercury Hourglass":[184]},"card_choices":[{"not_picked":["Backflip","Quick Slash"],"picked":"PiercingWail","floor":1},{"not_picked":["Prepared","Bane"],"picked":"Distraction","floor":2},{"not_picked":["Calculated Gamble","Heel Hook","Tactician"],"picked":"SKIP","floor":5},{"not_picked":["Caltrops","Expertise"],"picked":"Underhanded Strike","floor":7},{"not_picked":["Wraith Form v2","Sucker Punch+1"],"picked":"Poisoned Stab+1","floor":12},{"not_picked":["Well Laid Plans","Outmaneuver"],"picked":"Masterful Stab+1","floor":13},{"not_picked":["Predator+1","Sucker Punch+1"],"picked":"Acrobatics","floor":14},{"not_picked":["Glass Knife+1","Burst"],"picked":"Phantasmal Killer","floor":16},{"not_picked":["Skewer+1","Masterful Stab+1"],"picked":"All Out Attack+1","floor":18},{"not_picked":["Outmaneuver","Calculated Gamble"],"picked":"Deflect","floor":21},{"not_picked":["Sucker Punch+1","Flying Knee+1"],"picked":"A Thousand Cuts","floor":23},{"not_picked":["Sucker Punch+1","Footwork"],"picked":"Distraction","floor":25},{"not_picked":["Sucker Punch+1","Slice+1"],"picked":"Leg Sweep","floor":27},{"not_picked":["Poisoned Stab+1","Quick Slash+1"],"picked":"Endless Agony+1","floor":29},{"not_picked":["Blade Dance","Eviscerate+1"],"picked":"Envenom","floor":30},{"not_picked":["Wraith Form v2","Doppelganger"],"picked":"Burst","floor":33},{"not_picked":["Poisoned Stab+1","Terror","Deflect+1"],"picked":"SKIP","floor":35},{"not_picked":["Acrobatics","Slice+1","Blade Dance"],"picked":"SKIP","floor":36}],"player_experience":59721,"relics_obtained":[{"floor":9,"key":"Molten Egg 2"},{"floor":12,"key":"Shuriken"},{"floor":23,"key":"Gremlin Horn"},{"floor":23,"key":"Bird Faced Urn"},{"floor":26,"key":"Mercury Hourglass"},{"floor":27,"key":"Paper Crane"},{"floor":27,"key":"HornCleat"},{"floor":30,"key":"Old Coin"},{"floor":30,"key":"Boot"}],"event_choices":[{"damage_healed":0,"gold_gain":0,"player_choice":"Slimed","damage_taken":11,"max_hp_gain":0,"max_hp_loss":0,"event_name":"betterThird:BetterGoop","floor":3,"gold_loss":20},{"damage_healed":0,"gold_gain":0,"player_choice":"Take Wound","damage_taken":0,"relics_obtained":["Golden Idol"],"max_hp_gain":0,"max_hp_loss":0,"event_name":"Golden Idol","floor":4,"gold_loss":0,"cards_obtained":["Injury"]},{"damage_healed":59,"gold_gain":0,"player_choice":"Upgrade","damage_taken":14,"max_hp_gain":0,"max_hp_loss":70,"event_name":"betterThird:BetterShining","floor":10,"gold_loss":0,"cards_upgraded":["Strike_G","PiercingWail"]},{"damage_healed":0,"gold_gain":0,"player_choice":"Ignored","damage_taken":0,"max_hp_gain":0,"max_hp_loss":0,"event_name":"N\u0027loth","floor":20,"gold_loss":0},{"damage_healed":0,"gold_gain":0,"player_choice":"Got Potions","damage_taken":0,"max_hp_gain":0,"max_hp_loss":0,"event_name":"Lab","floor":22,"gold_loss":0},{"damage_healed":0,"gold_gain":0,"player_choice":"Damaged","damage_taken":7,"max_hp_gain":0,"max_hp_loss":0,"event_name":"Wheel of Change","floor":31,"gold_loss":0},{"damage_healed":0,"gold_gain":0,"player_choice":"Fight","damage_taken":0,"max_hp_gain":0,"max_hp_loss":0,"event_name":"Mysterious Sphere","floor":37,"gold_loss":0}],"is_beta":false,"boss_relics":[{"not_picked":["HoveringKite","Astrolabe"],"picked":"Black Star"},{"not_picked":["Velvet Choker","Snecko Eye"],"picked":"SlaversCollar"}],"items_purged_floors":[],"is_endless":false,"potions_floor_spawned":[7,12,13,18,23,25,30],"killed_by":"2 Orb Walkers","ascension_level":0}}