{"host":"1eo5f82aifdzd7pr","time":1609083636,"event":{"mods":["AchievementEnabler","BaseMod","Colored Map","Colored Powertips","DeckTracker","Minty Spire (QoL Compilation)","SuperFastMode"],"gold_per_floor":[318,332,347,397,415,415,435,435,435,452,130,130,50,77,77,152,152,172,147,177,177,194,194,206,206,274,274,285,304,169,186,186,186,186],"floor_reached":33,"playtime":1886,"items_purged":["Defend_B","Strike_B","Defend_B"],"score":477,"play_id":"3b07bb13-9527-4669-a688-e68e8aa0d80e","local_time":"20201227174036","is_ascension_mode":true,"campfire_choices":[{"data":"Genetic Algorithm","floor":6.0,"key":"SMITH"},{"data":"Zap","floor":8.0,"key":"SMITH"},{"data":"Cold Snap","floor":15.0,"key":"SMITH"},{"floor":23.0,"key":"REST"},{"data":"Coolheaded","floor":25.0,"key":"SMITH"},{"data":"Chill","floor":27.0,"key":"SMITH"},{"data":"Dualcast","floor":32,"key":"SMITH"}],"circlet_count":0,"master_deck":["AscendersBane","Strike_B","Strike_B+1","Defend_B","Defend_B","Zap+1","Dualcast+1","Chill+1","Genetic Algorithm+1","Sweeping Beam+1","Cold Snap+1","Self Repair","Core Surge","Coolheaded+1","Glacier"],"relics":["Cracked Core","Old Coin","The Courier","Bronze Scales","Lee\u0027s Waffle","Nunchaku","Inserter","Red Mask","Pantograph"],"acts_visited":["Exordium","TheCity"],"potions_floor_usage":[29,29,33],"damage_taken":[{"damage":1.0,"enemies":"2 Louse","floor":1.0,"turns":2.0},{"damage":0.0,"enemies":"Cultist","floor":2.0,"turns":3.0},{"damage":3.0,"enemies":"Small Slimes","floor":3.0,"turns":4.0},{"damage":12.0,"enemies":"Exordium Thugs","floor":5.0,"turns":4.0},{"damage":3.0,"enemies":"Looter","floor":7.0,"turns":4.0},{"damage":1.0,"enemies":"Exordium Wildlife","floor":10.0,"turns":3.0},{"damage":13.0,"enemies":"3 Sentries","floor":14.0,"turns":6.0},{"damage":21.0,"enemies":"The Guardian","floor":16.0,"turns":11.0},{"damage":12.0,"enemies":"Spheric Guardian","floor":18.0,"turns":4.0},{"damage":8.0,"enemies":"2 Thieves","floor":19.0,"turns":4.0},{"damage":30.0,"enemies":"Masked Bandits","floor":20.0,"turns":4.0},{"damage":17.0,"enemies":"Centurion and Healer","floor":22.0,"turns":9.0},{"damage":12.0,"enemies":"Snecko","floor":24.0,"turns":4.0},{"damage":6,"enemies":"3 Cultists","floor":28,"turns":5},{"damage":12,"enemies":"Snake Plant","floor":29,"turns":5},{"damage":7,"enemies":"Centurion and Healer","floor":31,"turns":8},{"damage":70,"enemies":"Automaton","floor":33,"turns":12}],"seed_played":"-6231618241333039351","potions_obtained":[{"floor":3.0,"key":"Weak Potion"},{"floor":5.0,"key":"DuplicationPotion"},{"floor":10.0,"key":"SkillPotion"},{"floor":16.0,"key":"CultistPotion"},{"floor":19.0,"key":"GamblersBrew"},{"floor":20.0,"key":"Energy Potion"},{"floor":28,"key":"DuplicationPotion"},{"floor":31,"key":"GamblersBrew"}],"is_trial":false,"path_per_floor":["M","M","M","?","M","R","M","R","T","M","$","?","$","E","R","B",null,"M","M","?","?","M","R","M","R","T","R","M","M","$","M","R","B"],"character_chosen":"DEFECT","items_purchased":["Bronze Scales","Lee\u0027s Waffle","Glacier"],"campfire_rested":1,"item_purchase_floors":[11,11,30],"current_hp_per_floor":[63,63,60,60,48,48,45,45,45,51,78,55,55,49,49,35,67,62,61,38,38,28,51,46,46,46,46,47,42,42,42,42,0,0],"gold":186,"neow_bonus":"ONE_RARE_RELIC","is_daily":false,"chose_seed":false,"campfire_upgraded":6,"win_rate":0.0,"timestamp":1609083636,"path_taken":["M","M","M","?","?","R","M","R","T","M","$","?","?","E","R","BOSS","M","M","?","?","M","R","M","R","T","R","M","M","$","M","R","BOSS"],"items_purchased_type":["Relic","Relic","Card"],"build_version":"2020-12-22","purchased_purges":3,"victory":false,"max_hp_per_floor":[71,71,71,71,71,71,71,71,71,71,78,78,78,78,78,78,78,78,78,78,78,78,78,78,78,78,78,78,78,78,78,78,78,78],"card_choices":[{"not_picked":["Hologram","Recycle"],"picked":"Chill","floor":1.0},{"not_picked":["Go for the Eyes","Stack"],"picked":"Genetic Algorithm","floor":2.0},{"not_picked":["Chaos","Leap"],"picked":"Sweeping Beam","floor":3.0},{"not_picked":["Gash","Aggregate"],"picked":"Cold Snap","floor":5.0},{"not_picked":["Doom and Gloom","Rebound"],"picked":"Self Repair","floor":7.0},{"not_picked":["Steam","Stack","Sunder"],"picked":"SKIP","floor":10.0},{"not_picked":["Rebound","Reprogram","Melter"],"picked":"SKIP","floor":14.0},{"not_picked":["Buffer","Creative AI"],"picked":"Core Surge","floor":16.0},{"not_picked":["Go for the Eyes","BootSequence"],"picked":"Coolheaded","floor":18.0},{"not_picked":["Capacitor","Rip and Tear","Heatsinks"],"picked":"SKIP","floor":19.0},{"not_picked":["Beam Cell","Cold Snap","Loop"],"picked":"SKIP","floor":22.0},{"not_picked":["Beam Cell","Recycle+1","Compile Driver"],"picked":"SKIP","floor":24.0},{"not_picked":["Cold Snap","Ball Lightning","Go for the Eyes"],"picked":"SKIP","floor":28},{"not_picked":["Recycle","Darkness","Force Field"],"picked":"SKIP","floor":29},{"not_picked":["Rebound","Barrage","Compile Driver"],"picked":"SKIP","floor":31}],"player_experience":702141,"relics_obtained":[{"floor":9.0,"key":"The Courier"},{"floor":14.0,"key":"Nunchaku"},{"floor":20.0,"key":"Red Mask"},{"floor":26.0,"key":"Pantograph"}],"event_choices":[{"damage_healed":0.0,"max_hp_gain":0.0,"max_hp_loss":0.0,"gold_gain":50.0,"event_name":"Golden Shrine","player_choice":"Pray","floor":4.0,"gold_loss":0.0,"damage_taken":0.0},{"damage_healed":0.0,"max_hp_gain":0.0,"max_hp_loss":0.0,"gold_gain":0.0,"event_name":"Shining Light","player_choice":"Entered Light","floor":12.0,"gold_loss":0.0,"damage_taken":23.0,"cards_upgraded":["Strike_B","Sweeping Beam"]},{"damage_healed":0.0,"max_hp_gain":0.0,"max_hp_loss":0.0,"gold_gain":0.0,"event_name":"Masked Bandits","player_choice":"Fought Bandits","floor":20.0,"gold_loss":0.0,"damage_taken":0.0},{"cards_removed":["Strike_B"],"damage_healed":0.0,"max_hp_gain":0.0,"max_hp_loss":0.0,"gold_gain":0.0,"event_name":"Bonfire Elementals","player_choice":"Offered Basic","floor":21.0,"gold_loss":0.0,"damage_taken":0.0}],"is_beta":false,"boss_relics":[{"not_picked":["SacredBark","Busted Crown"],"picked":"Inserter"}],"items_purged_floors":[11,13,30],"is_endless":false,"potions_floor_spawned":[3,5,10,16,18,19,20,28,31],"killed_by":"Automaton","ascension_level":18}}