{"host":"9d83omykrosjn1d3","time":1609031118,"event":{"mods":["AchievementEnabler","BaseMod","BetterRewards","Card Forge","Downfall","Hubris","Minty Spire (QoL Compilation)","Permanent Neow","Shop Mod","StSLib","SuperFastMode","The Construct"],"gold_per_floor":[115,125,125,125,125,155,155,155],"floor_reached":7,"playtime":319,"items_purged":[],"score":74,"play_id":"ff261751-9229-407b-831b-f06a38fba2e7","local_time":"20201227100518","daily_mods":["Heirloom","Flight","downfall:Lament","DeadlyEvents","Elite Swarm"],"is_ascension_mode":false,"campfire_choices":[],"circlet_count":0,"master_deck":["construct:Strike_Gold+1","construct:Strike_Gold","construct:Strike_Gold","construct:Defend_Gold","construct:Defend_Gold","construct:Defend_Gold+1","construct:AttackMode","construct:DefenseMode","construct:FlameCore+1","construct:Autoturret+1","construct:ClockworkEgg+1"],"relics":["construct:Cogwheel","Hammer of Thor","Seething Fire","Anvil of the Gods","NeowsBlessing","Ice Cream","Molten Egg 2","Toxic Egg 2","Frozen Egg 2","construct:ClockworkPhoenix","Pear","hubris:Icosahedron","Lantern"],"acts_visited":["Exordium"],"potions_floor_usage":[],"damage_taken":[{"damage":0,"enemies":"Cultist","floor":1,"turns":2},{"damage":0,"enemies":"Small Slimes","floor":2,"turns":1},{"damage":0,"enemies":"Lagavulin","floor":6,"turns":2},{"damage":78,"enemies":"3 Sentries","floor":7,"turns":14}],"seed_played":"8591459172933345566","potions_obtained":[{"floor":6,"key":"Regen Potion"}],"is_trial":true,"path_per_floor":["M","M","?","T","?","E","E"],"character_chosen":"THE_CONSTRUCT_MOD","items_purchased":[],"campfire_rested":0,"item_purchase_floors":[],"current_hp_per_floor":[85,85,68,78,78,78,0,0],"gold":155,"neow_bonus":"","is_daily":false,"chose_seed":false,"campfire_upgraded":0,"win_rate":0.0,"timestamp":1609031118,"path_taken":["M","?","?","?","?","E","E"],"items_purchased_type":[],"build_version":"2020-12-22","purchased_purges":0,"victory":false,"max_hp_per_floor":[85,85,85,95,95,95,95,95],"card_choices":[{"not_picked":["construct:Reinforce+1","construct:FierceBash+1"],"picked":"construct:FlameCore+1","floor":1},{"not_picked":["construct:ModeShift+1","construct:MemoryTap+1"],"picked":"construct:Autoturret+1","floor":2},{"not_picked":["construct:Bunker+1","construct:LongRangeLance+1"],"picked":"construct:ClockworkEgg+1","floor":6}],"player_experience":673011,"relics_obtained":[{"floor":4,"key":"Pear"},{"floor":6,"key":"Lantern"}],"event_choices":[{"damage_healed":0,"gold_gain":0,"player_choice":"Entered Light","damage_taken":17,"max_hp_gain":0,"max_hp_loss":0,"event_name":"Shining Light","floor":3,"gold_loss":0,"cards_upgraded":["construct:Strike_Gold","construct:Defend_Gold"]}],"is_beta":false,"boss_relics":[],"items_purged_floors":[],"is_endless":false,"potions_floor_spawned":[6],"killed_by":"3 Sentries","ascension_level":0}}