{"host":"p6y17sixyu8q9v1f","time":1609078006,"event":{"mods":["BaseMod","Colored Map","Minty Spire (QoL Compilation)"],"gold_per_floor":[116,116,136,136,136,136,147,177,228,239,272,286,286,317,317,414,414,430,430,430,36,55,55,5,5,30,30,30,40,52,52,52,52,52],"floor_reached":33,"playtime":1417,"items_purged":["Defend_R+1"],"score":329,"play_id":"ad061c01-912f-4d03-b46d-0b7b05520323","local_time":"20201227080646","is_ascension_mode":true,"campfire_choices":[{"data":"Flex","floor":6,"key":"SMITH"},{"floor":13,"key":"REST"},{"floor":15,"key":"REST"},{"data":"Rampage","floor":23,"key":"SMITH"},{"data":"Flex","floor":25,"key":"SMITH"},{"data":"Flex","floor":27,"key":"SMITH"},{"floor":32,"key":"REST"}],"circlet_count":0,"master_deck":["Strike_R+1","Strike_R+1","Strike_R+1","Strike_R+1","Defend_R+1","Defend_R+1","Defend_R+1","Bash+1","Flex+1","Flex+1","Iron Wave","Rampage+1","Cleave","Clash","Flex+1","Iron Wave","Inflame","Normality","Perfected Strike","Spot Weakness","J.A.X."],"relics":["Burning Blood","NeowsBlessing","Smiling Mask","Oddly Smooth Stone","Ancient Tea Set","StrikeDummy","Cursed Key","Shuriken","Lantern"],"acts_visited":["Exordium","TheCity"],"potions_floor_usage":[11,33],"damage_taken":[{"damage":0,"enemies":"Jaw Worm","floor":1,"turns":1},{"damage":0,"enemies":"2 Louse","floor":3,"turns":1},{"damage":0,"enemies":"Cultist","floor":7,"turns":2},{"damage":45,"enemies":"Lagavulin","floor":8,"turns":6},{"damage":3,"enemies":"2 Fungi Beasts","floor":10,"turns":3},{"damage":36,"enemies":"Gremlin Nob","floor":11,"turns":4},{"damage":10,"enemies":"3 Louse","floor":12,"turns":3},{"damage":14,"enemies":"3 Sentries","floor":14,"turns":7},{"damage":46,"enemies":"Slime Boss","floor":16,"turns":11},{"damage":11,"enemies":"2 Thieves","floor":18,"turns":3},{"damage":0,"enemies":"Chosen","floor":22,"turns":3},{"damage":36,"enemies":"Snecko","floor":29,"turns":5},{"damage":31,"enemies":"Shelled Parasite and Fungi","floor":30,"turns":4},{"damage":90,"enemies":"Automaton","floor":33,"turns":6}],"seed_played":"-4483128524374662635","potions_obtained":[{"floor":8,"key":"Ancient Potion"},{"floor":10,"key":"Regen Potion"},{"floor":11,"key":"Ancient Potion"},{"floor":16,"key":"Strength Potion"},{"floor":18,"key":"BlessingOfTheForge"}],"is_trial":false,"path_per_floor":["M","?","M","?","?","R","M","E","T","M","E","M","R","E","R","B",null,"M","?","?","$","M","R","$","R","T","R","?","M","M","?","R","B"],"character_chosen":"IRONCLAD","items_purchased":["Shuriken","Iron Wave","Inflame"],"campfire_rested":3,"item_purchase_floors":[21,21,21],"current_hp_per_floor":[80,64,70,63,63,63,69,30,30,33,15,11,35,27,51,11,63,58,58,58,58,64,64,64,64,64,64,64,34,9,9,33,0,0],"gold":52,"neow_bonus":"THREE_ENEMY_KILL","is_daily":false,"chose_seed":false,"campfire_upgraded":4,"win_rate":0.0,"timestamp":1609078006,"path_taken":["M","?","M","?","?","R","M","E","T","?","E","M","R","E","R","BOSS","M","?","?","$","M","R","$","R","T","R","?","M","?","?","R","BOSS"],"items_purchased_type":["Relic","Card","Card"],"build_version":"2020-12-22","purchased_purges":1,"victory":false,"max_hp_per_floor":[80,80,80,80,80,80,80,80,80,80,80,80,80,80,80,80,80,80,80,80,80,80,80,80,80,80,80,80,80,80,80,80,80,80],"card_choices":[{"not_picked":["Shrug It Off","Havoc"],"picked":"Flex","floor":1},{"not_picked":["Rupture","Sentinel"],"picked":"Flex","floor":3},{"not_picked":["Armaments","Havoc"],"picked":"Iron Wave","floor":7},{"not_picked":["Impervious","Body Slam","Twin Strike"],"picked":"SKIP","floor":8},{"not_picked":["Impervious","Body Slam","Twin Strike"],"picked":"SKIP","floor":8},{"not_picked":["Dual Wield","Searing Blow"],"picked":"Rampage","floor":10},{"not_picked":["Ghostly Armor","Anger","Immolate"],"picked":"SKIP","floor":11},{"not_picked":["Anger","Clothesline"],"picked":"Cleave","floor":12},{"not_picked":["Blood for Blood","Cleave"],"picked":"Clash","floor":14},{"not_picked":["Cleave","Blood for Blood"],"picked":"Flex","floor":18},{"not_picked":["Ghostly Armor","Clothesline","Shrug It Off"],"picked":"SKIP","floor":22},{"not_picked":["Pummel","Wild Strike"],"picked":"Perfected Strike","floor":29},{"not_picked":["Dropkick+1","Pummel+1"],"picked":"Spot Weakness","floor":30}],"player_experience":796048,"relics_obtained":[{"floor":8,"key":"Smiling Mask"},{"floor":9,"key":"Oddly Smooth Stone"},{"floor":11,"key":"Ancient Tea Set"},{"floor":14,"key":"StrikeDummy"},{"floor":26,"key":"Lantern"}],"event_choices":[{"damage_healed":0,"gold_gain":0,"player_choice":"Entered Light","damage_taken":16,"max_hp_gain":0,"max_hp_loss":0,"event_name":"Shining Light","floor":2,"gold_loss":0,"cards_upgraded":["Strike_R","Bash"]},{"cards_removed":["Strike_R"],"damage_healed":0,"gold_gain":0,"player_choice":"Card Removal","damage_taken":7,"max_hp_gain":0,"max_hp_loss":0,"event_name":"Golden Wing","floor":4,"gold_loss":0},{"damage_healed":0,"gold_gain":0,"player_choice":"Bought 0 Potions","damage_taken":0,"max_hp_gain":0,"max_hp_loss":0,"event_name":"The Woman in Blue","floor":5,"gold_loss":0},{"damage_healed":0,"gold_gain":0,"player_choice":"Ignored","damage_taken":0,"max_hp_gain":0,"max_hp_loss":0,"event_name":"Ghosts","floor":19,"gold_loss":0},{"damage_healed":0,"gold_gain":0,"player_choice":"Simplicity","damage_taken":0,"max_hp_gain":0,"max_hp_loss":0,"event_name":"Back to Basics","floor":20,"gold_loss":0,"cards_upgraded":["Strike_R","Strike_R","Strike_R","Defend_R","Defend_R","Defend_R","Defend_R"]},{"damage_healed":0,"gold_gain":0,"cards_transformed":["Regret"],"player_choice":"Transformed","damage_taken":0,"max_hp_gain":0,"max_hp_loss":0,"event_name":"Transmorgrifier","floor":28,"gold_loss":0,"cards_obtained":["Normality"]},{"damage_healed":0,"gold_gain":0,"player_choice":"Obtain J.A.X.","damage_taken":0,"max_hp_gain":0,"max_hp_loss":0,"event_name":"Drug Dealer","floor":31,"gold_loss":0,"cards_obtained":["J.A.X."]}],"is_beta":false,"boss_relics":[{"not_picked":["Busted Crown","Pandora\u0027s Box"],"picked":"Cursed Key"}],"items_purged_floors":[24],"is_endless":false,"potions_floor_spawned":[8,10,11,16,18],"killed_by":"Automaton","ascension_level":5}}