{"host":"kjehzzhcyp0nyrrl","time":1609060178,"event":{"mods":["AchievementEnabler","Arknights The Spire","BaseMod","Custom Start","Hermit","Keyboard Shortcuts","Koishi","Minty Spire (QoL Compilation)","StSLib","SuperFastMode","The Dragon Tamer","The Gatherer","everything is the same but u backflip on backflip"],"gold_per_floor":[115,134,209,209,159,159,259,90,90,100,100,118,152,169,169,271,271,290,290,303,32,49,49,49,49,49],"floor_reached":25,"playtime":595,"items_purged":["Strike_R","Bash"],"score":305,"play_id":"4a7114f3-81d6-4445-a808-fd0d371ba7db","local_time":"20201227180938","is_ascension_mode":true,"campfire_choices":[{"data":"Armaments","floor":6,"key":"SMITH"},{"floor":11,"key":"RECALL"},{"data":"Flame Barrier","floor":15,"key":"SMITH"},{"data":"Uppercut","floor":23,"key":"SMITH"}],"circlet_count":0,"master_deck":["Strike_R","Defend_R","Defend_R","Defend_R","Infernal Blade","Twin Strike","Cleave","Flame Barrier+1","Armaments+1","Finesse","Shrug It Off","Barricade+1","Flash of Steel","Uppercut+1","Writhe"],"relics":["Burning Blood","FossilizedHelix","ats:Originium","Frozen Egg 2","Busted Crown","Unceasing Top"],"acts_visited":["Exordium","TheCity"],"potions_floor_usage":[13,18,25],"damage_taken":[{"damage":4,"enemies":"2 Louse","floor":1,"turns":3},{"damage":4,"enemies":"Jaw Worm","floor":2,"turns":3},{"damage":0,"enemies":"Cultist","floor":10,"turns":2},{"damage":0,"enemies":"Large Slime","floor":12,"turns":4},{"damage":0,"enemies":"Lagavulin","floor":13,"turns":5},{"damage":0,"enemies":"Blue Slaver","floor":14,"turns":3},{"damage":53,"enemies":"Hexaghost","floor":16,"turns":12},{"damage":0,"enemies":"Spheric Guardian","floor":18,"turns":6},{"damage":0,"enemies":"3 Byrds","floor":20,"turns":4},{"damage":16,"enemies":"Centurion and Healer","floor":22,"turns":8},{"damage":78,"enemies":"Gremlin Leader","floor":25,"turns":7}],"seed_played":"6022412651753120099","potions_obtained":[{"floor":1,"key":"Regen Potion"},{"floor":12,"key":"SteroidPotion"},{"floor":16,"key":"SkillPotion"},{"floor":20,"key":"ElixirPotion"}],"is_trial":false,"path_per_floor":["M","M","?","?","?","R","?","$","T","M","R","M","E","M","R","B",null,"M","?","M","$","M","R","?","E"],"character_chosen":"IRONCLAD","items_purchased":["Finesse","Flash of Steel","Uppercut"],"campfire_rested":0,"item_purchase_floors":[8,21,21],"current_hp_per_floor":[72,72,61,61,61,61,61,61,61,67,67,72,72,72,72,25,60,66,66,72,72,62,62,62,0,0],"gold":49,"neow_bonus":"TRANSFORM_TWO_CARDS","is_daily":false,"chose_seed":false,"campfire_upgraded":3,"win_rate":0.0,"timestamp":1609060178,"path_taken":["M","M","?","?","?","R","?","$","T","M","R","?","E","M","R","BOSS","M","?","M","$","M","R","?","E"],"items_purchased_type":["Card","Card","Card"],"build_version":"2020-12-22","purchased_purges":2,"victory":false,"max_hp_per_floor":[72,72,72,72,72,72,72,72,72,72,72,72,72,72,72,72,72,72,72,72,72,72,72,72,72,72],"card_choices":[{"not_picked":["Flame Barrier","Twin Strike"],"picked":"Cleave","floor":1},{"not_picked":["Flame Barrier","Clash","Heavy Blade"],"picked":"SKIP","floor":2},{"not_picked":["Clash","Heavy Blade"],"picked":"Flame Barrier","floor":2},{"not_picked":["Flame Barrier","Perfected Strike","Warcry"],"picked":"SKIP","floor":10},{"not_picked":["Perfected Strike","Rupture","Clothesline"],"picked":"SKIP","floor":12},{"not_picked":["Feel No Pain+1","Havoc"],"picked":"Shrug It Off","floor":13},{"not_picked":["Headbutt","Intimidate","Warcry"],"picked":"SKIP","floor":14},{"not_picked":["Feed","Juggernaut+1"],"picked":"Barricade+1","floor":16},{"not_picked":["Anger"],"picked":"SKIP","floor":18},{"not_picked":["Cleave"],"picked":"SKIP","floor":20},{"not_picked":["Anger"],"picked":"SKIP","floor":22}],"player_experience":380011,"relics_obtained":[{"floor":9,"key":"FossilizedHelix"},{"floor":13,"key":"ats:Originium"},{"floor":13,"key":"Frozen Egg 2"}],"event_choices":[{"damage_healed":0,"gold_gain":75,"player_choice":"Gather Gold","damage_taken":11,"max_hp_gain":0,"max_hp_loss":0,"event_name":"World of Goop","floor":3,"gold_loss":0},{"damage_healed":0,"gold_gain":0,"cards_transformed":["Strike_R"],"player_choice":"Change","damage_taken":0,"max_hp_gain":0,"max_hp_loss":0,"event_name":"Living Wall","floor":4,"gold_loss":0,"cards_obtained":["Armaments"]},{"cards_removed":["Strike_R"],"damage_healed":0,"gold_gain":0,"player_choice":"Card Removal","damage_taken":0,"max_hp_gain":0,"max_hp_loss":0,"event_name":"The Cleric","floor":5,"gold_loss":50},{"damage_healed":0,"gold_gain":100,"player_choice":"Gold","damage_taken":0,"max_hp_gain":0,"max_hp_loss":0,"event_name":"Wheel of Change","floor":7,"gold_loss":0},{"damage_healed":0,"gold_gain":0,"player_choice":"Ignored","damage_taken":0,"max_hp_gain":0,"max_hp_loss":0,"event_name":"Ghosts","floor":19,"gold_loss":0},{"damage_healed":0,"gold_gain":0,"player_choice":"Opened","damage_taken":0,"relics_obtained":["Unceasing Top"],"max_hp_gain":0,"max_hp_loss":0,"event_name":"The Mausoleum","floor":24,"gold_loss":0,"cards_obtained":["Writhe"]}],"is_beta":false,"boss_relics":[{"not_picked":["Cursed Key","Empty Cage"],"picked":"Busted Crown"}],"items_purged_floors":[8,21],"is_endless":false,"potions_floor_spawned":[1,12,16,20],"killed_by":"Gremlin Leader","ascension_level":7}}