{"host":"u0f5uy314yz7olfc","time":1609041037,"event":{"mods":["AchievementEnabler","Aspiration","BaseMod","Better Altar","Better Match","Better Note","Better Sensory Stone","Better Skull","Better Third Choice","BetterRewards","Block Reminder","Colored Map","Colored Powertips","DeckTracker","Dota2Spire","Emptier Cage","Gold Saver","Highlight Path","Hubris","Infinite Spire","Marked Mod","Mimic Mod","Minty Spire (QoL Compilation)","Permanent Neow","Quick Restart","Rare Cards Sparkle","Relic Sorter","Replay The Spire","Shop Mod","StSLib","The Bladedancer","The Blue Laboratory","Watcher Patcher"],"gold_per_floor":[117,176,190,28,43,43,34,34,34,1,1,13,13,78,78,178,178,198,117,117,77,77,77],"floor_reached":22,"playtime":1155,"items_purged":[],"score":222,"play_id":"de6013ae-4deb-4d6f-83e1-01f583745d60","local_time":"20201227105037","is_ascension_mode":false,"campfire_choices":[{"floor":6.0,"key":"REST"},{"floor":8.0,"key":"RECALL"},{"floor":15.0,"key":"REST"}],"circlet_count":0,"master_deck":["Strike_R","Strike_R","Strike_R","Strike_R","Strike_R","Defend_R","Defend_R","Defend_R","Defend_R","Bash","Dark Embrace","Anger","Feel No Pain","Discovery","Good Instincts","Anger","Dual Wield","Pommel Strike","True Grit","Rupture","Shockwave","Flex","Cleave","Flex","Heavy Blade","Life Link","Uppercut","Normality","Demon Form","Demon Form","Run Through","PanicButton","ReplayTheSpireMod:Private Reserves","Flex","Flex"],"relics":["Black Blood","ReplayTheSpireMod:Ring of Challenge","infinitespire:Golems Mask","MerchantsRug","hubris:ChampionShield","Ring of Fury"],"acts_visited":["Exordium","TheCity"],"potions_floor_usage":[],"damage_taken":[{"damage":12.0,"enemies":"2 Louse","floor":1.0,"turns":5.0},{"damage":6.0,"enemies":"Small Slimes","floor":3.0,"turns":2.0},{"damage":7.0,"enemies":"Jaw Worm","floor":5.0,"turns":4.0},{"damage":28.0,"enemies":"Exordium Thugs","floor":12.0,"turns":6.0},{"damage":13.0,"enemies":"Large Slime","floor":14.0,"turns":6.0},{"damage":52.0,"enemies":"Slime Boss","floor":16.0,"turns":8.0},{"damage":88.0,"enemies":"3 Byrds","floor":18.0,"turns":7.0},{"damage":0,"enemies":"2 Thieves","floor":22,"turns":1}],"seed_played":"9118781485433700366","potions_obtained":[{"floor":2.0,"key":"Languid Potion"},{"floor":3.0,"key":"Swift Potion"},{"floor":5.0,"key":"blueLaboratory:BottledHope"},{"floor":18.0,"key":"SkillPotion"}],"is_trial":false,"path_per_floor":["M","?","M","$","M","R","$","R","T","$","?","M","?","M","R","B",null,"M","$","?","$","M"],"character_chosen":"IRONCLAD","items_purchased":["infinitespire:Golems Mask","ReplayTheSpireMod:ShopPack","MerchantsRug","Dark Embrace","Anger","Feel No Pain","Rupture","Shockwave","Flex","Flex","Heavy Blade","Life Link","PanicButton","Flex"],"campfire_rested":2,"item_purchase_floors":[0,0,0,0,0,0,4,4,4,7,7,10,19,21],"current_hp_per_floor":[38,38,38,38,37,61,61,61,61,61,90,68,68,61,88,42,90,14,14,14,14,14,14],"gold":77,"neow_bonus":"","is_daily":false,"chose_seed":false,"campfire_upgraded":0,"win_rate":0.0,"timestamp":1609041037,"path_taken":["M","?","M","$","M","R","?","R","T","$","?","?","?","M","R","BOSS","M","$","?","$","?"],"items_purchased_type":["Relic","Relic","Relic","Card","Card","Card","Card","Card","Card","Card","Card","Card","Card","Card"],"build_version":"2020-12-22","purchased_purges":0,"victory":false,"max_hp_per_floor":[80,80,80,80,80,80,80,80,80,80,90,90,90,90,90,90,90,90,90,90,90,90,90],"card_choices":[{"not_picked":["Replay:Dark Deal","HandOfGreed"],"picked":"ReplayUltimateDefense","floor":0.0},{"not_picked":["Panacea","hubris:Ssssneak"],"picked":"Discovery","floor":0.0},{"not_picked":["Finesse","Specialist"],"picked":"Good Instincts","floor":0.0},{"not_picked":["Abandon","Dark Embrace"],"picked":"Anger","floor":1.0},{"not_picked":["Battle Trance","Abandon"],"picked":"Dual Wield","floor":2.0},{"not_picked":["Blood for Blood","Abandon"],"picked":"Pommel Strike","floor":2.0},{"not_picked":["ReplayTheSpireMod:Limb From Limb","Blood for Blood"],"picked":"True Grit","floor":3.0},{"not_picked":["ReplayTheSpireMod:Limb From Limb","Shrug It Off"],"picked":"Cleave","floor":5.0},{"not_picked":["Body Slam","WheelKick"],"picked":"Uppercut","floor":12.0},{"not_picked":["True Grit","Armaments"],"picked":"Demon Form","floor":14.0},{"not_picked":["Corruption","Exhume"],"picked":"Demon Form","floor":16.0},{"not_picked":["ReplayTheSpireMod:Corrosion Curse+1","Abandon"],"picked":"Run Through","floor":18.0}],"player_experience":332041,"relics_obtained":[{"floor":2.0,"key":"hubris:ChampionShield"},{"floor":13.0,"key":"ReplayTheSpireMod:Ring of Challenge"},{"floor":13.0,"key":"Ring of Fury"}],"event_choices":[{"cards_removed":["ReplayUltimateDefense"],"damage_healed":19.0,"max_hp_gain":10.0,"max_hp_loss":0.0,"gold_gain":0.0,"event_name":"Bonfire Elementals","player_choice":"Offered Rare","floor":11.0,"gold_loss":0.0,"damage_taken":0.0},{"cards_removed":["Discovery"],"damage_healed":0.0,"max_hp_gain":0.0,"max_hp_loss":0.0,"gold_gain":0.0,"event_name":"betterNote:BetterNote","player_choice":"Take \u0026 Give","floor":20.0,"gold_loss":0.0,"damage_taken":0.0,"cards_obtained":["ReplayTheSpireMod:Private Reserves"]}],"is_beta":false,"boss_relics":[{"not_picked":["Ectoplasm","aspiration:SecretTechniqueScroll"],"picked":"Black Blood"}],"items_purged_floors":[],"is_endless":false,"potions_floor_spawned":[3,5,18],"killed_by":"2 Thieves","ascension_level":0}}