{"host":"7mrmd33mpx7q5wx9","time":1609047457,"event":{"mods":["AchievementEnabler","BaseMod","BetterRewards","Colored Map","Defuse TimeMaze Blight","Minty Spire (QoL Compilation)","Permanent Neow","Quick Restart","StSLib","SuperFastMode"],"gold_per_floor":[109,127,127,139,157,185,185,241,241,241,241,241],"floor_reached":11,"playtime":543,"items_purged":[],"score":80,"play_id":"22fa9d6b-b494-460e-95b6-d9159303f799","local_time":"20201226233737","is_ascension_mode":true,"campfire_choices":[{"data":"Eruption","floor":7,"key":"SMITH"}],"circlet_count":0,"master_deck":["Strike_P","Strike_P","Strike_P","Strike_P","Defend_P","Defend_P","Defend_P","Defend_P","Eruption+1","Vigilance","Tantrum","EmptyFist","WreathOfFlame","BowlingBash","FearNoEvil","JustLucky","Parasite"],"relics":["VioletLotus","Gambling Chip","White Beast Statue","Sundial","Pear"],"acts_visited":["Exordium"],"potions_floor_usage":[8,11],"damage_taken":[{"damage":3,"enemies":"Jaw Worm","floor":1,"turns":4},{"damage":1,"enemies":"2 Louse","floor":2,"turns":2},{"damage":4,"enemies":"Small Slimes","floor":4,"turns":4},{"damage":0,"enemies":"Exordium Wildlife","floor":5,"turns":3},{"damage":14,"enemies":"3 Sentries","floor":6,"turns":5},{"damage":18,"enemies":"Lagavulin Event","floor":8,"turns":3},{"damage":25,"enemies":"Lagavulin","floor":11,"turns":5}],"seed_played":"3030331535693646029","potions_obtained":[{"floor":4,"key":"BlessingOfTheForge"},{"floor":6,"key":"StancePotion"},{"floor":8,"key":"SneckoOil"}],"is_trial":false,"path_per_floor":["M","M","?","M","M","E","R","?","T","?","E"],"character_chosen":"WATCHER","items_purchased":[],"campfire_rested":0,"item_purchase_floors":[],"current_hp_per_floor":[69,68,65,61,61,47,47,29,39,59,34,34],"gold":241,"neow_bonus":"BOSS_RELIC","is_daily":false,"chose_seed":false,"campfire_upgraded":1,"win_rate":0.0,"timestamp":1609047457,"path_taken":["M","M","?","M","M","E","R","?","T","?","E"],"items_purchased_type":[],"build_version":"2020-12-22","purchased_purges":0,"victory":false,"max_hp_per_floor":[72,72,72,72,72,72,72,72,82,82,82,82],"card_choices":[{"not_picked":["FlyingSleeves","Protect"],"picked":"Tantrum","floor":1},{"not_picked":["FollowUp","JustLucky"],"picked":"EmptyFist","floor":2},{"not_picked":["Study","EmptyFist"],"picked":"WreathOfFlame","floor":4},{"not_picked":["Weave","Meditate"],"picked":"BowlingBash","floor":5},{"not_picked":["DeceiveReality","SashWhip"],"picked":"FearNoEvil","floor":6},{"not_picked":["FollowUp","ForeignInfluence"],"picked":"JustLucky","floor":8}],"player_experience":353685,"relics_obtained":[{"floor":6,"key":"White Beast Statue"},{"floor":8,"key":"Sundial"},{"floor":9,"key":"Pear"}],"event_choices":[{"damage_healed":0,"gold_gain":0,"player_choice":"Success","damage_taken":3,"relics_obtained":["Gambling Chip"],"max_hp_gain":0,"max_hp_loss":0,"event_name":"Scrap Ooze","floor":3,"gold_loss":0},{"damage_healed":0,"gold_gain":0,"player_choice":"Searched \u00271\u0027 times","damage_taken":0,"max_hp_gain":0,"max_hp_loss":0,"event_name":"Dead Adventurer","floor":8,"gold_loss":0},{"damage_healed":20,"gold_gain":0,"player_choice":"Healed and dodged fight","damage_taken":0,"max_hp_gain":0,"max_hp_loss":0,"event_name":"Mushrooms","floor":10,"gold_loss":0,"cards_obtained":["Parasite"]}],"is_beta":false,"boss_relics":[],"items_purged_floors":[],"is_endless":false,"potions_floor_spawned":[4,6,8],"killed_by":"Lagavulin","ascension_level":2}}