{"host":"4nqeo0vu1vuav7gg","time":1609072460,"event":{"mods":["AchievementEnabler","BaseMod","Block Reminder","Colored Map","Colored Powertips","Highlight Path","Minty Spire (QoL Compilation)","Quick Restart","Rare Cards Sparkle","Relic Relevance Reorder","StSLib"],"gold_per_floor":[118,132,132,150,115,149,169,169,169],"floor_reached":8,"playtime":319,"items_purged":[],"score":110,"play_id":"a7ebfa82-1f6e-41a4-b4b9-c7a7262f58a0","local_time":"20201227133420","is_ascension_mode":true,"campfire_choices":[],"circlet_count":0,"master_deck":["AscendersBane","Strike_B","Strike_B","Strike_B","Defend_B","Defend_B","Defend_B","Defend_B","Zap","Dualcast","Turbo","Go for the Eyes","Conserve Battery","Auto Shields","Reinforced Body"],"relics":["Cracked Core","Ancient Tea Set"],"acts_visited":["Exordium"],"potions_floor_usage":[6],"damage_taken":[{"damage":8.0,"enemies":"Small Slimes","floor":1.0,"turns":6.0},{"damage":1.0,"enemies":"Cultist","floor":2.0,"turns":4.0},{"damage":17.0,"enemies":"2 Louse","floor":4.0,"turns":4.0},{"damage":45,"enemies":"3 Sentries","floor":6,"turns":7},{"damage":1,"enemies":"Exordium Wildlife","floor":7,"turns":5},{"damage":0,"enemies":"Lagavulin","floor":8,"turns":1}],"seed_played":"7390482551813204112","potions_obtained":[{"floor":4.0,"key":"EssenceOfDarkness"}],"is_trial":false,"path_per_floor":["M","M","$","M","?","E","M","E"],"character_chosen":"DEFECT","items_purchased":[],"campfire_rested":0,"item_purchase_floors":[],"current_hp_per_floor":[56,55,55,38,55,10,9,9,9],"gold":169,"neow_bonus":"REMOVE_CARD","is_daily":false,"chose_seed":false,"campfire_upgraded":0,"win_rate":0.0,"timestamp":1609072460,"path_taken":["M","M","$","M","?","E","M","E"],"items_purchased_type":[],"build_version":"2020-12-22","purchased_purges":0,"victory":false,"max_hp_per_floor":[71,71,71,71,71,71,71,71,71],"card_choices":[{"not_picked":["Barrage","Steam Power"],"picked":"Turbo","floor":1.0},{"not_picked":["Beam Cell","Aggregate"],"picked":"Go for the Eyes","floor":2.0},{"not_picked":["Cold Snap","Rebound"],"picked":"Conserve Battery","floor":4.0},{"not_picked":["Coolheaded","Steam Power"],"picked":"Auto Shields","floor":6},{"not_picked":["Go for the Eyes","Rebound"],"picked":"Reinforced Body","floor":7}],"player_experience":1020561,"relics_obtained":[{"floor":6,"key":"Ancient Tea Set"}],"event_choices":[{"damage_healed":17.0,"max_hp_gain":0.0,"max_hp_loss":0.0,"gold_gain":0.0,"event_name":"The Cleric","player_choice":"Healed","floor":5.0,"gold_loss":35.0,"damage_taken":0.0}],"is_beta":false,"boss_relics":[],"items_purged_floors":[],"is_endless":false,"potions_floor_spawned":[4],"killed_by":"Lagavulin","ascension_level":18}}