{"host":"mj8akmyfd5lo602f","time":1609095514,"event":{"mods":["2.2 Compatiblity","Act Like it!","BaseMod","Bestiary","BshForSts","Colored Map","Colored Powertips","Downfall","Highlight Path","Minty Spire (QoL Compilation)","Permanent Neow","Relic Stats","StSLib","The Servant 0.9.4"],"gold_per_floor":[99,118,137,154,168,93,116,135,135,148,178,178,88,113,129,229,229,229,240,125,143,169,169,169,180,105,140,150,178,103,103,123,220,220,220,239,251,263,263,101,148,167,186,160,160,160,160,160,180,180,180,212,56,56,56],"floor_reached":56,"playtime":3630,"items_purged":["Regret","champ:Execute","Decay"],"score":1316,"play_id":"835cb193-0cfe-4ab6-aad8-17f1faa4acb6","local_time":"20201227185834","is_ascension_mode":false,"campfire_choices":[{"floor":1.0,"key":"RECALL"},{"data":"champ:DefensiveStyle","floor":6.0,"key":"SMITH"},{"data":"champ:ShieldThrow","floor":9.0,"key":"SMITH"},{"data":"champ:Improvising","floor":18.0,"key":"SMITH"},{"data":"champ:Circumvent","floor":26.0,"key":"SMITH"},{"data":"champ:Circumvent","floor":30.0,"key":"SMITH"},{"data":"champ:Improvising","floor":35.0,"key":"SMITH"},{"data":"champ:HoldFirm","floor":45.0,"key":"SMITH"},{"data":"champ:FocusedDefense","floor":54,"key":"SMITH"}],"circlet_count":0,"master_deck":["champ:Strike+1","champ:Strike","champ:Strike","champ:Defend+1","champ:Defend+1","champ:Defend","champ:Defend","champ:SwordSigil","champ:DefensiveStyle+1","champ:SwordSigil","champ:SkillfulDodge+1","champ:ShieldThrow+1","champ:DefensiveShout","champ:Circumvent+1","champ:ShieldWall+1","champ:Improvising+1","champ:Circumvent+1","champ:Balance","champ:ArenaPreparation+1","champ:HoldFirm+1","champ:Improvising+1","champ:SwordSigil+1","champ:FalseCounter+1","champ:TornadoPunch+1","champ:ShieldSigil+1","champ:Circumvent","champ:TornadoPunch","expansioncontent:Chronoboost","champ:SwordSigil","champ:FocusedDefense+1","champ:SwordSigil"],"relics":["champ:ChampionCrown","downfall:HeartBlessingRed","champ:DefensiveTrainingManual","Akabeko","Odd Mushroom","Cursed Key","Red Mask","downfall:HeartBlessingBlue","Art of War","Sundial","downfall:HeartBlessingGreen","sneckomod:SneckoTalon","Orrery","Nunchaku","Letter Opener","CaptainsWheel"],"acts_visited":["Exordium","TheCity","TheBeyond","TheEnding"],"potions_floor_usage":[],"damage_taken":[{"damage":5.0,"enemies":"Small Slimes","floor":2.0,"turns":4.0},{"damage":5.0,"enemies":"Jaw Worm","floor":3.0,"turns":2.0},{"damage":5.0,"enemies":"2 Louse","floor":4.0,"turns":2.0},{"damage":20.0,"enemies":"Exordium Thugs","floor":5.0,"turns":7.0},{"damage":13.0,"enemies":"Gremlin Gang","floor":8.0,"turns":2.0},{"damage":0.0,"enemies":"Large Slime","floor":10.0,"turns":5.0},{"damage":19.0,"enemies":"Gremlin Nob","floor":11.0,"turns":3.0},{"damage":1.0,"enemies":"downfall:FleeingMerchant","floor":13.0,"turns":4.0},{"damage":3.0,"enemies":"The Mushroom Lair","floor":14.0,"turns":2.0},{"damage":8.0,"enemies":"Red Slaver","floor":15.0,"turns":2.0},{"damage":0.0,"enemies":"downfall:Silent","floor":16.0,"turns":7.0},{"damage":2.0,"enemies":"Shell Parasite","floor":19.0,"turns":3.0},{"damage":0.0,"enemies":"downfall:FleeingMerchant","floor":20.0,"turns":4.0},{"damage":11.0,"enemies":"Chosen","floor":21.0,"turns":4.0},{"damage":5.0,"enemies":"Masked Bandits","floor":22.0,"turns":5.0},{"damage":3.0,"enemies":"Shelled Parasite and Fungi","floor":25.0,"turns":4.0},{"damage":14.0,"enemies":"Gremlin Leader","floor":27.0,"turns":4.0},{"damage":1.0,"enemies":"Centurion and Healer","floor":28.0,"turns":3.0},{"damage":17.0,"enemies":"Book of Stabbing","floor":29.0,"turns":5.0},{"damage":24.0,"enemies":"Cultist and Chosen","floor":32.0,"turns":6.0},{"damage":20.0,"enemies":"downfall:Watcher","floor":33.0,"turns":3.0},{"damage":5.0,"enemies":"3 Shapes","floor":36.0,"turns":3.0},{"damage":10.0,"enemies":"3 Darklings","floor":37.0,"turns":9.0},{"damage":5.0,"enemies":"Maw","floor":38.0,"turns":6.0},{"damage":20.0,"enemies":"downfall:FleeingMerchant","floor":40.0,"turns":4.0},{"damage":2.0,"enemies":"Jaw Worm Horde","floor":42.0,"turns":4.0},{"damage":14.0,"enemies":"Spire Growth","floor":43.0,"turns":2.0},{"damage":0.0,"enemies":"downfall:FleeingMerchant","floor":44.0,"turns":3.0},{"damage":15,"enemies":"Writhing Mass","floor":49,"turns":3},{"damage":20,"enemies":"downfall:Ironclad","floor":50,"turns":9},{"damage":5,"enemies":"downfall:CharBossMerchant","floor":52,"turns":8},{"damage":24,"enemies":"downfall:NeowBoss","floor":55,"turns":24}],"seed_played":"6716531089027862982","potions_obtained":[{"floor":5.0,"key":"Fire Potion"},{"floor":8.0,"key":"Block Potion"},{"floor":10.0,"key":"DistilledChaos"},{"floor":14.0,"key":"Swift Potion"},{"floor":15.0,"key":"sneckomod:MuddlingPotion"},{"floor":21.0,"key":"LiquidBronze"},{"floor":25.0,"key":"FearPotion"},{"floor":29.0,"key":"PowerPotion"},{"floor":33.0,"key":"FearPotion"},{"floor":38.0,"key":"CultistPotion"}],"is_trial":false,"path_per_floor":["R","M","M","M","M","R","T","M","R","M","E","?","$","?","M","B",null,"R","M","$","M","?","?","T","M","R","E","M","E","R","?","M","B",null,"R","M","M","M","?","$","T","M","M","$","R","?","?","?","M","B",null,"E","$","R","B",null],"character_chosen":"THE_CHAMP","items_purchased":["Orrery","Letter Opener","champ:FocusedDefense","champ:SwordSigil"],"campfire_rested":0,"item_purchase_floors":[40,44,53,53],"current_hp_per_floor":[90,90,90,90,75,75,75,62,62,62,48,48,47,44,36,36,90,90,88,88,77,72,72,72,69,79,70,69,62,62,62,43,43,100,100,100,100,100,92,92,92,90,81,81,81,81,81,81,81,76,100,100,100,100,96],"gold":56,"neow_bonus":"UPGRADE_CARD","is_daily":false,"chose_seed":false,"campfire_upgraded":8,"win_rate":0.0,"timestamp":1609095514,"path_taken":["R","M","M","M","M","R","T","M","R","M","E","?","$","?","M","BOSS","R","M","$","M","?","?","T","M","R","E","?","E","R","?","M","BOSS","R","M","?","M","?","$","T","?","M","$","R","?","?","?","M","BOSS","E","$","R","BOSS"],"items_purchased_type":["Relic","Relic","Card","Card"],"build_version":"2020-12-22","purchased_purges":3,"victory":true,"max_hp_per_floor":[90,90,90,90,90,90,90,90,90,90,90,90,90,90,90,90,90,90,90,90,90,90,90,90,90,100,100,100,100,100,100,100,100,100,100,100,100,100,100,100,100,100,100,100,100,100,100,100,100,100,100,100,100,100,100],"relic_stats":{"Nunchaku":[7],"counters":[32,156],"Sundial":[6],"Art of War":[29],"Letter Opener":[108],"Cursed Key":2,"obtain_stats":[{"downfall:HeartBlessingRed":6,"champ:ChampionCrown":0,"downfall:HeartBlessingGreen":30,"Letter Opener":44,"Odd Mushroom":14,"Cursed Key":17,"sneckomod:SneckoTalon":34,"Akabeko":11,"Nunchaku":41,"CaptainsWheel":52,"champ:DefensiveTrainingManual":7,"downfall:HeartBlessingBlue":26,"Sundial":29,"Orrery":40,"Red Mask":22,"Art of War":27},{"downfall:HeartBlessingRed":4,"champ:ChampionCrown":0,"downfall:HeartBlessingGreen":19,"Letter Opener":28,"Odd Mushroom":9,"Cursed Key":11,"sneckomod:SneckoTalon":21,"Akabeko":7,"Nunchaku":25,"CaptainsWheel":31,"champ:DefensiveTrainingManual":4,"downfall:HeartBlessingBlue":16,"Sundial":19,"Orrery":25,"Red Mask":15,"Art of War":17},{"downfall:HeartBlessingRed":15,"champ:ChampionCrown":0,"downfall:HeartBlessingGreen":72,"Letter Opener":112,"Odd Mushroom":31,"Cursed Key":40,"sneckomod:SneckoTalon":81,"Akabeko":25,"Nunchaku":103,"CaptainsWheel":132,"champ:DefensiveTrainingManual":15,"downfall:HeartBlessingBlue":60,"Sundial":72,"Orrery":103,"Red Mask":56,"Art of War":64}]},"card_choices":[{"not_picked":["champ:GutPunch","champ:EnGarde"],"picked":"champ:SwordSigil","floor":2.0},{"not_picked":["champ:RageSigil","champ:BerserkersShout"],"picked":"champ:DefensiveStyle","floor":3.0},{"not_picked":["champ:EndlessRage","champ:BerserkerStyle"],"picked":"champ:SwordSigil","floor":4.0},{"not_picked":["champ:GladiatorsShout","champ:FanOfKnives"],"picked":"champ:SkillfulDodge","floor":5.0},{"not_picked":["champ:PerfectedStrike","champ:Shatter"],"picked":"champ:ShieldThrow","floor":8.0},{"not_picked":["champ:FanOfKnives","champ:BladeFlurry"],"picked":"champ:DefensiveShout","floor":10.0},{"not_picked":["champ:BringItOn","champ:ShieldSigil","champ:FaceSlap"],"picked":"SKIP","floor":11.0},{"not_picked":["champ:DefensiveShout","champ:CalledShot"],"picked":"champ:Circumvent","floor":13.0},{"not_picked":["champ:FocusedGladiator","champ:GladiatorsShout"],"picked":"champ:ShieldWall","floor":14.0},{"not_picked":["champ:DefensiveShout","champ:ShieldWall","champ:GutPunch"],"picked":"SKIP","floor":15.0},{"not_picked":["champ:VampiricStrike","champ:StrikeOfGenius"],"picked":"champ:Improvising","floor":16.0},{"not_picked":["champ:Balance","champ:ShieldWall","champ:GladiatorsShout"],"picked":"SKIP","floor":19.0},{"not_picked":["champ:ShieldSigil","champ:FocusedBerserking+1","champ:CrookedStrike"],"picked":"SKIP","floor":20.0},{"not_picked":["champ:ShieldSigil","champ:BladeFlurry"],"picked":"champ:Circumvent","floor":21.0},{"not_picked":["champ:HeartStrike","champ:GutPunch"],"picked":"champ:ArenaPreparation+1","floor":25.0},{"not_picked":["champ:Shatter+1","champ:DefensiveShout","champ:BerserkersShout"],"picked":"SKIP","floor":27.0},{"not_picked":["champ:ShieldSigil","champ:Backstep","champ:Shatter+1"],"picked":"SKIP","floor":28.0},{"not_picked":["champ:BerserkerStyle","champ:RapidStrikes","champ:FocusedBerserking"],"picked":"SKIP","floor":29.0},{"not_picked":["champ:PerfectedStrike","champ:Riposte"],"picked":"champ:HoldFirm","floor":32.0},{"not_picked":["champ:Devastate","champ:CrownThrow"],"picked":"champ:Improvising","floor":33.0},{"not_picked":["champ:Haymaker","champ:EnragedBash","champ:PerfectedStrike"],"picked":"SKIP","floor":36.0},{"not_picked":["champ:CalledShot","champ:Shatter+1"],"picked":"champ:SwordSigil+1","floor":37.0},{"not_picked":["champ:FocusedGladiator","champ:DeathBlow+1"],"picked":"champ:FalseCounter+1","floor":38.0},{"not_picked":["champ:FlashCut+1","champ:AdrenalArmor+1","champ:GutPunch"],"picked":"SKIP","floor":40.0},{"not_picked":["champ:Encircle","champ:Control"],"picked":"champ:TornadoPunch+1","floor":40.0},{"not_picked":["champ:RisingSlash+1","champ:Encircle+1"],"picked":"champ:ShieldSigil+1","floor":40.0},{"not_picked":["champ:StanceDance","champ:DefensiveShout"],"picked":"champ:Circumvent","floor":40.0},{"not_picked":["champ:FocusedBerserking+1","champ:PerfectedStrike+1","champ:StanceDance"],"picked":"SKIP","floor":42.0},{"not_picked":["champ:BringItOn","champ:StanceDance+1","champ:GutPunch"],"picked":"SKIP","floor":43.0},{"not_picked":["champ:EnchantCrown","champ:GutPunch+1"],"picked":"champ:TornadoPunch","floor":44.0},{"not_picked":["expansioncontent:Hexaburn","expansioncontent:Torchfire"],"picked":"expansioncontent:Chronoboost","floor":47},{"not_picked":["champ:StanceDance+1","champ:IronFortress","champ:FlashCut+1"],"picked":"SKIP","floor":49},{"not_picked":["champ:GutPunch+1","champ:DefensiveShout+1"],"picked":"champ:SwordSigil","floor":52}],"player_experience":455229,"relics_obtained":[{"floor":7.0,"key":"champ:DefensiveTrainingManual"},{"floor":11.0,"key":"Akabeko"},{"floor":14.0,"key":"Odd Mushroom"},{"floor":22.0,"key":"Red Mask"},{"floor":27.0,"key":"Art of War"},{"floor":29.0,"key":"Sundial"},{"floor":41.0,"key":"Nunchaku"},{"floor":52,"key":"CaptainsWheel"}],"event_choices":[{"damage_healed":0.0,"max_hp_gain":0.0,"max_hp_loss":0.0,"gold_gain":0.0,"event_name":"Mushrooms","player_choice":"Fought Mushrooms","floor":14.0,"gold_loss":0.0,"damage_taken":0.0},{"damage_healed":0.0,"max_hp_gain":0.0,"max_hp_loss":0.0,"gold_gain":0.0,"event_name":"Masked Bandits","player_choice":"Fought Bandits","floor":22.0,"gold_loss":0.0,"damage_taken":0.0},{"damage_healed":0.0,"max_hp_gain":0.0,"max_hp_loss":0.0,"gold_gain":0.0,"cards_transformed":["champ:Strike"],"event_name":"Transmorgrifier","player_choice":"Transformed","floor":23.0,"gold_loss":0.0,"damage_taken":0.0,"cards_obtained":["champ:Balance"]},{"damage_healed":0.0,"max_hp_gain":0.0,"max_hp_loss":0.0,"gold_gain":0.0,"event_name":"Accursed Blacksmith","player_choice":"Forge","floor":31.0,"gold_loss":0.0,"damage_taken":0.0,"cards_upgraded":["champ:ShieldWall"]},{"cards_removed":["champ:Taunt"],"damage_healed":0,"gold_gain":0,"player_choice":"Removed Skill","damage_taken":0,"max_hp_gain":0,"max_hp_loss":0,"event_name":"Falling","floor":48,"gold_loss":0}],"is_beta":false,"boss_relics":[{"not_picked":["SacredBark","Velvet Choker"],"picked":"Cursed Key"},{"not_picked":["expansioncontent:StudyCardRelic","Calling Bell"],"picked":"sneckomod:SneckoTalon"}],"items_purged_floors":[13,20,44],"is_endless":false,"potions_floor_spawned":[5,8,10,14,15,21,25,29,32,33,38,43],"ascension_level":0}}