{"host":"uae2ry9d6rl7cq98","time":1609044202,"event":{"mods":["AchievementEnabler","BaseMod","BetterRewards","Colored Map","Custom Start","Hermit","Hubris","Infinite Spire","Minty Spire (QoL Compilation)","Replay The Spire","Shop Mod","StSLib","SuperFastMode","The Animator","The Hierophant","The Servant 0.9.4"],"gold_per_floor":[112,112,124,124,136,136,163,163,189,202,202,222,255,255,255,352,352,368,368,378,44,44,44,44,44,115,115,115,133,145,158,158,257,257,273,283,283,301,318,318,334,334,360,360,360,372,372,389,389,389,389,389,18,51,51,51],"floor_reached":55,"playtime":3246,"items_purged":["Strike_S","Amnesia","Strike_S"],"score":954,"play_id":"584f4561-206e-496d-ba02-cfca6fe5ab6d","local_time":"20201226204322","is_ascension_mode":false,"campfire_choices":[{"floor":6.0,"key":"RECALL"},{"floor":8.0,"key":"REST"},{"data":"Revamp","floor":11.0,"key":"SMITH"},{"floor":15.0,"key":"REST"},{"data":"SilverBlades","floor":24,"key":"SMITH"},{"data":"KillingDoll","floor":28,"key":"SMITH"},{"floor":32,"key":"REST"},{"floor":40,"key":"REST"},{"data":"WasteNot","floor":42,"key":"SMITH"},{"floor":49,"key":"REST"},{"floor":52,"key":"DIG"}],"circlet_count":0,"master_deck":["Defend_S","Defend_S","Defend_S","KidneyShot+1","Exchange","RealityMarble+1","Rearm","Advance","Revamp+1","KillingDoll+1","SilverBlades+1","Ricochet","Snipe","hubris:InfiniteBlow+168","infinitespire:Oblivion","InstantArmor","Rearm+1","Sunlight","WasteNot+1","Rearm+1","Rearm","hubris:InfiniteBlow+168","ShiftingGears"],"relics":["Uniform","Replay:Baseball","infinitespire:Lucky Rock","Replay:Bottled Flurry","Philosopher\u0027s Stone","hubris:Towel","Shuriken","Mercury Hourglass","Shovel","Cursed Key","Smiling Mask","Bronze Scales","infinitespire:EvilPickle","StrikeDummy","infinitespire:WardingShard","Replay:Wax Seal"],"acts_visited":["TheCity","TheBeyond","TheEnding"],"potions_floor_usage":[16,39,39,55,55],"damage_taken":[{"damage":1.0,"enemies":"Cultist","floor":1.0,"turns":4.0},{"damage":0.0,"enemies":"Small Slimes","floor":3.0,"turns":3.0},{"damage":2.0,"enemies":"2 Louse","floor":5.0,"turns":4.0},{"damage":48.0,"enemies":"Lagavulin","floor":7.0,"turns":13.0},{"damage":2.0,"enemies":"Large Slime","floor":10.0,"turns":5.0},{"damage":0.0,"enemies":"Looter","floor":12.0,"turns":4.0},{"damage":29.0,"enemies":"Gremlin Nob","floor":13.0,"turns":6.0},{"damage":15,"enemies":"The Guardian","floor":16,"turns":23},{"damage":11,"enemies":"Spheric Guardian","floor":18,"turns":4},{"damage":5,"enemies":"3 Byrds","floor":20,"turns":8},{"damage":5,"enemies":"Centurion and Healer","floor":29,"turns":3},{"damage":0,"enemies":"Sentry and Sphere","floor":30,"turns":2},{"damage":8,"enemies":"Snake Plant","floor":31,"turns":2},{"damage":16,"enemies":"Pondfish","floor":33,"turns":3},{"damage":35,"enemies":"3 Shapes","floor":35,"turns":3},{"damage":1,"enemies":"Orb Walker","floor":36,"turns":3},{"damage":8,"enemies":"Sphere and 2 Shapes","floor":38,"turns":4},{"damage":0,"enemies":"4 Shapes","floor":39,"turns":2},{"damage":1,"enemies":"Writhing Mass","floor":41,"turns":2},{"damage":0,"enemies":"Maw","floor":46,"turns":1},{"damage":0,"enemies":"Sphere and 2 Shapes","floor":48,"turns":3},{"damage":0,"enemies":"hubris:GrandSnecko","floor":50,"turns":1},{"damage":0,"enemies":"Shield and Spear","floor":54,"turns":3},{"damage":103,"enemies":"The Heart","floor":55,"turns":3}],"seed_played":"88668011715461362","potions_obtained":[{"floor":1.0,"key":"Energy Potion"},{"floor":10.0,"key":"GamblersBrew"},{"floor":12.0,"key":"SpeedPotion"},{"floor":13.0,"key":"Adrenaline Potion"},{"floor":20,"key":"Swift Potion"},{"floor":29,"key":"AttackPotion"},{"floor":33,"key":"BlessingOfTheForge"},{"floor":38,"key":"SteroidPotion"},{"floor":39,"key":"Block Potion"}],"is_trial":false,"path_per_floor":["M","?","M","?","M","R","E","R","T","M","R","M","E","?","R","B",null,"M","?","M","$","?","AVR","R","?","T","T","R","M","M","M","R","B",null,"M","M","?","M","M","R","M","R","T","?","?","M","AVR","M","R","B",null,"R","$","E","B"],"character_chosen":"THE_SERVANT","items_purchased":["SilverBlades","Shuriken","infinitespire:WardingShard","DistilledChaos"],"campfire_rested":5,"item_purchase_floors":[21,21,53,53],"current_hp_per_floor":[64,64,64,64,62,62,14,33,33,31,31,31,2,2,21,6,65,54,54,49,49,49,49,49,49,49,49,49,44,44,36,55,39,65,30,29,29,21,21,40,39,39,39,39,39,39,39,39,58,58,65,65,65,65,0,0],"gold":51,"neow_bonus":"UPGRADE_CARD","is_daily":false,"chose_seed":false,"campfire_upgraded":4,"win_rate":0.0,"timestamp":1609044202,"path_taken":["M","?","?","?","M","R","E","R","T","M","R","M","E","?","R","BOSS","M","?","M","$","?","AVR","R","?","T","?","R","?","M","M","R","BOSS","M","M","?","?","M","R","M","R","T","?","?","M","AVR","?","R","BOSS","R","$","E","BOSS"],"items_purchased_type":["Card","Relic","Relic","Potion"],"build_version":"2020-12-22","purchased_purges":3,"victory":false,"max_hp_per_floor":[65,65,65,65,65,65,65,65,65,65,65,65,65,65,65,65,65,65,65,65,65,65,65,65,65,65,65,65,65,65,65,65,65,65,65,65,65,65,65,65,65,65,65,65,65,65,65,65,65,65,65,65,65,65,65,65],"card_choices":[{"not_picked":["Spin","Rewind"],"picked":"RealityMarble","floor":1.0},{"not_picked":["Desolation","ShatteredReality"],"picked":"Rearm","floor":3.0},{"not_picked":["ShiftingGears","Replace"],"picked":"Advance","floor":5.0},{"not_picked":["Comet","BottledTime","DualDimension"],"picked":"SKIP","floor":7.0},{"not_picked":["TimeWarp","Starlight"],"picked":"Revamp","floor":10.0},{"not_picked":["ReturningBlade","Spin","Revamp"],"picked":"SKIP","floor":12.0},{"not_picked":["DoubleEdge","ShatteredReality","BottledTime"],"picked":"SKIP","floor":13.0},{"not_picked":["Initiator","FloweringNight"],"picked":"KillingDoll","floor":16},{"not_picked":["ShiftingGears","Spin","SpecialFormula"],"picked":"SKIP","floor":18},{"not_picked":["DoubleEdge","Reset","Rewind"],"picked":"SKIP","floor":20},{"not_picked":["DoubleEdge+1","Potential"],"picked":"InstantArmor","floor":29},{"not_picked":["Shuttle","ShatteredReality+1","Spin+1"],"picked":"SKIP","floor":30},{"not_picked":["Ricochet","Comet"],"picked":"Rearm+1","floor":31},{"not_picked":["Initiator","PendulumOfEternity"],"picked":"Sunlight","floor":33},{"not_picked":["Alleviate+1","Shuttle"],"picked":"WasteNot","floor":35},{"not_picked":["SoulSculpture","Revamp","BottledTime+1"],"picked":"SKIP","floor":36},{"not_picked":["Unruled+1","Starlight","DoubleEdge"],"picked":"SKIP","floor":38},{"not_picked":["Misdirection","Starlight"],"picked":"Rearm+1","floor":39},{"not_picked":["BottledTime+1","Advance+1"],"picked":"Rearm","floor":41},{"not_picked":["BottledTime","DoubleEdge","Moondial"],"picked":"SKIP","floor":46},{"not_picked":["Spin","TimeWarp+1","Shuttle"],"picked":"SKIP","floor":48},{"not_picked":["Ricochet+1","DoubleEdge+1"],"picked":"ShiftingGears","floor":54}],"player_experience":271466,"relics_obtained":[{"floor":7.0,"key":"Replay:Baseball"},{"floor":9.0,"key":"infinitespire:Lucky Rock"},{"floor":13.0,"key":"Replay:Bottled Flurry"},{"floor":27,"key":"Shovel"},{"floor":43,"key":"Bronze Scales"},{"floor":52,"key":"StrikeDummy"},{"floor":54,"key":"Replay:Wax Seal"}],"event_choices":[{"cards_removed":["Strike_S"],"damage_healed":0.0,"max_hp_gain":0.0,"max_hp_loss":0.0,"gold_gain":0.0,"event_name":"Purifier","player_choice":"Purged","floor":2.0,"gold_loss":0.0,"damage_taken":0.0},{"damage_healed":0,"gold_gain":0,"cards_transformed":["Defend_S","Strike_S"],"player_choice":"Became Test Subject","damage_taken":0,"max_hp_gain":0,"max_hp_loss":0,"event_name":"Drug Dealer","floor":22,"gold_loss":0,"cards_obtained":["Ricochet","Snipe"]},{"damage_healed":0,"gold_gain":0,"player_choice":"Ignored","damage_taken":0,"max_hp_gain":0,"max_hp_loss":0,"event_name":"Vampires","floor":25,"gold_loss":0},{"damage_healed":0,"gold_gain":0,"player_choice":"Gave Potion","damage_taken":0,"relics_obtained":["Smiling Mask"],"max_hp_gain":0,"max_hp_loss":0,"event_name":"WeMeetAgain","floor":37,"gold_loss":0},{"damage_healed":0,"gold_gain":0,"player_choice":"Copied","damage_taken":0,"max_hp_gain":0,"max_hp_loss":0,"event_name":"Duplicator","floor":45,"gold_loss":0,"cards_obtained":["hubris:InfiniteBlow"]}],"is_beta":false,"boss_relics":[{"not_picked":["Kintsugi","Replay:Drink Me"],"picked":"Philosopher\u0027s Stone"},{"not_picked":["MysterySword","Snecko Eye"],"picked":"Cursed Key"}],"items_purged_floors":[23,47,53],"is_endless":false,"potions_floor_spawned":[1,10,12,13,20,29,33,35,38,39],"killed_by":"The Heart","ascension_level":0}}