{"host":"8xt6qtpg1rkermdd","time":1609112148,"event":{"mods":["AchievementEnabler","Astrologer","Bard","BaseMod","Colored Powertips","Downfall","Hermit","Highlight Path","Hubris","Infinite Spire","Jorbs\u0027s Wanderer Trilogy","Minty Spire (QoL Compilation)","Replay The Spire","Shade Mod","StSLib","The Blackbeard","The Bladedancer","The Bug Knight","The Construct","The Cursed","The Disciple","The Gatherer","The Hayseed","The Hierophant","The Marked","The Mystic","The Runesmith","The Servant 0.9.4","TheArtist","TheBandit"],"gold_per_floor":[114,130,141,141,160,160,180,180,262,262,1,1,16,16,16,113,113,124,142,217,232,244,244,258,276,299,299,314,21,51,51,51,51],"floor_reached":31,"playtime":1559,"items_purged":[],"score":251,"play_id":"e5fff3e2-8fa9-46b2-acc4-cc06b25115c0","local_time":"20201227173548","is_ascension_mode":false,"campfire_choices":[{"data":"blackbeard:Shrapnel","floor":6,"key":"SMITH"},{"data":"blackbeard:CaptainsCabin","floor":8,"key":"SMITH"},{"data":"blackbeard:FieryDefense","floor":10,"key":"SMITH"},{"data":"blackbeard:IntimidatingStrike","floor":12,"key":"SMITH"},{"data":"blackbeard:WiseDefense","floor":15,"key":"SMITH"},{"data":"blackbeard:Parrot","floor":23,"key":"SMITH"},{"data":"blackbeard:InfiniteBarrage","floor":27,"key":"SMITH"}],"circlet_count":0,"master_deck":["blackbeard:BlackbeardStrike","blackbeard:BlackbeardStrike","blackbeard:BlackbeardStrike","blackbeard:BlackbeardStrike","blackbeard:IntimidatingStrike+1","blackbeard:BlackbeardDefend","blackbeard:BlackbeardDefend","blackbeard:BlackbeardDefend","blackbeard:BlackbeardDefend","blackbeard:AgileStrike","blackbeard:Shrapnel+1","blackbeard:RearmingStrike","blackbeard:FieryDefense+1","blackbeard:CaptainsCabin+1","blackbeard:WiseDefense+1","blackbeard:DangerousBlow+1","blackbeard:Parrot+1","blackbeard:InfiniteBarrage+1","blackbeard:Shrapnel","blackbeard:BlindAttacks","blackbeard:FieryDefense","blackbeard:Anchor","blackbeard:InfiniteBarrage+1","blackbeard:GoldenDefense+1","blackbeard:DeadlyArsenal"],"relics":["blackbeard:LoadTheCannons","NeowsBlessing","ReplayTheSpireMod:Ninjato","Shuriken","Velvet Choker","MealTicket","Toy Ornithopter","Bag of Marbles","blackbeard:HipFlask"],"acts_visited":["Exordium","TheCity"],"potions_floor_usage":[],"damage_taken":[{"damage":0,"enemies":"Small Slimes","floor":1,"turns":1},{"damage":0,"enemies":"Jaw Worm","floor":2,"turns":1},{"damage":0,"enemies":"2 Louse","floor":3,"turns":1},{"damage":5,"enemies":"Lots of Slimes","floor":5,"turns":3},{"damage":17,"enemies":"Large Slime","floor":7,"turns":5},{"damage":0,"enemies":"Exordium Wildlife","floor":13,"turns":3},{"damage":14,"enemies":"Slime Boss","floor":16,"turns":7},{"damage":0,"enemies":"Chosen","floor":18,"turns":3},{"damage":5,"enemies":"3 Byrds","floor":19,"turns":4},{"damage":7,"enemies":"Snecko","floor":21,"turns":5},{"damage":11,"enemies":"3 Cultists","floor":22,"turns":4},{"damage":22,"enemies":"Shelled Parasite and Fungi","floor":24,"turns":4},{"damage":17,"enemies":"Centurion and Healer","floor":25,"turns":4},{"damage":1,"enemies":"Snecko","floor":28,"turns":4},{"damage":17,"enemies":"Slavers","floor":30,"turns":4},{"damage":10,"enemies":"Shelled Parasite and Fungi","floor":31,"turns":2}],"seed_played":"4014027854615451042","potions_obtained":[{"floor":1,"key":"AttackPotion"},{"floor":5,"key":"Explosive Potion"},{"floor":16,"key":"ColorlessPotion"}],"is_trial":false,"path_per_floor":["M","M","M","?","M","R","M","R","T","R","$","R","M","?","R","B",null,"M","M","?","M","M","R","M","M","T","R","M","$","E","M"],"character_chosen":"BLACKBEARD_CLASS","items_purchased":["Shuriken","Toy Ornithopter","Bag of Marbles"],"campfire_rested":0,"item_purchase_floors":[11,29,29],"current_hp_per_floor":[75,75,75,75,70,70,53,53,53,53,53,53,53,53,53,39,75,75,70,63,56,45,45,23,6,6,6,5,20,3,0,0,0],"gold":51,"neow_bonus":"THREE_ENEMY_KILL","is_daily":false,"chose_seed":false,"campfire_upgraded":7,"win_rate":0.0,"timestamp":1609112148,"path_taken":["M","M","M","?","M","R","M","R","T","R","$","R","M","?","R","BOSS","M","M","?","?","M","R","M","M","T","R","M","$","E","M"],"items_purchased_type":["Relic","Relic","Relic"],"build_version":"2020-12-22","purchased_purges":0,"victory":false,"max_hp_per_floor":[75,75,75,75,75,75,75,75,75,75,75,75,75,75,75,75,75,75,75,75,75,75,75,75,75,75,75,75,75,75,75,75,75],"card_choices":[{"not_picked":["blackbeard:FishingNets","blackbeard:RearmingStrike"],"picked":"blackbeard:AgileStrike","floor":1},{"not_picked":["blackbeard:PiratesWill","blackbeard:Dagger"],"picked":"blackbeard:Shrapnel","floor":2},{"not_picked":["blackbeard:Spear","blackbeard:Recklessness"],"picked":"blackbeard:RearmingStrike","floor":3},{"not_picked":["blackbeard:PiratesWill","blackbeard:TacticalRetreat"],"picked":"blackbeard:FieryDefense","floor":5},{"not_picked":["blackbeard:SmithingHammer","blackbeard:HumongousCannonball"],"picked":"blackbeard:CaptainsCabin","floor":7},{"not_picked":["blackbeard:Toast","blackbeard:VengefulSpirit"],"picked":"blackbeard:WiseDefense","floor":13},{"not_picked":["blackbeard:MegaUpgrade","blackbeard:HumongousCannonball"],"picked":"blackbeard:Parrot","floor":16},{"not_picked":["blackbeard:DeadlyArsenal","blackbeard:Spear"],"picked":"blackbeard:InfiniteBarrage","floor":18},{"not_picked":["blackbeard:Scrap","blackbeard:FishingNets+1"],"picked":"blackbeard:Shrapnel","floor":19},{"not_picked":["blackbeard:WiseDefense","blackbeard:DelayedPain"],"picked":"blackbeard:BlindAttacks","floor":21},{"not_picked":["blackbeard:SmithingHammer","blackbeard:Dagger"],"picked":"blackbeard:FieryDefense","floor":22},{"not_picked":["blackbeard:Fencing","blackbeard:WoodenLeg"],"picked":"blackbeard:Anchor","floor":24},{"not_picked":["blackbeard:Dagger","blackbeard:Toast"],"picked":"blackbeard:InfiniteBarrage+1","floor":25},{"not_picked":["blackbeard:PirateEarring+1","blackbeard:GoldenStrike"],"picked":"blackbeard:GoldenDefense+1","floor":28},{"not_picked":["blackbeard:Recklessness","blackbeard:DangerousBlow"],"picked":"blackbeard:DeadlyArsenal","floor":30}],"player_experience":34829,"relics_obtained":[{"floor":9,"key":"ReplayTheSpireMod:Ninjato"},{"floor":26,"key":"MealTicket"},{"floor":30,"key":"blackbeard:HipFlask"}],"event_choices":[{"damage_healed":0,"gold_gain":75,"player_choice":"Touch","damage_taken":7,"max_hp_gain":0,"max_hp_loss":0,"event_name":"FaceTrader","floor":20,"gold_loss":0}],"is_beta":false,"boss_relics":[{"not_picked":["Honey Jar","hubris:CrackedHourglass"],"picked":"Velvet Choker"}],"items_purged_floors":[],"is_endless":false,"potions_floor_spawned":[1,5,16,21,24,25,30],"killed_by":"Shelled Parasite and Fungi","ascension_level":0}}