{"host":"baymyijz6sxaqj5s","time":1609067561,"event":{"mods":["AchievementEnabler","BaseMod","Colored Map","Colored Powertips","DeckTracker","KOR Keyword Fix","Keyboard Shortcuts","Minty Spire (QoL Compilation)","Quick Restart","StSLib","SuperFastMode"],"gold_per_floor":[115,115,134,153,167,167,180,150,150,162,174,200,102,119,119,119,119],"floor_reached":16,"playtime":533,"items_purged":[],"score":142,"play_id":"92f97294-8fd8-42bd-aca6-9898531a8965","local_time":"20201227201241","is_ascension_mode":true,"campfire_choices":[{"data":"Shrug It Off","floor":6,"key":"SMITH"},{"floor":15,"key":"REST"}],"circlet_count":0,"master_deck":["Strike_R","Strike_R","Strike_R","Strike_R","Defend_R","Defend_R","Defend_R","Defend_R","Bash","Shrug It Off+1","Shrug It Off","Thunderclap","Sword Boomerang","Spot Weakness","Body Slam","Shrug It Off","Shrug It Off","Heavy Blade"],"relics":["Burning Blood","Dream Catcher","Anchor"],"acts_visited":["Exordium"],"potions_floor_usage":[10,11,12,12],"damage_taken":[{"damage":0,"enemies":"Small Slimes","floor":1,"turns":3},{"damage":5,"enemies":"Cultist","floor":3,"turns":6},{"damage":4,"enemies":"2 Louse","floor":4,"turns":4},{"damage":6,"enemies":"Blue Slaver","floor":5,"turns":6},{"damage":7,"enemies":"Red Slaver","floor":7,"turns":5},{"damage":12,"enemies":"Looter","floor":8,"turns":4},{"damage":17,"enemies":"Large Slime","floor":10,"turns":10},{"damage":6,"enemies":"Gremlin Gang","floor":11,"turns":5},{"damage":31,"enemies":"Gremlin Nob","floor":12,"turns":5},{"damage":11,"enemies":"Lots of Slimes","floor":14,"turns":5},{"damage":74,"enemies":"Hexaghost","floor":16,"turns":14}],"seed_played":"1413533806070920583","potions_obtained":[{"floor":1,"key":"Ancient Potion"},{"floor":5,"key":"Explosive Potion"},{"floor":7,"key":"Dexterity Potion"},{"floor":10,"key":"ColorlessPotion"}],"is_trial":false,"path_per_floor":["M","?","M","M","M","R","M","M","T","M","M","E","$","M","R","B"],"character_chosen":"IRONCLAD","items_purchased":["Body Slam","Shrug It Off"],"campfire_rested":1,"item_purchase_floors":[13,13],"current_hp_per_floor":[88,88,88,88,88,88,87,81,81,70,70,45,45,40,66,0,0],"gold":119,"neow_bonus":"TEN_PERCENT_HP_BONUS","is_daily":false,"chose_seed":false,"campfire_upgraded":1,"win_rate":0.0,"timestamp":1609067561,"path_taken":["M","?","M","?","M","R","M","M","T","M","M","E","?","M","R","BOSS"],"items_purchased_type":["Card","Card"],"build_version":"2020-12-22","purchased_purges":0,"victory":false,"max_hp_per_floor":[88,88,88,88,88,88,88,88,88,88,88,88,88,88,88,88,88],"card_choices":[{"not_picked":["Infernal Blade","Blood for Blood"],"picked":"Shrug It Off","floor":1},{"not_picked":["Twin Strike","Feel No Pain","Disarm"],"picked":"SKIP","floor":3},{"not_picked":["Second Wind","Evolve","Clothesline"],"picked":"SKIP","floor":4},{"not_picked":["Anger","Rage","Intimidate"],"picked":"SKIP","floor":5},{"not_picked":["Flex","Bloodletting","Fire Breathing"],"picked":"SKIP","floor":7},{"not_picked":["Exhume","Rampage"],"picked":"Shrug It Off","floor":8},{"not_picked":["Iron Wave","True Grit"],"picked":"Thunderclap","floor":10},{"not_picked":["Iron Wave","Perfected Strike"],"picked":"Sword Boomerang","floor":11},{"not_picked":["Clash","Flex"],"picked":"Spot Weakness","floor":12},{"not_picked":["Dark Embrace","Shockwave"],"picked":"Shrug It Off","floor":14},{"not_picked":["Rampage","Impervious"],"picked":"Heavy Blade","floor":15}],"player_experience":262735,"relics_obtained":[{"floor":9,"key":"Dream Catcher"},{"floor":12,"key":"Anchor"}],"event_choices":[{"cards_removed":["Strike_R"],"damage_healed":0,"gold_gain":0,"player_choice":"Card Removal","damage_taken":0,"max_hp_gain":0,"max_hp_loss":0,"event_name":"Wheel of Change","floor":2,"gold_loss":0}],"is_beta":false,"boss_relics":[],"items_purged_floors":[],"is_endless":false,"potions_floor_spawned":[1,5,7,10],"killed_by":"Hexaghost","ascension_level":2}}