{"host":"4myia77ydcdhvoxj","time":1609058667,"event":{"mods":["2.2 Compatiblity","BaseMod","Better Third Choice","Colored Powertips","Downfall","Minty Spire (QoL Compilation)","Relic Stats","Replay The Spire","Spicy Shops","StSLib"],"gold_per_floor":[115,129,188,188,188,188,221,221,293,326,326,342,375,8,8,112,112,132,149,74,174,1,30,30,58,70,98,110,139,151,177,189,305,317,348,378,24,24,42,42,58,58,58,91,102,133,5,5,5,5],"floor_reached":51,"playtime":4151,"items_purged":["Doubt","Poisoned Strike"],"score":1064,"play_id":"004b7e9c-df17-43c7-9a3c-dcb5039be7f3","local_time":"20201227174427","is_ascension_mode":true,"campfire_choices":[{"data":"Go for the Eyes","floor":6,"key":"SMITH"},{"floor":8,"key":"REST"},{"data":"ReplayRNGCard","floor":11,"key":"SMITH"},{"data":"Glacier","floor":15,"key":"SMITH"},{"floor":24,"key":"REST"},{"floor":30,"key":"REST"},{"floor":32,"key":"REST"},{"floor":40,"key":"REST"},{"floor":42,"key":"REST"},{"floor":49,"key":"REST"}],"circlet_count":0,"master_deck":["Strike_B","Strike_B","Defend_B","Defend_B+1","Defend_B+1","Defend_B+1","Zap","Dualcast+1","ReplayRNGCard+1","Leap","Go for the Eyes+1","Ball Lightning+1","Core Surge+1","Glacier+1","BasicCrystalCard+1","Chaos+1","Creative AI+1","Capacitor+1","ReplayTheSpireMod:Omega Cannon","Compile Driver","Beam Cell","Coolheaded+1","Redo+1","Conserve Battery+1","Stack+1","Conserve Battery+1","Rainbow+1","Time Bomb+1","Double Energy+1","Loop+1","Secret Technique+1","Go for the Eyes+1","Panic Button+1","Cold Snap","Barrage+1","Ball Lightning+1"],"relics":["Cracked Core","Symbiotic Virus","Bottled Lightning","Sundial","Toxic Egg 2","Frozen Egg 2","ReplayTheSpireMod:CursedCoin","Solar Panel","Gremlin Food","Black Star","Letter Opener","Mercury Hourglass","Replay:Ringing Soul","MawBank","ReplayTheSpireMod:Shallot","Peace Pipe","Replay:Frozen Program","ReplayFunnel","Blue Candle","Omamori","Replay:Bottled Eggs","Replay:Kaleidoscope","Toy Ornithopter"],"acts_visited":["Exordium","TheCity","TheBeyond"],"potions_floor_usage":[10,16,23,23,25,33,35,46,50],"damage_taken":[{"damage":3,"enemies":"Cultist","floor":1,"turns":4},{"damage":4,"enemies":"Small Slimes","floor":2,"turns":4},{"damage":16,"enemies":"Lagavulin","floor":7,"turns":6},{"damage":1,"enemies":"Gremlin Nob","floor":10,"turns":4},{"damage":1,"enemies":"2 Louse","floor":12,"turns":2},{"damage":5,"enemies":"3 Sentries","floor":13,"turns":6},{"damage":0,"enemies":"Hexaghost","floor":16,"turns":10},{"damage":8,"enemies":"Shell Parasite","floor":18,"turns":7},{"damage":6,"enemies":"Spheric Guardian","floor":19,"turns":6},{"damage":15,"enemies":"Replay:Snechameleon","floor":23,"turns":8},{"damage":45,"enemies":"Slavers","floor":25,"turns":6},{"damage":0,"enemies":"Cultist and Chosen","floor":27,"turns":7},{"damage":3,"enemies":"Centurion and Healer","floor":29,"turns":9},{"damage":20,"enemies":"Snake Plant","floor":31,"turns":4},{"damage":38,"enemies":"Pondfish","floor":33,"turns":10},{"damage":5,"enemies":"Orb Walker","floor":35,"turns":4},{"damage":2,"enemies":"3 Shapes","floor":36,"turns":4},{"damage":26,"enemies":"Spire Growth","floor":39,"turns":5},{"damage":18,"enemies":"Jaw Worm Horde","floor":41,"turns":5},{"damage":3,"enemies":"R_Hoarder","floor":44,"turns":6},{"damage":14,"enemies":"Transient","floor":45,"turns":5},{"damage":27,"enemies":"Reptomancer","floor":46,"turns":6},{"damage":58,"enemies":"Awakened One","floor":50,"turns":14}],"seed_played":"3369332558331149390","potions_obtained":[{"floor":3,"key":"LifebloodPotion"},{"floor":10,"key":"LifebloodPotion"},{"floor":12,"key":"Guardian:BlockOnCardUsePotion"},{"floor":13,"key":"SkillPotion"},{"floor":16,"key":"BlessingOfTheForge"},{"floor":23,"key":"Weak Potion"},{"floor":25,"key":"GamblersBrew"},{"floor":33,"key":"PotionOfCapacity"},{"floor":39,"key":"SpeedPotion"},{"floor":41,"key":"BlessingOfTheForge"},{"floor":44,"key":"EssenceOfDarkness"}],"is_trial":false,"path_per_floor":["M","M","?","?","?","R","E","R","T","E","R","M","E","$","R","B",null,"M","M","?","?","$","E","R","E","T","M","$","M","R","M","R","B",null,"M","M","$","?","M","R","M","R","T","E","M","E","$","?","R","B",null],"character_chosen":"DEFECT","items_purchased":["Capacitor+1","ReplayTheSpireMod:CursedCoin","Solar Panel","Gremlin Food","Letter Opener","Coolheaded+1","Replay:Frozen Program","ReplayFunnel","Loop+1","Ball Lightning"],"campfire_rested":7,"item_purchase_floors":[14,14,14,14,22,22,37,37,37,47],"current_hp_per_floor":[65,61,44,44,44,44,28,48,48,47,47,46,41,41,41,47,63,61,59,59,59,59,51,71,29,29,40,40,45,68,55,79,50,75,77,80,83,76,55,84,69,99,99,101,89,65,68,68,99,48],"gold":5,"neow_bonus":"THREE_RARE_CARDS","is_daily":false,"chose_seed":false,"campfire_upgraded":3,"win_rate":0.0,"timestamp":1609058667,"path_taken":["M","M","?","?","?","R","E","R","T","E","R","M","E","$","R","BOSS","M","M","?","?","$","E","R","E","T","M","$","?","R","M","R","BOSS","M","M","$","?","M","R","M","R","T","E","M","E","$","?","R","BOSS"],"items_purchased_type":["Card","Relic","Relic","Relic","Relic","Card","Relic","Relic","Card","Card"],"build_version":"2020-12-22","purchased_purges":2,"victory":true,"max_hp_per_floor":[68,68,68,68,68,68,68,68,68,68,68,68,68,68,68,68,68,68,68,68,68,68,71,71,74,74,77,77,77,77,80,80,83,83,86,89,92,95,98,98,101,101,101,104,104,107,110,104,104,104],"relic_stats":{"Peace Pipe":0,"counters":[23,141],"Sundial":[12],"Blue Candle":[0],"Black Star":4,"Letter Opener":[231],"MawBank":144,"obtain_stats":[{"Solar Panel":14,"Gremlin Food":14,"ReplayFunnel":37,"ReplayTheSpireMod:CursedCoin":14,"Blue Candle":43,"Omamori":44,"Letter Opener":22,"Replay:Kaleidoscope":46,"Frozen Egg 2":13,"MawBank":25,"Mercury Hourglass":23,"Peace Pipe":26,"Replay:Ringing Soul":23,"Replay:Frozen Program":37,"ReplayTheSpireMod:Shallot":25,"Sundial":9,"Black Star":17,"Bottled Lightning":7,"Toxic Egg 2":10,"Replay:Bottled Eggs":44,"Cracked Core":0,"Symbiotic Virus":3,"Toy Ornithopter":46},{"Solar Panel":6,"Gremlin Food":6,"ReplayFunnel":17,"ReplayTheSpireMod:CursedCoin":6,"Blue Candle":19,"Omamori":20,"Letter Opener":9,"Replay:Kaleidoscope":22,"Frozen Egg 2":6,"MawBank":11,"Mercury Hourglass":10,"Peace Pipe":11,"Replay:Ringing Soul":10,"Replay:Frozen Program":17,"ReplayTheSpireMod:Shallot":11,"Sundial":3,"Black Star":7,"Bottled Lightning":3,"Toxic Egg 2":4,"Replay:Bottled Eggs":20,"Cracked Core":0,"Symbiotic Virus":2,"Toy Ornithopter":22},{"Solar Panel":26,"Gremlin Food":26,"ReplayFunnel":100,"ReplayTheSpireMod:CursedCoin":26,"Blue Candle":110,"Omamori":116,"Letter Opener":49,"Replay:Kaleidoscope":127,"Frozen Egg 2":26,"MawBank":63,"Mercury Hourglass":57,"Peace Pipe":63,"Replay:Ringing Soul":57,"Replay:Frozen Program":100,"ReplayTheSpireMod:Shallot":63,"Sundial":14,"Black Star":36,"Bottled Lightning":14,"Toxic Egg 2":18,"Replay:Bottled Eggs":116,"Cracked Core":0,"Symbiotic Virus":8,"Toy Ornithopter":127}],"Toy Ornithopter":5,"Mercury Hourglass":[364]},"card_choices":[{"not_picked":["Meteor Strike","Amplify"],"picked":"ReplayRNGCard","floor":0},{"not_picked":["Coolheaded","Recycle"],"picked":"Leap","floor":1},{"not_picked":["Turbo","Ball Lightning"],"picked":"Go for the Eyes","floor":2},{"not_picked":["Streamline","Redo"],"picked":"Ball Lightning","floor":3},{"not_picked":["Cold Snap","Rebound"],"picked":"Glacier","floor":7},{"not_picked":["Consume+1","Cold Snap"],"picked":"BasicCrystalCard+1","floor":10},{"not_picked":["Gash","Rebound"],"picked":"Chaos+1","floor":12},{"not_picked":["Coolheaded+1","Leap+1"],"picked":"Creative AI+1","floor":13},{"not_picked":["Meteor Strike","Biased Cognition+1"],"picked":"ReplayTheSpireMod:Omega Cannon","floor":16},{"not_picked":["Fusion+1","Doom and Gloom"],"picked":"Compile Driver","floor":18},{"not_picked":["Self Repair+1","Genetic Algorithm+1"],"picked":"Beam Cell","floor":19},{"not_picked":["Steam+1","ReplayTheSpireMod:GoodbyeWorld+1"],"picked":"Redo+1","floor":23},{"not_picked":["ReplayTheSpireMod:System Scan+1","ReplayTheSpireMod:Reroute Power+1"],"picked":"Conserve Battery+1","floor":25},{"not_picked":["ReplaySolidLightProjector+1","Ball Lightning"],"picked":"Stack+1","floor":27},{"not_picked":["Coolheaded+1","Sweeping Beam","ReplaySort+1"],"picked":"SKIP","floor":29},{"not_picked":["ReplayTheSpireMod:Reroute Power+1","Genetic Algorithm+1"],"picked":"Conserve Battery+1","floor":31},{"not_picked":["ReplayTheSpireMod:Fabricate Wheel+1","ReplayTheSpireMod:Omega Cannon"],"picked":"Rainbow+1","floor":33},{"not_picked":["Fusion+1","Rebound"],"picked":"Time Bomb+1","floor":35},{"not_picked":["Redo+1","Steam+1"],"picked":"Double Energy+1","floor":36},{"not_picked":["expansioncontent:PrepareCrush+1","expansioncontent:ChargeUp+1"],"picked":"Poisoned Strike","floor":38},{"not_picked":["expansioncontent:DefensiveStance+1","ReplayUltimateDefense+1"],"picked":"Secret Technique+1","floor":38},{"not_picked":["Stack+1","Rebound"],"picked":"Go for the Eyes+1","floor":39},{"not_picked":["Ball Lightning+1","White Noise+1"],"picked":"Panic Button+1","floor":41},{"not_picked":["ReplaySolidLightProjector+1","Darkness+1"],"picked":"Cold Snap","floor":44},{"not_picked":["Darkness+1","Panic Button+1","Beam Cell"],"picked":"SKIP","floor":45},{"not_picked":["Capacitor+1","Redo+1"],"picked":"Barrage+1","floor":46}],"player_experience":454812,"relics_obtained":[{"floor":3,"key":"Symbiotic Virus"},{"floor":7,"key":"Bottled Lightning"},{"floor":9,"key":"Sundial"},{"floor":10,"key":"Toxic Egg 2"},{"floor":13,"key":"Frozen Egg 2"},{"floor":23,"key":"Mercury Hourglass"},{"floor":23,"key":"Replay:Ringing Soul"},{"floor":25,"key":"MawBank"},{"floor":25,"key":"ReplayTheSpireMod:Shallot"},{"floor":26,"key":"Peace Pipe"},{"floor":43,"key":"Blue Candle"},{"floor":44,"key":"Omamori"},{"floor":44,"key":"Replay:Bottled Eggs"},{"floor":46,"key":"Replay:Kaleidoscope"},{"floor":46,"key":"Toy Ornithopter"}],"event_choices":[{"damage_healed":0,"gold_gain":0,"player_choice":"Leave","damage_taken":0,"max_hp_gain":0,"max_hp_loss":0,"event_name":"The Cleric","floor":4,"gold_loss":0},{"damage_healed":0,"gold_gain":0,"cards_transformed":["Strike_B"],"player_choice":"Transformed","damage_taken":0,"max_hp_gain":0,"max_hp_loss":0,"event_name":"Transmorgrifier","floor":5,"gold_loss":0,"cards_obtained":["Core Surge"]},{"cards_removed":["Strike_B"],"damage_healed":0,"gold_gain":0,"player_choice":"Gave Gold","damage_taken":0,"max_hp_gain":0,"max_hp_loss":0,"event_name":"Beggar","floor":20,"gold_loss":75},{"damage_healed":0,"gold_gain":100,"player_choice":"Pray","damage_taken":0,"max_hp_gain":0,"max_hp_loss":0,"event_name":"Golden Shrine","floor":21,"gold_loss":0},{"damage_healed":0,"gold_gain":0,"player_choice":"Memory 3","damage_taken":10,"max_hp_gain":0,"max_hp_loss":0,"event_name":"SensoryStone","floor":38,"gold_loss":0},{"damage_healed":0,"gold_gain":0,"player_choice":"Max HP","damage_taken":0,"max_hp_gain":0,"max_hp_loss":6,"event_name":"Winding Halls","floor":48,"gold_loss":0}],"is_beta":false,"boss_relics":[{"not_picked":["Inserter","Honey Jar"],"picked":"Black Star"},{"not_picked":["Coffee Dripper","Replay:Grab Bag","ReplayTheSpireMod:DimensionalGlitch"]}],"items_purged_floors":[14,47],"is_endless":false,"potions_floor_spawned":[10,12,13,16,18,23,25,33,39,41,44],"ascension_level":6}}