{"host":"d50bw6kybq14xu1u","time":1609042422,"event":{"mods":["BaseMod","Colored Map","Colored Powertips","Minty Spire (QoL Compilation)","Quick Restart"],"gold_per_floor":[114,114,114,132,57,98,98,113,113,113,36,70,70,93,93,219,219,243,243,103,123,148,148,188,188,258,297,297,315,240,260,260,380,380,400,400,421,434,457,488,551,569,596,596,596,617,637,678,678,678,678],"floor_reached":50,"playtime":1506,"items_purged":["Defend_B","Strike_B"],"score":625,"play_id":"9161a78d-6eb0-40e0-8d27-6fda31cd6944","local_time":"20201227121342","is_ascension_mode":false,"campfire_choices":[{"data":"White Noise","floor":7,"key":"SMITH"},{"data":"Storm","floor":15,"key":"SMITH"},{"data":"Electrodynamics","floor":23,"key":"SMITH"},{"data":"Defragment","floor":25,"key":"SMITH"},{"data":"Chaos","floor":28,"key":"SMITH"},{"floor":32,"key":"REST"},{"data":"Creative AI","floor":49,"key":"SMITH"}],"circlet_count":0,"master_deck":["Strike_B+1","Strike_B+1","Zap","Dualcast","Defragment+1","White Noise+1","Lockon","Storm+1","Static Discharge+1","Electrodynamics+1","Beam Cell+1","Reboot+1","Melter","RitualDagger","Defragment","Tempest+1","Cold Snap+1","Chaos+1","Self Repair","Creative AI+1","Rainbow","Storm"],"relics":["Cracked Core","NeowsBlessing","Potion Belt","Golden Idol","MealTicket","Mercury Hourglass","Ancient Tea Set","Sundial","Whetstone","Astrolabe","Orichalcum","Singing Bowl","PreservedInsect","Nuclear Battery","Bronze Scales","Ginger","Strawberry","Centennial Puzzle"],"acts_visited":["Exordium","TheCity","TheBeyond"],"potions_floor_usage":[16,29,41,50,50,50,50,50],"damage_taken":[{"damage":0,"enemies":"2 Louse","floor":1,"turns":1},{"damage":0,"enemies":"Jaw Worm","floor":4,"turns":1},{"damage":0,"enemies":"Lagavulin","floor":6,"turns":1},{"damage":0,"enemies":"Cultist","floor":8,"turns":3},{"damage":14,"enemies":"Gremlin Nob","floor":12,"turns":3},{"damage":15,"enemies":"The Guardian","floor":16,"turns":6},{"damage":0,"enemies":"Spheric Guardian","floor":18,"turns":2},{"damage":5,"enemies":"3 Byrds","floor":21,"turns":1},{"damage":0,"enemies":"3 Cultists","floor":22,"turns":2},{"damage":35,"enemies":"Slavers","floor":24,"turns":3},{"damage":10,"enemies":"Gremlin Leader","floor":27,"turns":4},{"damage":5,"enemies":"Chosen and Byrds","floor":29,"turns":3},{"damage":16,"enemies":"Shelled Parasite and Fungi","floor":31,"turns":3},{"damage":18,"enemies":"Automaton","floor":33,"turns":6},{"damage":7,"enemies":"Orb Walker","floor":35,"turns":2},{"damage":1,"enemies":"3 Shapes","floor":37,"turns":3},{"damage":27,"enemies":"Jaw Worm Horde","floor":38,"turns":3},{"damage":10,"enemies":"Sphere and 2 Shapes","floor":39,"turns":3},{"damage":25,"enemies":"Reptomancer","floor":40,"turns":4},{"damage":6,"enemies":"Mind Bloom Boss Battle","floor":41,"turns":5},{"damage":12,"enemies":"Transient","floor":42,"turns":5},{"damage":32,"enemies":"Jaw Worm Horde","floor":46,"turns":3},{"damage":3,"enemies":"Sphere and 2 Shapes","floor":47,"turns":2},{"damage":25,"enemies":"Nemesis","floor":48,"turns":5},{"damage":63,"enemies":"Awakened One","floor":50,"turns":3}],"seed_played":"-4984727866685581910","potions_obtained":[{"floor":1,"key":"Energy Potion"},{"floor":8,"key":"Fruit Juice"},{"floor":12,"key":"GamblersBrew"},{"floor":16,"key":"EssenceOfSteel"},{"floor":24,"key":"PowerPotion"},{"floor":29,"key":"Regen Potion"},{"floor":33,"key":"LiquidBronze"},{"floor":39,"key":"Swift Potion"},{"floor":40,"key":"EssenceOfDarkness"},{"floor":41,"key":"CultistPotion"}],"is_trial":false,"path_per_floor":["M","?","?","M","$","E","R","M","T","T","$","E","?","T","R","B",null,"M","?","$","M","M","R","E","R","T","E","R","M","?","M","R","B",null,"M","?","M","M","M","E","?","M","T","?","?","M","M","E","R","B"],"character_chosen":"DEFECT","items_purchased":["Storm","Defragment"],"campfire_rested":1,"item_purchase_floors":[11,20],"current_hp_per_floor":[75,57,57,57,57,57,57,57,57,57,69,55,41,41,41,31,74,74,68,74,69,69,69,34,34,34,24,24,19,19,10,32,21,74,76,76,78,60,59,36,48,45,52,52,95,72,69,53,53,0,0],"gold":678,"neow_bonus":"THREE_ENEMY_KILL","is_daily":false,"chose_seed":false,"campfire_upgraded":6,"win_rate":0.0,"timestamp":1609042422,"path_taken":["M","?","?","M","?","E","R","?","T","?","?","E","?","?","R","BOSS","M","?","$","M","M","R","E","R","T","E","R","M","?","M","R","BOSS","M","?","?","M","M","E","?","M","T","?","?","M","?","E","R","BOSS"],"items_purchased_type":["Card","Card"],"build_version":"2020-12-22","purchased_purges":2,"victory":false,"max_hp_per_floor":[75,75,69,69,69,69,69,69,69,69,69,69,69,69,69,74,74,74,74,74,74,74,74,74,74,74,74,74,74,74,74,74,74,74,76,76,78,80,82,84,86,88,95,95,95,97,97,99,99,99,99],"card_choices":[{"not_picked":["Lockon","Auto Shields"],"picked":"Ball Lightning","floor":1},{"not_picked":["Tempest","Ball Lightning"],"picked":"Defragment","floor":4},{"not_picked":["Blizzard","Buffer"],"picked":"White Noise","floor":6},{"not_picked":["Double Energy","Hello World"],"picked":"Lockon","floor":8},{"not_picked":["Stack","Genetic Algorithm"],"picked":"Static Discharge","floor":12},{"not_picked":["Reboot","Seek"],"picked":"Electrodynamics","floor":16},{"not_picked":["Skim+1","Conserve Battery"],"picked":"Melter","floor":18},{"not_picked":["Heatsinks","Reprogram"],"picked":"Tempest+1","floor":21},{"not_picked":["Ball Lightning+1","Redo","Rip and Tear+1"],"picked":"SKIP","floor":22},{"not_picked":["Coolheaded","Gash"],"picked":"Cold Snap+1","floor":24},{"not_picked":["Ball Lightning","Conserve Battery"],"picked":"Chaos","floor":27},{"not_picked":["BootSequence","Glacier"],"picked":"Self Repair","floor":29},{"not_picked":["Streamline","Go for the Eyes+1"],"picked":"Creative AI","floor":31},{"not_picked":["Machine Learning","Electrodynamics"],"picked":"Rainbow","floor":33},{"not_picked":["Rip and Tear+1","BootSequence","Coolheaded+1"],"picked":"Singing Bowl","floor":35},{"not_picked":["Double Energy","Hello World+1","Redo"],"picked":"Singing Bowl","floor":37},{"not_picked":["Stack","Coolheaded+1","Gash"],"picked":"Singing Bowl","floor":38},{"not_picked":["Aggregate+1","Compile Driver","Hologram"],"picked":"Singing Bowl","floor":39},{"not_picked":["Redo+1","White Noise","Go for the Eyes"],"picked":"Singing Bowl","floor":40},{"not_picked":["Gash","Barrage+1","Steam+1"],"picked":"Singing Bowl","floor":41},{"not_picked":["Coolheaded","Rainbow","Barrage+1"],"picked":"Singing Bowl","floor":42},{"not_picked":["Hello World+1","Streamline","Compile Driver"],"picked":"Singing Bowl","floor":46},{"not_picked":["Glacier+1","Conserve Battery+1"],"picked":"Storm","floor":47},{"not_picked":["Leap","Lockon","BootSequence+1"],"picked":"Singing Bowl","floor":48}],"player_experience":29229,"relics_obtained":[{"floor":6,"key":"MealTicket"},{"floor":9,"key":"Mercury Hourglass"},{"floor":10,"key":"Ancient Tea Set"},{"floor":12,"key":"Sundial"},{"floor":14,"key":"Whetstone"},{"floor":24,"key":"Orichalcum"},{"floor":26,"key":"Singing Bowl"},{"floor":27,"key":"PreservedInsect"},{"floor":40,"key":"Bronze Scales"},{"floor":41,"key":"Ginger"},{"floor":43,"key":"Strawberry"},{"floor":48,"key":"Centennial Puzzle"}],"event_choices":[{"damage_healed":0,"gold_gain":0,"player_choice":"Success","damage_taken":18,"relics_obtained":["Potion Belt"],"max_hp_gain":0,"max_hp_loss":0,"event_name":"Scrap Ooze","floor":2,"gold_loss":0},{"damage_healed":0,"gold_gain":0,"player_choice":"Lose Max HP","damage_taken":0,"relics_obtained":["Golden Idol"],"max_hp_gain":0,"max_hp_loss":6,"event_name":"Golden Idol","floor":3,"gold_loss":0},{"damage_healed":0,"gold_gain":0,"player_choice":"Entered Light","damage_taken":14,"max_hp_gain":0,"max_hp_loss":0,"event_name":"Shining Light","floor":13,"gold_loss":0,"cards_upgraded":["Defend_B","Static Discharge"]},{"damage_healed":0,"gold_gain":0,"player_choice":"Joined the Cult","damage_taken":6,"max_hp_gain":0,"max_hp_loss":0,"event_name":"Nest","floor":19,"gold_loss":0,"cards_obtained":["RitualDagger"]},{"cards_removed":["Ball Lightning"],"damage_healed":0,"gold_gain":0,"player_choice":"Gave Gold","damage_taken":0,"max_hp_gain":0,"max_hp_loss":0,"event_name":"Beggar","floor":30,"gold_loss":75},{"cards_removed":["Go for the Eyes"],"damage_healed":0,"gold_gain":0,"player_choice":"Purged","damage_taken":0,"max_hp_gain":0,"max_hp_loss":0,"event_name":"Purifier","floor":36,"gold_loss":0},{"damage_healed":0,"gold_gain":0,"player_choice":"Fight","damage_taken":0,"max_hp_gain":0,"max_hp_loss":0,"event_name":"MindBloom","floor":41,"gold_loss":0},{"cards_removed":["Defend_B"],"damage_healed":0,"gold_gain":0,"player_choice":"Removed Skill","damage_taken":0,"max_hp_gain":0,"max_hp_loss":0,"event_name":"Falling","floor":44,"gold_loss":0},{"damage_healed":43,"gold_gain":0,"player_choice":"Full Heal","damage_taken":0,"max_hp_gain":0,"max_hp_loss":0,"event_name":"Wheel of Change","floor":45,"gold_loss":0}],"is_beta":false,"boss_relics":[{"not_picked":["SacredBark","Busted Crown"],"picked":"Astrolabe"},{"not_picked":["FrozenCore","Empty Cage"],"picked":"Nuclear Battery"}],"items_purged_floors":[5,20],"is_endless":false,"potions_floor_spawned":[1,8,12,16,24,29,33,39,40,41,46,48],"killed_by":"Awakened One","ascension_level":0}}