{"host":"4hhgf71pxvqwkagf","time":1609071239,"event":{"mods":["2.2 Compatiblity","AchievementEnabler","BaseMod","GungeonMod","Hermit","Lobotomy","Minty Spire (QoL Compilation)","Permanent Neow","Quick Restart","READ ME - Guardian Mod","StSLib","SuperFastMode","The Bug Knight","The Hierophant","everything is the same but u backflip on backflip"],"gold_per_floor":[15,15,15,31,31,31,31],"floor_reached":6,"playtime":299,"items_purged":[],"score":34,"play_id":"ea992923-c878-4403-9771-cbee4e05f9a3","local_time":"20201227211359","is_ascension_mode":false,"campfire_choices":[],"circlet_count":0,"master_deck":["DemoMod:Strike_Huntress","DemoMod:Strike_Huntress","DemoMod:Strike_Huntress","DemoMod:Defend_Huntress","DemoMod:Defend_Huntress","DemoMod:Defend_Huntress","DemoMod:Defend_Huntress","DemoMod:Roll","DemoMod:ManualReload","DemoMod:RustySidearm","DemoMod:CrossBow","Secret Weapon","DemoMod:Camera","Pain","DemoMod:GunstockTap","DemoMod:FastSwitch"],"relics":["DemoMod:Dog","DemoMod:ResourcefulSack","WarpedTongs"],"acts_visited":["Exordium"],"potions_floor_usage":[],"damage_taken":[{"damage":7,"enemies":"2 Louse","floor":1,"turns":3},{"damage":4,"enemies":"Cultist","floor":4,"turns":3},{"damage":22,"enemies":"HollowMod:MossKnight","floor":6,"turns":4}],"seed_played":"9005124674952519280","potions_obtained":[],"is_trial":false,"path_per_floor":["M","?","?","M","$","E"],"character_chosen":"HUNTRESS","items_purchased":[],"campfire_rested":0,"item_purchase_floors":[],"current_hp_per_floor":[63,60,60,56,56,34,34],"gold":31,"neow_bonus":"RANDOM_COLORLESS_2","is_daily":false,"chose_seed":false,"campfire_upgraded":0,"win_rate":0.0,"timestamp":1609071239,"path_taken":["M","?","?","M","$","E"],"items_purchased_type":[],"build_version":"2020-12-22","purchased_purges":0,"victory":false,"max_hp_per_floor":[70,70,70,70,70,70,70],"card_choices":[{"not_picked":["Metamorphosis","Mayhem"],"picked":"Secret Weapon","floor":0},{"not_picked":["DemoMod:ZorGun","DemoMod:Ejector"],"picked":"DemoMod:Camera","floor":1},{"not_picked":["DemoMod:ChanceBullets","DemoMod:SkilledReload"],"picked":"DemoMod:GunstockTap","floor":4},{"not_picked":["DemoMod:MachoBrace","DemoMod:MegaHand"],"picked":"DemoMod:FastSwitch","floor":4}],"player_experience":410754,"relics_obtained":[],"event_choices":[{"damage_healed":0,"gold_gain":0,"player_choice":"Success","damage_taken":3,"relics_obtained":["DemoMod:ResourcefulSack"],"max_hp_gain":0,"max_hp_loss":0,"event_name":"Scrap Ooze","floor":2,"gold_loss":0},{"damage_healed":0,"gold_gain":0,"player_choice":"Rummage","damage_taken":0,"relics_obtained":["WarpedTongs"],"max_hp_gain":0,"max_hp_loss":0,"event_name":"Accursed Blacksmith","floor":3,"gold_loss":0,"cards_obtained":["Pain"]}],"is_beta":false,"boss_relics":[],"items_purged_floors":[],"is_endless":false,"potions_floor_spawned":[],"killed_by":"HollowMod:MossKnight","ascension_level":0}}