{"host":"zx7wygemkkdud4lm","time":1609110378,"event":{"mods":["2.2 Compatiblity","AchievementEnabler","BaseMod","Better Match","Better Note","Better Skull","BetterRewards","Block Reminder","Colored Map","Downfall","Emptier Cage","Googly Eyes","Jorbs\u0027s Wanderer Trilogy","Minty Spire (QoL Compilation)","Prisma Mod","Relic Stats","Spicy Shops","StSLib","Transform Curses","Yuri Mod","everything is the same but u backflip on backflip"],"gold_per_floor":[112,112,123,134,146,173,173,200,225,235,235,266,281,310,310,415,415,429,429,75,90,108,108,140,140,165,165,191,210,222,137,137,234,234,248,267,267,45,90,119,119,147,147,172,172,185,33,44,44,44,44,44,5,31,31],"floor_reached":56,"playtime":4160,"items_purged":["PrismaMod:IllyaCommonAttack","PrismaMod:IllyaCommonDefend","PrismaMod:IllyaPartialInstallAssassin"],"score":2314,"play_id":"ec374c93-a330-4bb2-9dfa-af920d27604c","local_time":"20201227170618","is_ascension_mode":true,"campfire_choices":[{"data":"PrismaMod:IllyaBlindPoisonToss","floor":7,"key":"SMITH"},{"data":"PrismaMod:IllyaHassanGift","floor":11,"key":"SMITH"},{"data":"PrismaMod:IllyaBride","floor":15,"key":"SMITH"},{"floor":23,"key":"RECALL"},{"data":"PrismaMod:IllyaBlindPoisonToss","floor":25,"key":"SMITH"},{"data":"PrismaMod:IllyaCarnivalOrbs","floor":27,"key":"SMITH"},{"data":"PrismaMod:IllyaCarnivalOrbs","floor":32,"key":"SMITH"},{"data":"PrismaMod:IllyaGrail","floor":41,"key":"SMITH"},{"floor":45,"key":"REST"},{"floor":49,"key":"REST"},{"floor":52,"key":"REST"}],"circlet_count":0,"master_deck":["PrismaMod:IllyaUncommonDefend","PrismaMod:IllyaCommandSeal","PrismaMod:IllyaCheapDefend","PrismaMod:IllyaInstallAlterEgo","PrismaMod:IllyaCommandSeal","PrismaMod:IllyaAOECommonAttack","PrismaMod:IllyaUncommonAOEAttack","PrismaMod:IllyaBlindPoisonToss+1","PrismaMod:IllyaBride+1","PrismaMod:IllyaCarnivalAttack","PrismaMod:IllyaHassanGift+1","PrismaMod:IllyaCarnivalOrbs+1","PrismaMod:IllyaCarnivalOrbs+1","PrismaMod:IllyaUberDefendChannel","PrismaMod:IllyaUncommonAttack","PrismaMod:IllyaCheapDefend","PrismaMod:IllyaBlindPoisonToss+1","PrismaMod:IllyaGrail+1","PrismaMod:IllyaGrail+1","Dark Shackles+1","PrismaMod:IllyaTestament+1","PrismaMod:IllyaReinForce+1","PrismaMod:IllyaGrail+1","PrismaMod:IllyaGrail+1","PrismaMod:IllyaCommandSeal+1"],"relics":["PrismaMod:PrismaRuby","Membership Card","PreservedInsect","Mercury Hourglass","Mango","MealTicket","Sundial","Art of War","Blood Vial","Meat on the Bone","Pandora\u0027s Box","Vajra","yuri:PortableGlitches","Letter Opener","Molten Egg 2","Dream Catcher","Akabeko","Toxic Egg 2","Philosopher\u0027s Stone","Happy Flower","Juzu Bracelet","Bottled Lightning","Ornamental Fan","Omamori","Calipers","Chemical X","Bag of Marbles"],"acts_visited":["Exordium","TheCity","TheBeyond","TheEnding"],"potions_floor_usage":[55,55,55,55,55,55],"damage_taken":[{"damage":2,"enemies":"Jaw Worm","floor":1,"turns":5},{"damage":1,"enemies":"Small Slimes","floor":3,"turns":4},{"damage":0,"enemies":"Cultist","floor":4,"turns":4},{"damage":10,"enemies":"Gremlin Gang","floor":5,"turns":4},{"damage":0,"enemies":"Lagavulin","floor":6,"turns":6},{"damage":1,"enemies":"Gremlin Nob","floor":8,"turns":4},{"damage":0,"enemies":"2 Fungi Beasts","floor":10,"turns":3},{"damage":3,"enemies":"Lagavulin","floor":12,"turns":5},{"damage":1,"enemies":"Large Slime","floor":13,"turns":5},{"damage":5,"enemies":"3 Sentries","floor":14,"turns":4},{"damage":5,"enemies":"The Guardian","floor":16,"turns":8},{"damage":10,"enemies":"Shell Parasite","floor":18,"turns":4},{"damage":0,"enemies":"3 Byrds","floor":21,"turns":3},{"damage":0,"enemies":"3 Cultists","floor":22,"turns":3},{"damage":6,"enemies":"Book of Stabbing","floor":24,"turns":5},{"damage":3,"enemies":"Slavers","floor":28,"turns":3},{"damage":0,"enemies":"Snecko","floor":29,"turns":3},{"damage":0,"enemies":"Cultist and Chosen","floor":30,"turns":3},{"damage":0,"enemies":"Champ","floor":33,"turns":8},{"damage":0,"enemies":"3 Shapes","floor":35,"turns":2},{"damage":0,"enemies":"3 Darklings","floor":36,"turns":3},{"damage":0,"enemies":"2 Orb Walkers","floor":39,"turns":3},{"damage":0,"enemies":"Giant Head","floor":40,"turns":4},{"damage":0,"enemies":"Nemesis","floor":42,"turns":3},{"damage":0,"enemies":"Reptomancer","floor":44,"turns":2},{"damage":0,"enemies":"Maw","floor":46,"turns":4},{"damage":0,"enemies":"Writhing Mass","floor":48,"turns":3},{"damage":0,"enemies":"Time Eater","floor":50,"turns":10},{"damage":0,"enemies":"Shield and Spear","floor":54,"turns":3},{"damage":5,"enemies":"The Heart","floor":55,"turns":10}],"seed_played":"4236916963302977929","potions_obtained":[{"floor":1,"key":"Dexterity Potion"},{"floor":5,"key":"SneckoOil"},{"floor":10,"key":"SneckoOil"},{"floor":13,"key":"FairyPotion"},{"floor":14,"key":"FairyPotion"},{"floor":18,"key":"Weak Potion"},{"floor":33,"key":"AttackPotion"},{"floor":36,"key":"EntropicBrew"},{"floor":54,"key":"Swift Potion"}],"is_trial":false,"path_per_floor":["M","?","M","M","M","E","R","E","T","M","R","E","M","E","R","B",null,"M","?","$","M","M","R","E","R","T","R","E","M","M","?","R","B",null,"M","M","?","$","?","E","R","E","T","E","R","M","$","M","R","B",null,"R","$","E","B",null],"character_chosen":"ILLYA","items_purchased":["Membership Card","PrismaMod:IllyaCommandSeal","PreservedInsect","PrismaMod:IllyaInstallAlterEgo","Mercury Hourglass","MealTicket","PrismaMod:IllyaCommandSeal","Vajra","yuri:PortableGlitches","Letter Opener","PrismaMod:IllyaGrail+1","Dark Shackles+1","Happy Flower","Calipers","Chemical X"],"campfire_rested":3,"item_purchase_floors":[0,0,0,0,0,0,0,20,20,20,38,38,38,47,53],"current_hp_per_floor":[51,56,61,64,60,66,66,71,71,77,77,80,87,90,90,93,94,87,92,94,94,94,94,94,94,94,94,91,94,94,94,94,94,94,94,94,94,94,94,94,94,94,94,94,94,94,94,94,94,94,94,94,94,94,94],"gold":31,"neow_bonus":"","is_daily":false,"chose_seed":false,"campfire_upgraded":7,"win_rate":0.0,"timestamp":1609110378,"path_taken":["M","?","M","M","M","E","R","E","T","M","R","E","M","E","R","BOSS","M","?","$","M","?","R","E","R","T","R","E","?","M","?","R","BOSS","M","M","?","?","?","E","R","E","T","E","R","M","$","M","R","BOSS","R","$","E","BOSS"],"items_purchased_type":["Relic","Card","Relic","Card","Relic","Relic","Card","Relic","Relic","Relic","Card","Card","Relic","Relic","Relic"],"build_version":"2020-12-22","purchased_purges":3,"victory":true,"max_hp_per_floor":[89,94,94,94,94,94,94,94,94,94,94,94,94,94,94,94,94,94,94,94,94,94,94,94,94,94,94,94,94,94,94,94,94,94,94,94,94,94,94,94,94,94,94,94,94,94,94,94,94,94,94,94,94,94,94],"relic_stats":{"Happy Flower":[49],"counters":[62,299],"PreservedInsect":493,"Juzu Bracelet":0,"Letter Opener":[470],"Mercury Hourglass":[526],"Blood Vial":40,"Dream Catcher":3,"Sundial":[38],"Ornamental Fan":[72],"MealTicket":2,"Pandora\u0027s Box":["PrismaMod:IllyaCommonEvoke","PrismaMod:IllyaPartialInstallAssassin","PrismaMod:IllyaRussianRoulette","PrismaMod:IllyaCarnivalOrbs","PrismaMod:IllyaUberDefendChannel","PrismaMod:IllyaUncommonAttack","PrismaMod:IllyaCheapDefend","PrismaMod:IllyaBlindPoisonToss"],"Art of War":[15],"Chemical X":[6],"obtain_stats":[{"Regal Pillow":41,"Calipers":47,"CeramicFish":8,"SacredBark":17,"Vajra":20,"downfall:HeartBlessingGreen":35,"Mango":0,"Juzu Bracelet":40,"Boot":38,"Blood Vial":24,"Dream Catcher":26,"Matryoshka":10,"Sundial":3,"downfall:HeartBlessingBlue":26,"Pantograph":7,"MealTicket":0,"Philosopher\u0027s Stone":34,"Kunai":41,"Chemical X":45,"Toxic Egg 2":31,"hexamod:SpiritBrand":0,"downfall:HeartBlessingRed":18,"Happy Flower":23,"Blue Candle":25,"hexamod:TheBrokenSeal":38,"downfall:HeartsMalice":0,"Eternal Feather":20,"The Courier":48,"PreservedInsect":0,"Omamori":44,"Letter Opener":20,"Frozen Egg 2":27,"Akabeko":28,"Mercury Hourglass":43,"Ornamental Fan":43,"Pandora\u0027s Box":17,"Molten Egg 2":24,"Art of War":8,"Bag of Marbles":54,"Membership Card":0,"Bottled Lightning":42,"yuri:PortableGlitches":20,"hexamod:IceCube":34,"Meat on the Bone":14},{"Regal Pillow":26,"Calipers":58,"CeramicFish":4,"SacredBark":11,"Vajra":44,"downfall:HeartBlessingGreen":23,"Mango":32,"Juzu Bracelet":55,"Boot":24,"Blood Vial":15,"Dream Catcher":47,"Matryoshka":6,"Sundial":1,"downfall:HeartBlessingBlue":16,"Pantograph":3,"MealTicket":32,"Philosopher\u0027s Stone":51,"Kunai":26,"Chemical X":28,"Toxic Egg 2":50,"hexamod:SpiritBrand":0,"downfall:HeartBlessingRed":11,"Happy Flower":15,"Blue Candle":16,"hexamod:TheBrokenSeal":24,"downfall:HeartsMalice":0,"Eternal Feather":13,"The Courier":30,"PreservedInsect":32,"Omamori":57,"Letter Opener":44,"Frozen Egg 2":17,"Akabeko":48,"Mercury Hourglass":27,"Ornamental Fan":56,"Pandora\u0027s Box":43,"Molten Egg 2":47,"Art of War":38,"Bag of Marbles":61,"Membership Card":32,"Bottled Lightning":56,"yuri:PortableGlitches":44,"hexamod:IceCube":23,"Meat on the Bone":42},{"Regal Pillow":139,"Calipers":273,"CeramicFish":9,"SacredBark":46,"Vajra":225,"downfall:HeartBlessingGreen":119,"Mango":172,"Juzu Bracelet":264,"Boot":130,"Blood Vial":67,"Dream Catcher":235,"Matryoshka":20,"Sundial":1,"downfall:HeartBlessingBlue":73,"Pantograph":5,"MealTicket":172,"Philosopher\u0027s Stone":252,"Kunai":139,"Chemical X":148,"Toxic Egg 2":244,"hexamod:SpiritBrand":0,"downfall:HeartBlessingRed":46,"Happy Flower":67,"Blue Candle":73,"hexamod:TheBrokenSeal":124,"downfall:HeartsMalice":0,"Eternal Feather":57,"The Courier":158,"PreservedInsect":172,"Omamori":269,"Letter Opener":225,"Frozen Egg 2":79,"Akabeko":238,"Mercury Hourglass":144,"Ornamental Fan":267,"Pandora\u0027s Box":221,"Molten Egg 2":235,"Art of War":198,"Bag of Marbles":289,"Membership Card":172,"Bottled Lightning":267,"yuri:PortableGlitches":225,"hexamod:IceCube":119,"Meat on the Bone":214}],"Meat on the Bone":0},"card_choices":[{"not_picked":["PrismaMod:IllyaUpgradeOrbs","PrismaMod:IllyaDetonatingBlow","PrismaMod:IllyaGrailKun"],"picked":"SKIP","floor":1},{"not_picked":["PrismaMod:IllyaGrailKun","PrismaMod:IllyaMaid"],"picked":"PrismaMod:IllyaAOECommonAttack","floor":3},{"not_picked":["PrismaMod:IllyaBerserCAR","PrismaMod:IllyaDetonatingBlow"],"picked":"PrismaMod:IllyaUncommonAOEAttack","floor":4},{"not_picked":["PrismaMod:IllyaMinorZwei","PrismaMod:IllyaAlice"],"picked":"PrismaMod:IllyaBlindPoisonToss","floor":5},{"not_picked":["PrismaMod:IllyaInstallSaber","PrismaMod:IllyaStunPoison"],"picked":"PrismaMod:IllyaBride","floor":6},{"not_picked":["PrismaMod:IllyaRubysPotion","PrismaMod:IllyaSaphire"],"picked":"PrismaMod:IllyaCarnivalAttack","floor":8},{"not_picked":["PrismaMod:IllyaGun","PrismaMod:IllyaGrailKun"],"picked":"PrismaMod:IllyaHassanGift","floor":10},{"not_picked":["PrismaMod:IllyaInstallAlterEgo","PrismaMod:IllyaEvokeAll","PrismaMod:IllyaInstallCaster"],"picked":"SKIP","floor":12},{"not_picked":["PrismaMod:IllyaEvokeAll","PrismaMod:IllyaUpgradeOrbs","PrismaMod:IllyaRubysPotion"],"picked":"SKIP","floor":13},{"not_picked":["PrismaMod:IllyaGrailKun","PrismaMod:IllyaFriendMaker","PrismaMod:IllyaPartialInstallAssassin"],"picked":"SKIP","floor":14},{"not_picked":["PrismaMod:IllyaCarnivalDefend","PrismaMod:IllyaInstallAvenger"],"picked":"PrismaMod:IllyaCarnivalOrbs","floor":16},{"not_picked":["PrismaMod:IllyaBride","PrismaMod:IllyaGrailKun","PrismaMod:IllyaAOECommonAttack"],"picked":"SKIP","floor":18},{"not_picked":["PrismaMod:IllyaRubysPotion","PrismaMod:IllyaBerserCAR","PrismaMod:IllyaUpgradeOrbs"],"picked":"SKIP","floor":21},{"not_picked":["PrismaMod:IllyaRubysPotion+1","PrismaMod:IllyaPartialInstallAssassin","PrismaMod:IllyaCheapChannelAttack"],"picked":"SKIP","floor":22},{"not_picked":["PrismaMod:IllyaRubysPotion+1","PrismaMod:IllyaPartialInstallAssassin","PrismaMod:IllyaCheapChannelAttack"],"picked":"SKIP","floor":22},{"not_picked":["PrismaMod:IllyaInstallForeigner","PrismaMod:IllyaGrailKun","PrismaMod:IllyaCheapAttack+1"],"picked":"SKIP","floor":24},{"not_picked":["PrismaMod:IllyaTestament+1","PrismaMod:IllyaRussianRoulette"],"picked":"PrismaMod:IllyaGrail","floor":28},{"not_picked":["PrismaMod:IllyaPoisonBlock+1","PrismaMod:IllyaStunPoison+1","PrismaMod:IllyaCheapChannelAttack"],"picked":"SKIP","floor":29},{"not_picked":["PrismaMod:IllyaCommonEvoke+1","PrismaMod:IllyaPartialInstallAssassin","PrismaMod:IllyaPoisoningPhantasm+1"],"picked":"SKIP","floor":30},{"not_picked":["PrismaMod:IllyaHassanGift+1","PrismaMod:IllyaFriendMaker+1","PrismaMod:IllyaCheapChannelPoison+1"],"picked":"SKIP","floor":35},{"not_picked":["PrismaMod:IllyaPoisonTippedWeapons","PrismaMod:IllyaDevil+1","PrismaMod:IllyaCheapChannelPoison+1"],"picked":"SKIP","floor":36},{"not_picked":["PrismaMod:IllyaPoisonBlock+1","PrismaMod:IllyaAOECommonAttack+1","PrismaMod:IllyaFriendMaker+1"],"picked":"SKIP","floor":40},{"not_picked":["PrismaMod:IllyaDetonatingBlow+1","PrismaMod:IllyaCarnivalAttack+1"],"picked":"PrismaMod:IllyaTestament+1","floor":42},{"not_picked":["PrismaMod:IllyaFriendMaker+1","PrismaMod:IllyaUpgradeOrbs+1"],"picked":"PrismaMod:IllyaReinForce+1","floor":44},{"not_picked":["PrismaMod:IllyaMaid+1","PrismaMod:IllyaPartialInstallAssassin+1"],"picked":"PrismaMod:IllyaGrail+1","floor":45},{"not_picked":["PrismaMod:IllyaStunPoison+1","PrismaMod:IllyaCheapChannelAttack+1"],"picked":"PrismaMod:IllyaGrail+1","floor":46},{"not_picked":["PrismaMod:IllyaBoysLove+1","PrismaMod:IllyaAlice+1","PrismaMod:IllyaFriendMaker+1"],"picked":"SKIP","floor":48},{"not_picked":["PrismaMod:IllyaAOECommonAttack+1","PrismaMod:IllyaBride+1"],"picked":"PrismaMod:IllyaCommandSeal+1","floor":52},{"not_picked":["PrismaMod:IllyaUberPoisonChannel+1","PrismaMod:IllyaFeed+1","PrismaMod:IllyaCheapChannelDefend+1"],"picked":"SKIP","floor":54}],"player_experience":270388,"relics_obtained":[{"floor":6,"key":"Sundial"},{"floor":8,"key":"Art of War"},{"floor":12,"key":"Blood Vial"},{"floor":14,"key":"Meat on the Bone"},{"floor":24,"key":"Molten Egg 2"},{"floor":26,"key":"Dream Catcher"},{"floor":28,"key":"Akabeko"},{"floor":40,"key":"Juzu Bracelet"},{"floor":42,"key":"Bottled Lightning"},{"floor":43,"key":"Ornamental Fan"},{"floor":44,"key":"Omamori"},{"floor":54,"key":"Bag of Marbles"}],"event_choices":[{"damage_healed":0,"gold_gain":0,"player_choice":"Donut","damage_taken":0,"max_hp_gain":5,"max_hp_loss":0,"event_name":"Big Fish","floor":2,"gold_loss":0},{"cards_removed":["PrismaMod:IllyaRussianRoulette"],"damage_healed":5,"gold_gain":0,"player_choice":"Offered Common","damage_taken":0,"max_hp_gain":0,"max_hp_loss":0,"event_name":"Bonfire Elementals","floor":19,"gold_loss":0},{"cards_removed":["PrismaMod:IllyaRussianRoulette"],"damage_healed":5,"gold_gain":0,"player_choice":"Offered Special","damage_taken":0,"max_hp_gain":0,"max_hp_loss":0,"event_name":"Bonfire Elementals","floor":19,"gold_loss":0},{"damage_healed":0,"gold_gain":0,"player_choice":"Obtained Relic","damage_taken":0,"relics_obtained":["Toxic Egg 2"],"max_hp_gain":0,"max_hp_loss":0,"event_name":"Addict","floor":31,"gold_loss":85},{"cards_removed":["PrismaMod:IllyaCommonEvoke"],"damage_healed":0,"gold_gain":0,"player_choice":"Card Removal","damage_taken":0,"max_hp_gain":0,"max_hp_loss":0,"event_name":"Wheel of Change","floor":37,"gold_loss":0},{"damage_healed":0,"gold_gain":0,"player_choice":"Fight","damage_taken":0,"max_hp_gain":0,"max_hp_loss":0,"event_name":"Mysterious Sphere","floor":39,"gold_loss":0}],"is_beta":false,"boss_relics":[{"not_picked":["Tiny House","Astrolabe"],"picked":"Pandora\u0027s Box"},{"not_picked":["Snecko Eye","Runic Pyramid"],"picked":"Philosopher\u0027s Stone"}],"items_purged_floors":[0,0,20],"is_endless":false,"potions_floor_spawned":[1,5,10,13,14,18,21,33,36,42,44,48,54],"ascension_level":7}}