{"host":"oy4pyvr762z5n0bb","time":1609042946,"event":{"mods":["AchievementEnabler","BaseMod","Colored Map","Colored Powertips","Googly Eyes","Key Reminder","Minty Spire (QoL Compilation)","Quick Restart","Relic Sorter","StSLib","SuperFastMode","Unceasing Turn Reminder","slay the spire mod where everything is the same but ironclad has a cowboy hat"],"gold_per_floor":[116,116,69,92,105,138,138,166,166,177,177,220,220,53,53,181,181,204,153,174,89,89,133,133,166,211,234,154,178,212,137,137,262,262,277,610,610,621,641,641,672,691,691,711,711,731,731,157,157,157,157,157,7,33,33],"floor_reached":56,"playtime":2087,"items_purged":["Injury","Strike_G","Strike_G+1","Strike_G+1"],"score":1795,"play_id":"2e54536b-ead9-404f-a26d-8e1f5b920533","local_time":"20201226202226","is_ascension_mode":true,"campfire_choices":[{"data":"Calculated Gamble","floor":7,"key":"SMITH"},{"data":"Prepared","floor":13,"key":"SMITH"},{"data":"Prepared","floor":15,"key":"SMITH"},{"data":"Expertise","floor":24,"key":"SMITH"},{"data":"Acrobatics","floor":32,"key":"SMITH"},{"data":"Adrenaline","floor":40,"key":"SMITH"},{"floor":47,"key":"RECALL"},{"data":"A Thousand Cuts","floor":49,"key":"SMITH"},{"floor":52,"key":"REST"}],"circlet_count":0,"master_deck":["Strike_G+1","Defend_G+1","Defend_G+1","Defend_G+1","Defend_G+1","Defend_G+1","Survivor+1","Neutralize+1","Eviscerate+1","Dagger Throw+1","Calculated Gamble+1","Dagger Spray+1","Expertise+1","Prepared+1","Prepared+1","Impatience+1","Adrenaline+1","Acrobatics+1","Acrobatics+1","Expertise+1","Doppelganger+1","Slice+1","Outmaneuver+1","A Thousand Cuts+1","Escape Plan"],"relics":["Ring of the Serpent","NeowsBlessing","Snake Skull","Tingsha","Paper Crane","Gambling Chip","Blue Candle","Busted Crown","Lizard Tail","Ornamental Fan","The Courier","Anchor","Sundial","Bottled Flame","Mark of the Bloom","Tough Bandages","Strawberry","Orichalcum"],"acts_visited":["Exordium","TheCity","TheBeyond","TheEnding"],"potions_floor_usage":[8,16,33,33,44,55,55,55,55],"damage_taken":[{"damage":0,"enemies":"2 Louse","floor":1,"turns":1},{"damage":0,"enemies":"Cultist","floor":5,"turns":1},{"damage":0,"enemies":"Gremlin Nob","floor":6,"turns":1},{"damage":14,"enemies":"3 Sentries","floor":8,"turns":5},{"damage":0,"enemies":"Jaw Worm","floor":10,"turns":1},{"damage":0,"enemies":"Gremlin Nob","floor":12,"turns":1},{"damage":13,"enemies":"Slime Boss","floor":16,"turns":4},{"damage":0,"enemies":"Spheric Guardian","floor":18,"turns":1},{"damage":0,"enemies":"3 Byrds","floor":20,"turns":2},{"damage":0,"enemies":"Book of Stabbing","floor":23,"turns":2},{"damage":0,"enemies":"Gremlin Leader","floor":25,"turns":2},{"damage":0,"enemies":"Snake Plant","floor":27,"turns":1},{"damage":0,"enemies":"Centurion and Healer","floor":29,"turns":2},{"damage":0,"enemies":"Book of Stabbing","floor":30,"turns":2},{"damage":19,"enemies":"Automaton","floor":33,"turns":5},{"damage":0,"enemies":"3 Shapes","floor":35,"turns":2},{"damage":0,"enemies":"3 Darklings","floor":38,"turns":3},{"damage":0,"enemies":"4 Shapes","floor":39,"turns":2},{"damage":0,"enemies":"Reptomancer","floor":41,"turns":3},{"damage":0,"enemies":"Jaw Worm Horde","floor":42,"turns":1},{"damage":5,"enemies":"Maw","floor":44,"turns":4},{"damage":0,"enemies":"Writhing Mass","floor":46,"turns":2},{"damage":0,"enemies":"Donu and Deca","floor":50,"turns":3},{"damage":0,"enemies":"Shield and Spear","floor":54,"turns":2},{"damage":3,"enemies":"The Heart","floor":55,"turns":7}],"seed_played":"8312002825446603186","potions_obtained":[{"floor":1,"key":"PowerPotion"},{"floor":10,"key":"Explosive Potion"},{"floor":12,"key":"LiquidBronze"},{"floor":16,"key":"LiquidBronze"},{"floor":18,"key":"BlessingOfTheForge"},{"floor":38,"key":"PowerPotion"},{"floor":41,"key":"Swift Potion"},{"floor":46,"key":"EntropicBrew"},{"floor":54,"key":"Weak Potion"}],"is_trial":false,"path_per_floor":["M","?","$","T","M","E","R","E","T","M","?","E","R","$","R","B",null,"M","$","M","?","?","E","R","E","T","M","$","M","E","?","R","B",null,"M","?","?","M","M","R","E","M","T","M","?","M","R","$","R","B",null,"R","$","E","B",null],"character_chosen":"THE_SILENT","items_purchased":["Dagger Throw","Impatience","Acrobatics","Tough Bandages","A Thousand Cuts","Strawberry","Escape Plan"],"campfire_rested":1,"item_purchase_floors":[3,14,19,48,48,48,53],"current_hp_per_floor":[70,70,70,70,70,70,70,56,56,56,56,56,56,56,56,43,63,63,63,63,63,63,63,63,63,63,63,63,63,63,63,63,44,64,64,64,64,64,64,64,64,64,64,59,59,59,59,59,59,59,59,59,59,59,56],"gold":33,"neow_bonus":"THREE_ENEMY_KILL","is_daily":false,"chose_seed":false,"campfire_upgraded":7,"win_rate":0.0,"timestamp":1609042946,"path_taken":["M","?","?","?","M","E","R","E","T","?","?","E","R","$","R","BOSS","M","$","M","?","?","E","R","E","T","M","$","M","E","?","R","BOSS","M","?","?","M","M","R","E","M","T","?","?","M","R","$","R","BOSS","R","$","E","BOSS"],"items_purchased_type":["Card","Card","Card","Relic","Card","Relic","Card"],"build_version":"2020-12-22","purchased_purges":4,"victory":true,"max_hp_per_floor":[70,70,70,70,70,70,70,70,70,70,70,70,70,70,70,70,70,70,70,70,70,70,70,70,70,70,70,70,70,70,70,70,70,70,70,70,70,70,70,70,70,70,70,70,70,70,70,77,77,77,77,77,77,77,77],"card_choices":[{"not_picked":["Catalyst","Prepared"],"picked":"Eviscerate","floor":1},{"not_picked":["Flying Knee","Predator"],"picked":"Calculated Gamble","floor":5},{"not_picked":["Poisoned Stab","Dodge and Roll"],"picked":"Dagger Spray","floor":6},{"not_picked":["Bullet Time","Deflect"],"picked":"Expertise","floor":8},{"not_picked":["Cloak And Dagger","Deadly Poison"],"picked":"Prepared","floor":10},{"not_picked":["Crippling Poison","Deflect"],"picked":"Prepared","floor":12},{"not_picked":["Phantasmal Killer","Malaise"],"picked":"Adrenaline","floor":16},{"not_picked":["Bane"],"picked":"SKIP","floor":18},{"not_picked":["Heel Hook"],"picked":"SKIP","floor":20},{"not_picked":["Finisher+1"],"picked":"SKIP","floor":23},{"not_picked":[],"picked":"Acrobatics","floor":25},{"not_picked":["Poisoned Stab"],"picked":"SKIP","floor":27},{"not_picked":["Quick Slash"],"picked":"SKIP","floor":29},{"not_picked":[],"picked":"Expertise+1","floor":30},{"not_picked":[],"picked":"Doppelganger","floor":33},{"not_picked":[],"picked":"Slice+1","floor":35},{"not_picked":["Flechettes+1"],"picked":"SKIP","floor":38},{"not_picked":["Blade Dance+1"],"picked":"SKIP","floor":39},{"not_picked":["Slice"],"picked":"SKIP","floor":41},{"not_picked":["Cloak And Dagger+1"],"picked":"SKIP","floor":42},{"not_picked":[],"picked":"Outmaneuver+1","floor":44},{"not_picked":["Flechettes"],"picked":"SKIP","floor":46},{"not_picked":["Infinite Blades+1"],"picked":"SKIP","floor":54}],"player_experience":583603,"relics_obtained":[{"floor":4,"key":"Snake Skull"},{"floor":6,"key":"Tingsha"},{"floor":8,"key":"Paper Crane"},{"floor":9,"key":"Gambling Chip"},{"floor":12,"key":"Blue Candle"},{"floor":23,"key":"Ornamental Fan"},{"floor":25,"key":"The Courier"},{"floor":26,"key":"Anchor"},{"floor":30,"key":"Sundial"},{"floor":41,"key":"Bottled Flame"},{"floor":54,"key":"Orichalcum"}],"event_choices":[{"damage_healed":0,"gold_gain":0,"player_choice":"Upgraded","damage_taken":0,"max_hp_gain":0,"max_hp_loss":0,"event_name":"Upgrade Shrine","floor":2,"gold_loss":0,"cards_upgraded":["Eviscerate"]},{"damage_healed":0,"gold_gain":0,"player_choice":"Take Wound","damage_taken":0,"relics_obtained":["Golden Idol"],"max_hp_gain":0,"max_hp_loss":0,"event_name":"Golden Idol","floor":11,"gold_loss":0,"cards_obtained":["Injury"]},{"damage_healed":0,"gold_gain":0,"player_choice":"Obtained Relic","damage_taken":0,"relics_obtained":["Lizard Tail"],"max_hp_gain":0,"max_hp_loss":0,"event_name":"Addict","floor":21,"gold_loss":85},{"damage_healed":0,"gold_gain":0,"player_choice":"Ignored","damage_taken":0,"max_hp_gain":0,"max_hp_loss":0,"event_name":"Vampires","floor":22,"gold_loss":0},{"cards_removed":["Strike_G"],"damage_healed":0,"gold_gain":0,"player_choice":"Gave Gold","damage_taken":0,"max_hp_gain":0,"max_hp_loss":0,"event_name":"Beggar","floor":31,"gold_loss":75},{"damage_healed":0,"gold_gain":333,"player_choice":"Gave Idol","damage_taken":0,"max_hp_gain":0,"max_hp_loss":0,"event_name":"The Moai Head","floor":36,"relics_lost":["Golden Idol"],"gold_loss":0},{"damage_healed":0,"gold_gain":0,"player_choice":"Ignored","damage_taken":0,"max_hp_gain":0,"max_hp_loss":0,"event_name":"Tomb of Lord Red Mask","floor":37,"gold_loss":0},{"damage_healed":0,"gold_gain":0,"player_choice":"Upgrade","damage_taken":0,"relics_obtained":["Mark of the Bloom"],"max_hp_gain":0,"max_hp_loss":0,"event_name":"MindBloom","floor":45,"gold_loss":0,"cards_upgraded":["Strike_G","Strike_G","Strike_G","Defend_G","Defend_G","Defend_G","Defend_G","Defend_G","Survivor","Neutralize","Dagger Throw","Dagger Spray","Impatience","Acrobatics","Doppelganger"]}],"is_beta":false,"boss_relics":[{"not_picked":["Astrolabe","SlaversCollar"],"picked":"Busted Crown"},{"not_picked":["Philosopher\u0027s Stone","Empty Cage"],"picked":"Ring of the Serpent"}],"items_purged_floors":[14,28,48,53],"is_endless":false,"potions_floor_spawned":[1,10,12,16,18,20,23,27,38,41,46,54],"ascension_level":5}}