{"host":"m9i7qe3hvz6jihjh","time":1609093465,"event":{"mods":["BaseMod","Colored Powertips","Infinite Spire","Minty Spire (QoL Compilation)","Quick Restart","StSLib","The Animator","Waifu the Spire"],"gold_per_floor":[110,110,110,35,35,63,82,82,134,134,148,148,101,119,119,217,217,229,247,247,247,172,206,222,248,299,311,345,345,345,361,361,464,464,484,484,498,498,498,498,534,536,536],"floor_reached":42,"playtime":1123,"items_purged":["Regret","Defend_P"],"score":507,"play_id":"cf872a50-2634-4f57-90c7-40d2bc969dc2","local_time":"20201227192425","is_ascension_mode":false,"campfire_choices":[{"floor":8,"key":"REST"},{"floor":12,"key":"REST"},{"data":"Eruption","floor":15,"key":"SMITH"},{"data":"infinitespire:Punishment","floor":30,"key":"SMITH"},{"data":"infinitespire:Fortify","floor":32,"key":"SMITH"},{"data":"DevaForm","floor":40,"key":"SMITH"}],"circlet_count":0,"master_deck":["Strike_P","Strike_P","Defend_P","Defend_P","Defend_P","Eruption+1","Vigilance","FollowUp","infinitespire:Punishment+1","WreathOfFlame","Worship+1","Ragnarok","Indignation","Omniscience","SandsOfTime","Pray","infinitespire:Fortify+1","ClearTheMind+1","CarveReality+1","DevaForm+1","Evaluate+1","Study","Halt+1"],"relics":["HolyWater","Blood Vial","StoneCalendar","infinitespire:CursedDice","TeardropLocket","Black Star","Lee\u0027s Waffle","MutagenicStrength","StrikeDummy","Art of War","Juzu Bracelet","Darkstone Periapt","Bronze Scales","Omamori","Anchor","Calling Bell","Vajra","Ginger","infinitespire:BottledMercury","infinitespire:Midas Blood","infinitespire:FocusingShard","Damaru"],"acts_visited":["Exordium","TheCity","TheBeyond"],"potions_floor_usage":[16,23,25,28,33,38],"damage_taken":[{"damage":3,"enemies":"2 Louse","floor":1,"turns":2},{"damage":28,"enemies":"Gremlin Nob","floor":6,"turns":3},{"damage":0,"enemies":"Small Slimes","floor":7,"turns":1},{"damage":6,"enemies":"Jaw Worm","floor":11,"turns":3},{"damage":2,"enemies":"3 Louse","floor":14,"turns":3},{"damage":15,"enemies":"Hexaghost","floor":16,"turns":4},{"damage":5,"enemies":"Chosen","floor":18,"turns":2},{"damage":0,"enemies":"3 Byrds","floor":19,"turns":4},{"damage":12,"enemies":"Slavers","floor":23,"turns":4},{"damage":0,"enemies":"Snake Plant","floor":24,"turns":1},{"damage":28,"enemies":"Gremlin Leader","floor":25,"turns":2},{"damage":0,"enemies":"Snecko","floor":27,"turns":2},{"damage":8,"enemies":"Book of Stabbing","floor":28,"turns":2},{"damage":10,"enemies":"Centurion and Healer","floor":31,"turns":3},{"damage":65,"enemies":"Automaton","floor":33,"turns":8},{"damage":0,"enemies":"Orb Walker","floor":35,"turns":1},{"damage":2,"enemies":"3 Shapes","floor":37,"turns":2},{"damage":5,"enemies":"infinitespire:Three Voidlings","floor":38,"turns":5},{"damage":68,"enemies":"Giant Head","floor":41,"turns":6},{"damage":32,"enemies":"Spire Growth","floor":42,"turns":2}],"seed_played":"-8874822603240994230","potions_obtained":[{"floor":7,"key":"SkillPotion"},{"floor":19,"key":"PowerPotion"},{"floor":24,"key":"BlessingOfTheForge"},{"floor":25,"key":"BottledMiracle"},{"floor":27,"key":"Weak Potion"},{"floor":37,"key":"EssenceOfSteel"}],"is_trial":false,"path_per_floor":["M","?","?","$","?","E","M","R","T","?","M","R","?","M","R","B",null,"M","M","AVR","?","?","E","M","E","T","M","E","?","R","M","R","B",null,"M","?","M","?","T","R","E","M"],"character_chosen":"WATCHER","items_purchased":[],"campfire_rested":2,"item_purchase_floors":[],"current_hp_per_floor":[69,51,51,51,39,13,15,36,36,36,32,53,53,53,53,40,72,67,69,79,79,79,67,69,43,43,45,39,65,65,57,57,28,79,79,79,77,74,74,74,8,0,0],"gold":536,"neow_bonus":"RANDOM_COMMON_RELIC","is_daily":false,"chose_seed":false,"campfire_upgraded":4,"win_rate":0.0,"timestamp":1609093465,"path_taken":["M","?","?","$","?","E","M","R","T","?","M","R","?","M","R","BOSS","M","M","AVR","?","?","E","M","E","T","M","E","?","R","M","R","BOSS","M","?","M","?","?","R","E","M"],"items_purchased_type":[],"build_version":"2020-12-22","purchased_purges":2,"victory":false,"max_hp_per_floor":[72,72,72,72,72,72,72,72,72,72,72,72,72,72,72,72,72,72,72,79,79,79,79,79,79,79,79,79,79,79,79,79,79,79,79,79,79,79,79,79,79,79,79],"card_choices":[{"not_picked":["Vengeance","PathToVictory"],"picked":"FollowUp","floor":1},{"not_picked":["infinitespire:Gouge","infinitespire:Fortify"],"picked":"infinitespire:Punishment","floor":2},{"not_picked":["CutThroughFate","WindmillStrike"],"picked":"WreathOfFlame","floor":6},{"not_picked":["EmptyFist","JustLucky"],"picked":"Worship","floor":7},{"not_picked":["Wallop","ThirdEye"],"picked":"Ragnarok","floor":11},{"not_picked":["EmptyBody","Consecrate"],"picked":"Indignation","floor":14},{"not_picked":["Judgement","Scrawl"],"picked":"Omniscience","floor":16},{"not_picked":["CutThroughFate","FlurryOfBlows"],"picked":"SandsOfTime","floor":18},{"not_picked":["Wallop","MentalFortress"],"picked":"Pray","floor":19},{"not_picked":["Adaptation","Pray"],"picked":"ClearTheMind+1","floor":23},{"not_picked":["Halt","Consecrate","Crescendo"],"picked":"SKIP","floor":24},{"not_picked":["Scrawl","ThirdEye","CrushJoints"],"picked":"SKIP","floor":25},{"not_picked":["EmptyFist+1","Prostrate"],"picked":"CarveReality+1","floor":27},{"not_picked":["Perseverance","ReachHeaven","Vengeance"],"picked":"SKIP","floor":28},{"not_picked":["CarveReality","Nirvana","EmptyBody"],"picked":"SKIP","floor":31},{"not_picked":["SpiritShield","Blasphemy"],"picked":"DevaForm","floor":33},{"not_picked":["WindmillStrike+1","SashWhip+1"],"picked":"Evaluate+1","floor":35},{"not_picked":["ClearTheMind+1","EmptyFist+1"],"picked":"Study","floor":37},{"not_picked":["Crescendo","Pray+1"],"picked":"Halt+1","floor":41}],"player_experience":884532,"relics_obtained":[{"floor":6,"key":"TeardropLocket"},{"floor":23,"key":"StrikeDummy"},{"floor":23,"key":"Art of War"},{"floor":25,"key":"Juzu Bracelet"},{"floor":25,"key":"Darkstone Periapt"},{"floor":26,"key":"Bronze Scales"},{"floor":28,"key":"Omamori"},{"floor":28,"key":"Anchor"},{"floor":34,"key":"Vajra"},{"floor":34,"key":"Ginger"},{"floor":34,"key":"infinitespire:BottledMercury"},{"floor":39,"key":"infinitespire:Midas Blood"},{"floor":41,"key":"infinitespire:FocusingShard"},{"floor":41,"key":"Damaru"}],"event_choices":[{"damage_healed":0,"gold_gain":0,"player_choice":"Box","damage_taken":0,"relics_obtained":["StoneCalendar"],"max_hp_gain":0,"max_hp_loss":0,"event_name":"Big Fish","floor":3,"gold_loss":0,"cards_obtained":["Regret"]},{"damage_healed":0,"gold_gain":0,"player_choice":"Success","damage_taken":12,"relics_obtained":["infinitespire:CursedDice"],"max_hp_gain":0,"max_hp_loss":0,"event_name":"Scrap Ooze","floor":5,"gold_loss":0},{"damage_healed":0,"gold_gain":0,"player_choice":"Grow","damage_taken":0,"max_hp_gain":0,"max_hp_loss":0,"event_name":"Living Wall","floor":10,"gold_loss":0,"cards_upgraded":["Worship"]},{"damage_healed":0,"gold_gain":0,"player_choice":"Left Gold","damage_taken":0,"max_hp_gain":0,"max_hp_loss":0,"event_name":"World of Goop","floor":13,"gold_loss":47},{"damage_healed":0,"gold_gain":0,"player_choice":"Inject Mutagens","damage_taken":0,"relics_obtained":["MutagenicStrength"],"max_hp_gain":0,"max_hp_loss":0,"event_name":"Drug Dealer","floor":21,"gold_loss":0},{"cards_removed":["Strike_P"],"damage_healed":0,"gold_gain":0,"player_choice":"Gave Gold","damage_taken":0,"max_hp_gain":0,"max_hp_loss":0,"event_name":"Beggar","floor":22,"gold_loss":75},{"damage_healed":26,"gold_gain":0,"player_choice":"Heal","damage_taken":0,"max_hp_gain":0,"max_hp_loss":0,"event_name":"The Library","floor":29,"gold_loss":0},{"cards_removed":["Strike_P"],"damage_healed":0,"gold_gain":0,"player_choice":"Removed Attack","damage_taken":0,"max_hp_gain":0,"max_hp_loss":0,"event_name":"Falling","floor":36,"gold_loss":0}],"is_beta":false,"boss_relics":[{"not_picked":["Sozu","Tiny House"],"picked":"HolyWater"},{"not_picked":["VioletLotus","Runic Pyramid"],"picked":"Calling Bell"}],"items_purged_floors":[4,20],"is_endless":false,"potions_floor_spawned":[7,19,24,25,27,37],"killed_by":"Spire Growth","ascension_level":0}}