{"host":"wy23tj84iquxuyyu","time":1609106584,"event":{"mods":["Aspiration","BaseMod","Better Note","Colored Map","Fireblade Mod","Hermit","Marked Mod","Minty Spire (QoL Compilation)","Random Character Button","Rare Cards Sparkle","Relic Stats","Replay The Spire","Retaliation","Spicy Shops","StSLib","The Cursed","The Death Knight","The Necromancer","Trackpad"],"gold_per_floor":[112,127,127,8,183,183,203,203,203,203,220,220,230,241,241,241,241],"floor_reached":16,"playtime":658,"items_purged":["Replay:Hysterical Blindness"],"score":92,"play_id":"b7e63568-254c-46f8-ae4c-d179c71503f8","local_time":"20201227170304","is_ascension_mode":false,"campfire_choices":[{"data":"hermit:TakeAim","floor":6,"key":"SMITH"},{"data":"hermit:Deadeye","floor":8,"key":"SMITH"},{"floor":10,"key":"REST"},{"floor":15,"key":"REST"}],"circlet_count":0,"master_deck":["hermit:Strike_Hermit","hermit:Strike_Hermit","hermit:Strike_Hermit","hermit:Strike_Hermit","hermit:Defend_Hermit","hermit:Defend_Hermit","hermit:Defend_Hermit","hermit:Defend_Hermit","hermit:Snapshot","hermit:Deadeye+1","hermit:TrackingShot+1","hermit:TakeAim+1","Doubt","hermit:EyeOfTheStorm","Injury","hermit:LoneWolf+1"],"relics":["hermit:Momento","ReplayTheSpireMod:CursedCoin","Question Card","Tiny Chest","Toxic Egg 2"],"acts_visited":["Exordium"],"potions_floor_usage":[11,16],"damage_taken":[{"damage":0,"enemies":"Cultist","floor":1,"turns":3},{"damage":0,"enemies":"Small Slimes","floor":2,"turns":4},{"damage":3,"enemies":"2 Louse","floor":7,"turns":3},{"damage":18,"enemies":"Lots of Slimes","floor":11,"turns":7},{"damage":18,"enemies":"Large Slime","floor":13,"turns":7},{"damage":15,"enemies":"Looter","floor":14,"turns":3},{"damage":49,"enemies":"Slime Boss","floor":16,"turns":8}],"seed_played":"-8560603507532208545","potions_obtained":[{"floor":2,"key":"SkillPotion"},{"floor":13,"key":"PowerPotion"},{"floor":14,"key":"Doom Potion"}],"is_trial":false,"path_per_floor":["M","M","?","$","?","R","M","R","T","R","M","?","M","M","R","B"],"character_chosen":"HERMIT","items_purchased":["hermit:TakeAim","ReplayTheSpireMod:CursedCoin","Question Card"],"campfire_rested":2,"item_purchase_floors":[4,4,4],"current_hp_per_floor":[75,75,75,75,75,75,72,72,72,75,57,57,39,24,46,0,0],"gold":241,"neow_bonus":"REMOVE_CARD","is_daily":false,"chose_seed":false,"campfire_upgraded":2,"win_rate":0.0,"timestamp":1609106584,"path_taken":["M","M","?","$","?","R","M","R","T","R","M","?","M","M","R","BOSS"],"items_purchased_type":["Card","Relic","Relic"],"build_version":"2020-12-22","purchased_purges":1,"victory":false,"max_hp_per_floor":[75,75,75,75,75,75,75,75,75,75,75,75,75,75,75,75,75],"relic_stats":{"counters":[7,35],"Tiny Chest":0,"Question Card":4,"obtain_stats":[{"ReplayTheSpireMod:CursedCoin":4,"Tiny Chest":9,"Toxic Egg 2":12,"Question Card":4,"hermit:Momento":0},{"ReplayTheSpireMod:CursedCoin":2,"Tiny Chest":3,"Toxic Egg 2":4,"Question Card":2,"hermit:Momento":0},{"ReplayTheSpireMod:CursedCoin":7,"Tiny Chest":10,"Toxic Egg 2":17,"Question Card":7,"hermit:Momento":0}]},"card_choices":[{"not_picked":["hermit:SprayPray","hermit:Dive"],"picked":"hermit:Deadeye","floor":1},{"not_picked":["hermit:CalledShot","hermit:Feint"],"picked":"hermit:TrackingShot","floor":2},{"not_picked":["hermit:LowProfile","hermit:Manifest","hermit:BodyArmor","hermit:PistolWhip"],"picked":"SKIP","floor":7},{"not_picked":["hermit:Spite","hermit:Quickdraw","hermit:Roulette"],"picked":"hermit:EyeOfTheStorm","floor":11},{"not_picked":["hermit:Grudge","hermit:DeadMansHand+1","hermit:HoleUp+1","hermit:WideOpen"],"picked":"SKIP","floor":13},{"not_picked":["hermit:ShadowCloak","hermit:Dive+1","hermit:Glare+1"],"picked":"hermit:LoneWolf+1","floor":14}],"player_experience":823849,"relics_obtained":[{"floor":9,"key":"Tiny Chest"}],"event_choices":[{"damage_healed":0,"gold_gain":0,"player_choice":"Grow","damage_taken":0,"max_hp_gain":0,"max_hp_loss":0,"event_name":"Living Wall","floor":3,"gold_loss":0,"cards_upgraded":["hermit:TrackingShot"]},{"damage_healed":0,"gold_gain":175,"player_choice":"AGREE","damage_taken":0,"max_hp_gain":0,"max_hp_loss":0,"event_name":"Liars Game","floor":5,"gold_loss":0,"cards_obtained":["Doubt"]}],"is_beta":false,"boss_relics":[],"items_purged_floors":[4],"is_endless":false,"potions_floor_spawned":[2,13,14],"killed_by":"Slime Boss","ascension_level":0}}