{"host":"s1gi8xs3so6zkrm7","time":1609080098,"event":{"mods":["BaseMod","Filter the Spire","Minty Spire (QoL Compilation)"],"gold_per_floor":[99,99,99,2,2,2,2,2,2,2,2,2,2,2,2,2,2,2,2,2,2,2,2,2,2,2,2,2,2,2,2,2,2,2,2,2,2,2,2,2,2,2,2,2,2,2,2,2,2,2],"floor_reached":51,"playtime":2889,"items_purged":[],"score":747,"play_id":"ec43b4c7-2d9c-4473-aa8c-0851395eb479","local_time":"20201227084138","is_ascension_mode":false,"campfire_choices":[{"data":"Reprogram","floor":8,"key":"SMITH"},{"data":"Leap","floor":11,"key":"SMITH"},{"data":"Genetic Algorithm","floor":13,"key":"SMITH"},{"data":"Beam Cell","floor":15,"key":"SMITH"},{"data":"Gash","floor":28,"key":"SMITH"},{"data":"All For One","floor":30,"key":"SMITH"},{"floor":32,"key":"REST"},{"data":"Impatience","floor":40,"key":"SMITH"},{"data":"Gash","floor":42,"key":"SMITH"},{"floor":49,"key":"REST"}],"circlet_count":0,"master_deck":["Dualcast","Reprogram+1","Beam Cell+1","Gash+1","Go for the Eyes","Genetic Algorithm+1","Leap+1","CurseOfTheBell","Melter","Streamline","Sweeping Beam+1","Chill+1","RitualDagger","Ghostly","Ghostly","Ghostly","Ghostly","Ghostly","All For One+1","Sunder","All For One","Steam Power","Force Field","Sweeping Beam","Force Field","Amplify","Glacier","Skim","Turbo+1","Hologram+1","Impatience+1","Gash+1"],"relics":["Ectoplasm","FaceOfCleric","Du-Vu Doll","Singing Bowl","Calling Bell","Dream Catcher","Mercury Hourglass","Mango","The Courier","Whetstone","Pandora\u0027s Box","Darkstone Periapt","Lantern","Kunai"],"acts_visited":["Exordium","TheCity","TheBeyond"],"potions_floor_usage":[16,33,33,33,36,50,50],"damage_taken":[{"damage":0.0,"enemies":"2 Louse","floor":1.0,"turns":3.0},{"damage":0.0,"enemies":"Cultist","floor":3.0,"turns":3.0},{"damage":5.0,"enemies":"Jaw Worm","floor":5.0,"turns":3.0},{"damage":11.0,"enemies":"Lagavulin","floor":6.0,"turns":6.0},{"damage":4,"enemies":"Exordium Wildlife","floor":10,"turns":3},{"damage":0,"enemies":"Blue Slaver","floor":14,"turns":4},{"damage":24,"enemies":"Slime Boss","floor":16,"turns":13},{"damage":17,"enemies":"3 Byrds","floor":18,"turns":6},{"damage":0,"enemies":"Spheric Guardian","floor":19,"turns":2},{"damage":26,"enemies":"Shelled Parasite and Fungi","floor":20,"turns":6},{"damage":12,"enemies":"Centurion and Healer","floor":21,"turns":7},{"damage":3,"enemies":"Cultist and Chosen","floor":24,"turns":8},{"damage":4,"enemies":"Slavers","floor":27,"turns":5},{"damage":1,"enemies":"3 Cultists","floor":29,"turns":5},{"damage":0,"enemies":"Centurion and Healer","floor":31,"turns":6},{"damage":59,"enemies":"Collector","floor":33,"turns":11},{"damage":8,"enemies":"3 Shapes","floor":35,"turns":4},{"damage":1,"enemies":"3 Darklings","floor":36,"turns":5},{"damage":4,"enemies":"Nemesis","floor":41,"turns":7},{"damage":0,"enemies":"Jaw Worm Horde","floor":45,"turns":5},{"damage":12,"enemies":"4 Shapes","floor":48,"turns":4},{"damage":24,"enemies":"Awakened One","floor":50,"turns":11}],"seed_played":"7049256123226902709","potions_obtained":[{"floor":1.0,"key":"Fire Potion"},{"floor":14,"key":"PowerPotion"},{"floor":16,"key":"FocusPotion"},{"floor":21,"key":"Fire Potion"},{"floor":27,"key":"AttackPotion"},{"floor":31,"key":"Swift Potion"},{"floor":33,"key":"AttackPotion"},{"floor":35,"key":"Weak Potion"},{"floor":45,"key":"Dexterity Potion"}],"is_trial":false,"path_per_floor":["M","?","M","$","M","E","?","R","T","M","R","?","R","M","R","B",null,"M","M","M","M","?","?","M","$","T","E","R","M","R","M","R","B",null,"M","M","?","?","?","R","E","R","T","$","M","T","$","M","R","B",null],"character_chosen":"DEFECT","items_purchased":["Gash","Go for the Eyes"],"campfire_rested":2,"item_purchase_floors":[4,4],"current_hp_per_floor":[75,75,76,76,72,62,62,62,62,59,59,59,59,62,62,41,99,83,84,59,48,42,42,40,40,40,39,39,41,41,44,61,3,62,55,55,55,55,55,55,52,52,52,52,55,55,55,46,68,45],"gold":2,"neow_bonus":"BOSS_RELIC","is_daily":false,"chose_seed":false,"campfire_upgraded":8,"win_rate":0.0,"timestamp":1609080098,"path_taken":["M","?","M","?","?","E","?","R","T","M","R","?","R","M","R","BOSS","M","M","?","M","?","?","M","?","T","E","R","M","R","M","R","BOSS","M","M","?","?","?","R","E","R","T","?","M","?","?","M","R","BOSS"],"items_purchased_type":["Card","Card"],"build_version":"2020-12-22","purchased_purges":0,"victory":true,"max_hp_per_floor":[75,75,76,76,77,78,78,78,78,79,79,79,79,82,82,85,99,100,101,102,103,103,51,52,52,52,55,55,58,58,61,61,62,62,63,64,61,61,61,61,62,62,62,62,65,65,65,68,70,71],"card_choices":[{"not_picked":["Undo","Rebound"],"picked":"Reprogram","floor":1.0},{"not_picked":["Blizzard","Redo"],"picked":"Beam Cell","floor":3.0},{"not_picked":["Conserve Battery","Coolheaded"],"picked":"Genetic Algorithm","floor":5.0},{"not_picked":["Fusion","Double Energy","Static Discharge"],"picked":"SKIP","floor":6},{"not_picked":["Hello World","Aggregate"],"picked":"Leap","floor":10},{"not_picked":["Cold Snap","Ball Lightning","Coolheaded"],"picked":"Singing Bowl","floor":14},{"not_picked":["Rainbow","Thunder Strike","Biased Cognition"],"picked":"Singing Bowl","floor":16},{"not_picked":["Cold Snap","Aggregate+1"],"picked":"Melter","floor":18},{"not_picked":["Rip and Tear","Barrage"],"picked":"Streamline","floor":19},{"not_picked":["Redo+1","Auto Shields+1"],"picked":"Sweeping Beam+1","floor":20},{"not_picked":["Cold Snap","Rebound"],"picked":"Chill+1","floor":21},{"not_picked":["Stack","Steam"],"picked":"All For One","floor":24},{"not_picked":["Tempest+1","Streamline","Leap"],"picked":"Singing Bowl","floor":27},{"not_picked":["Hello World","Storm","Melter"],"picked":"Singing Bowl","floor":29},{"not_picked":["Turbo","Ball Lightning","Cold Snap"],"picked":"Singing Bowl","floor":31},{"not_picked":["Leap","Tempest"],"picked":"Sunder","floor":32},{"not_picked":["Meteor Strike","Multi-Cast"],"picked":"All For One","floor":33},{"not_picked":["Barrage+1","Lockon+1"],"picked":"Turbo+1","floor":35},{"not_picked":["Go for the Eyes+1","Auto Shields"],"picked":"Hologram+1","floor":36},{"not_picked":["Discovery","Enlightenment"],"picked":"Impatience","floor":39},{"not_picked":["Sweeping Beam+1","Loop+1"],"picked":"Gash","floor":41},{"not_picked":["Cold Snap","Compile Driver+1","Redo"],"picked":"Singing Bowl","floor":45},{"not_picked":["Barrage+1","Streamline+1","Stack+1"],"picked":"Singing Bowl","floor":48},{"not_picked":["Leap+1","Recycle+1","Capacitor"],"picked":"Singing Bowl","floor":49}],"player_experience":189290,"relics_obtained":[{"floor":6,"key":"Du-Vu Doll"},{"floor":9,"key":"Singing Bowl"},{"floor":17,"key":"Dream Catcher"},{"floor":17,"key":"Mercury Hourglass"},{"floor":17,"key":"Mango"},{"floor":26,"key":"The Courier"},{"floor":27,"key":"Whetstone"},{"floor":41,"key":"Darkstone Periapt"},{"floor":43,"key":"Lantern"},{"floor":46,"key":"Kunai"}],"event_choices":[{"damage_healed":0.0,"max_hp_gain":0.0,"max_hp_loss":0.0,"gold_gain":0.0,"event_name":"FaceTrader","player_choice":"Trade","floor":2.0,"gold_loss":0.0,"damage_taken":0.0,"relics_obtained":["FaceOfCleric"]},{"damage_healed":0,"gold_gain":30,"player_choice":"Searched \u00272\u0027 times","damage_taken":0,"max_hp_gain":0,"max_hp_loss":0,"event_name":"Dead Adventurer","floor":7,"gold_loss":0},{"cards_removed":["Zap"],"damage_healed":0,"gold_gain":0,"player_choice":"Offered Basic","damage_taken":0,"max_hp_gain":0,"max_hp_loss":0,"event_name":"Bonfire Elementals","floor":12,"gold_loss":0},{"damage_healed":0,"gold_gain":0,"player_choice":"Joined the Cult","damage_taken":6,"max_hp_gain":0,"max_hp_loss":0,"event_name":"Nest","floor":22,"gold_loss":0,"cards_obtained":["RitualDagger"]},{"damage_healed":0,"gold_gain":0,"player_choice":"Became a Ghost","damage_taken":0,"max_hp_gain":0,"max_hp_loss":52,"event_name":"Ghosts","floor":23,"gold_loss":0,"cards_obtained":["Ghostly","Ghostly","Ghostly","Ghostly","Ghostly"]},{"damage_healed":0,"gold_gain":0,"player_choice":"Max HP","damage_taken":0,"max_hp_gain":0,"max_hp_loss":3,"event_name":"Winding Halls","floor":37,"gold_loss":0},{"cards_removed":["Loop"],"damage_healed":0,"gold_gain":0,"player_choice":"Removed Power","damage_taken":0,"max_hp_gain":0,"max_hp_loss":0,"event_name":"Falling","floor":38,"gold_loss":0},{"damage_healed":0,"gold_gain":0,"player_choice":"Memory 1","damage_taken":0,"max_hp_gain":0,"max_hp_loss":0,"event_name":"SensoryStone","floor":39,"gold_loss":0}],"is_beta":false,"boss_relics":[{"not_picked":["Busted Crown","Coffee Dripper"],"picked":"Calling Bell"},{"not_picked":["Black Star","SacredBark"],"picked":"Pandora\u0027s Box"}],"items_purged_floors":[],"is_endless":false,"potions_floor_spawned":[1,14,16,21,27,31,33,35,45],"ascension_level":0}}