{"host":"uq7j81ocmf0ebuur","time":1609088124,"event":{"mods":["AchievementEnabler","BaseMod","Better Match","Better Note","Better Third Choice","Block Reminder","Colored Map","Colored Powertips","Defuse TimeMaze Blight","Googly Eyes","Minty Spire (QoL Compilation)","Relic Stats","StSLib","SuperFastMode","everything is the same but u backflip on backflip","slay the spire mod where everything is the same but ironclad has a cowboy hat"],"gold_per_floor":[116,116,133,133,151,151,167,192,192,208,158,158,11,86,86,181,181,195,42,54,54,65,99,99,138,138,138,173,17,40,65,77,184,196,220,252,274,336,358,403,415,12,90,90,115,115,134,153,153,153,153,153,14,45,45,45],"floor_reached":55,"playtime":2543,"items_purged":["Strike_B","Strike_B"],"score":907,"play_id":"989462be-ae53-49d2-bae6-280e2b46d910","local_time":"20201227185524","is_ascension_mode":true,"campfire_choices":[{"data":"Zap","floor":6,"key":"SMITH"},{"data":"Hologram","floor":12,"key":"SMITH"},{"data":"Redo","floor":15,"key":"SMITH"},{"data":"Ball Lightning","floor":24,"key":"SMITH"},{"floor":27,"key":"REST"},{"floor":32,"key":"REST"},{"data":"Defragment","floor":44,"key":"SMITH"},{"floor":46,"key":"RECALL"},{"floor":49,"key":"REST"},{"floor":52,"key":"DIG"}],"circlet_count":0,"master_deck":["Strike_B+1","Strike_B+1","Defend_B+1","Defend_B","Defend_B","Defend_B","Zap+1","Dualcast","Compile Driver","Conserve Battery+1","Ball Lightning+1","Cold Snap","Hologram+1","Redo+1","Thunder Strike+1","Go for the Eyes+1","Sweeping Beam","Conserve Battery+1","Genetic Algorithm+1","Glacier+1","Echo Form","Defragment+1","Electrodynamics","Coolheaded+1","Consume","Rebound+1","Defragment+1","Undo+1","Conserve Battery","Self Repair","Cold Snap+1","Glacier+1","Defragment","Biased Cognition"],"relics":["Cracked Core","Letter Opener","Meat on the Bone","Lee\u0027s Waffle","Velvet Choker","War Paint","Centennial Puzzle","Mercury Hourglass","Dream Catcher","Anchor","Regal Pillow","MawBank","Inserter","Shovel","Whetstone","Ice Cream","The Courier","Gremlin Horn","Mummified Hand"],"acts_visited":["Exordium","TheCity","TheBeyond","TheEnding"],"potions_floor_usage":[20,25,39,40,45,54,54,55],"damage_taken":[{"damage":0,"enemies":"Small Slimes","floor":1,"turns":2},{"damage":2,"enemies":"Jaw Worm","floor":3,"turns":3},{"damage":2,"enemies":"Cultist","floor":5,"turns":3},{"damage":8,"enemies":"Large Slime","floor":7,"turns":4},{"damage":16,"enemies":"3 Sentries","floor":8,"turns":6},{"damage":5,"enemies":"Looter","floor":10,"turns":3},{"damage":26,"enemies":"Slime Boss","floor":16,"turns":9},{"damage":29,"enemies":"Chosen","floor":18,"turns":5},{"damage":0,"enemies":"3 Byrds","floor":20,"turns":2},{"damage":23,"enemies":"Snake Plant","floor":22,"turns":4},{"damage":26,"enemies":"Book of Stabbing","floor":23,"turns":6},{"damage":19,"enemies":"Centurion and Healer","floor":25,"turns":4},{"damage":19,"enemies":"Gremlin Leader","floor":28,"turns":7},{"damage":19,"enemies":"Book of Stabbing","floor":31,"turns":6},{"damage":71,"enemies":"Champ","floor":33,"turns":10},{"damage":9,"enemies":"3 Shapes","floor":35,"turns":2},{"damage":38,"enemies":"3 Darklings","floor":36,"turns":3},{"damage":29,"enemies":"Transient","floor":37,"turns":5},{"damage":0,"enemies":"Mind Bloom Boss Battle","floor":38,"turns":5},{"damage":30,"enemies":"Maw","floor":39,"turns":8},{"damage":7,"enemies":"Nemesis","floor":40,"turns":5},{"damage":23,"enemies":"Reptomancer","floor":45,"turns":5},{"damage":28,"enemies":"3 Darklings","floor":47,"turns":4},{"damage":6,"enemies":"Writhing Mass","floor":48,"turns":7},{"damage":23,"enemies":"Awakened One","floor":50,"turns":15},{"damage":72,"enemies":"Shield and Spear","floor":54,"turns":5},{"damage":54,"enemies":"The Heart","floor":55,"turns":3}],"seed_played":"6257487561628228277","potions_obtained":[{"floor":1,"key":"FearPotion"},{"floor":7,"key":"Swift Potion"},{"floor":10,"key":"PotionOfCapacity"},{"floor":16,"key":"DistilledChaos"},{"floor":18,"key":"DuplicationPotion"},{"floor":23,"key":"ColorlessPotion"},{"floor":28,"key":"PowerPotion"},{"floor":39,"key":"SneckoOil"},{"floor":40,"key":"FocusPotion"},{"floor":45,"key":"Fire Potion"}],"is_trial":false,"path_per_floor":["M","?","M","?","M","R","M","E","T","M","?","R","$","?","R","B",null,"M","$","M","?","M","E","R","M","T","R","E","$","T","E","R","B",null,"M","M","M","?","M","E","?","$","T","R","E","R","M","M","R","B",null,"R","$","E","B"],"character_chosen":"DEFECT","items_purchased":["Lee\u0027s Waffle","War Paint","Anchor","Ice Cream","Conserve Battery","Defragment"],"campfire_rested":3,"item_purchase_floors":[13,19,29,42,42,53],"current_hp_per_floor":[82,87,85,85,83,83,75,59,59,54,54,54,94,83,83,57,94,65,65,65,65,54,40,40,33,33,61,54,54,54,47,90,31,94,85,59,42,54,36,41,41,41,41,41,30,30,14,27,68,45,89,89,89,43,0,0],"gold":45,"neow_bonus":"TEN_PERCENT_HP_BONUS","is_daily":false,"chose_seed":false,"campfire_upgraded":5,"win_rate":0.0,"timestamp":1609088124,"path_taken":["M","?","M","?","M","R","M","E","T","?","?","R","$","?","R","BOSS","M","$","M","?","M","E","R","M","T","R","E","?","?","E","R","BOSS","M","M","M","?","M","E","?","$","T","R","E","R","M","M","R","BOSS","R","$","E","BOSS"],"items_purchased_type":["Relic","Relic","Relic","Relic","Card","Card"],"build_version":"2020-12-22","purchased_purges":2,"victory":false,"max_hp_per_floor":[82,87,87,87,87,87,87,87,87,87,87,87,94,94,94,94,94,94,94,94,94,94,94,94,94,94,94,94,94,94,94,94,94,94,94,94,94,94,94,94,89,89,89,89,89,89,89,89,89,89,89,89,89,89,89,89],"relic_stats":{"Lee\u0027s Waffle":40,"Regal Pillow":30,"Inserter":[33],"Gremlin Horn":[0,0],"counters":[27,140],"Letter Opener":[338],"Whetstone":["Strike_B","Strike_B"],"War Paint":["Conserve Battery","Defend_B"],"MawBank":132,"Mercury Hourglass":[370],"Centennial Puzzle":[45],"Dream Catcher":2,"Shovel":1,"Mummified Hand":[1],"obtain_stats":[{"Ice Cream":42,"Lee\u0027s Waffle":13,"Regal Pillow":30,"Inserter":34,"Gremlin Horn":52,"Velvet Choker":17,"The Courier":45,"Letter Opener":8,"Whetstone":40,"War Paint":19,"MawBank":31,"Mercury Hourglass":26,"Centennial Puzzle":23,"Dream Catcher":28,"Anchor":29,"Shovel":38,"Mummified Hand":54,"Cracked Core":0,"Meat on the Bone":9},{"Ice Cream":21,"Lee\u0027s Waffle":6,"Regal Pillow":13,"Inserter":15,"Gremlin Horn":25,"Velvet Choker":7,"The Courier":22,"Letter Opener":5,"Whetstone":21,"War Paint":8,"MawBank":14,"Mercury Hourglass":12,"Centennial Puzzle":11,"Dream Catcher":13,"Anchor":13,"Shovel":19,"Mummified Hand":26,"Cracked Core":0,"Meat on the Bone":5},{"Ice Cream":101,"Lee\u0027s Waffle":21,"Regal Pillow":58,"Inserter":74,"Gremlin Horn":132,"Velvet Choker":30,"The Courier":106,"Letter Opener":18,"Whetstone":101,"War Paint":35,"MawBank":64,"Mercury Hourglass":51,"Centennial Puzzle":47,"Dream Catcher":58,"Anchor":58,"Shovel":88,"Mummified Hand":137,"Cracked Core":0,"Meat on the Bone":18}],"Meat on the Bone":180},"card_choices":[{"not_picked":["Static Discharge","Streamline"],"picked":"Compile Driver","floor":1},{"not_picked":["Chill","Go for the Eyes"],"picked":"Conserve Battery","floor":3},{"not_picked":["Scrape","Compile Driver"],"picked":"Ball Lightning","floor":5},{"not_picked":["Sweeping Beam","Recycle"],"picked":"Cold Snap","floor":7},{"not_picked":["Tempest","Meteor Strike"],"picked":"Hologram","floor":8},{"not_picked":["Beam Cell","Streamline"],"picked":"Redo","floor":10},{"not_picked":["Hyperbeam","Meteor Strike"],"picked":"Thunder Strike","floor":16},{"not_picked":["Sunder+1","Redo+1"],"picked":"Go for the Eyes+1","floor":18},{"not_picked":["Blizzard","Doom and Gloom"],"picked":"Sweeping Beam","floor":20},{"not_picked":["Chaos","Go for the Eyes"],"picked":"Conserve Battery+1","floor":22},{"not_picked":["Steam","Hologram"],"picked":"Genetic Algorithm+1","floor":23},{"not_picked":["Chill","Stack"],"picked":"Glacier+1","floor":25},{"not_picked":["Gash","Streamline"],"picked":"Echo Form","floor":28},{"not_picked":["Lockon","Gash+1","Fusion+1"],"picked":"SKIP","floor":31},{"not_picked":["Gash","Rip and Tear+1"],"picked":"Defragment","floor":32},{"not_picked":["Machine Learning","Reboot"],"picked":"Electrodynamics","floor":33},{"not_picked":["Scrape+1","Sweeping Beam"],"picked":"Coolheaded+1","floor":35},{"not_picked":["Redo","Go for the Eyes"],"picked":"Consume","floor":36},{"not_picked":["Fusion","Stack+1","Ball Lightning"],"picked":"SKIP","floor":37},{"not_picked":["Cold Snap+1","Turbo"],"picked":"Rebound+1","floor":38},{"not_picked":["Barrage","Sweeping Beam"],"picked":"Defragment+1","floor":39},{"not_picked":["Ball Lightning+1","Force Field"],"picked":"Undo+1","floor":40},{"not_picked":["Gash+1","All For One","Stack"],"picked":"SKIP","floor":45},{"not_picked":["Storm+1","Beam Cell"],"picked":"Self Repair","floor":47},{"not_picked":["Redo+1","Streamline"],"picked":"Cold Snap+1","floor":48},{"not_picked":["Rebound","Ball Lightning+1"],"picked":"Glacier+1","floor":49},{"not_picked":["Tempest","Redo+1"],"picked":"Biased Cognition","floor":54}],"player_experience":328471,"relics_obtained":[{"floor":8,"key":"Letter Opener"},{"floor":9,"key":"Meat on the Bone"},{"floor":23,"key":"Centennial Puzzle"},{"floor":26,"key":"Mercury Hourglass"},{"floor":28,"key":"Dream Catcher"},{"floor":30,"key":"Regal Pillow"},{"floor":31,"key":"MawBank"},{"floor":38,"key":"Shovel"},{"floor":40,"key":"Whetstone"},{"floor":45,"key":"The Courier"},{"floor":52,"key":"Gremlin Horn"},{"floor":54,"key":"Mummified Hand"}],"event_choices":[{"damage_healed":0,"gold_gain":0,"player_choice":"Donut","damage_taken":0,"max_hp_gain":5,"max_hp_loss":0,"event_name":"Big Fish","floor":2,"gold_loss":0},{"damage_healed":0,"gold_gain":0,"player_choice":"Cursed","damage_taken":0,"max_hp_gain":0,"max_hp_loss":0,"event_name":"Wheel of Change","floor":4,"gold_loss":0,"cards_obtained":["Decay"]},{"cards_removed":["Decay"],"damage_healed":0,"gold_gain":0,"player_choice":"Card Removal","damage_taken":0,"max_hp_gain":0,"max_hp_loss":0,"event_name":"The Cleric","floor":11,"gold_loss":50},{"damage_healed":0,"gold_gain":75,"player_choice":"Gold","damage_taken":11,"max_hp_gain":0,"max_hp_loss":0,"event_name":"betterThird:BetterGoop","floor":14,"gold_loss":0},{"damage_healed":0,"gold_gain":0,"player_choice":"Upgraded","damage_taken":0,"max_hp_gain":0,"max_hp_loss":0,"event_name":"Upgrade Shrine","floor":21,"gold_loss":0,"cards_upgraded":["Thunder Strike"]},{"damage_healed":0,"gold_gain":0,"player_choice":"Fight","damage_taken":0,"max_hp_gain":0,"max_hp_loss":0,"event_name":"MindBloom","floor":38,"gold_loss":0},{"damage_healed":0,"gold_gain":0,"player_choice":"Max HP","damage_taken":0,"max_hp_gain":0,"max_hp_loss":5,"event_name":"Winding Halls","floor":41,"gold_loss":0}],"is_beta":false,"boss_relics":[{"not_picked":["Busted Crown","Calling Bell"],"picked":"Velvet Choker"},{"not_picked":["Runic Pyramid","Runic Dome"],"picked":"Inserter"}],"items_purged_floors":[42,53],"is_endless":false,"potions_floor_spawned":[1,7,10,16,18,23,28,38,39,40,45],"killed_by":"The Heart","ascension_level":4}}