{"host":"wy23tj84iquxuyyu","time":1609109572,"event":{"mods":["Aspiration","BaseMod","Better Note","Colored Map","Fireblade Mod","Hermit","Marked Mod","Minty Spire (QoL Compilation)","Random Character Button","Rare Cards Sparkle","Relic Stats","Replay The Spire","Retaliation","Spicy Shops","StSLib","The Cursed","The Death Knight","The Necromancer","Trackpad"],"gold_per_floor":[115,115,129,129,129,129,147,147,174,189,189,209,209,209,209,335,335,350,37,37,37,37,37,55,55,55,78,99,117,117,135,135,258,258,274,274,274,522,44,64,82,103,103,103,103],"floor_reached":44,"playtime":2975,"items_purged":["Voices"],"score":400,"play_id":"18cdaad0-9ded-447f-8bb7-eaddde811e48","local_time":"20201227175252","is_ascension_mode":false,"campfire_choices":[{"data":"Summon_Undead_Army","floor":6,"key":"SMITH"},{"data":"Negative_Energy_Arrows","floor":8,"key":"SMITH"},{"data":"Bone_Wall","floor":11,"key":"SMITH"},{"data":"Defend_W","floor":13,"key":"SMITH"},{"data":"Defend_W","floor":15,"key":"SMITH"},{"floor":23,"key":"REST"},{"floor":25,"key":"REST"},{"floor":30,"key":"REST"},{"floor":32,"key":"REST"}],"circlet_count":0,"master_deck":["Strike_W+1","Strike_W+1","Strike_W","Strike_W","Defend_W+1","Defend_W+1","Defend_W","Negative_Energy_Arrows+1","Bone_Wall+1","Blood_Magic","Summon_Undead_Army+1","Summon_Undead_Army+1","Siphon_Strength","Shade_Step","Consume_Illness+1","Summon_Undead","Summon_Death_Knight","Uncharnel","Siphon_Strength"],"relics":["Vampire_Amulet","Golden Idol","Whetstone","HornCleat","aspiration:RitualDagger","trackpad:WindUpAutoDealer","Nloth\u0027s Gift","trackpad:RapidFire","Bird Faced Urn","ReplayTheSpireMod:Shallot","ReplayTheSpireMod:TigerMarble","trackpad:ByrdBGone"],"acts_visited":["Exordium","TheCity","TheBeyond"],"potions_floor_usage":[18,29,33,42],"damage_taken":[{"damage":4,"enemies":"Small Slimes","floor":1,"turns":3},{"damage":14,"enemies":"2 Louse","floor":3,"turns":3},{"damage":1,"enemies":"Jaw Worm","floor":7,"turns":4},{"damage":2,"enemies":"Lots of Slimes","floor":10,"turns":3},{"damage":0,"enemies":"Exordium Wildlife","floor":12,"turns":3},{"damage":33,"enemies":"Fading Forest","floor":16,"turns":11},{"damage":23,"enemies":"Shell Parasite","floor":18,"turns":5},{"damage":26,"enemies":"Spheric Guardian","floor":24,"turns":4},{"damage":22,"enemies":"Centurion and Healer","floor":27,"turns":4},{"damage":33,"enemies":"Shelled Parasite and Fungi","floor":28,"turns":4},{"damage":12,"enemies":"Cultist and Chosen","floor":29,"turns":4},{"damage":24,"enemies":"Centurion and Healer","floor":31,"turns":5},{"damage":66,"enemies":"Champ","floor":33,"turns":9},{"damage":22,"enemies":"3 Shapes","floor":35,"turns":5},{"damage":24,"enemies":"Orb Walker","floor":40,"turns":4},{"damage":49,"enemies":"3 Darklings","floor":41,"turns":6},{"damage":27,"enemies":"Jaw Worm Horde","floor":42,"turns":4},{"damage":23,"enemies":"4 Shapes","floor":44,"turns":1}],"seed_played":"6195094593116108424","potions_obtained":[{"floor":1,"key":"SkillPotion"},{"floor":7,"key":"SteroidPotion"},{"floor":12,"key":"SneckoOil"},{"floor":18,"key":"DeathKnight:RimePotion"},{"floor":35,"key":"AttackPotion"}],"is_trial":false,"path_per_floor":["M","?","M","?","?","R","M","R","T","M","R","M","R","T","R","B",null,"M","$","?","?","$","R","M","R","T","M","M","M","R","M","R","B",null,"M","?","?","?","$","M","M","M","T","M"],"character_chosen":"NECROMANCER","items_purchased":["ReplayTheSpireMod:CursedCoin","Summon_Undead_Army","trackpad:WindUpAutoDealer","Bird Faced Urn","ReplayTheSpireMod:Shallot","ReplayTheSpireMod:TigerMarble"],"campfire_rested":4,"item_purchase_floors":[19,19,19,39,39,39],"current_hp_per_floor":[73,78,68,68,68,68,69,69,69,74,74,74,74,74,74,45,74,53,53,53,53,53,74,50,72,72,54,25,17,39,19,41,74,74,74,74,74,45,45,37,22,20,20,0,0],"gold":103,"neow_bonus":"ONE_RANDOM_RARE_CARD","is_daily":false,"chose_seed":false,"campfire_upgraded":5,"win_rate":0.0,"timestamp":1609109572,"path_taken":["M","?","M","?","?","R","M","R","T","M","R","M","R","?","R","BOSS","M","$","?","?","?","R","M","R","T","M","M","?","R","M","R","BOSS","M","?","?","?","$","?","M","M","T","M"],"items_purchased_type":["Relic","Card","Relic","Relic","Relic","Relic"],"build_version":"2020-12-22","purchased_purges":1,"victory":false,"max_hp_per_floor":[75,80,80,80,74,74,74,74,74,74,74,74,74,74,74,74,74,74,74,74,74,74,74,74,74,74,74,74,74,74,74,74,74,74,74,74,74,74,74,74,74,74,74,74,74],"relic_stats":{"counters":[18,82],"Golden Idol":150,"Bird Faced Urn":[10],"Nloth\u0027s Gift":1,"Whetstone":["Strike_W","Strike_W"],"obtain_stats":[{"Golden Idol":5,"ReplayTheSpireMod:CursedCoin":19,"trackpad:ByrdBGone":43,"Whetstone":9,"HornCleat":14,"trackpad:RapidFire":26,"ReplayTheSpireMod:Shallot":39,"Bird Faced Urn":39,"Vampire_Amulet":0,"Nloth\u0027s Gift":20,"ReplayTheSpireMod:TigerMarble":39,"aspiration:RitualDagger":17,"trackpad:WindUpAutoDealer":19},{"Golden Idol":2,"ReplayTheSpireMod:CursedCoin":7,"trackpad:ByrdBGone":17,"Whetstone":3,"HornCleat":5,"trackpad:RapidFire":8,"ReplayTheSpireMod:Shallot":14,"Bird Faced Urn":14,"Vampire_Amulet":0,"Nloth\u0027s Gift":7,"ReplayTheSpireMod:TigerMarble":14,"aspiration:RitualDagger":6,"trackpad:WindUpAutoDealer":7},{"Golden Idol":6,"ReplayTheSpireMod:CursedCoin":32,"trackpad:ByrdBGone":81,"Whetstone":10,"HornCleat":16,"trackpad:RapidFire":36,"ReplayTheSpireMod:Shallot":67,"Bird Faced Urn":67,"Vampire_Amulet":0,"Nloth\u0027s Gift":32,"ReplayTheSpireMod:TigerMarble":67,"aspiration:RitualDagger":27,"trackpad:WindUpAutoDealer":32}]},"card_choices":[{"not_picked":["Violent_Necrosis","Bone_Armor"],"picked":"Summon_Undead_Army","floor":1},{"not_picked":["Finger_Of_Death","Bone_Shift","Bone_Bullets"],"picked":"SKIP","floor":3},{"not_picked":["Negative_Energy_Javelin","Deaths_Shadow","Blood_Whip"],"picked":"SKIP","floor":7},{"not_picked":["Blood_for_Blood","Shackles_Of_Pain","Bone_Spikes"],"picked":"SKIP","floor":10},{"not_picked":["Blood_Curse","Death_Coil","Blood_Shield"],"picked":"SKIP","floor":12},{"not_picked":["Death_March_Dance","Flesh_Made_Foul","Life_Tap+1"],"picked":"SKIP","floor":18},{"not_picked":["Blood_for_Blood+1","Death_March_Dance"],"picked":"Siphon_Strength","floor":24},{"not_picked":["Bone_Bullets+1","Bone_Armor","Bone_Spikes+1"],"picked":"SKIP","floor":27},{"not_picked":["Death_Coil","Cloudkill"],"picked":"Shade_Step","floor":28},{"not_picked":["Death_Knell","Bone_Bullets"],"picked":"Consume_Illness+1","floor":29},{"not_picked":["Death_Coil","Negative_Energy_Sphere+1"],"picked":"Summon_Undead","floor":31},{"not_picked":["Requiem","Detonate_Bones"],"picked":"Summon_Death_Knight","floor":33},{"not_picked":["Vampiric_Strike","Negative_Energy_Burst+1"],"picked":"Uncharnel","floor":35},{"not_picked":["Bone_Shift+1","Consume_Illness"],"picked":"Siphon_Strength","floor":38},{"not_picked":["Negative_Energy_Javelin+1","Toxic_Smoke_Screen+1","Blood_Shield+1"],"picked":"SKIP","floor":40},{"not_picked":["Bone_Bullets","Bone_Armor+1","Blood_Magic"],"picked":"SKIP","floor":41},{"not_picked":["Death_Coil","Bone_Armory+1","Blood_Shield+1"],"picked":"SKIP","floor":42}],"player_experience":824507,"relics_obtained":[{"floor":9,"key":"Whetstone"},{"floor":14,"key":"HornCleat"},{"floor":26,"key":"trackpad:RapidFire"},{"floor":43,"key":"trackpad:ByrdBGone"}],"event_choices":[{"damage_healed":0,"gold_gain":0,"player_choice":"Donut","damage_taken":0,"max_hp_gain":5,"max_hp_loss":0,"event_name":"Big Fish","floor":2,"gold_loss":0},{"damage_healed":0,"gold_gain":0,"player_choice":"Lose Max HP","damage_taken":0,"relics_obtained":["Golden Idol"],"max_hp_gain":0,"max_hp_loss":6,"event_name":"Golden Idol","floor":5,"gold_loss":0},{"damage_healed":0,"gold_gain":0,"player_choice":"Traded Relic","damage_taken":0,"relics_obtained":["Nloth\u0027s Gift"],"max_hp_gain":0,"max_hp_loss":0,"event_name":"N\u0027loth","floor":20,"relics_lost":["ReplayTheSpireMod:CursedCoin"],"gold_loss":0},{"damage_healed":0,"gold_gain":0,"player_choice":"Upgraded","damage_taken":0,"max_hp_gain":0,"max_hp_loss":0,"event_name":"Upgrade Shrine","floor":21,"gold_loss":0,"cards_upgraded":["Summon_Undead_Army"]},{"damage_healed":0,"gold_gain":0,"player_choice":"Ignored","damage_taken":0,"max_hp_gain":0,"max_hp_loss":0,"event_name":"Tomb of Lord Red Mask","floor":36,"gold_loss":0}],"is_beta":false,"boss_relics":[{"not_picked":["Replay:Bronze Core","ReplayTheSpireMod:DimensionalGlitch"],"picked":"aspiration:RitualDagger"},{"not_picked":["Abe\u0027s Treasure","Painkiller Herb","Runic Dome"]}],"items_purged_floors":[19],"is_endless":false,"potions_floor_spawned":[1,7,12,18,35,41],"killed_by":"4 Shapes","ascension_level":0}}