{"host":"6azrrw3tf7wb0f4b","time":1609043120,"event":{"mods":["BaseMod","DeckTracker","Minty Spire (QoL Compilation)","SuperFastMode"],"gold_per_floor":[361,361,386,76,76,76,76,76,76,119,45,10,43,61,61,185,185,185,185],"floor_reached":18,"playtime":346,"items_purged":["Strike_P"],"score":257,"play_id":"534218fc-9319-4821-8572-ada142a7abcb","local_time":"20201227132520","is_ascension_mode":true,"campfire_choices":[{"data":"Eruption","floor":6.0,"key":"SMITH"},{"data":"MentalFortress","floor":8.0,"key":"SMITH"},{"data":"InnerPeace","floor":15.0,"key":"SMITH"}],"circlet_count":0,"master_deck":["AscendersBane","Strike_P","Strike_P","Defend_P","Defend_P","Defend_P","Eruption+1","Vigilance","Vengeance","MentalFortress+1","BowlingBash","InnerPeace+1","Devotion"],"relics":["PureWater","Golden Idol","Damaru","Happy Flower","GoldenEye","Toy Ornithopter","TeardropLocket","Empty Cage"],"acts_visited":["Exordium","TheCity"],"potions_floor_usage":[16],"damage_taken":[{"damage":14.0,"enemies":"Small Slimes","floor":1.0,"turns":5.0},{"damage":0.0,"enemies":"2 Louse","floor":3.0,"turns":2.0},{"damage":25.0,"enemies":"3 Sentries","floor":10.0,"turns":7.0},{"damage":8.0,"enemies":"Lagavulin","floor":13.0,"turns":4.0},{"damage":0.0,"enemies":"Jaw Worm","floor":14.0,"turns":3.0},{"damage":39,"enemies":"Slime Boss","floor":16,"turns":9},{"damage":0,"enemies":"3 Byrds","floor":18,"turns":1}],"seed_played":"2224178020528416569","potions_obtained":[{"floor":1.0,"key":"Fire Potion"},{"floor":3.0,"key":"Dexterity Potion"},{"floor":10.0,"key":"ColorlessPotion"},{"floor":14.0,"key":"Swift Potion"}],"is_trial":false,"path_per_floor":["M","?","M","$","?","R","?","R","T","E","$","?","E","M","R","B",null,"M"],"character_chosen":"WATCHER","items_purchased":["MentalFortress","Damaru","InnerPeace"],"campfire_rested":0,"item_purchase_floors":[4,4,11],"current_hp_per_floor":[51,51,51,51,56,56,49,49,49,24,24,40,37,37,37,3,50,50,50],"gold":185,"neow_bonus":"TWO_FIFTY_GOLD","is_daily":false,"chose_seed":false,"campfire_upgraded":3,"win_rate":0.0,"timestamp":1609043120,"path_taken":["M","?","M","$","?","R","?","R","T","E","?","?","E","M","R","BOSS","M"],"items_purchased_type":["Card","Relic","Card"],"build_version":"2020-12-22","purchased_purges":1,"victory":false,"max_hp_per_floor":[65,60,60,60,65,65,65,65,65,65,65,65,65,65,65,65,65,65,65],"card_choices":[{"not_picked":["Conclude","FollowUp"],"picked":"Vengeance","floor":1.0},{"not_picked":["TalkToTheHand","Nirvana","Sanctity"],"picked":"SKIP","floor":3.0},{"not_picked":["JustLucky","WindmillStrike"],"picked":"BowlingBash","floor":10.0},{"not_picked":["DeceiveReality","Perseverance","ThirdEye"],"picked":"SKIP","floor":13.0},{"not_picked":["FlyingSleeves","Tantrum","ThirdEye"],"picked":"SKIP","floor":14.0},{"not_picked":["Omniscience","MasterReality"],"picked":"Devotion","floor":16}],"player_experience":647319,"relics_obtained":[{"floor":9.0,"key":"GoldenEye"},{"floor":10.0,"key":"Toy Ornithopter"},{"floor":13.0,"key":"TeardropLocket"}],"event_choices":[{"damage_healed":0.0,"max_hp_gain":0.0,"max_hp_loss":5.0,"gold_gain":0.0,"event_name":"Golden Idol","player_choice":"Lose Max HP","floor":2.0,"gold_loss":0.0,"damage_taken":0.0,"relics_obtained":["Golden Idol"]},{"damage_healed":0.0,"max_hp_gain":5.0,"max_hp_loss":0.0,"gold_gain":0.0,"event_name":"Big Fish","player_choice":"Donut","floor":5.0,"gold_loss":0.0,"damage_taken":0.0},{"damage_healed":0.0,"max_hp_gain":0.0,"max_hp_loss":0.0,"gold_gain":0.0,"event_name":"Scrap Ooze","player_choice":"Success","floor":7.0,"gold_loss":0.0,"damage_taken":7.0,"relics_obtained":["Happy Flower"]},{"damage_healed":16.0,"max_hp_gain":0.0,"max_hp_loss":0.0,"gold_gain":0.0,"event_name":"The Cleric","player_choice":"Healed","floor":12.0,"gold_loss":35.0,"damage_taken":0.0}],"is_beta":false,"boss_relics":[{"not_picked":["Tiny House","Snecko Eye"],"picked":"Empty Cage"}],"items_purged_floors":[4],"is_endless":false,"potions_floor_spawned":[1,3,10,14],"killed_by":"3 Byrds","ascension_level":11}}