{"host":"uwh382mre4waz4ff","time":1609035912,"event":{"mods":["AchievementEnabler","BaseMod","Better Note","Better Third Choice","BetterRewards","Minty Spire (QoL Compilation)","Quick Restart","Shop Mod","StSLib"],"gold_per_floor":[134,134,34,34,93,93,152,152,152,152,190,140,229,229,229,398,398,437,437,437,505,505,574,306,375,428,496,496,496,544,643,643,796,796,886,1015,1015,1015,1038,1038,528,588,588,629,670,709,448,492,492,542,542,542,252,312,337],"floor_reached":56,"playtime":3653,"items_purged":["Strike_P","Injury","Worship"],"score":1305,"play_id":"8a2f88e4-33b6-40a1-9a09-036b1b596c40","local_time":"20201227102512","is_ascension_mode":false,"campfire_choices":[{"data":"Strike_P","floor":6,"key":"PURGE"},{"data":"HandOfGreed","floor":8,"key":"SMITH"},{"data":"Strike_P","floor":10,"key":"PURGE"},{"floor":15,"key":"REST"},{"data":"DevaForm","floor":29,"key":"SMITH"},{"data":"Vigilance","floor":32,"key":"SMITH"},{"floor":40,"key":"REST"},{"floor":49,"key":"RECALL"},{"floor":52,"key":"REST"}],"circlet_count":0,"master_deck":["Defend_P","Defend_P","Eruption","Vigilance+1","HandOfGreed+1","Worship","Omniscience","HandOfGreed+1","DevaForm+1","SandsOfTime+1","SandsOfTime+1","Vault","Worship","Omniscience"],"relics":["HolyWater","Gremlin Horn","Snecko Eye","Peace Pipe","Golden Idol","Matryoshka","Runic Dome","Blood Vial","Ancient Tea Set","Strawberry","Juzu Bracelet","Bottled Lightning","Shuriken","Mercury Hourglass","Medical Kit","Thread and Needle","Dream Catcher","Blue Candle","Lantern","Bottled Flame"],"acts_visited":["Exordium","TheCity","TheBeyond","TheEnding"],"potions_floor_usage":[11,33,33,55,55],"damage_taken":[{"damage":0,"enemies":"Cultist","floor":1,"turns":2},{"damage":0,"enemies":"2 Louse","floor":5,"turns":3},{"damage":0,"enemies":"Small Slimes","floor":7,"turns":4},{"damage":0,"enemies":"Looter","floor":11,"turns":1},{"damage":0,"enemies":"3 Louse","floor":13,"turns":5},{"damage":0,"enemies":"Slime Boss","floor":16,"turns":5},{"damage":0,"enemies":"Chosen","floor":18,"turns":2},{"damage":0,"enemies":"2 Thieves","floor":21,"turns":2},{"damage":18,"enemies":"Gremlin Leader","floor":23,"turns":2},{"damage":4,"enemies":"Book of Stabbing","floor":25,"turns":3},{"damage":0,"enemies":"Chosen and Byrds","floor":27,"turns":3},{"damage":0,"enemies":"Snecko","floor":30,"turns":2},{"damage":0,"enemies":"Automaton","floor":33,"turns":3},{"damage":6,"enemies":"3 Shapes","floor":35,"turns":2},{"damage":9,"enemies":"3 Darklings","floor":39,"turns":2},{"damage":0,"enemies":"Reptomancer","floor":42,"turns":1},{"damage":0,"enemies":"Writhing Mass","floor":44,"turns":2},{"damage":0,"enemies":"Jaw Worm Horde","floor":45,"turns":1},{"damage":0,"enemies":"Maw","floor":46,"turns":2},{"damage":0,"enemies":"Writhing Mass","floor":48,"turns":2},{"damage":4,"enemies":"Donu and Deca","floor":50,"turns":3},{"damage":0,"enemies":"Shield and Spear","floor":54,"turns":2},{"damage":108,"enemies":"The Heart","floor":55,"turns":5}],"seed_played":"-6322419696531307211","potions_obtained":[{"floor":5,"key":"Swift Potion"},{"floor":7,"key":"Fire Potion"},{"floor":11,"key":"Swift Potion"},{"floor":19,"key":"Weak Potion"},{"floor":23,"key":"Energy Potion"},{"floor":33,"key":"BottledMiracle"},{"floor":36,"key":"FairyPotion"},{"floor":44,"key":"SneckoOil"},{"floor":46,"key":"EntropicBrew"}],"is_trial":false,"path_per_floor":["M","?","$","?","M","R","M","R","T","R","M","?","M","?","R","B",null,"M","?","?","M","?","E","$","E","T","M","?","R","M","?","R","B",null,"M","?","?","?","M","R","$","E","T","M","M","M","$","M","R","B",null,"R","$","E","B",null],"character_chosen":"WATCHER","items_purchased":["Worship","Ancient Tea Set","Worship","Medical Kit","Thread and Needle","Blue Candle","Omniscience","Lantern"],"campfire_rested":3,"item_purchase_floors":[0,24,41,41,41,47,53,53],"current_hp_per_floor":[32,32,32,32,32,32,32,32,32,32,32,32,32,25,46,46,72,72,72,72,72,72,54,54,59,59,61,61,61,63,63,63,65,79,73,73,73,66,59,79,79,79,79,79,79,79,79,79,79,75,79,79,79,79,23],"gold":337,"neow_bonus":"","is_daily":false,"chose_seed":false,"campfire_upgraded":3,"win_rate":0.0,"timestamp":1609035912,"path_taken":["M","?","$","?","M","R","M","R","T","R","M","?","M","?","R","BOSS","M","?","?","M","?","E","$","E","T","M","?","R","M","?","R","BOSS","M","?","?","?","M","R","$","E","T","M","M","M","?","M","R","BOSS","R","$","E","BOSS"],"items_purchased_type":["Card","Relic","Card","Relic","Relic","Relic","Card","Relic"],"build_version":"2020-12-22","purchased_purges":3,"victory":true,"max_hp_per_floor":[72,72,72,72,72,72,72,72,72,72,72,72,72,72,72,72,72,72,72,72,72,72,72,72,79,79,79,79,79,79,79,79,79,79,79,79,79,79,79,79,79,79,79,79,79,79,79,79,79,79,79,79,79,79,79],"card_choices":[{"not_picked":["Consecrate","FollowUp","Crescendo"],"picked":"SKIP","floor":1},{"not_picked":["ThirdEye","Perseverance"],"picked":"Worship","floor":5},{"not_picked":["Consecrate","ThirdEye"],"picked":"Study","floor":7},{"not_picked":["LikeWater","Meditate","DeceiveReality"],"picked":"SKIP","floor":11},{"not_picked":["FlyingSleeves","CutThroughFate","CrushJoints"],"picked":"SKIP","floor":13},{"not_picked":["DeusExMachina","Establishment"],"picked":"Omniscience","floor":16},{"not_picked":["Conclude","Crescendo+1","PathToVictory"],"picked":"SKIP","floor":18},{"not_picked":["ThirdEye","ClearTheMind","BowlingBash"],"picked":"SKIP","floor":21},{"not_picked":["Protect","ClearTheMind+1"],"picked":"DevaForm","floor":23},{"not_picked":["EmptyFist","Indignation","JustLucky+1"],"picked":"SKIP","floor":25},{"not_picked":["FlurryOfBlows","SashWhip"],"picked":"SandsOfTime+1","floor":27},{"not_picked":["Prostrate+1","Wallop"],"picked":"SandsOfTime+1","floor":30},{"not_picked":["Judgement","Ragnarok"],"picked":"Vault","floor":33},{"not_picked":["LikeWater+1","ForeignInfluence+1","SashWhip"],"picked":"SKIP","floor":35},{"not_picked":["PanicButton","Secret Technique","Sadistic Nature"],"picked":"SKIP","floor":36},{"not_picked":["BowlingBash+1","ClearTheMind+1","Meditate"],"picked":"SKIP","floor":39},{"not_picked":["CrushJoints","Weave+1","Adaptation"],"picked":"SKIP","floor":42},{"not_picked":["EmptyMind+1","CutThroughFate","Prostrate"],"picked":"SKIP","floor":44},{"not_picked":["JustLucky","Collect","CutThroughFate+1"],"picked":"SKIP","floor":45},{"not_picked":["BattleHymn+1","EmptyBody","CutThroughFate+1"],"picked":"SKIP","floor":46},{"not_picked":["BowlingBash","JustLucky","SashWhip+1"],"picked":"SKIP","floor":48},{"not_picked":["Establishment","Swivel+1","SandsOfTime"],"picked":"SKIP","floor":54}],"player_experience":100734,"relics_obtained":[{"floor":9,"key":"Matryoshka"},{"floor":23,"key":"Blood Vial"},{"floor":25,"key":"Strawberry"},{"floor":26,"key":"Juzu Bracelet"},{"floor":26,"key":"Bottled Lightning"},{"floor":36,"key":"Shuriken"},{"floor":36,"key":"Mercury Hourglass"},{"floor":42,"key":"Dream Catcher"},{"floor":54,"key":"Bottled Flame"}],"event_choices":[{"damage_healed":0,"gold_gain":0,"player_choice":"Take Wound","damage_taken":0,"relics_obtained":["Golden Idol"],"max_hp_gain":0,"max_hp_loss":0,"event_name":"Golden Idol","floor":2,"gold_loss":0,"cards_obtained":["Injury"]},{"damage_healed":32,"gold_gain":0,"player_choice":"Leave","damage_taken":0,"max_hp_gain":0,"max_hp_loss":72,"event_name":"betterThird:BetterShining","floor":4,"gold_loss":0},{"cards_removed":["Defend_P"],"damage_healed":0,"gold_gain":0,"player_choice":"Card Removal","damage_taken":0,"max_hp_gain":0,"max_hp_loss":0,"event_name":"The Cleric","floor":12,"gold_loss":50},{"cards_removed":["Strike_P"],"damage_healed":0,"gold_gain":0,"player_choice":"Card Removal","damage_taken":7,"max_hp_gain":0,"max_hp_loss":0,"event_name":"Golden Wing","floor":14,"gold_loss":0},{"damage_healed":0,"gold_gain":0,"player_choice":"Got Potions","damage_taken":0,"max_hp_gain":0,"max_hp_loss":0,"event_name":"Lab","floor":19,"gold_loss":0},{"damage_healed":0,"gold_gain":0,"player_choice":"Copied","damage_taken":0,"max_hp_gain":0,"max_hp_loss":0,"event_name":"Duplicator","floor":20,"gold_loss":0,"cards_obtained":["HandOfGreed"]},{"cards_removed":["Study"],"damage_healed":0,"gold_gain":0,"player_choice":"Purged","damage_taken":0,"max_hp_gain":0,"max_hp_loss":0,"event_name":"Purifier","floor":22,"gold_loss":0},{"cards_removed":["Defend_P"],"damage_healed":0,"gold_gain":0,"player_choice":"Offered Basic","damage_taken":0,"max_hp_gain":0,"max_hp_loss":0,"event_name":"Bonfire Elementals","floor":28,"gold_loss":0},{"damage_healed":0,"gold_gain":99,"player_choice":"Steal","damage_taken":0,"max_hp_gain":0,"max_hp_loss":0,"event_name":"betterThird:BetterNest","floor":31,"gold_loss":0},{"damage_healed":0,"gold_gain":0,"player_choice":"Random: Red","damage_taken":0,"max_hp_gain":0,"max_hp_loss":0,"event_name":"betterThird:BetterPortal","floor":36,"gold_loss":0},{"damage_healed":0,"gold_gain":0,"player_choice":"Ignored","damage_taken":0,"max_hp_gain":0,"max_hp_loss":0,"event_name":"The Moai Head","floor":37,"gold_loss":0},{"damage_healed":0,"gold_gain":0,"player_choice":"Damaged","damage_taken":7,"max_hp_gain":0,"max_hp_loss":0,"event_name":"Wheel of Change","floor":38,"gold_loss":0}],"is_beta":false,"boss_relics":[{"not_picked":["Sozu","Astrolabe"],"picked":"Runic Dome"},{"not_picked":["Pandora\u0027s Box","SacredBark"],"picked":"HolyWater"}],"items_purged_floors":[0,3,24],"is_endless":false,"potions_floor_spawned":[5,7,11,23,27,33,44,46],"ascension_level":0}}