{"host":"zzc28wglrg51iog5","time":1609081921,"event":{"mods":["BaseMod","Colored Map","Downfall","Hermit","Minty Spire (QoL Compilation)","StSLib","The Hierophant"],"gold_per_floor":[99,99,99,274,36,66,66,113,38,78,122,189,243,17,58,186,186,186,228,269,269,13,81,106,138,63,63,63,123,142,142,160,264,264,264,309,309,309,385,625,625,374,435,444,477,402,453,498,508,508,508,549,205,205,230],"floor_reached":56,"playtime":6193,"items_purged":["Doubt","champ:Strike","champ:RageSigil","champ:FanOfKnives+1"],"score":2264,"play_id":"6f6d2893-bb64-4dcf-ba87-63b420157abe","local_time":"20201227161201","is_ascension_mode":true,"campfire_choices":[{"data":"champ:Taunt","floor":1.0,"key":"SMITH"},{"data":"HandOfGreed","floor":9.0,"key":"SMITH"},{"floor":18.0,"key":"RECALL"},{"data":"champ:Backstep","floor":26.0,"key":"SMITH"},{"data":"champ:ViciousMockery","floor":35,"key":"SMITH"},{"data":"champ:CalledShot","floor":46,"key":"SMITH"},{"data":"champ:Aggression","floor":54,"key":"SMITH"}],"circlet_count":0,"master_deck":["champ:Defend","champ:Defend","champ:Execute","champ:Taunt+1","champ:BerserkersShout","champ:BringItOn","HandOfGreed+1","champ:ViciousMockery+1","champ:AdrenalArmor","champ:SwordThrow+1","champ:BerserkerStyle","champ:StanceDance","champ:VampiricStrike+1","champ:AdrenalArmor","champ:EnchantSword","champ:Backstep+1","champ:Duel+1","champ:Backstep","champ:ArenaPreparation","champ:EnragedBash+1","champ:Aggression+1","champ:CheapShot+1","champ:CalledShot+1","champ:RapidStrikes+1","Secret Weapon","champ:Encircle+1","champ:GutPunch+1","expansioncontent:ChargeUp","champ:Encircle+1","champ:HeartStrike+1","champ:Shatter+1"],"relics":["champ:ChampionCrown","downfall:HeartsMalice","champ:GladiatorsBookOfMartialProwess","Molten Egg 2","Art of War","downfall:HeartBlessingGreen","Smiling Mask","Coffee Dripper","Kunai","PreservedInsect","Gremlin Horn","downfall:HeartBlessingRed","downfall:RedIOU","StoneCalendar","Runic Pyramid","Gambling Chip","CeramicFish","Potion Belt","downfall:HeartBlessingBlue","Centennial Puzzle","champ:BerserkersGuideToSlaughter"],"acts_visited":["Exordium","TheCity","TheBeyond","TheEnding"],"potions_floor_usage":[33,49,55,55,55,55],"damage_taken":[{"damage":0.0,"enemies":"Cultist","floor":2.0,"turns":1.0},{"damage":0.0,"enemies":"downfall:FleeingMerchant","floor":5.0,"turns":1.0},{"damage":0.0,"enemies":"3 Sentries","floor":6.0,"turns":1.0},{"damage":39.0,"enemies":"Lagavulin","floor":8.0,"turns":8.0},{"damage":9.0,"enemies":"Jaw Worm","floor":10.0,"turns":3.0},{"damage":7.0,"enemies":"Small Slimes","floor":11.0,"turns":6.0},{"damage":13.0,"enemies":"3 Louse","floor":12.0,"turns":6.0},{"damage":30.0,"enemies":"3 Sentries","floor":13.0,"turns":8.0},{"damage":17.0,"enemies":"downfall:FleeingMerchant","floor":14.0,"turns":4.0},{"damage":14.0,"enemies":"2 Fungi Beasts","floor":15.0,"turns":3.0},{"damage":99.0,"enemies":"downfall:Watcher","floor":16.0,"turns":12.0},{"damage":33.0,"enemies":"Spheric Guardian","floor":19.0,"turns":4.0},{"damage":76.0,"enemies":"Cultist and Chosen","floor":20.0,"turns":9.0},{"damage":23.0,"enemies":"downfall:FleeingMerchant","floor":22.0,"turns":4.0},{"damage":43.0,"enemies":"3 Cultists","floor":23.0,"turns":7.0},{"damage":84.0,"enemies":"Gremlin Leader","floor":25.0,"turns":8.0},{"damage":58.0,"enemies":"Gremlin Leader","floor":27.0,"turns":5.0},{"damage":38.0,"enemies":"Book of Stabbing","floor":29.0,"turns":3.0},{"damage":5.0,"enemies":"Snake Plant","floor":30.0,"turns":3.0},{"damage":29.0,"enemies":"Cultist and Chosen","floor":32.0,"turns":4.0},{"damage":80,"enemies":"downfall:Silent","floor":33,"turns":8},{"damage":51,"enemies":"3 Darklings","floor":36,"turns":5},{"damage":45,"enemies":"2 Orb Walkers","floor":39,"turns":4},{"damage":54,"enemies":"downfall:FleeingMerchant","floor":40,"turns":5},{"damage":34,"enemies":"Giant Head","floor":43,"turns":5},{"damage":63,"enemies":"Reptomancer","floor":45,"turns":5},{"damage":49,"enemies":"3 Shapes","floor":47,"turns":7},{"damage":47,"enemies":"3 Darklings","floor":48,"turns":3},{"damage":56,"enemies":"Writhing Mass","floor":49,"turns":7},{"damage":52,"enemies":"downfall:Defect","floor":50,"turns":5},{"damage":60,"enemies":"downfall:CharBossMerchant","floor":52,"turns":5},{"damage":226,"enemies":"downfall:NeowBoss","floor":55,"turns":14}],"seed_played":"-7295854937577881182","potions_obtained":[{"floor":6.0,"key":"CultistPotion"},{"floor":8.0,"key":"LiquidMemories"},{"floor":11.0,"key":"GamblersBrew"},{"floor":16.0,"key":"SteroidPotion"},{"floor":19.0,"key":"Fruit Juice"},{"floor":25.0,"key":"SteroidPotion"},{"floor":32,"key":"Weak Potion"},{"floor":43,"key":"champ:CounterPotion"},{"floor":45,"key":"Swift Potion"},{"floor":47,"key":"DistilledChaos"},{"floor":49,"key":"Fire Potion"}],"is_trial":false,"path_per_floor":["R","M","?","?","$","E","T","E","R","M","M","M","E","$","M","B",null,"R","M","M","?","$","M","T","E","R","?","?","E","M","?","M","B",null,"R","M","?","?","?","$","T","$","E","?","E","R","M","M","M","B",null,"E","$","R","B",null],"character_chosen":"THE_CHAMP","items_purchased":["HandOfGreed","champ:VampiricStrike+1","Kunai","champ:RapidStrikes+1","Secret Weapon","champ:Encircle+1","champ:BerserkersGuideToSlaughter","DuplicationPotion","champ:Shatter+1"],"campfire_rested":0,"item_purchase_floors":[5,14,22,40,42,42,53,53,53],"current_hp_per_floor":[81,81,81,81,81,81,81,56,56,56,56,51,47,47,47,58,82,82,59,39,39,38,45,45,32,32,36,36,40,40,40,60,59,86,86,93,93,93,95,95,95,95,95,85,89,99,110,94,89,89,105,110,110,110,110],"gold":230,"neow_bonus":"THREE_ENEMY_KILL","is_daily":false,"chose_seed":false,"campfire_upgraded":6,"win_rate":0.0,"timestamp":1609081921,"path_taken":["R","M","?","?","$","E","T","E","R","M","M","M","E","$","M","BOSS","R","M","M","?","$","M","T","E","R","?","?","E","M","?","M","BOSS","R","M","?","?","?","$","T","?","E","?","E","R","M","?","M","BOSS","E","$","R","BOSS"],"items_purchased_type":["Card","Card","Relic","Card","Card","Card","Relic","Potion","Card"],"build_version":"2020-12-22","purchased_purges":4,"victory":true,"max_hp_per_floor":[90,90,90,90,90,90,90,90,90,90,90,90,90,90,90,90,90,90,90,90,90,90,90,90,95,95,95,95,95,95,95,95,95,95,95,95,95,95,95,95,95,95,95,95,95,105,110,110,110,110,110,110,110,110,110],"card_choices":[{"not_picked":["champ:ShieldSigil","champ:BladeFlurry"],"picked":"champ:BerserkersShout","floor":2.0},{"not_picked":["champ:GutPunch","champ:CrookedStrike"],"picked":"champ:BringItOn","floor":5.0},{"not_picked":["champ:FanOfKnives","champ:DefensiveShout"],"picked":"champ:RageSigil","floor":6.0},{"not_picked":["champ:PerfectedStrike+1","champ:BringItOn"],"picked":"champ:ViciousMockery","floor":8.0},{"not_picked":["champ:ArenaPreparation","champ:DefensiveStyle"],"picked":"champ:AdrenalArmor","floor":10.0},{"not_picked":["champ:CrookedStrike+1","champ:BladeFlurry+1"],"picked":"champ:SwordThrow+1","floor":11.0},{"not_picked":["champ:DefensiveShout","champ:FocusedDefense","champ:FlashCut+1"],"picked":"SKIP","floor":12.0},{"not_picked":["champ:AdrenalArmor","champ:Duel+1"],"picked":"champ:BerserkerStyle","floor":13.0},{"not_picked":["champ:ShieldSigil","champ:PerfectedStrike+1"],"picked":"champ:StanceDance","floor":14.0},{"not_picked":["champ:FaceSlap+1","champ:PreciseThrust+1"],"picked":"champ:AdrenalArmor","floor":15.0},{"not_picked":["champ:ShieldSlam+1","champ:ShieldThrow+1"],"picked":"champ:EnchantSword","floor":16.0},{"not_picked":["champ:ShieldSigil+1","champ:FaceSlap+1"],"picked":"champ:Backstep","floor":19.0},{"not_picked":["champ:CrookedStrike+1","champ:FocusedGladiator","champ:AdrenalArmor"],"picked":"SKIP","floor":20.0},{"not_picked":["champ:StanceDance","champ:Riposte"],"picked":"champ:Duel+1","floor":22.0},{"not_picked":["champ:BerserkersShout+1","champ:GladiatorsShout","champ:EnGarde"],"picked":"SKIP","floor":23.0},{"not_picked":["champ:Circumvent+1","champ:SkillfulDodge"],"picked":"champ:Backstep","floor":25.0},{"not_picked":["champ:Circumvent","champ:Balance+1","champ:Lariat+1"],"picked":"SKIP","floor":29.0},{"not_picked":["champ:Control","champ:SwordSigil"],"picked":"champ:ArenaPreparation","floor":30.0},{"not_picked":["champ:FocusedBerserking+1","champ:AdrenalArmor"],"picked":"champ:Aggression","floor":32},{"not_picked":["champ:CrownThrow+1","champ:PerfectForm"],"picked":"champ:CheapShot+1","floor":33},{"not_picked":["champ:BerserkersShout","champ:BringItOn+1","champ:Haymaker+1"],"picked":"SKIP","floor":36},{"not_picked":["champ:FanOfKnives+1","champ:Haymaker+1"],"picked":"champ:CalledShot","floor":39},{"not_picked":["champ:FocusedBerserking+1","champ:PerfectedStrike+1"],"picked":"champ:FightOn","floor":40},{"not_picked":["champ:ArenaPreparation+1","champ:PerfectedStrike+1"],"picked":"champ:GutPunch+1","floor":43},{"not_picked":["expansioncontent:DecasProtection","expansioncontent:AwakenDeath"],"picked":"expansioncontent:ChargeUp","floor":44},{"not_picked":["champ:RisingSlash+1","champ:FlashCut+1","champ:GutPunch+1"],"picked":"SKIP","floor":45},{"not_picked":["champ:BerserkersShout+1","champ:CrookedStrike+1"],"picked":"champ:Encircle+1","floor":47},{"not_picked":["champ:PerfectedStrike+1","champ:StanceDance","champ:DefensiveShout"],"picked":"SKIP","floor":48},{"not_picked":["champ:GutPunch+1","champ:Balance+1","champ:TornadoPunch+1"],"picked":"SKIP","floor":49},{"not_picked":["champ:PreciseThrust+1","champ:Control"],"picked":"champ:HeartStrike+1","floor":52}],"player_experience":1576678,"relics_obtained":[{"floor":6.0,"key":"champ:GladiatorsBookOfMartialProwess"},{"floor":7.0,"key":"Molten Egg 2"},{"floor":8.0,"key":"Art of War"},{"floor":13.0,"key":"Smiling Mask"},{"floor":24.0,"key":"PreservedInsect"},{"floor":25.0,"key":"Gremlin Horn"},{"floor":29.0,"key":"StoneCalendar"},{"floor":39,"key":"Gambling Chip"},{"floor":43,"key":"CeramicFish"},{"floor":45,"key":"Potion Belt"},{"floor":52,"key":"Centennial Puzzle"}],"event_choices":[{"cards_removed":["champ:Strike"],"damage_healed":0.0,"max_hp_gain":0.0,"max_hp_loss":0.0,"gold_gain":0.0,"event_name":"The Cleric","player_choice":"Card Removal","floor":3.0,"gold_loss":0.0,"damage_taken":0.0},{"damage_healed":0.0,"max_hp_gain":0.0,"max_hp_loss":0.0,"gold_gain":0.0,"cards_transformed":["champ:Strike","champ:Strike"],"event_name":"Drug Dealer","player_choice":"Became Test Subject","floor":31.0,"gold_loss":0.0,"damage_taken":0.0,"cards_obtained":["champ:FanOfKnives","champ:EnragedBash"]},{"damage_healed":0,"gold_gain":0,"player_choice":"Fight","damage_taken":0,"max_hp_gain":0,"max_hp_loss":0,"event_name":"Mysterious Sphere","floor":39,"gold_loss":0}],"is_beta":false,"boss_relics":[{"not_picked":["Tiny House","Snecko Eye"],"picked":"Coffee Dripper"},{"not_picked":["Cursed Key","Velvet Choker"],"picked":"Runic Pyramid"}],"items_purged_floors":[5,14,40,53],"is_endless":false,"potions_floor_spawned":[6,8,11,16,19,25,27,32,43,45,47,49],"ascension_level":6}}