{"host":"odz7g4gpgch153rb","time":1609039541,"event":{"mods":["AchievementEnabler","BaseMod","Better Match","Better Third Choice","BetterRewards","GifTheSpireLib","Infinite Spire","Jedi Mod","Minty Spire (QoL Compilation)","Quick Restart","Replay The Spire","Spikes Relics","StSLib","Stuff the Spire","The Blue Laboratory","Trackpad"],"gold_per_floor":[115,40,40,40,40,40,68,78,101,113,126,138,138,188,188,262,262,262],"floor_reached":17,"playtime":970,"items_purged":["Strike_B"],"score":306,"play_id":"ae56544c-fc35-499d-b161-f57c83953011","local_time":"20201226222541","is_ascension_mode":true,"campfire_choices":[{"data":"Zap","floor":6,"key":"SMITH"},{"data":"Mirror Shield","floor":13,"key":"SMITH"},{"data":"jedi:hex","floor":15,"key":"SMITH"}],"circlet_count":0,"master_deck":["AscendersBane","Strike_B","Strike_B","Defend_B","Defend_B","Defend_B","Defend_B","Zap+1","Dualcast","Leap","jedi:hex+1","Mirror Shield+1"],"relics":["Cracked Core","NeowsBlessing","Bronze Scales","Pet Ghost","Replay:Baseball","trackpad:CultistFigurine","Philosopher\u0027s Stone"],"acts_visited":["Exordium","TheCity"],"potions_floor_usage":[11],"damage_taken":[{"damage":0,"enemies":"Cultist","floor":1,"turns":1},{"damage":0,"enemies":"Gremlin Nob","floor":7,"turns":1},{"damage":0,"enemies":"Small Slimes","floor":8,"turns":1},{"damage":0,"enemies":"Jaw Worm","floor":10,"turns":3},{"damage":0,"enemies":"Large Slime","floor":11,"turns":2},{"damage":0,"enemies":"Red Slaver","floor":12,"turns":3},{"damage":19,"enemies":"Slime Boss","floor":16,"turns":15}],"seed_played":"1655733623955369924","potions_obtained":[{"floor":1,"key":"jedi:coolantleak"},{"floor":8,"key":"Swift Potion"}],"is_trial":false,"path_per_floor":["M","$","?","?","$","R","E","M","T","M","M","M","R","T","R","B",null],"character_chosen":"DEFECT","items_purchased":[],"campfire_rested":0,"item_purchase_floors":[],"current_hp_per_floor":[64,64,52,52,52,52,52,52,52,52,52,52,52,52,52,33,62,62],"gold":262,"neow_bonus":"THREE_ENEMY_KILL","is_daily":false,"chose_seed":false,"campfire_upgraded":3,"win_rate":0.0,"timestamp":1609039541,"path_taken":["M","$","?","?","$","R","E","M","T","M","M","?","R","?","R","BOSS"],"items_purchased_type":[],"build_version":"2020-12-22","purchased_purges":1,"victory":false,"max_hp_per_floor":[71,71,71,71,71,71,71,71,71,71,71,71,71,71,71,71,71,71],"card_choices":[{"not_picked":["Turbo","Reprogram"],"picked":"Leap","floor":1},{"not_picked":["jedi:overflow","BasicCrystalCard","StuffTheSpire:LoadUp"],"picked":"SKIP","floor":7},{"not_picked":["Redo","jedi:BurstFrost"],"picked":"jedi:hex","floor":8},{"not_picked":["Double Energy","Beam Cell"],"picked":"Mirror Shield","floor":10},{"not_picked":["StuffTheSpire:ShieldGenerator","Recycle","Stack"],"picked":"SKIP","floor":11},{"not_picked":["Go for the Eyes","Chaos","Streamline"],"picked":"SKIP","floor":12}],"player_experience":938161,"relics_obtained":[{"floor":7,"key":"Pet Ghost"},{"floor":9,"key":"Replay:Baseball"},{"floor":14,"key":"trackpad:CultistFigurine"}],"event_choices":[{"damage_healed":0,"gold_gain":0,"player_choice":"Relic ","damage_taken":12,"max_hp_gain":0,"max_hp_loss":0,"event_name":"betterThird:BetterScrap","floor":3,"gold_loss":0,"cards_obtained":["Doppelganger"]},{"cards_removed":["Strike_B"],"damage_healed":0,"gold_gain":0,"player_choice":"Purged","damage_taken":0,"max_hp_gain":0,"max_hp_loss":0,"event_name":"Purifier","floor":4,"gold_loss":0}],"is_beta":false,"boss_relics":[{"not_picked":["Pandora\u0027s Box","infinitespire:Cupcake"],"picked":"Philosopher\u0027s Stone"}],"items_purged_floors":[2],"is_endless":false,"potions_floor_spawned":[1,8],"ascension_level":14}}