{"host":"27tk4xseidcli2mr","time":1609069318,"event":{"mods":["2.2 Compatiblity","AchievementEnabler","Aspiration","BaseMod","Better Third Choice","Conspire","Custom Start","Hubris","Jorbs\u0027s Wanderer Trilogy","Minty Spire (QoL Compilation)","Replay The Spire","StSLib","SuperFastMode","[IsaacMod]????"],"gold_per_floor":[113,38,38,50,50,78,78,28,102,102,125,125,125,125,161,173,173,275,275,286,286,187,222,237,237,237,237],"floor_reached":26,"playtime":734,"items_purged":["Strike_B"],"score":528,"play_id":"6b397b60-bad8-4dac-8eca-cf5615291bbe","local_time":"20201227124158","is_ascension_mode":true,"campfire_choices":[{"data":"Mirror Shield","floor":10.0,"key":"SMITH"},{"data":"Consume","floor":14.0,"key":"SMITH"},{"data":"Melter","floor":17.0,"key":"SMITH"},{"floor":25.0,"key":"REST"}],"circlet_count":0,"master_deck":["AscendersBane","Strike_B","Strike_B","Defend_B","Defend_B","Defend_B","Defend_B","Zap","Dualcast","Cold Snap+1","Leap+1","Mirror Shield+1","Injury","conspire:SpireCoStock","Consume+1","Melter+1","Ball Lightning","Creative AI+1","Cold Snap","ReplayTheSpireMod:Reroute Power","Coolheaded"],"relics":["Cracked Core","HushsDoor","NeowsBlessing","Gambling Chip","DeathBook","Frozen Egg 2","Singing Bowl","Replay:Wax Seal","hubris:HollowSoul"],"acts_visited":["Exordium","TheCity"],"potions_floor_usage":[26],"damage_taken":[{"damage":0.0,"enemies":"2 Louse","floor":1.0,"turns":1.0},{"damage":0.0,"enemies":"Cultist","floor":4.0,"turns":1.0},{"damage":0.0,"enemies":"Gremlin Nob","floor":6.0,"turns":1.0},{"damage":2.0,"enemies":"Jaw Worm","floor":11.0,"turns":4.0},{"damage":0.0,"enemies":"3 Sentries","floor":15.0,"turns":2.0},{"damage":0.0,"enemies":"Looter","floor":16.0,"turns":2.0},{"damage":2.0,"enemies":"Hexaghost","floor":18.0,"turns":12.0},{"damage":19.0,"enemies":"Shell Parasite","floor":20.0,"turns":6.0},{"damage":29.0,"enemies":"2 Thieves","floor":22.0,"turns":5.0},{"damage":15.0,"enemies":"Snake Plant","floor":23.0,"turns":4.0},{"damage":0.0,"enemies":"Shelled Parasite and Fungi","floor":24.0,"turns":1.0},{"damage":0,"enemies":"Slavers","floor":26,"turns":1}],"seed_played":"1214783149060174933","potions_obtained":[{"floor":1.0,"key":"FocusPotion"},{"floor":4.0,"key":"Block Potion"},{"floor":23.0,"key":"Fire Potion"},{"floor":24.0,"key":"SkillPotion"}],"is_trial":false,"path_per_floor":["M","$","?","M","?","E","?","?","T","R","M","PTL","PTL","R","E","M","R","B",null,"M","?","M","M","M","R","E"],"character_chosen":"DEFECT","items_purchased":[],"campfire_rested":1,"item_purchase_floors":[],"current_hp_per_floor":[64,64,64,64,43,43,43,43,43,43,41,41,41,41,41,41,41,39,63,44,44,17,2,2,23,14,14],"gold":237,"neow_bonus":"THREE_ENEMY_KILL","is_daily":false,"chose_seed":false,"campfire_upgraded":3,"win_rate":0.0,"timestamp":1609069318,"path_taken":["M","$","?","?","?","E","?","?","T","R","M","PTL","PTL","R","E","M","R","BOSS","M","?","M","?","M","R","E"],"items_purchased_type":[],"build_version":"2020-12-22","purchased_purges":1,"victory":false,"max_hp_per_floor":[71,71,71,71,71,71,71,71,71,71,71,71,71,71,71,71,71,71,71,71,71,73,73,73,73,14,14],"card_choices":[{"not_picked":["Crystallizer","Time Bomb"],"picked":"Cold Snap","floor":1.0},{"not_picked":["Ball Lightning","ReplayTheSpireMod:Repulse"],"picked":"Leap","floor":4.0},{"not_picked":["Bomb","Go for the Eyes"],"picked":"Mirror Shield","floor":6.0},{"not_picked":["Force Field","Hologram"],"picked":"Consume","floor":11.0},{"not_picked":["FTL","Hologram"],"picked":"Melter","floor":15.0},{"not_picked":["Compile Driver","Redo"],"picked":"Ball Lightning","floor":16.0},{"not_picked":["Seek","hubris:SpecializedCircuitry+1"],"picked":"Creative AI+1","floor":18.0},{"not_picked":["Sweeping Beam","conspire:Rain"],"picked":"Cold Snap","floor":20.0},{"not_picked":["Panic Button","Redo+1","Beam Cell"],"picked":"Singing Bowl","floor":22.0},{"not_picked":["BasicCrystalCard","Auto Shields"],"picked":"ReplayTheSpireMod:Reroute Power","floor":23.0},{"not_picked":["Fission","Redo"],"picked":"Coolheaded","floor":24.0}],"player_experience":1232271,"relics_obtained":[{"floor":6.0,"key":"Gambling Chip"},{"floor":9.0,"key":"Singing Bowl"},{"floor":15.0,"key":"Replay:Wax Seal"}],"event_choices":[{"cards_removed":["Strike_B"],"damage_healed":0.0,"max_hp_gain":0.0,"max_hp_loss":0.0,"gold_gain":0.0,"event_name":"Purifier","player_choice":"Purged","floor":3.0,"gold_loss":0.0,"damage_taken":0.0},{"damage_healed":64.0,"max_hp_gain":0.0,"max_hp_loss":71.0,"gold_gain":0.0,"event_name":"betterThird:BetterShining","player_choice":"Upgrade","floor":5.0,"gold_loss":0.0,"damage_taken":21.0,"cards_upgraded":["Leap","Cold Snap"]},{"damage_healed":0.0,"max_hp_gain":0.0,"max_hp_loss":0.0,"gold_gain":0.0,"event_name":"conspire:Investor","player_choice":"Invest 1","floor":8.0,"gold_loss":0.0,"damage_taken":0.0}],"is_beta":false,"boss_relics":[{"not_picked":["ChewingGum","aspiration:WatcherSkillbook"],"picked":"hubris:HollowSoul"},{"not_picked":[]}],"items_purged_floors":[2],"is_endless":false,"potions_floor_spawned":[1,4,6,23,24],"killed_by":"Slavers","ascension_level":20}}