{"host":"ly8vj2opk1y3o1w7","time":1609055835,"event":{"mods":["Act Like it!","BaseMod","Conspire","Friendly Minions","GifTheSpireLib","Hubris","MarisaÅiñ∂âJÅ@ñÇóùçπÅj","Minty Spire (QoL Compilation)","Permanent Neow","Remove Card Discount Mod","Replay The Spire","StSLib","The Animator","Waifu the Spire"],"gold_per_floor":[117,117,117,56,72,72,111,111,111,134,155,171,194,219,219,347,347,367,388,246,246,14,46,46,46,96,131,131,131,160,171,171,305,305,339,403,68,105,124,192,192,253,253,253,309,361,388,441,441,481,481,481,224,304,336,336],"floor_reached":55,"playtime":2541,"items_purged":["Injury","Defend_G","Strike_G","Defend_G","Strike_G","Defend_G","Strike_G","Strike_G","Defend_G","Strike_G","Pain","Blade Dance"],"score":938,"play_id":"636e7666-5102-4dfb-ac30-15c70b13c261","local_time":"20201227155715","is_ascension_mode":false,"campfire_choices":[{"data":"Cloak And Dagger","floor":6,"key":"SMITH"},{"data":"Dagger Spray","floor":8,"key":"SMITH"},{"data":"Blade Dance","floor":15,"key":"SMITH"},{"data":"A Thousand Cuts","floor":25,"key":"SMITH"},{"data":"Enlightenment","floor":29,"key":"SMITH"},{"floor":32,"key":"DIG"},{"data":"After Image","floor":41,"key":"SMITH"},{"data":"Prepared","floor":44,"key":"SMITH"},{"floor":49,"key":"RECALL"},{"data":"Night Terror","floor":52,"key":"SMITH"}],"circlet_count":0,"master_deck":["Survivor","Neutralize","Slice","Deflect+1","Backflip","Cloak And Dagger+1","Dagger Spray+1","Blade Dance+1","Deflect+1","Blade Dance","Prepared","After Image+1","Blade Dance+1","Cloak And Dagger","A Thousand Cuts+1","Enlightenment+1","Infinite Blades+1","Deflect+1","Prepared+1","Night Terror+1","Calculated Gamble","ReplayTheSpireMod:Private Reserves","PiercingWail+1","Terror+1"],"relics":["Ring of the Snake","Quantum Egg","Incense Burner","Replay:Bottled Eggs","HoveringKite","Nloth\u0027s Gift","Anchor","The Specimen","hubris:FunFungus","WarpedTongs","Snake Skull","Replay:Bandana","Busted Crown","Mercury Hourglass","Boot","hubris:PeanutButter","Lee\u0027s Waffle","ReplayTheSpireMod:TigerMarble"],"acts_visited":["Exordium","TheCity","TheBeyond","TheEnding"],"potions_floor_usage":[14,16,16,33,36,50,55,55,55],"damage_taken":[{"damage":0,"enemies":"Jaw Worm","floor":1,"turns":4},{"damage":0,"enemies":"2 Louse","floor":5,"turns":2},{"damage":7,"enemies":"Replay:BlueRogue","floor":7,"turns":5},{"damage":0,"enemies":"conspire:RoseBush","floor":10,"turns":2},{"damage":0,"enemies":"Looter","floor":11,"turns":2},{"damage":0,"enemies":"Lots of Slimes","floor":12,"turns":2},{"damage":0,"enemies":"3 Louse","floor":13,"turns":1},{"damage":4,"enemies":"conspire:2 RoseBushes","floor":14,"turns":6},{"damage":9,"enemies":"Fading Forest","floor":16,"turns":11},{"damage":0,"enemies":"Chosen","floor":18,"turns":3},{"damage":0,"enemies":"Shell Parasite","floor":19,"turns":2},{"damage":0,"enemies":"conspire:Head Lice","floor":23,"turns":5},{"damage":0,"enemies":"Gremlin Leader","floor":27,"turns":4},{"damage":2,"enemies":"conspire:Head Lice","floor":30,"turns":5},{"damage":4,"enemies":"3 Cultists","floor":31,"turns":3},{"damage":6,"enemies":"Champ","floor":33,"turns":8},{"damage":0,"enemies":"Orb Walker","floor":35,"turns":2},{"damage":2,"enemies":"3 Darklings","floor":36,"turns":3},{"damage":0,"enemies":"Sphere and 2 Shapes","floor":38,"turns":3},{"damage":3,"enemies":"4 Shapes","floor":39,"turns":2},{"damage":0,"enemies":"R_Hoarder","floor":40,"turns":5},{"damage":0,"enemies":"Transient","floor":42,"turns":5},{"damage":0,"enemies":"Sphere and 2 Shapes","floor":45,"turns":5},{"damage":0,"enemies":"Spire Growth","floor":46,"turns":4},{"damage":0,"enemies":"4 Shapes","floor":47,"turns":2},{"damage":0,"enemies":"3 Darklings","floor":48,"turns":3},{"damage":44,"enemies":"conspire:OrnateMirror","floor":50,"turns":6},{"damage":0,"enemies":"Shield and Spear","floor":54,"turns":4},{"damage":88,"enemies":"The Heart","floor":55,"turns":9}],"seed_played":"-8866728617738536422","potions_obtained":[{"floor":5,"key":"DuplicationPotion"},{"floor":11,"key":"Milkshake"},{"floor":12,"key":"Regen Potion"},{"floor":13,"key":"FearPotion"},{"floor":16,"key":"SpeedPotion"},{"floor":18,"key":"Explosive Potion"},{"floor":31,"key":"Poison Potion"},{"floor":33,"key":"Swift Potion"},{"floor":36,"key":"Dexterity Potion"},{"floor":47,"key":"Milkshake"}],"is_trial":false,"path_per_floor":["M","?","?","$","M","R","E","R","T","M","M","M","M","M","R","B",null,"M","M","$","?","$","E","?","R","T","E","?","R","E","M","R","B",null,"M","M","$","M","M","E","R","M","T","R","M","M","M","M","R","B",null,"R","$","E","B"],"character_chosen":"THE_SILENT","items_purchased":["Backflip","A Thousand Cuts","Enlightenment","Anchor","ReplayTheSpireMod:Private Reserves","Mercury Hourglass","Lee\u0027s Waffle","Swift Potion","Swift Potion"],"campfire_rested":0,"item_purchase_floors":[4,20,22,22,37,37,53,53,53],"current_hp_per_floor":[70,70,67,67,67,67,60,60,60,60,60,60,60,70,70,61,70,70,70,70,70,70,70,70,70,70,70,70,70,70,66,66,65,70,70,70,70,70,68,70,70,70,70,70,70,70,70,70,70,31,70,70,77,77,0,0],"gold":336,"neow_bonus":"THREE_CARDS","is_daily":false,"chose_seed":false,"campfire_upgraded":8,"win_rate":0.0,"timestamp":1609055835,"path_taken":["M","?","?","$","?","R","E","R","T","M","M","M","M","M","R","BOSS","M","M","$","?","?","E","?","R","T","E","?","R","E","M","R","BOSS","M","M","$","M","M","E","R","M","T","R","?","M","M","M","R","BOSS","R","$","E","BOSS"],"items_purchased_type":["Card","Card","Card","Relic","Card","Relic","Relic","Potion","Potion"],"build_version":"2020-12-22","purchased_purges":12,"victory":false,"max_hp_per_floor":[70,70,70,70,70,70,70,70,70,70,70,70,70,70,70,70,70,70,70,70,70,70,70,70,70,70,70,70,70,70,70,70,70,70,70,70,70,70,70,70,70,70,70,70,70,70,70,70,70,70,70,70,77,77,77,77],"card_choices":[{"not_picked":["Deadly Poison","Underhanded Strike"],"picked":"Slice","floor":0},{"not_picked":["Dagger Throw","Fluid Movement"],"picked":"Deflect","floor":1},{"not_picked":["Deadly Poison","Flechettes"],"picked":"Cloak And Dagger","floor":5},{"not_picked":["hubris:TrickCloak","Acrobatics"],"picked":"Dagger Spray","floor":7},{"not_picked":["Flying Knee","ReplayTheSpireMod:Exploit Weakness"],"picked":"Blade Dance","floor":10},{"not_picked":["PiercingWail","Dodge and Roll"],"picked":"Deflect","floor":11},{"not_picked":["ReplayTheSpireMod:Speed Training","PiercingWail"],"picked":"Blade Dance","floor":12},{"not_picked":["Poison Darts","PiercingWail"],"picked":"Blade Dance","floor":13},{"not_picked":["Concentrate","Dagger Throw"],"picked":"Prepared","floor":14},{"not_picked":["Grand Finale","Corpse Explosion"],"picked":"After Image","floor":16},{"not_picked":["PiercingWail","Finisher"],"picked":"Blade Dance+1","floor":18},{"not_picked":["Slice","Backflip"],"picked":"Cloak And Dagger","floor":19},{"not_picked":["Doppelganger","Flying Knee"],"picked":"Infinite Blades+1","floor":23},{"not_picked":["Well Laid Plans","Backflip+1"],"picked":"Deflect","floor":27},{"not_picked":["Malaise","Poisoned Stab","Poison Darts"],"picked":"SKIP","floor":30},{"not_picked":["Underhanded Strike","Reflex"],"picked":"Prepared","floor":31},{"not_picked":["Corpse Explosion","Phantasmal Killer"],"picked":"Night Terror","floor":33},{"not_picked":["Poisoned Stab+1"],"picked":"SKIP","floor":35},{"not_picked":[],"picked":"Calculated Gamble","floor":36},{"not_picked":["Deadly Poison+1"],"picked":"SKIP","floor":38},{"not_picked":["Deadly Poison"],"picked":"SKIP","floor":39},{"not_picked":["Phantasmal Killer"],"picked":"SKIP","floor":40},{"not_picked":[],"picked":"PiercingWail+1","floor":42},{"not_picked":["Riddle With Holes"],"picked":"SKIP","floor":45},{"not_picked":[],"picked":"Terror+1","floor":46},{"not_picked":["Grand Finale"],"picked":"SKIP","floor":47},{"not_picked":["hubris:SlightOfHand+1"],"picked":"SKIP","floor":48},{"not_picked":["Crippling Poison"],"picked":"SKIP","floor":54}],"player_experience":512312,"relics_obtained":[{"floor":7,"key":"Incense Burner"},{"floor":9,"key":"Replay:Bottled Eggs"},{"floor":23,"key":"The Specimen"},{"floor":27,"key":"hubris:FunFungus"},{"floor":30,"key":"Snake Skull"},{"floor":32,"key":"Replay:Bandana"},{"floor":40,"key":"Boot"},{"floor":43,"key":"hubris:PeanutButter"},{"floor":54,"key":"ReplayTheSpireMod:TigerMarble"}],"event_choices":[{"damage_healed":0,"gold_gain":0,"player_choice":"Take Wound","damage_taken":0,"relics_obtained":["Golden Idol"],"max_hp_gain":0,"max_hp_loss":0,"event_name":"Golden Idol","floor":2,"gold_loss":0,"cards_obtained":["Injury"]},{"damage_healed":0,"gold_gain":0,"player_choice":"Success","damage_taken":3,"relics_obtained":["Quantum Egg"],"max_hp_gain":0,"max_hp_loss":0,"event_name":"Scrap Ooze","floor":3,"gold_loss":0},{"damage_healed":0,"gold_gain":0,"player_choice":"Traded Relic","damage_taken":0,"relics_obtained":["Nloth\u0027s Gift"],"max_hp_gain":0,"max_hp_loss":0,"event_name":"N\u0027loth","floor":21,"relics_lost":["Golden Idol"],"gold_loss":0},{"cards_removed":["Defend_G"],"damage_healed":0,"gold_gain":0,"player_choice":"Elegance","damage_taken":0,"max_hp_gain":0,"max_hp_loss":0,"event_name":"Back to Basics","floor":24,"gold_loss":0},{"damage_healed":0,"gold_gain":0,"player_choice":"Rummage","damage_taken":0,"relics_obtained":["WarpedTongs"],"max_hp_gain":0,"max_hp_loss":0,"event_name":"Accursed Blacksmith","floor":28,"gold_loss":0,"cards_obtained":["Pain"]}],"is_beta":false,"boss_relics":[{"not_picked":["ReplayTheSpireMod:DimensionalGlitch","hubris:BlackHole"],"picked":"HoveringKite"},{"not_picked":["ChewingGum","Runic Pyramid"],"picked":"Busted Crown"}],"items_purged_floors":[4,4,4,4,4,4,4,20,20,20,37,53],"is_endless":false,"potions_floor_spawned":[5,11,12,13,16,18,31,33,36,39,46,47,54],"killed_by":"The Heart","ascension_level":0}}