{"host":"5ty8fyb0ngp9gspj","time":1609063027,"event":{"mods":["2.2 Compatiblity","AchievementEnabler","Act Like it!","BaseMod","Colored Map","Downfall","Minty Spire (QoL Compilation)","Rare Cards Sparkle","StSLib"],"gold_per_floor":[349,360,378,394,110,210,210,229,229,81,181,208,133,153,169,271,271,271,286,200,185,200,218,218,254,179,179,179,179,104,104,117,212,212,212,223,223,223,240,260,260,280,280,280],"floor_reached":43,"playtime":2454,"items_purged":[],"score":518,"play_id":"58003d65-77d3-43da-90b9-36cdf812a659","local_time":"20201227205707","is_ascension_mode":true,"campfire_choices":[{"floor":1.0,"key":"REST"},{"floor":13.0,"key":"REST"},{"data":"sneckomod:MasterEye","floor":18.0,"key":"SMITH"},{"data":"sneckomod:PureSnecko","floor":26,"key":"SMITH"},{"floor":28,"key":"RECALL"},{"data":"sneckomod:SoulCleanse","floor":30,"key":"SMITH"},{"data":"sneckomod:Mudshield","floor":35,"key":"SMITH"}],"circlet_count":0,"master_deck":["sneckomod:Strike","sneckomod:Strike","sneckomod:Strike","sneckomod:Defend","sneckomod:Defend","sneckomod:Defend","sneckomod:TailWhip","sneckomod:SnekBite","sneckomod:Unknown","sneckomod:Unknown","sneckomod:TrashToTreasure","sneckomod:SlitherStrike","sneckomod:MasterEye+1","sneckomod:Transmogrify","sneckomod:MasterEye","sneckomod:SoulCleanse+1","sneckomod:UnknownVulnerable+1","sneckomod:Restock","sneckomod:UnknownCommonSkill+1","sneckomod:UnknownUncommonAttack+1","sneckomod:UnknownUncommonPower+1","sneckomod:Nope","sneckomod:Unknown3Cost+1","sneckomod:UnknownDexterity+1","sneckomod:UnknownCommonSkill+1","sneckomod:ImprovisedAttack","sneckomod:Unknown1Cost+1","sneckomod:UnknownBlock+1","sneckomod:Unknown3Cost+1","Doubt","sneckomod:UnknownCommonSkill+1","sneckomod:SoulExchange+1","sneckomod:DiceBlock","sneckomod:Unknown2Cost+1","sneckomod:UnknownExhaust+1","sneckomod:UnknownUncommonPower+1","sneckomod:PureSnecko+1","sneckomod:UnknownClassRED+1","sneckomod:DiceCrush","sneckomod:Mudshield+1","sneckomod:Nope+1","sneckomod:MixItUp","sneckomod:ImprovisedAttack+1","Pain","sneckomod:UnknownBlock+1"],"relics":["sneckomod:SneckoSoul","Juzu Bracelet","sneckomod:UnknownEgg","Bottled Tornado","downfall:HeartBlessingGreen","Cursed Key","Oddly Smooth Stone","downfall:HeartBlessingBlue","downfall:HeartBlessingRed","Matryoshka","Runic Pyramid","sneckomod:ConfusingCodex","Darkstone Periapt","Medical Kit"],"acts_visited":["Exordium","TheCity","TheBeyond"],"potions_floor_usage":[25,36],"damage_taken":[{"damage":7.0,"enemies":"Jaw Worm","floor":2.0,"turns":4.0},{"damage":4.0,"enemies":"Cultist","floor":3.0,"turns":4.0},{"damage":0.0,"enemies":"2 Louse","floor":4.0,"turns":1.0},{"damage":0.0,"enemies":"downfall:FleeingMerchant","floor":5.0,"turns":4.0},{"damage":16.0,"enemies":"Large Slime","floor":8.0,"turns":5.0},{"damage":10.0,"enemies":"downfall:FleeingMerchant","floor":10.0,"turns":4.0},{"damage":35.0,"enemies":"3 Sentries","floor":12.0,"turns":7.0},{"damage":0.0,"enemies":"Gremlin Gang","floor":14.0,"turns":3.0},{"damage":0.0,"enemies":"2 Fungi Beasts","floor":15.0,"turns":2.0},{"damage":41.0,"enemies":"downfall:Ironclad","floor":16.0,"turns":8.0},{"damage":12.0,"enemies":"Chosen","floor":19.0,"turns":5.0},{"damage":0.0,"enemies":"downfall:FleeingMerchant","floor":20.0,"turns":4.0},{"damage":19.0,"enemies":"downfall:FleeingMerchant","floor":21.0,"turns":4.0},{"damage":0,"enemies":"Sentry and Sphere","floor":22,"turns":4},{"damage":0,"enemies":"Snecko","floor":23,"turns":3},{"damage":23,"enemies":"downfall:FleeingMerchant","floor":25,"turns":4},{"damage":0,"enemies":"3 Cultists","floor":32,"turns":4},{"damage":21,"enemies":"downfall:Watcher","floor":33,"turns":7},{"damage":65,"enemies":"3 Darklings","floor":36,"turns":5},{"damage":11,"enemies":"Orb Walker","floor":39,"turns":3},{"damage":35,"enemies":"3 Darklings","floor":40,"turns":5},{"damage":41,"enemies":"4 Shapes","floor":42,"turns":6},{"damage":32,"enemies":"Jaw Worm Horde","floor":43,"turns":2}],"seed_played":"7860881962761960259","potions_obtained":[{"floor":3.0,"key":"FearPotion"},{"floor":4.0,"key":"LiquidMemories"},{"floor":8.0,"key":"Weak Potion"},{"floor":14.0,"key":"Energy Potion"},{"floor":22,"key":"SkillPotion"},{"floor":25,"key":"Explosive Potion"},{"floor":32,"key":"Block Potion"},{"floor":33,"key":"Weak Potion"},{"floor":39,"key":"Strength Potion"},{"floor":42,"key":"Block Potion"}],"is_trial":false,"path_per_floor":["R","M","M","M","$","?","T","M","T","$","?","E","R","M","M","B",null,"R","M","$","$","M","M","T","$","R","?","R","?","R","?","M","B",null,"R","M","?","?","M","M","T","M","M"],"character_chosen":"THE_SNECKO","items_purchased":["sneckomod:MasterEye","sneckomod:SoulCleanse","Juzu Bracelet","sneckomod:UnknownCommonSkill+1","sneckomod:UnknownUncommonAttack+1","sneckomod:ImprovisedAttack","sneckomod:SoulExchange","sneckomod:DiceBlock","Orrery"],"campfire_rested":2,"item_purchase_floors":[5,5,5,10,10,20,25,25,25],"current_hp_per_floor":[90,83,79,79,79,79,79,64,64,56,56,22,50,50,50,16,95,95,84,85,77,78,79,79,61,71,109,109,109,109,85,85,64,120,120,66,66,105,94,68,68,48,16,16],"gold":280,"neow_bonus":"TWO_FIFTY_GOLD","is_daily":false,"chose_seed":false,"campfire_upgraded":4,"win_rate":0.0,"timestamp":1609063027,"path_taken":["R","M","M","M","$","?","T","M","?","$","?","E","R","M","M","BOSS","R","M","?","$","M","M","T","$","R","?","R","?","R","?","M","BOSS","R","M","?","?","M","M","T","M","M"],"items_purchased_type":["Card","Card","Relic","Card","Card","Card","Card","Card","Relic"],"build_version":"2020-12-22","purchased_purges":0,"victory":false,"max_hp_per_floor":[90,90,90,90,90,90,90,91,91,93,93,94,94,94,94,95,95,95,96,97,98,99,100,100,105,115,115,115,115,115,120,120,120,120,120,120,120,105,105,105,105,106,106,106],"card_choices":[{"not_picked":["sneckomod:UnknownStrike","sneckomod:UnknownUncommonPower"],"picked":"sneckomod:TrashToTreasure","floor":2.0},{"not_picked":["sneckomod:SoulDraw","sneckomod:WideSting"],"picked":"sneckomod:SlitherStrike","floor":3.0},{"not_picked":["sneckomod:UnknownClassSLIMEBOUND","sneckomod:UnknownStrike"],"picked":"sneckomod:MasterEye","floor":4.0},{"not_picked":["sneckomod:UnknownBlock","sneckomod:IronFang"],"picked":"sneckomod:Transmogrify","floor":5.0},{"not_picked":["sneckomod:UnknownClassBLUE+1","sneckomod:UnknownStrike+1"],"picked":"sneckomod:UnknownVulnerable+1","floor":8.0},{"not_picked":["sneckomod:RainOfDice","sneckomod:SnakeSap"],"picked":"sneckomod:Restock","floor":10.0},{"not_picked":["sneckomod:UnknownClassGUARDIAN+1","sneckomod:WideSting"],"picked":"sneckomod:UnknownUncommonPower+1","floor":12.0},{"not_picked":["sneckomod:DiceBlock","sneckomod:UnknownVulnerable+1"],"picked":"sneckomod:QuickBite","floor":14.0},{"not_picked":["sneckomod:SnekBeam","sneckomod:UnknownX+1"],"picked":"sneckomod:Nope","floor":15.0},{"not_picked":["sneckomod:GlitteringGambit","sneckomod:Transmogrify"],"picked":"sneckomod:Unknown3Cost+1","floor":16.0},{"not_picked":["sneckomod:DiceBoulder","sneckomod:DiceBlock"],"picked":"sneckomod:UnknownDexterity+1","floor":19.0},{"not_picked":["sneckomod:UnknownClassBLUE+1","sneckomod:UnknownStrike+1"],"picked":"sneckomod:UnknownCommonSkill+1","floor":20.0},{"not_picked":["sneckomod:WideSting","sneckomod:UnknownClassRED+1"],"picked":"sneckomod:Unknown1Cost+1","floor":21},{"not_picked":["sneckomod:IronFang","sneckomod:QuickBite"],"picked":"sneckomod:UnknownBlock+1","floor":22},{"not_picked":["sneckomod:TrashToTreasure","sneckomod:QuickBite"],"picked":"sneckomod:Unknown3Cost+1","floor":23},{"not_picked":["sneckomod:QuickMove","sneckomod:SoulRoll"],"picked":"sneckomod:UnknownCommonSkill+1","floor":25},{"not_picked":["sneckomod:UnknownCommonAttack+1","sneckomod:Unknown0Cost+1"],"picked":"sneckomod:Unknown2Cost+1","floor":25},{"not_picked":["sneckomod:UnknownWeak+1","sneckomod:SoulRoll"],"picked":"sneckomod:UnknownExhaust+1","floor":25},{"not_picked":["sneckomod:UnknownStrike+1","sneckomod:UnknownCommonSkill+1"],"picked":"sneckomod:UnknownUncommonPower+1","floor":25},{"not_picked":["sneckomod:SnakeSap","sneckomod:SoulRoll"],"picked":"sneckomod:PureSnecko","floor":25},{"not_picked":["sneckomod:UnknownX+1","sneckomod:QuickMove"],"picked":"sneckomod:UnknownClassRED+1","floor":25},{"not_picked":["sneckomod:UnknownStrike+1","sneckomod:IronFang"],"picked":"sneckomod:DiceCrush","floor":32},{"not_picked":["sneckomod:MorePower","sneckomod:Transmogrify"],"picked":"sneckomod:Mudshield","floor":33},{"not_picked":["sneckomod:SlitherStrike","sneckomod:QuickMove"],"picked":"sneckomod:Nope+1","floor":36},{"not_picked":["sneckomod:UnknownClassTHE_CHAMP_GRAY+1","sneckomod:QuickMove"],"picked":"sneckomod:MixItUp","floor":39},{"not_picked":["sneckomod:RainOfDice","sneckomod:UnknownX+1"],"picked":"sneckomod:ImprovisedAttack+1","floor":40},{"not_picked":["sneckomod:UnknownStrike+1","sneckomod:MasterEye+1"],"picked":"sneckomod:UnknownBlock+1","floor":42}],"player_experience":323670,"relics_obtained":[{"floor":7.0,"key":"sneckomod:UnknownEgg"},{"floor":8.0,"key":"sneckomod:UnknownEgg"},{"floor":9.0,"key":"Matryoshka"},{"floor":10.0,"key":"Juzu Bracelet"},{"floor":12.0,"key":"sneckomod:UnknownEgg"},{"floor":12.0,"key":"Bottled Tornado"},{"floor":20.0,"key":"Matryoshka"},{"floor":23,"key":"Matryoshka"},{"floor":24,"key":"Oddly Smooth Stone"},{"floor":25,"key":"Oddly Smooth Stone"},{"floor":33,"key":"Matryoshka"},{"floor":41,"key":"sneckomod:ConfusingCodex"},{"floor":41,"key":"Darkstone Periapt"},{"floor":42,"key":"Medical Kit"}],"event_choices":[{"damage_healed":0.0,"max_hp_gain":0.0,"max_hp_loss":0.0,"gold_gain":100.0,"event_name":"Wheel of Change","player_choice":"Gold","floor":11.0,"gold_loss":0.0,"damage_taken":0.0},{"damage_healed":38,"gold_gain":0,"player_choice":"Heal","damage_taken":0,"max_hp_gain":0,"max_hp_loss":0,"event_name":"The Library","floor":27,"gold_loss":0},{"damage_healed":0,"gold_gain":0,"player_choice":"Upgraded","damage_taken":0,"max_hp_gain":0,"max_hp_loss":0,"event_name":"Upgrade Shrine","floor":29,"gold_loss":0,"cards_upgraded":["sneckomod:SoulExchange"]},{"cards_removed":["sneckomod:QuickBite"],"damage_healed":0,"gold_gain":0,"player_choice":"Removed Attack","damage_taken":0,"max_hp_gain":0,"max_hp_loss":0,"event_name":"Falling","floor":37,"gold_loss":0}],"is_beta":false,"boss_relics":[{"not_picked":["Philosopher\u0027s Stone","Astrolabe"],"picked":"Cursed Key"},{"not_picked":["Runic Dome","Busted Crown"],"picked":"Runic Pyramid"}],"items_purged_floors":[],"is_endless":false,"potions_floor_spawned":[3,4,8,14,22,32,33,39,40,42],"killed_by":"Jaw Worm Horde","ascension_level":2}}