{"host":"yludllxm6rzdxpbb","time":1609106929,"event":{"mods":["BaseMod","Better Third Choice","BetterRewards","Colored Map","Colored Powertips","Hermit","Hubris","Infinite Spire","Minty Spire (QoL Compilation)","Quick Restart","Replay The Spire","StSLib","The Hierophant","The Necromancer"],"gold_per_floor":[112,125,135,14,14,44,44,79,105,139,150,150,176,189,189,293,293,312,312,130,130,130,130,156,156,208,221,221,252,252,262,262,365,365,381,381,397,411,1,1,51,69,95,113,142,155,182,219,219,219],"floor_reached":51,"playtime":3018,"items_purged":[],"score":1136,"play_id":"a8af9d36-d410-4c05-9ba0-a9fac3dc4162","local_time":"20201228010849","is_ascension_mode":true,"campfire_choices":[{"data":"ReplayTheSpireMod:Calculation Training","floor":7,"key":"SMITH"},{"floor":12,"key":"RECALL"},{"data":"Crystallizer","floor":15,"key":"SMITH"},{"floor":23,"key":"REST"},{"floor":25,"key":"REST"},{"floor":30,"key":"REST"},{"floor":32,"key":"DIG"},{"floor":40,"key":"REST"},{"floor":49,"key":"REST"}],"circlet_count":0,"master_deck":["Strike_B","Strike_B","Strike_B","Strike_B","Defend_B","Defend_B","Defend_B+1","Defend_B","Zap","Dualcast","Replay:Bootleg Shield Generator+1","Auto Shields","Doom and Gloom","Panic Button","Coolheaded","Crystallizer+1","ReplayTheSpireMod:Calculation Training+1","Streamline","Ball Lightning","Leap","Fission+1","Sweeping Beam","Amplify+1","Blizzard","Hello World+1","Panacea+1","infinitespire:Oblivion","infinitespire:Starlight","Coolheaded+1","BasicCrystalCard+1","hubris:PowerSurge","Leap+1","Creative AI+1","Hologram+1","Biased Cognition+1","Conserve Battery+1","Coolheaded+1","Static Discharge+1","Redo+1","Loop","BootSequence+1"],"relics":["Cracked Core","Membership Card","HornCleat","infinitespire:Lucky Rock","Gremlin Horn","Golden Egg","Sundial","hubris:Reverence","Odd Mushroom","Fusion Hammer","MutagenicStrength","ReplayTheSpireMod:ShopPack","ReplayFunnel","Toxic Egg 2","Toy Ornithopter","WingedGreaves","Cables","hubris:FunFungus","Incense Burner","TheAbacus","Mango","Anchor","Replay:Wax Seal","infinitespire:PuzzleCube","Durian"],"acts_visited":["Exordium","TheCity","TheBeyond"],"potions_floor_usage":[24,50,50,50],"damage_taken":[{"damage":0,"enemies":"2 Louse","floor":1,"turns":2},{"damage":7,"enemies":"Small Slimes","floor":2,"turns":2},{"damage":0,"enemies":"Jaw Worm","floor":3,"turns":3},{"damage":1,"enemies":"Lagavulin","floor":6,"turns":8},{"damage":2,"enemies":"3 Sentries","floor":8,"turns":5},{"damage":1,"enemies":"Lagavulin","floor":10,"turns":6},{"damage":1,"enemies":"3 Louse","floor":11,"turns":2},{"damage":4,"enemies":"The Mushroom Lair","floor":13,"turns":3},{"damage":0,"enemies":"Looter","floor":14,"turns":3},{"damage":19,"enemies":"Slime Boss","floor":16,"turns":6},{"damage":3,"enemies":"Spheric Guardian","floor":18,"turns":5},{"damage":6,"enemies":"Slavers","floor":24,"turns":4},{"damage":9,"enemies":"2 Thieves","floor":27,"turns":3},{"damage":18,"enemies":"Gremlin Leader","floor":29,"turns":7},{"damage":9,"enemies":"Snake Plant","floor":31,"turns":3},{"damage":0,"enemies":"Collector","floor":33,"turns":8},{"damage":5,"enemies":"Orb Walker","floor":35,"turns":5},{"damage":2,"enemies":"3 Darklings","floor":37,"turns":7},{"damage":47,"enemies":"Transient","floor":38,"turns":5},{"damage":0,"enemies":"Mind Bloom Boss Battle","floor":41,"turns":8},{"damage":0,"enemies":"Spire Growth","floor":42,"turns":4},{"damage":2,"enemies":"Sphere and 2 Shapes","floor":44,"turns":5},{"damage":22,"enemies":"Nightmare","floor":45,"turns":9},{"damage":20,"enemies":"Transient","floor":46,"turns":5},{"damage":18,"enemies":"R_Hoarder","floor":47,"turns":7},{"damage":46,"enemies":"Donu and Deca","floor":50,"turns":11}],"seed_played":"4543734084983791282","potions_obtained":[{"floor":1,"key":"LifebloodPotion"},{"floor":10,"key":"Venom Potion"},{"floor":13,"key":"DistilledChaos"},{"floor":27,"key":"Regen Potion"},{"floor":35,"key":"EssenceOfSteel"}],"is_trial":false,"path_per_floor":["M","M","M","$","?","E","R","E","T","E","M","R","?","M","R","B",null,"M","?","$","?","AVR","R","E","R","T","M","?","E","R","M","R_BF","B",null,"M","?","M","M","$","R","?","M","T","M","NM","M","E","?","R","B",null],"character_chosen":"DEFECT","items_purchased":["Membership Card","HornCleat","Replay:Bootleg Shield Generator","Auto Shields","Doom and Gloom","infinitespire:Lucky Rock","Gremlin Horn","ReplayTheSpireMod:ShopPack","ReplayFunnel","Hello World","hubris:FunFungus","Incense Burner","TheAbacus","Conserve Battery+1"],"campfire_rested":5,"item_purchase_floors":[0,0,0,0,0,0,4,20,20,20,39,39,39,39],"current_hp_per_floor":[58,51,51,51,51,50,50,48,48,47,46,46,42,42,42,23,75,72,72,72,54,54,75,75,75,75,66,66,58,75,66,66,75,75,70,70,73,26,26,48,80,81,81,89,67,49,43,26,54,40],"gold":219,"neow_bonus":"","is_daily":false,"chose_seed":false,"campfire_upgraded":2,"win_rate":0.0,"timestamp":1609106929,"path_taken":["M","M","M","$","?","E","R","E","T","E","M","R","?","?","R","BOSS","M","?","$","?","AVR","R","E","R","T","M","?","E","R","M","R_BF","BOSS","M","?","M","M","$","R","?","?","T","M","NM","M","E","?","R","BOSS"],"items_purchased_type":["Relic","Relic","Card","Card","Card","Relic","Relic","Relic","Relic","Card","Relic","Relic","Relic","Card"],"build_version":"2020-12-22","purchased_purges":0,"victory":true,"max_hp_per_floor":[75,75,75,75,75,75,75,75,75,75,75,75,75,75,75,75,75,75,75,75,75,75,75,75,75,75,75,75,75,75,75,75,75,75,75,75,75,75,75,75,89,89,89,89,89,89,89,94,94,94],"card_choices":[{"not_picked":["Ball Lightning","BasicCrystalCard"],"picked":"Panic Button","floor":1},{"not_picked":["hubris:Ukulele","Sweeping Beam"],"picked":"Coolheaded","floor":2},{"not_picked":["Coolheaded","Rebound"],"picked":"Crystallizer","floor":3},{"not_picked":["Compile Driver","Tempest"],"picked":"ReplayTheSpireMod:Calculation Training","floor":6},{"not_picked":["BasicCrystalCard","Steam"],"picked":"Streamline","floor":8},{"not_picked":["Mirror Shield","ReplaySolidLightProjector"],"picked":"Ball Lightning","floor":10},{"not_picked":["ReplayTheSpireMod:System Scan","Hologram"],"picked":"Leap","floor":11},{"not_picked":["Turbo","Ball Lightning"],"picked":"Fission","floor":13},{"not_picked":["Streamline","Chaos"],"picked":"Sweeping Beam","floor":14},{"not_picked":["Mirror Shield","ReplayTheSpireMod:Fabricate Wheel"],"picked":"Amplify","floor":16},{"not_picked":["Rebound","Aggregate"],"picked":"Blizzard","floor":18},{"not_picked":["Deep Breath","ReplayTheSpireMod:Brewmster"],"picked":"Panacea","floor":20},{"not_picked":["infinitespire:FutureSight","infinitespire:FinalStrike"],"picked":"infinitespire:Oblivion","floor":21},{"not_picked":["Steam+1","Turbo+1"],"picked":"Coolheaded+1","floor":24},{"not_picked":["Gash","Hologram+1"],"picked":"BasicCrystalCard+1","floor":27},{"not_picked":["hubris:DoWhile+1","Fission+1"],"picked":"hubris:PowerSurge","floor":29},{"not_picked":["Reprogram+1","Cold Snap"],"picked":"Leap+1","floor":31},{"not_picked":["Fission+1","Hyperbeam"],"picked":"Creative AI","floor":33},{"not_picked":["Double Energy+1","Ball Lightning"],"picked":"Hologram+1","floor":35},{"not_picked":["Steam Power+1","Sweeping Beam","Steam+1"],"picked":"SKIP","floor":37},{"not_picked":["Doom and Gloom+1","Hologram+1"],"picked":"Biased Cognition","floor":38},{"not_picked":["Blizzard+1","Redo+1"],"picked":"Coolheaded+1","floor":41},{"not_picked":["Beam Cell","ReplaySolidLightProjector+1"],"picked":"Static Discharge+1","floor":42},{"not_picked":["Stack+1","Static Discharge","Creative AI"],"picked":"SKIP","floor":44},{"not_picked":["Panic Button+1","ReplayTheSpireMod:GoodbyeWorld"],"picked":"Redo+1","floor":45},{"not_picked":["Stack+1","Coolheaded+1"],"picked":"Loop","floor":46},{"not_picked":["Heatsinks","Streamline+1","Steam+1"],"picked":"SKIP","floor":47},{"not_picked":["ReplaySort+1","ReplayRNGCard+1"],"picked":"BootSequence+1","floor":48}],"player_experience":294027,"relics_obtained":[{"floor":6,"key":"Golden Egg"},{"floor":8,"key":"Sundial"},{"floor":10,"key":"hubris:Reverence"},{"floor":13,"key":"Odd Mushroom"},{"floor":24,"key":"Toxic Egg 2"},{"floor":26,"key":"Toy Ornithopter"},{"floor":29,"key":"WingedGreaves"},{"floor":32,"key":"Cables"},{"floor":41,"key":"Mango"},{"floor":43,"key":"Anchor"},{"floor":45,"key":"Replay:Wax Seal"},{"floor":47,"key":"infinitespire:PuzzleCube"},{"floor":48,"key":"Durian"}],"event_choices":[{"damage_healed":0,"gold_gain":0,"player_choice":"Fought Mushrooms","damage_taken":0,"max_hp_gain":0,"max_hp_loss":0,"event_name":"Mushrooms","floor":13,"gold_loss":0},{"damage_healed":0,"gold_gain":0,"player_choice":"Inject Mutagens","damage_taken":0,"relics_obtained":["MutagenicStrength"],"max_hp_gain":0,"max_hp_loss":0,"event_name":"Drug Dealer","floor":19,"gold_loss":0},{"damage_healed":0,"gold_gain":0,"player_choice":"Ignored","damage_taken":0,"max_hp_gain":0,"max_hp_loss":0,"event_name":"Ghosts","floor":28,"gold_loss":0},{"damage_healed":0,"gold_gain":0,"player_choice":"Fight","damage_taken":0,"max_hp_gain":0,"max_hp_loss":0,"event_name":"MindBloom","floor":41,"gold_loss":0}],"is_beta":false,"boss_relics":[{"not_picked":["Replay:Bronze Core","Black Star"],"picked":"Fusion Hammer"},{"not_picked":["Runic Dome","Painkiller Herb","Runic Pyramid"]}],"items_purged_floors":[],"is_endless":false,"potions_floor_spawned":[1,10,13,14,27,31,33,35,38,46],"ascension_level":1}}