{"host":"dcj2yvrgcvh5dl2s","time":1609058700,"event":{"mods":["BaseMod","Better Note","Block Reminder","Colored Powertips","DeckTracker","Minty Spire (QoL Compilation)","Quick Restart","Rare Cards Sparkle","Relic Stats","StSLib"],"gold_per_floor":[115,126,51,51,70,96,96,109,109,55,65,140,165,184,184,255,255,269,56,73,87,107,107,107],"floor_reached":23,"playtime":2246,"items_purged":["Strike_R"],"score":394,"play_id":"94fb2458-4710-4aba-bf48-6a13851ddf2f","local_time":"20201227184500","is_ascension_mode":true,"campfire_choices":[{"data":"Feed","floor":7,"key":"SMITH"},{"floor":15,"key":"REST"}],"circlet_count":0,"master_deck":["AscendersBane","Strike_R+1","Strike_R","Strike_R","Strike_R","Defend_R","Defend_R+1","Defend_R","Defend_R","Bash","Feed+1","Body Slam","Thunderclap","True Grit","Metallicize","Flex","Heavy Blade","Infernal Blade","Feed","Battle Trance","Flex"],"relics":["Burning Blood","Centennial Puzzle","Vajra","Meat on the Bone","Black Star","Sling"],"acts_visited":["Exordium","TheCity"],"potions_floor_usage":[6,11,16,16,22],"damage_taken":[{"damage":4,"enemies":"2 Louse","floor":1,"turns":3},{"damage":1,"enemies":"Cultist","floor":2,"turns":3},{"damage":0,"enemies":"Small Slimes","floor":5,"turns":3},{"damage":36,"enemies":"Lagavulin","floor":6,"turns":8},{"damage":7,"enemies":"Exordium Wildlife","floor":8,"turns":3},{"damage":14,"enemies":"Lots of Slimes","floor":11,"turns":2},{"damage":20,"enemies":"3 Sentries","floor":13,"turns":8},{"damage":0,"enemies":"2 Fungi Beasts","floor":14,"turns":2},{"damage":6,"enemies":"Slime Boss","floor":16,"turns":10},{"damage":36,"enemies":"Shell Parasite","floor":18,"turns":7},{"damage":37,"enemies":"3 Byrds","floor":20,"turns":8},{"damage":11,"enemies":"Snake Plant","floor":21,"turns":2},{"damage":50,"enemies":"Shelled Parasite and Fungi","floor":22,"turns":7},{"damage":21,"enemies":"Sentry and Sphere","floor":23,"turns":3}],"seed_played":"-1408982355105643135","potions_obtained":[{"floor":2,"key":"BloodPotion"},{"floor":8,"key":"ColorlessPotion"},{"floor":13,"key":"ColorlessPotion"},{"floor":14,"key":"BlessingOfTheForge"},{"floor":21,"key":"BlessingOfTheForge"}],"is_trial":false,"path_per_floor":["M","M","$","?","M","E","R","M","T","$","M","?","E","M","R","B",null,"M","$","M","M","M","M"],"character_chosen":"IRONCLAD","items_purchased":["Flex","Sling","Flex"],"campfire_rested":1,"item_purchase_floors":[10,19,19],"current_hp_per_floor":[73,81,81,57,66,52,52,55,55,55,47,36,26,48,76,76,91,61,61,42,49,20,0,0],"gold":107,"neow_bonus":"ONE_RANDOM_RARE_CARD","is_daily":false,"chose_seed":false,"campfire_upgraded":1,"win_rate":0.0,"timestamp":1609058700,"path_taken":["M","M","$","?","M","E","R","M","T","$","M","?","E","M","R","BOSS","M","$","M","M","M","M"],"items_purchased_type":["Card","Relic","Card"],"build_version":"2020-12-22","purchased_purges":1,"victory":false,"max_hp_per_floor":[78,81,81,81,84,84,84,88,88,88,88,88,92,96,96,96,96,96,96,96,96,99,99,99],"relic_stats":{"Centennial Puzzle":[27],"counters":[14,69],"Black Star":0,"obtain_stats":[{"Centennial Puzzle":6,"Vajra":9,"Black Star":17,"Sling":19,"Burning Blood":0,"Meat on the Bone":13},{"Centennial Puzzle":4,"Vajra":5,"Black Star":9,"Sling":10,"Burning Blood":0,"Meat on the Bone":7},{"Centennial Puzzle":17,"Vajra":20,"Black Star":42,"Sling":49,"Burning Blood":0,"Meat on the Bone":30}],"Burning Blood":78,"Meat on the Bone":48},"card_choices":[{"not_picked":["Anger","Wild Strike"],"picked":"Body Slam","floor":1},{"not_picked":["Dual Wield","Clothesline","Second Wind"],"picked":"SKIP","floor":2},{"not_picked":["Wild Strike","Perfected Strike"],"picked":"Thunderclap","floor":5},{"not_picked":["Headbutt","Burning Pact"],"picked":"True Grit","floor":6},{"not_picked":["Carnage","Reckless Charge"],"picked":"Metallicize","floor":8},{"not_picked":["Flex","Metallicize"],"picked":"Heavy Blade","floor":11},{"not_picked":["Immolate","Rampage"],"picked":"Infernal Blade","floor":13},{"not_picked":["True Grit","Sever Soul","Headbutt"],"picked":"SKIP","floor":14},{"not_picked":["Demon Form","Limit Break"],"picked":"Feed","floor":16},{"not_picked":["Iron Wave","Pommel Strike"],"picked":"Battle Trance","floor":18},{"not_picked":["Wild Strike","Clothesline","Sentinel"],"picked":"SKIP","floor":20},{"not_picked":["Twin Strike","Sword Boomerang+1","Perfected Strike"],"picked":"SKIP","floor":21},{"not_picked":["Clash","Clothesline","Searing Blow"],"picked":"SKIP","floor":22}],"player_experience":2059033,"relics_obtained":[{"floor":6,"key":"Centennial Puzzle"},{"floor":9,"key":"Vajra"},{"floor":13,"key":"Meat on the Bone"}],"event_choices":[{"damage_healed":0,"gold_gain":0,"player_choice":"Entered Light","damage_taken":24,"max_hp_gain":0,"max_hp_loss":0,"event_name":"Shining Light","floor":4,"gold_loss":0,"cards_upgraded":["Defend_R","Strike_R"]},{"damage_healed":0,"gold_gain":75,"player_choice":"Gather Gold","damage_taken":11,"max_hp_gain":0,"max_hp_loss":0,"event_name":"World of Goop","floor":12,"gold_loss":0}],"is_beta":false,"boss_relics":[{"not_picked":["SacredBark","Velvet Choker"],"picked":"Black Star"}],"items_purged_floors":[3],"is_endless":false,"potions_floor_spawned":[2,8,13,14,21],"killed_by":"Sentry and Sphere","ascension_level":16}}