{"host":"u9e3a5f5jx77r6og","time":1609107297,"event":{"mods":["BaseMod","Colored Map","Colored Powertips","Downfall","Minty Spire (QoL Compilation)","Quick Restart","Shop Mod","StSLib","Unceasing Turn Reminder","everything is the same but u backflip on backflip"],"gold_per_floor":[112,126,7,17,31,31,65,65,65,99,109,144,24,35,35,132,132,143,143,143],"floor_reached":19,"playtime":2692,"items_purged":[],"score":236,"play_id":"87acfb37-1528-44ab-80c5-1603124369ba","local_time":"20201227171457","is_ascension_mode":true,"campfire_choices":[{"data":"Dark Embrace","floor":6,"key":"SMITH"},{"data":"expansioncontent:Chronoboost","floor":15,"key":"SMITH"}],"circlet_count":0,"master_deck":["Strike_R","Strike_R","Strike_R","Strike_R","Strike_R","Defend_R","Defend_R","Defend_R","Defend_R","Bash","Shrug It Off","Dark Embrace+1","Havoc","Reckless Charge","Headbutt","Pummel","Evolve+1","Exhume","Intimidate","Disarm","Sword Boomerang","expansioncontent:Chronoboost+1","Inflame","Impervious","Warcry"],"relics":["Burning Blood","Magic Flower","Vajra","Pantograph","Thread and Needle","Ice Cream","SlaversCollar"],"acts_visited":["Exordium","TheCity"],"potions_floor_usage":[7,10,12,16,16,16,16,18,19],"damage_taken":[{"damage":7,"enemies":"Small Slimes","floor":1,"turns":3},{"damage":10,"enemies":"Cultist","floor":2,"turns":4},{"damage":13,"enemies":"Jaw Worm","floor":4,"turns":5},{"damage":2,"enemies":"3 Louse","floor":5,"turns":4},{"damage":27,"enemies":"3 Sentries","floor":7,"turns":7},{"damage":34,"enemies":"Lagavulin","floor":10,"turns":9},{"damage":6,"enemies":"Large Slime","floor":11,"turns":5},{"damage":8,"enemies":"3 Sentries","floor":12,"turns":6},{"damage":0,"enemies":"2 Fungi Beasts","floor":14,"turns":3},{"damage":27,"enemies":"Hexaghost","floor":16,"turns":8},{"damage":5,"enemies":"3 Byrds","floor":18,"turns":6},{"damage":86,"enemies":"Masked Bandits","floor":19,"turns":5}],"seed_played":"-2088094364251295117","potions_obtained":[{"floor":2,"key":"PowerPotion"},{"floor":4,"key":"BloodPotion"},{"floor":11,"key":"AttackPotion"},{"floor":14,"key":"EntropicBrew"}],"is_trial":false,"path_per_floor":["M","M","$","M","M","R","E","?","T","E","M","E","$","M","R","B",null,"M","?"],"character_chosen":"IRONCLAD","items_purchased":["Havoc","Reckless Charge","Sword Boomerang","expansioncontent:Chronoboost"],"campfire_rested":0,"item_purchase_floors":[3,3,13,13],"current_hp_per_floor":[72,71,71,67,72,72,54,54,54,50,53,54,54,63,63,54,68,72,0,0],"gold":143,"neow_bonus":"ONE_RARE_RELIC","is_daily":false,"chose_seed":false,"campfire_upgraded":2,"win_rate":0.0,"timestamp":1609107297,"path_taken":["M","M","$","M","M","R","E","?","T","E","M","E","?","M","R","BOSS","M","?"],"items_purchased_type":["Card","Card","Card","Card"],"build_version":"2020-12-22","purchased_purges":0,"victory":false,"max_hp_per_floor":[72,72,72,72,72,72,72,72,72,72,72,72,72,72,72,72,72,72,72,72],"card_choices":[{"not_picked":["Headbutt","Warcry"],"picked":"Shrug It Off","floor":1},{"not_picked":["Sword Boomerang","Perfected Strike"],"picked":"Dark Embrace","floor":2},{"not_picked":["Thunderclap","Whirlwind"],"picked":"Headbutt","floor":4},{"not_picked":["Iron Wave","Twin Strike"],"picked":"Pummel","floor":5},{"not_picked":["Anger","Carnage"],"picked":"Evolve","floor":7},{"not_picked":["Seeing Red","Rupture"],"picked":"Exhume","floor":10},{"not_picked":["Perfected Strike","Entrench"],"picked":"Intimidate","floor":11},{"not_picked":["Cleave","Rupture"],"picked":"Disarm","floor":12},{"not_picked":["Reckless Charge","Clothesline"],"picked":"Inflame","floor":14},{"not_picked":["Barricade","Juggernaut"],"picked":"Impervious","floor":16},{"not_picked":["Blood for Blood","Cleave"],"picked":"Warcry","floor":18}],"player_experience":247303,"relics_obtained":[{"floor":7,"key":"Vajra"},{"floor":9,"key":"Pantograph"},{"floor":10,"key":"Thread and Needle"},{"floor":12,"key":"Ice Cream"}],"event_choices":[{"damage_healed":0,"gold_gain":0,"player_choice":"Upgraded","damage_taken":0,"max_hp_gain":0,"max_hp_loss":0,"event_name":"Upgrade Shrine","floor":8,"gold_loss":0,"cards_upgraded":["Evolve"]},{"damage_healed":0,"gold_gain":0,"player_choice":"Fought Bandits","damage_taken":0,"max_hp_gain":0,"max_hp_loss":0,"event_name":"Masked Bandits","floor":19,"gold_loss":0}],"is_beta":false,"boss_relics":[{"not_picked":["Runic Cube","Runic Dome"],"picked":"SlaversCollar"}],"items_purged_floors":[],"is_endless":false,"potions_floor_spawned":[2,4,11,14],"killed_by":"Masked Bandits","ascension_level":5}}