{"host":"cgv4xfjbrthxr81g","time":1609112200,"event":{"mods":["2.2 Compatiblity","Act Like it!","BaseMod","Bestiary","Better Altar","Better Match","Better Note","Better Sensory Stone","Better Skull","Better Third Choice","BetterRewards","Block Reminder","Card Forge","Clawfect","Colored Map","Colored Powertips","Curses Come First","DeckTracker","Defuse TimeMaze Blight","Downfall","Energized Spire","Friendly Minions","Hallownest","Highlight Path","Hubris","Infinite Spire","Mimic Mod","Minty Spire (QoL Compilation)","Permanent Neow","Quick Restart","Rare Cards Sparkle","Relic Sorter","Relic Stats","Replay The Spire","Robot Space Explorer","Shop Mod","Spicy Shops","StSLib","SuperFastMode","The Bug Knight","The Caster","The Construct","The Jungle","TheVacant","Uncapped","Wandering Minibosses"],"gold_per_floor":[119,119,119,119,119,149,149,180,204,204,204,232,232,81,81,81,81],"floor_reached":16,"playtime":878,"items_purged":[],"score":118,"play_id":"5f0b125a-3e8c-4de4-b5c3-c67ddaab3673","local_time":"20201227183640","daily_mods":["Vintage","Flight","DeadlyEvents","Elite Swarm"],"is_ascension_mode":true,"campfire_choices":[{"floor":7,"key":"REST"},{"floor":10,"key":"REST"},{"floor":11,"key":"REST"},{"floor":13,"key":"REST"},{"floor":15,"key":"REST"}],"circlet_count":0,"master_deck":["theVacant:VacantStarterStrike","theVacant:VacantStarterStrike","theVacant:VacantStarterStrike","theVacant:VacantStarterStrike","theVacant:VacantStarterDefend","theVacant:VacantStarterDefend","theVacant:VacantStarterDefend","theVacant:VacantStarterDefend","theVacant:Release","theVacant:Crunch","theVacant:TheAnvil","theVacant:TheAnvil","theVacant:Showdown","theVacant:Dig"],"relics":["Unceasing Top","Ancient Tea Set","Bronze Scales","infinitespire:Cubic Diamond","Ornamental Fan","hubris:Towel","Vajra","Smiling Mask","Lantern","Happy Flower","MerchantsRug"],"acts_visited":["Exordium"],"potions_floor_usage":[],"damage_taken":[{"damage":4,"enemies":"Cultist","floor":1,"turns":4},{"damage":44,"enemies":"HollowMod:MossKnight","floor":6,"turns":22},{"damage":26,"enemies":"3 Sentries","floor":8,"turns":8},{"damage":51,"enemies":"Lagavulin","floor":12,"turns":7},{"damage":91,"enemies":"Fading Forest","floor":16,"turns":10}],"seed_played":"-5873715507175624060","potions_obtained":[{"floor":1,"key":"Doom Potion"},{"floor":12,"key":"Adrenaline Potion"}],"is_trial":true,"path_per_floor":["M","?","?","T","?","E","R","E","T","R","R","E","R","$","R","B"],"character_chosen":"THE_VACANT","items_purchased":["theVacant:Dig","MerchantsRug"],"campfire_rested":5,"item_purchase_floors":[14,14],"current_hp_per_floor":[76,58,58,58,58,14,38,12,12,36,60,9,33,33,57,0,0],"gold":81,"neow_bonus":"","is_daily":false,"chose_seed":false,"campfire_upgraded":0,"win_rate":0.0,"timestamp":1609112200,"path_taken":["M","?","?","?","?","E","R","?","T","R","R","E","R","$","R","BOSS"],"items_purchased_type":["Card","Relic"],"build_version":"2020-12-22","purchased_purges":0,"victory":false,"max_hp_per_floor":[80,80,80,80,80,80,80,80,80,80,80,80,80,80,80,80,80],"relic_stats":{"Happy Flower":[3],"counters":[5,51],"Ornamental Fan":[72],"Bronze Scales":[74],"Smiling Mask":0,"obtain_stats":[{"MerchantsRug":14,"Lantern":9,"Happy Flower":12,"Ornamental Fan":4,"Bronze Scales":2,"Vajra":6,"infinitespire:Cubic Diamond":3,"hubris:Towel":5,"Ancient Tea Set":1,"Smiling Mask":8,"Unceasing Top":0},{"MerchantsRug":4,"Lantern":3,"Happy Flower":4,"Ornamental Fan":1,"Bronze Scales":1,"Vajra":2,"infinitespire:Cubic Diamond":1,"hubris:Towel":1,"Ancient Tea Set":1,"Smiling Mask":3,"Unceasing Top":0},{"MerchantsRug":41,"Lantern":34,"Happy Flower":41,"Ornamental Fan":4,"Bronze Scales":4,"Vajra":26,"infinitespire:Cubic Diamond":4,"hubris:Towel":4,"Ancient Tea Set":4,"Smiling Mask":34,"Unceasing Top":0}],"Unceasing Top":[2]},"card_choices":[{"not_picked":["theVacant:FromNothing","theVacant:Exorcise"],"picked":"theVacant:TheAnvil","floor":6},{"not_picked":["theVacant:ForgeSoul","theVacant:Prevent"],"picked":"theVacant:TheAnvil","floor":8},{"not_picked":["theVacant:Prevent","theVacant:Exorcise"],"picked":"theVacant:Showdown","floor":12}],"player_experience":82960,"relics_obtained":[{"floor":1,"key":"Ancient Tea Set"},{"floor":4,"key":"Ornamental Fan"},{"floor":6,"key":"Vajra"},{"floor":8,"key":"Smiling Mask"},{"floor":9,"key":"Lantern"},{"floor":12,"key":"Happy Flower"}],"event_choices":[{"damage_healed":0,"gold_gain":0,"player_choice":"Relic ","damage_taken":18,"max_hp_gain":0,"max_hp_loss":0,"event_name":"betterThird:BetterScrap","floor":2,"gold_loss":0,"cards_obtained":["ReplaySort"]}],"is_beta":false,"boss_relics":[],"items_purged_floors":[],"is_endless":false,"potions_floor_spawned":[1,12],"killed_by":"Fading Forest","ascension_level":1}}