{"host":"dh4nu8nelr2izibb","time":1609092820,"event":{"mods":["Act Like it!","BaseMod","Better Third Choice","Card Forge","Displayed Cursed Tome","HololiveMod","Marisa????????","Minty Spire (QoL Compilation)","Puzzle Mod","Quick Restart","Relic Filter","StSLib","The Marked","The Poker Player","The Servant 0.9.4","WarShipGirlsR/????R mod","Yakumo Yukari mod"],"gold_per_floor":[113,130,48,65,85,120,120,149,176,210,86,113,83,97,97,194,194,209,227,237,147,166,166,194,210,235,167,167,195,46,58,58,163,163,182,197,216,216,216,216,247,247,271,289,322,341,53,70,70,70],"floor_reached":51,"playtime":2129,"items_purged":["Strike_MRS","Strike_MRS"],"score":1358,"play_id":"7d88a4d9-da85-4b36-9640-1654dcc9ddef","local_time":"20201227131340","is_ascension_mode":true,"campfire_choices":[{"data":"MasterSpark","floor":7.0,"key":"SMITH"},{"data":"MillisecondPulsars","floor":15.0,"key":"SMITH"},{"data":"ShootTheMoon","floor":23.0,"key":"SMITH"},{"data":"OortCloud","floor":28.0,"key":"SMITH"},{"floor":32.0,"key":"REST"},{"data":"EnergyFlow","floor":40.0,"key":"SMITH"},{"data":"GalacticHalo","floor":42.0,"key":"SMITH"},{"data":"GrandCross","floor":49,"key":"SMITH"}],"circlet_count":0,"master_deck":["Strike_MRS","Defend_MRS","Defend_MRS","Defend_MRS","Defend_MRS","MasterSpark+1","UpSweep","AsteroidBelt","OortCloud+1","Acceleration+1","GrandCross+1","PowerUp+1","DoubleSpark","Parasite","Parasite","MaximisePower+1","DoubleSpark","SporeBomb+1","NonDirectionalLaser","ShootTheMoon+1","PulseMagic","MillisecondPulsars+1","SporeBomb+1","GrandCross+1","GalacticHalo+1","ShootingEcho","6A","OortCloud+1","SprinkleStarSeal","EnergyFlow+1","Acceleration","GrandCross+1","OortCloud+1"],"relics":["MiniHakkero","Hammer of Thor","Seething Fire","Anvil of the Gods","Ginger","Kunai","ShroomBag","Bag of Marbles","Lantern","Hololive_LightStick","Philosopher\u0027s Stone","FossilizedHelix","Centennial Puzzle","Matryoshka","Black Star","Nunchaku","Lizard Tail","AmplifyWand","Art of War","Blood Vial","Bottled Tornado","War Paint","Strawberry"],"acts_visited":["Exordium","TheCity","TheBeyond"],"potions_floor_usage":[50,50],"damage_taken":[{"damage":0.0,"enemies":"Small Slimes","floor":1.0,"turns":3.0},{"damage":7.0,"enemies":"Jaw Worm","floor":2.0,"turns":3.0},{"damage":2.0,"enemies":"Cultist","floor":4.0,"turns":4.0},{"damage":1.0,"enemies":"Looter","floor":5.0,"turns":3.0},{"damage":8.0,"enemies":"Lagavulin","floor":6.0,"turns":7.0},{"damage":3.0,"enemies":"The Mushroom Lair","floor":8.0,"turns":4.0},{"damage":13.0,"enemies":"Gremlin Nob","floor":10.0,"turns":4.0},{"damage":14.0,"enemies":"Lagavulin","floor":12.0,"turns":3.0},{"damage":0.0,"enemies":"Lots of Slimes","floor":14.0,"turns":1.0},{"damage":0.0,"enemies":"The Guardian","floor":16.0,"turns":9.0},{"damage":0.0,"enemies":"Spheric Guardian","floor":18.0,"turns":2.0},{"damage":0.0,"enemies":"Chosen","floor":19.0,"turns":3.0},{"damage":0.0,"enemies":"Centurion and Healer","floor":20.0,"turns":3.0},{"damage":6.0,"enemies":"Shelled Parasite and Fungi","floor":22.0,"turns":5.0},{"damage":13.0,"enemies":"Slavers","floor":24.0,"turns":3.0},{"damage":0.0,"enemies":"Snecko","floor":25.0,"turns":3.0},{"damage":26.0,"enemies":"Gremlin Leader","floor":29.0,"turns":4.0},{"damage":0.0,"enemies":"Sentry and Sphere","floor":31.0,"turns":3.0},{"damage":0.0,"enemies":"Automaton","floor":33.0,"turns":7.0},{"damage":0.0,"enemies":"Orb Walker","floor":35.0,"turns":4.0},{"damage":17.0,"enemies":"3 Darklings","floor":36.0,"turns":4.0},{"damage":0.0,"enemies":"Spire Growth","floor":37.0,"turns":3.0},{"damage":9.0,"enemies":"Nemesis","floor":41.0,"turns":5.0},{"damage":0.0,"enemies":"Maw","floor":44.0,"turns":5.0},{"damage":0.0,"enemies":"Giant Head","floor":45.0,"turns":7.0},{"damage":0.0,"enemies":"Sphere and 2 Shapes","floor":46.0,"turns":4.0},{"damage":0,"enemies":"Spire Growth","floor":48,"turns":3},{"damage":0,"enemies":"Donu and Deca","floor":50,"turns":8}],"seed_played":"9024180892345356459","potions_obtained":[{"floor":2.0,"key":"SkillPotion"},{"floor":6.0,"key":"EssenceOfSteel"},{"floor":12.0,"key":"Weak Potion"},{"floor":14.0,"key":"Block Potion"},{"floor":19.0,"key":"BlessingOfTheForge"},{"floor":22.0,"key":"Strength Potion"},{"floor":25.0,"key":"PowerPotion"},{"floor":29.0,"key":"EntropicBrew"},{"floor":35.0,"key":"LiquidMemories"},{"floor":36.0,"key":"PowerPotion"},{"floor":45.0,"key":"PowerPotion"},{"floor":46.0,"key":"Block Potion"}],"is_trial":false,"path_per_floor":["M","M","$","M","M","E","R","?","T","E","$","E","?","M","R","B",null,"M","M","M","?","M","R","E","M","T","$","R","E","$","M","R","B",null,"M","M","M","?","?","R","E","R","T","M","E","M","$","M","R","B",null],"character_chosen":"MARISA","items_purchased":["OortCloud","Acceleration","SporeBomb","EnergyFlow","GrandCross","War Paint","Strawberry"],"campfire_rested":1,"item_purchase_floors":[3,3,11,27,30,47,47],"current_hp_per_floor":[68,61,61,59,58,50,50,47,47,36,36,26,26,28,28,32,62,64,64,66,66,62,62,49,51,51,51,51,29,29,33,54,58,69,71,57,57,57,57,57,52,52,52,52,56,60,67,71,71,77],"gold":70,"neow_bonus":"ONE_RARE_RELIC","is_daily":false,"chose_seed":false,"campfire_upgraded":7,"win_rate":0.0,"timestamp":1609092820,"path_taken":["M","M","$","M","M","E","R","?","T","E","$","E","?","M","R","BOSS","M","M","?","?","M","R","E","M","T","?","R","E","$","M","R","BOSS","M","M","M","?","?","R","E","R","T","M","E","M","$","M","R","BOSS"],"items_purchased_type":["Card","Card","Card","Card","Card","Relic","Relic"],"build_version":"2020-12-22","purchased_purges":2,"victory":true,"max_hp_per_floor":[72,72,72,72,72,72,72,72,72,72,72,72,72,72,72,72,72,72,72,72,72,72,72,72,72,72,72,72,72,72,72,72,72,72,72,72,72,72,72,72,72,72,72,72,72,72,79,79,79,79],"card_choices":[{"not_picked":["IllusionStar","DC","PropBag"],"picked":"SKIP","floor":1.0},{"not_picked":["GasGiant","IllusionStar"],"picked":"AsteroidBelt","floor":2.0},{"not_picked":["GravityBeat","IllusionStar"],"picked":"GrandCross","floor":4.0},{"not_picked":["PulseMagic","Acceleration"],"picked":"PowerUp","floor":5.0},{"not_picked":["NonDirectionalLaser","Orbital"],"picked":"DoubleSpark","floor":6.0},{"not_picked":["AsteroidBelt","6A"],"picked":"MaximisePower","floor":8.0},{"not_picked":["WitchOfGreed","BlazeAway"],"picked":"DoubleSpark","floor":10.0},{"not_picked":["ShootingEcho","DarkSpark"],"picked":"NonDirectionalLaser","floor":12.0},{"not_picked":[],"picked":"ShootTheMoon","floor":13.0},{"not_picked":[],"picked":"PulseMagic","floor":13.0},{"not_picked":[],"picked":"MillisecondPulsars","floor":13.0},{"not_picked":["MilkyWay","OpenUniverse"],"picked":"SporeBomb","floor":14.0},{"not_picked":["AlicesGift+1","Robbery+1"],"picked":"GrandCross","floor":18.0},{"not_picked":["GravityBeat+1","DoubleSpark"],"picked":"GalacticHalo","floor":19.0},{"not_picked":["MysteriousBeam","IllusionStar"],"picked":"ShootingEcho","floor":20.0},{"not_picked":["MilkyWay","WitchLeyline+1"],"picked":"6A","floor":22.0},{"not_picked":["BinaryStars","PropBag"],"picked":"OortCloud","floor":24.0},{"not_picked":["PowerUp","OneTimeOff+1"],"picked":"SprinkleStarSeal","floor":25.0},{"not_picked":["MachineGunSpark","MeteoricShower"],"picked":"Acceleration","floor":29.0},{"not_picked":["GravityBeat","MagicChant+1","ShootTheMoon"],"picked":"SKIP","floor":31.0},{"not_picked":["NonDirectionalLaser","GrandCross","IllusionStar+1"],"picked":"SKIP","floor":35.0},{"not_picked":["GrandCross","SporeBomb","IllusionStar"],"picked":"SKIP","floor":36.0},{"not_picked":["OrrerysSun","StarlightTyphoon+1","GrandCross+1"],"picked":"SKIP","floor":37.0},{"not_picked":["DoubleSpark+1","FairyDestructionRay","EarthLightRay"],"picked":"SKIP","floor":41.0},{"not_picked":["WitchOfGreed+1","RefractionSpark"],"picked":"OortCloud+1","floor":44.0},{"not_picked":["PowerUp","SuperPerseids+1","MaximisePower"],"picked":"SKIP","floor":45.0},{"not_picked":["WitchOfGreed+1","SporeBomb+1","UnstableBomb+1"],"picked":"SKIP","floor":46.0},{"not_picked":["ShootingEcho+1","WitchLeyline+1","SporeBomb"],"picked":"SKIP","floor":48}],"player_experience":1121550,"relics_obtained":[{"floor":6.0,"key":"Kunai"},{"floor":8.0,"key":"ShroomBag"},{"floor":9.0,"key":"Bag of Marbles"},{"floor":10.0,"key":"Lantern"},{"floor":12.0,"key":"Hololive_LightStick"},{"floor":24.0,"key":"FossilizedHelix"},{"floor":26.0,"key":"Centennial Puzzle"},{"floor":29.0,"key":"Matryoshka"},{"floor":41.0,"key":"Nunchaku"},{"floor":41.0,"key":"Lizard Tail"},{"floor":43.0,"key":"AmplifyWand"},{"floor":43.0,"key":"Art of War"},{"floor":45.0,"key":"Blood Vial"},{"floor":45.0,"key":"Bottled Tornado"}],"event_choices":[{"damage_healed":0.0,"max_hp_gain":0.0,"max_hp_loss":0.0,"gold_gain":0.0,"event_name":"Mushrooms_MRS","player_choice":"Fought Mushrooms","floor":8.0,"gold_loss":0.0,"damage_taken":0.0},{"cards_removed":["Strike_MRS"],"damage_healed":0.0,"max_hp_gain":0.0,"max_hp_loss":0.0,"gold_gain":0.0,"event_name":"Designer","player_choice":"Upgrade and Remove","floor":21.0,"gold_loss":90.0,"damage_taken":0.0,"cards_upgraded":["GrandCross"]},{"damage_healed":0.0,"max_hp_gain":0.0,"max_hp_loss":0.0,"gold_gain":0.0,"event_name":"Tomb of Lord Red Mask","player_choice":"Ignored","floor":38.0,"gold_loss":0.0,"damage_taken":0.0},{"damage_healed":0.0,"max_hp_gain":0.0,"max_hp_loss":0.0,"gold_gain":0.0,"event_name":"Accursed Blacksmith","player_choice":"Forge","floor":39.0,"gold_loss":0.0,"damage_taken":0.0,"cards_upgraded":["GrandCross"]}],"is_beta":false,"boss_relics":[{"not_picked":["SlaversCollar","Calling Bell"],"picked":"Philosopher\u0027s Stone"},{"not_picked":["Pandora\u0027s Box","Runic Dome"],"picked":"Black Star"}],"items_purged_floors":[11,30],"is_endless":false,"potions_floor_spawned":[2,6,12,14,19,22,25,29,35,36,45,46],"ascension_level":7}}