{"host":"l8lkgdumzpe3823a","time":1609112531,"event":{"mods":["Always Whale","Aspiration","BaseMod","Better Note","Clockwork Mod","Colored Powertips","Curses Come First","Custom Start","DeckTracker","Defuse TimeMaze Blight","Highlight Path","Hubris","Infinite Spire","Minty Spire (QoL Compilation)","Quick Restart","Replay The Spire","Shop Mod","StSLib","SuperFastMode","The Construct","The Dragon Tamer","vexMod"],"gold_per_floor":[118,61,61,61,61,61,78,11,83,83,103,32,32,43,43,140,140,159,159,205,52,52,84,9,23,23,36,52,52,52,63,63,164,214,214,214],"floor_reached":35,"playtime":836,"items_purged":["Strike_R"],"score":648,"play_id":"5fe2df99-7a21-4062-8d21-854d88dd50fa","local_time":"20201227174211","is_ascension_mode":true,"campfire_choices":[{"data":"Bash","floor":6,"key":"SMITH"},{"data":"Limit Break","floor":13,"key":"SMITH"},{"data":"Flex","floor":15,"key":"SMITH"},{"data":"Infernal Blade","floor":30,"key":"SMITH"},{"data":"Thunderclap","floor":32,"key":"SMITH"}],"circlet_count":0,"master_deck":["Strike_R","Strike_R+1","Strike_R+1","Defend_R","Defend_R","Defend_R+1","Bash+1","Metallicize+1","Evolve","Spot Weakness+1","Flex+1","Limit Break+1","CurseOfTheBell","Infernal Blade+1","Thunderclap+1","Demon Form","Inflame"],"relics":["Burning Blood","infinitespire:Lucky Rock","Replay:Bottled Eggs","Calling Bell","Lizard Tail","infinitespire:Bottled Soul","Pen Nib","hubris:BottledHeart","Strawberry","Sling","ReplayTheSpireMod:Spearhead","HornCleat","Tiny House"],"acts_visited":["Exordium","TheCity","TheBeyond"],"potions_floor_usage":[16,18,18,28],"damage_taken":[{"damage":6,"enemies":"Cultist","floor":1,"turns":4},{"damage":8,"enemies":"Small Slimes","floor":7,"turns":4},{"damage":0,"enemies":"2 Louse","floor":11,"turns":3},{"damage":17,"enemies":"Exordium Wildlife","floor":14,"turns":4},{"damage":27,"enemies":"Hexaghost","floor":16,"turns":7},{"damage":33,"enemies":"3 Byrds","floor":18,"turns":5},{"damage":0,"enemies":"Nightmare","floor":23,"turns":6},{"damage":0,"enemies":"2 Thieves","floor":25,"turns":5},{"damage":0,"enemies":"Centurion and Healer","floor":27,"turns":6},{"damage":10,"enemies":"Chosen and Byrds","floor":28,"turns":8},{"damage":0,"enemies":"Shelled Parasite and Fungi","floor":31,"turns":4},{"damage":0,"enemies":"hubris:MusketHawk","floor":33,"turns":6}],"seed_played":"-1002276955654152284","potions_obtained":[{"floor":1,"key":"Death Potion"},{"floor":7,"key":"Venom Potion"},{"floor":16,"key":"Languid Potion"},{"floor":23,"key":"SkillPotion"},{"floor":28,"key":"BlessingOfTheForge"},{"floor":33,"key":"BlessingOfTheForge"},{"floor":34,"key":"Regen Potion"}],"is_trial":false,"path_per_floor":["M","$","?","?","?","R","M","$","T","?","M","$","R","M","R","B",null,"M","?","T","$","?","NM","$","M","T","M","M","$","R","M","R","B",null,"M"],"character_chosen":"IRONCLAD","items_purchased":["Metallicize+1","Spot Weakness","Limit Break","Sling"],"campfire_rested":0,"item_purchase_floors":[2,8,12,21],"current_hp_per_floor":[72,72,72,72,72,72,70,70,70,54,60,60,60,49,49,28,67,40,1,1,1,1,1,1,1,1,1,1,1,1,1,1,1,1,0,0],"gold":214,"neow_bonus":"RANDOM_COMMON_RELIC","is_daily":false,"chose_seed":false,"campfire_upgraded":5,"win_rate":0.0,"timestamp":1609112531,"path_taken":["M","$","?","?","?","R","M","$","T","?","?","?","R","M","R","BOSS","M","?","?","$","?","NM","$","M","T","M","?","?","R","M","R","BOSS","M"],"items_purchased_type":["Card","Card","Card","Relic"],"build_version":"2020-12-22","purchased_purges":1,"victory":false,"max_hp_per_floor":[80,80,80,80,80,80,80,80,80,80,80,80,80,80,80,80,80,80,1,1,1,1,1,1,1,1,1,1,1,1,1,1,1,1,1,1],"card_choices":[{"not_picked":["Ghostly Armor","Second Wind","Twin Strike"],"picked":"SKIP","floor":1},{"not_picked":["Heavy Blade","Havoc"],"picked":"Evolve","floor":7},{"not_picked":["Evolve","Sword Boomerang"],"picked":"Flex","floor":11},{"not_picked":["Thunderclap","Double Tap","Body Slam"],"picked":"SKIP","floor":14},{"not_picked":["Armaments+1","Replay:Undeath\u0027s Touch"],"picked":"Infernal Blade","floor":18},{"not_picked":["Perfected Strike+1","Seeing Red","ReplayTheSpireMod:Corrosion Curse"],"picked":"SKIP","floor":23},{"not_picked":["Armaments","Clothesline","Body Slam"],"picked":"SKIP","floor":25},{"not_picked":["Rupture","Run Through","Intimidate"],"picked":"SKIP","floor":27},{"not_picked":["Pommel Strike+1","Shrug It Off+1","Entrench"],"picked":"SKIP","floor":28},{"not_picked":["Run Through","ReplayTheSpireMod:Stacked+1","Replay:Undeath\u0027s Touch"],"picked":"SKIP","floor":31},{"not_picked":["Eclipse","Juggernaut"],"picked":"Demon Form","floor":33},{"not_picked":["Cleave","Battle Trance"],"picked":"Inflame","floor":34}],"player_experience":645324,"relics_obtained":[{"floor":9,"key":"Replay:Bottled Eggs"},{"floor":17,"key":"Lizard Tail"},{"floor":17,"key":"infinitespire:Bottled Soul"},{"floor":17,"key":"Pen Nib"},{"floor":20,"key":"Strawberry"},{"floor":23,"key":"ReplayTheSpireMod:Spearhead"},{"floor":26,"key":"HornCleat"}],"event_choices":[{"cards_removed":["Defend_R"],"damage_healed":0,"gold_gain":0,"player_choice":"Forget","damage_taken":0,"max_hp_gain":0,"max_hp_loss":0,"event_name":"Living Wall","floor":5,"gold_loss":0},{"damage_healed":0,"gold_gain":0,"player_choice":"Entered Light","damage_taken":16,"max_hp_gain":0,"max_hp_loss":0,"event_name":"Shining Light","floor":10,"gold_loss":0,"cards_upgraded":["Strike_R","Defend_R"]},{"damage_healed":0,"gold_gain":0,"cards_transformed":["Strike_R"],"player_choice":"Transformed","damage_taken":0,"max_hp_gain":0,"max_hp_loss":0,"event_name":"Transmorgrifier","floor":22,"gold_loss":0,"cards_obtained":["Thunderclap"]}],"is_beta":false,"boss_relics":[{"not_picked":["Ring of Chaos","Snecko Heart"],"picked":"Calling Bell"},{"not_picked":["hubris:GrandSneckoEye","Runic Cube"],"picked":"Tiny House"}],"items_purged_floors":[24],"is_endless":true,"potions_floor_spawned":[1,7,16,23,28,33],"killed_by":"3 Shapes","ascension_level":8}}