{"host":"9v3x998ddbx8o276","time":1609036398,"event":{"mods":["AchievementEnabler","BaseMod","Colored Map","Highlight Path","Minty Spire (QoL Compilation)","Quick Restart","Rare Cards Sparkle"],"gold_per_floor":[16,34,34,34,34,34,69,81,108,121,121,2,2,16,16,89,89,107,157,168,181,191,191,191,191],"floor_reached":24,"playtime":721,"items_purged":["Strike_R"],"score":396,"play_id":"e90f5a32-4f5f-40f1-8556-0014fe1861b5","local_time":"20201227130318","is_ascension_mode":true,"campfire_choices":[{"data":"Thunderclap","floor":6.0,"key":"SMITH"},{"floor":11.0,"key":"REST"},{"data":"Spot Weakness","floor":13.0,"key":"SMITH"},{"data":"Demon Form","floor":15.0,"key":"SMITH"},{"data":"Flame Barrier","floor":23.0,"key":"SMITH"}],"circlet_count":0,"master_deck":["AscendersBane","Strike_R","Strike_R","Strike_R+1","Strike_R","Defend_R","Defend_R+1","Defend_R","Defend_R","Bash+1","Demon Form+1","Thunderclap+1","Pommel Strike","Spot Weakness+1","Juggernaut","Heavy Blade","Power Through","Havoc","Reaper","Clothesline","Seeing Red","Flame Barrier+1","Flame Barrier"],"relics":["Burning Blood","MealTicket","Bag of Preparation","Coffee Dripper"],"acts_visited":["Exordium","TheCity"],"potions_floor_usage":[],"damage_taken":[{"damage":1.0,"enemies":"Cultist","floor":1.0,"turns":3.0},{"damage":16.0,"enemies":"2 Louse","floor":2.0,"turns":3.0},{"damage":12.0,"enemies":"Lagavulin","floor":7.0,"turns":5.0},{"damage":4.0,"enemies":"Jaw Worm","floor":8.0,"turns":3.0},{"damage":24.0,"enemies":"Large Slime","floor":10.0,"turns":5.0},{"damage":6.0,"enemies":"Red Slaver","floor":14.0,"turns":4.0},{"damage":37.0,"enemies":"Slime Boss","floor":16.0,"turns":8.0},{"damage":57.0,"enemies":"3 Byrds","floor":18.0,"turns":5.0},{"damage":10.0,"enemies":"2 Thieves","floor":20.0,"turns":3.0},{"damage":8.0,"enemies":"Centurion and Healer","floor":21.0,"turns":4.0},{"damage":6.0,"enemies":"3 Cultists","floor":22.0,"turns":4.0},{"damage":51,"enemies":"Gremlin Leader","floor":24,"turns":7}],"seed_played":"-806196867909574650","potions_obtained":[{"floor":7.0,"key":"EntropicBrew"},{"floor":8.0,"key":"SteroidPotion"},{"floor":14.0,"key":"LiquidMemories"},{"floor":18.0,"key":"AttackPotion"}],"is_trial":false,"path_per_floor":["M","M","?","?","$","R","E","M","T","M","R","$","R","M","R","B",null,"M","?","M","M","M","R","E"],"character_chosen":"IRONCLAD","items_purchased":["Power Through"],"campfire_rested":1,"item_purchase_floors":[12],"current_hp_per_floor":[73,63,63,40,40,40,34,36,36,18,40,55,55,55,55,24,62,13,13,38,45,62,62,11,11],"gold":191,"neow_bonus":"THREE_RARE_CARDS","is_daily":false,"chose_seed":false,"campfire_upgraded":4,"win_rate":0.0,"timestamp":1609036398,"path_taken":["M","?","?","?","?","R","E","M","T","M","R","$","R","M","R","BOSS","M","?","?","M","M","R","E"],"items_purchased_type":["Card"],"build_version":"2020-12-22","purchased_purges":1,"victory":false,"max_hp_per_floor":[75,75,75,75,75,75,75,75,75,75,75,75,75,75,75,75,75,75,75,75,75,75,75,75,75],"card_choices":[{"not_picked":["Impervious","Brutality"],"picked":"Demon Form","floor":0.0},{"not_picked":["True Grit","Dropkick"],"picked":"Thunderclap","floor":1.0},{"not_picked":["Wild Strike","Clash"],"picked":"Pommel Strike","floor":2.0},{"not_picked":["Clash","Entrench"],"picked":"Spot Weakness","floor":7.0},{"not_picked":["Flex","Pommel Strike"],"picked":"Juggernaut","floor":8.0},{"not_picked":["Warcry","Headbutt"],"picked":"Heavy Blade","floor":10.0},{"not_picked":["Rupture","Anger"],"picked":"Havoc","floor":14.0},{"not_picked":["Barricade","Bludgeon"],"picked":"Reaper","floor":16.0},{"not_picked":["Dark Embrace","Iron Wave"],"picked":"Clothesline","floor":18.0},{"not_picked":["Clash","Wild Strike"],"picked":"Seeing Red","floor":20.0},{"not_picked":["Warcry","Perfected Strike"],"picked":"Flame Barrier","floor":21.0},{"not_picked":["Shrug It Off","Infernal Blade+1"],"picked":"Flame Barrier","floor":22.0}],"player_experience":2072855,"relics_obtained":[{"floor":7.0,"key":"MealTicket"},{"floor":9.0,"key":"Bag of Preparation"}],"event_choices":[{"damage_healed":0.0,"max_hp_gain":0.0,"max_hp_loss":0.0,"gold_gain":0.0,"event_name":"Living Wall","player_choice":"Grow","floor":3.0,"gold_loss":0.0,"damage_taken":0.0,"cards_upgraded":["Bash"]},{"damage_healed":0.0,"max_hp_gain":0.0,"max_hp_loss":0.0,"gold_gain":0.0,"event_name":"Shining Light","player_choice":"Entered Light","floor":4.0,"gold_loss":0.0,"damage_taken":23.0,"cards_upgraded":["Defend_R","Strike_R"]},{"damage_healed":0.0,"max_hp_gain":0.0,"max_hp_loss":0.0,"gold_gain":50.0,"event_name":"Golden Shrine","player_choice":"Pray","floor":19.0,"gold_loss":0.0,"damage_taken":0.0}],"is_beta":false,"boss_relics":[{"not_picked":["Black Star","Sozu"],"picked":"Coffee Dripper"}],"items_purged_floors":[12],"is_endless":false,"potions_floor_spawned":[7,8,14,18,21],"killed_by":"Gremlin Leader","ascension_level":20}}