{"host":"v4tuy5ykrbdcm9o9","time":1609042736,"event":{"mods":["BaseMod","Duelist Mod","Minty Spire (QoL Compilation)","Replay The Spire","StSLib"],"gold_per_floor":[117,136,211,225,245,273,273,283,306,306,48,78,78,91,91,196,196,216,216,231,231,248,277,297,297,297,312,338,352,363,391,391,486,486,497,517,532,548,39,39,50,76,76,91,425,445,445,478,478,478],"floor_reached":51,"playtime":11412,"items_purged":[],"score":947,"play_id":"33460c83-6423-4fb5-aa56-2e54cd23ac96","local_time":"20201226231856","is_ascension_mode":true,"campfire_choices":[{"floor":7,"key":"REST"},{"floor":15,"key":"REST"},{"floor":25,"key":"REST"},{"data":"Buffer","floor":32,"key":"SMITH"},{"data":"Electrodynamics","floor":40,"key":"SMITH"},{"floor":49,"key":"REST"}],"circlet_count":0,"master_deck":["Strike_B","Strike_B","Strike_B","Strike_B","Defend_B","Defend_B","Defend_B","Defend_B","Zap","Dualcast","Dramatic Entrance","Compile Driver","Genetic Algorithm","Gash","BootSequence","Self Repair","Sweeping Beam","Go for the Eyes","Tempest","Amplify","BasicCrystalCard+1","Ball Lightning","Conserve Battery","Buffer+1","Beam Cell+1","Melter+1","Panic Button","Ball Lightning+1","Ball Lightning","Electrodynamics+1","Gash+1","All For One","Scrape","ReplaySort","Compile Driver+1","Sunder","Aggregate","Chill","All For One"],"relics":["Cracked Core","Ancient Tea Set","Replay:Rubber Ducky","Replay:Baseball","Bag of Preparation","SlaversCollar","Orichalcum","Mercury Hourglass","Centennial Puzzle","Regal Pillow","Busted Crown","Carrot","Runic Capacitor","Torii","Pantograph","Old Coin","Geode"],"acts_visited":["Exordium","TheCity","TheBeyond"],"potions_floor_usage":[12,16,22,23,23,33,37,41,45,50],"damage_taken":[{"damage":2,"enemies":"Jaw Worm","floor":1,"turns":3},{"damage":2,"enemies":"2 Louse","floor":2,"turns":2},{"damage":2,"enemies":"Small Slimes","floor":4,"turns":3},{"damage":9,"enemies":"2 Fungi Beasts","floor":5,"turns":3},{"damage":26,"enemies":"3 Sentries","floor":6,"turns":7},{"damage":0,"enemies":"Gremlin Gang","floor":8,"turns":3},{"damage":21,"enemies":"Gremlin Nob","floor":12,"turns":4},{"damage":17,"enemies":"Large Slime","floor":14,"turns":4},{"damage":51,"enemies":"Fading Forest","floor":16,"turns":11},{"damage":35,"enemies":"Spheric Guardian","floor":18,"turns":6},{"damage":39,"enemies":"2 Thieves","floor":20,"turns":4},{"damage":0,"enemies":"Cultist and Chosen","floor":22,"turns":4},{"damage":0,"enemies":"theDuelist:KaibaA2","floor":23,"turns":5},{"damage":7,"enemies":"Centurion and Healer","floor":24,"turns":8},{"damage":27,"enemies":"Snake Plant","floor":27,"turns":6},{"damage":1,"enemies":"Slavers","floor":28,"turns":5},{"damage":0,"enemies":"Sentry and Sphere","floor":29,"turns":2},{"damage":5,"enemies":"Centurion and Healer","floor":30,"turns":7},{"damage":3,"enemies":"theDuelist:KaibaA2","floor":31,"turns":3},{"damage":46,"enemies":"Automaton","floor":33,"turns":11},{"damage":0,"enemies":"Orb Walker","floor":35,"turns":3},{"damage":0,"enemies":"3 Shapes","floor":36,"turns":2},{"damage":28,"enemies":"Maw","floor":37,"turns":8},{"damage":0,"enemies":"Sphere and 2 Shapes","floor":38,"turns":2},{"damage":2,"enemies":"Jaw Worm Horde","floor":41,"turns":3},{"damage":0,"enemies":"Nemesis","floor":42,"turns":5},{"damage":8,"enemies":"4 Shapes","floor":44,"turns":3},{"damage":11,"enemies":"Reptomancer","floor":45,"turns":4},{"damage":37,"enemies":"Spire Growth","floor":46,"turns":4},{"damage":2,"enemies":"Nemesis","floor":48,"turns":5},{"damage":29,"enemies":"Donu and Deca","floor":50,"turns":7}],"seed_played":"-7068442691787832635","potions_obtained":[{"floor":1,"key":"Reflective Coating"},{"floor":4,"key":"Strength Potion"},{"floor":8,"key":"Ancient Potion"},{"floor":12,"key":"CultistPotion"},{"floor":16,"key":"DistilledChaos"},{"floor":20,"key":"SteroidPotion"},{"floor":22,"key":"AttackPotion"},{"floor":28,"key":"Dexterity Potion"},{"floor":30,"key":"Adrenaline Potion"},{"floor":31,"key":"Regen Potion"},{"floor":35,"key":"Explosive Potion"},{"floor":37,"key":"Weak Potion"},{"floor":41,"key":"Weak Potion"}],"is_trial":false,"path_per_floor":["M","M","?","M","M","E","R","M","T","?","$","E","?","M","R","B",null,"M","?","M","?","M","E","M","R","T","M","E","M","M","E","R","B",null,"M","M","M","M","$","R","M","E","T","M","E","M","?","E","R","B",null],"character_chosen":"DEFECT","items_purchased":["Self Repair","Sweeping Beam","Replay:Baseball","Scrape","ReplaySort","Carrot","Runic Capacitor"],"campfire_rested":4,"item_purchase_floors":[11,11,11,39,39,39,39],"current_hp_per_floor":[73,71,60,58,49,23,45,45,45,45,45,31,31,21,43,25,75,54,54,29,29,43,50,43,65,65,52,65,72,74,75,75,29,75,75,75,64,64,64,64,69,75,75,75,71,41,41,46,75,53],"gold":478,"neow_bonus":"RANDOM_COLORLESS","is_daily":false,"chose_seed":false,"campfire_upgraded":2,"win_rate":0.0,"timestamp":1609042736,"path_taken":["M","M","?","M","M","E","R","M","T","?","$","E","?","M","R","BOSS","M","?","M","?","M","E","M","R","T","M","E","M","M","E","R","BOSS","M","M","M","M","$","R","M","E","T","M","E","?","?","E","R","BOSS"],"items_purchased_type":["Card","Card","Relic","Card","Card","Relic","Relic"],"build_version":"2020-12-22","purchased_purges":0,"victory":true,"max_hp_per_floor":[75,75,75,75,75,75,75,75,75,75,75,75,75,75,75,75,75,75,75,75,75,75,75,75,75,75,75,75,75,75,75,75,75,75,75,75,75,75,75,75,75,75,75,75,75,75,75,75,75,75],"card_choices":[{"not_picked":["Purity","Finesse"],"picked":"Dramatic Entrance","floor":0},{"not_picked":["ReplayTheSpireMod:System Scan","Skim"],"picked":"Compile Driver","floor":1},{"not_picked":["Cold Snap","Steam"],"picked":"Genetic Algorithm","floor":2},{"not_picked":["Reinforced Body","Genetic Algorithm","FIFO Queue"],"picked":"SKIP","floor":4},{"not_picked":["Stack","Redo"],"picked":"Gash","floor":5},{"not_picked":["ReplayTheSpireMod:GoodbyeWorld","Compile Driver"],"picked":"BootSequence","floor":6},{"not_picked":["Compile Driver","Barrage","Coolheaded"],"picked":"SKIP","floor":8},{"not_picked":["Gash","Lockon"],"picked":"Go for the Eyes","floor":12},{"not_picked":["ReplayTheSpireMod:Repulse","ReplayTheSpireMod:Fabricate Wheel"],"picked":"Tempest","floor":14},{"not_picked":["ReplayRNGCard","Mirror Shield"],"picked":"Amplify","floor":16},{"not_picked":["Cold Snap","Hologram"],"picked":"BasicCrystalCard+1","floor":18},{"not_picked":["BasicCrystalCard+1","Panic Button"],"picked":"Ball Lightning","floor":20},{"not_picked":["Steam","Cold Snap"],"picked":"Conserve Battery","floor":22},{"not_picked":["Fusion","Redo"],"picked":"Buffer","floor":23},{"not_picked":["Compile Driver","BasicCrystalCard"],"picked":"Beam Cell+1","floor":24},{"not_picked":["Ball Lightning","Compile Driver"],"picked":"Melter+1","floor":27},{"not_picked":["ReplaySolidLightProjector","ReplayTheSpireMod:GoodbyeWorld+1"],"picked":"Panic Button","floor":28},{"not_picked":["Loop","Reprogram"],"picked":"Ball Lightning+1","floor":29},{"not_picked":["Panic Button","FIFO Queue"],"picked":"Ball Lightning","floor":30},{"not_picked":["Streamline","Barrage+1","Loop"],"picked":"SKIP","floor":31},{"not_picked":["Mirror Shield","ReplayRNGCard"],"picked":"Electrodynamics","floor":33},{"not_picked":["Hello World"],"picked":"SKIP","floor":35},{"not_picked":["BasicCrystalCard+1"],"picked":"SKIP","floor":36},{"not_picked":[],"picked":"Gash+1","floor":37},{"not_picked":[],"picked":"All For One","floor":38},{"not_picked":[],"picked":"Compile Driver+1","floor":41},{"not_picked":[],"picked":"Sunder","floor":42},{"not_picked":[],"picked":"Aggregate","floor":44},{"not_picked":[],"picked":"Chill","floor":45},{"not_picked":["BasicCrystalCard+1"],"picked":"SKIP","floor":46},{"not_picked":["ReplayRNGCard"],"picked":"SKIP","floor":48}],"player_experience":454632,"relics_obtained":[{"floor":6,"key":"Ancient Tea Set"},{"floor":9,"key":"Replay:Rubber Ducky"},{"floor":12,"key":"Bag of Preparation"},{"floor":23,"key":"Orichalcum"},{"floor":26,"key":"Mercury Hourglass"},{"floor":28,"key":"Centennial Puzzle"},{"floor":31,"key":"Regal Pillow"},{"floor":42,"key":"Torii"},{"floor":43,"key":"Pantograph"},{"floor":45,"key":"Old Coin"},{"floor":48,"key":"Geode"}],"event_choices":[{"damage_healed":0,"gold_gain":75,"player_choice":"Gather Gold","damage_taken":11,"max_hp_gain":0,"max_hp_loss":0,"event_name":"World of Goop","floor":3,"gold_loss":0},{"damage_healed":0,"gold_gain":0,"player_choice":"Fled","damage_taken":0,"max_hp_gain":0,"max_hp_loss":0,"event_name":"Scrap Ooze","floor":10,"gold_loss":0},{"damage_healed":0,"gold_gain":0,"player_choice":"Ignored","damage_taken":0,"max_hp_gain":0,"max_hp_loss":0,"event_name":"Golden Idol","floor":13,"gold_loss":0},{"damage_healed":0,"gold_gain":0,"player_choice":"Ignored","damage_taken":0,"max_hp_gain":0,"max_hp_loss":0,"event_name":"Ghosts","floor":19,"gold_loss":0},{"damage_healed":0,"gold_gain":0,"player_choice":"Bought 0 Potions","damage_taken":0,"max_hp_gain":0,"max_hp_loss":0,"event_name":"The Woman in Blue","floor":21,"gold_loss":0},{"damage_healed":0,"gold_gain":0,"player_choice":"Copied","damage_taken":0,"max_hp_gain":0,"max_hp_loss":0,"event_name":"Duplicator","floor":47,"gold_loss":0,"cards_obtained":["All For One"]}],"is_beta":false,"boss_relics":[{"not_picked":["FrozenCore","Philosopher\u0027s Stone"],"picked":"SlaversCollar"},{"not_picked":["ReplayTheSpireMod:DimensionalGlitch","Tiny House"],"picked":"Busted Crown"}],"items_purged_floors":[],"is_endless":false,"potions_floor_spawned":[1,4,8,12,16,20,22,28,30,31,35,37,41,44],"ascension_level":2}}