{"host":"i09pxcjttd31eh4q","time":1609073589,"event":{"mods":["AchievementEnabler","BaseMod","Colored Map","Keyboard Shortcuts","Minty Spire (QoL Compilation)","StSLib","SuperFastMode"],"gold_per_floor":[115,125,125,144,157,157,175,24,24,24,24,39,39,56,56,56,56],"floor_reached":16,"playtime":242,"items_purged":["Strike_B"],"score":188,"play_id":"dc0c16e9-4044-49c8-bc1a-cd47488e6723","local_time":"20201227215309","is_ascension_mode":true,"campfire_choices":[{"data":"Barrage","floor":6,"key":"SMITH"},{"data":"Loop","floor":10,"key":"SMITH"},{"data":"Coolheaded","floor":13,"key":"SMITH"},{"data":"Steam Power","floor":15,"key":"SMITH"}],"circlet_count":0,"master_deck":["AscendersBane","Strike_B","Strike_B","Strike_B","Defend_B","Defend_B+1","Defend_B","Defend_B","Zap+1","Dualcast","Cold Snap","Recycle+1","Barrage+1","Loop+1","Coolheaded+1","Steam Power+1"],"relics":["Cracked Core","NeowsBlessing","War Paint"],"acts_visited":["Exordium"],"potions_floor_usage":[14],"damage_taken":[{"damage":0,"enemies":"Cultist","floor":1,"turns":1},{"damage":0,"enemies":"Jaw Worm","floor":2,"turns":1},{"damage":0,"enemies":"2 Louse","floor":4,"turns":1},{"damage":14,"enemies":"Lots of Slimes","floor":5,"turns":6},{"damage":4,"enemies":"Looter","floor":7,"turns":3},{"damage":10,"enemies":"3 Louse","floor":12,"turns":4},{"damage":0,"enemies":"Blue Slaver","floor":14,"turns":3},{"damage":41,"enemies":"Hexaghost","floor":16,"turns":9}],"seed_played":"7819090355872651471","potions_obtained":[{"floor":1,"key":"Block Potion"},{"floor":4,"key":"Energy Potion"},{"floor":7,"key":"Fire Potion"}],"is_trial":false,"path_per_floor":["M","M","?","M","M","R","M","$","T","R","?","M","R","M","R","B"],"character_chosen":"DEFECT","items_purchased":["Loop"],"campfire_rested":0,"item_purchase_floors":[8],"current_hp_per_floor":[64,64,64,64,50,50,46,46,46,46,51,41,41,41,41,0,0],"gold":56,"neow_bonus":"THREE_ENEMY_KILL","is_daily":false,"chose_seed":false,"campfire_upgraded":4,"win_rate":0.0,"timestamp":1609073589,"path_taken":["M","M","?","?","M","R","M","$","T","R","?","M","R","M","R","BOSS"],"items_purchased_type":["Card"],"build_version":"2020-12-22","purchased_purges":1,"victory":false,"max_hp_per_floor":[71,71,71,71,71,71,71,71,71,71,76,76,76,76,76,76,76],"card_choices":[{"not_picked":["Double Energy","Stack"],"picked":"Cold Snap","floor":1},{"not_picked":["Steam","Hologram"],"picked":"Recycle","floor":2},{"not_picked":["Lockon","Leap"],"picked":"Barrage","floor":4},{"not_picked":["Redo","Hello World","Barrage"],"picked":"SKIP","floor":5},{"not_picked":["Hologram","Steam Power","Rebound"],"picked":"SKIP","floor":7},{"not_picked":["Cold Snap","Go for the Eyes"],"picked":"Coolheaded","floor":12},{"not_picked":["Heatsinks","Stack"],"picked":"Steam Power","floor":14}],"player_experience":781761,"relics_obtained":[{"floor":9,"key":"War Paint"}],"event_choices":[{"damage_healed":0,"gold_gain":0,"player_choice":"Upgraded","damage_taken":0,"max_hp_gain":0,"max_hp_loss":0,"event_name":"Upgrade Shrine","floor":3,"gold_loss":0,"cards_upgraded":["Zap"]},{"damage_healed":0,"gold_gain":0,"player_choice":"Donut","damage_taken":0,"max_hp_gain":5,"max_hp_loss":0,"event_name":"Big Fish","floor":11,"gold_loss":0}],"is_beta":false,"boss_relics":[],"items_purged_floors":[8],"is_endless":false,"potions_floor_spawned":[1,4,7],"killed_by":"Hexaghost","ascension_level":20}}