{"host":"m9i7qe3hvz6jihjh","time":1609091029,"event":{"mods":["BaseMod","Colored Powertips","Infinite Spire","Minty Spire (QoL Compilation)","Quick Restart","StSLib","The Animator","Waifu the Spire"],"gold_per_floor":[119,119,20,38,38,4,35,35,106,19,19,33,33,48,48,143,143,155,155,155,166,190,190,223,223,223,223,236,258,284,199,199,299,299,314,314,391,393,393,401,401],"floor_reached":40,"playtime":1162,"items_purged":["Defend_P"],"score":468,"play_id":"ac2f10a0-5fe4-4953-b2b5-bc65e49f664f","local_time":"20201227184349","is_ascension_mode":false,"campfire_choices":[{"data":"MentalFortress","floor":8,"key":"SMITH"},{"data":"MentalFortress","floor":11,"key":"SMITH"},{"floor":13,"key":"REST"},{"floor":15,"key":"REST"},{"floor":23,"key":"REST"},{"floor":25,"key":"REST"},{"data":"Adaptation","floor":27,"key":"SMITH"},{"floor":32,"key":"REST"}],"circlet_count":0,"master_deck":["Strike_P+1","Strike_P+1","Strike_P+1","Strike_P+1","Defend_P+1","Defend_P+1","Eruption+1","Vigilance+1","JustLucky","FlurryOfBlows","MentalFortress+1","Wallop","Protect+1","MentalFortress+1","ClearTheMind","Crescendo","FlurryOfBlows","Devotion","Adaptation+1","FearNoEvil","TalkToTheHand+1","Ragnarok","ReachHeaven+1","FlurryOfBlows+1","Crescendo","Wireheading+1","Ragnarok","CurseOfTheBell","EmptyBody+1","infinitespire:Fortify"],"relics":["PureWater","NeowsBlessing","Tiny Chest","Dream Catcher","SlaversCollar","War Paint","Akabeko","Ornamental Fan","infinitespire:Midas Blood","infinitespire:Eraser","Happy Flower","Calling Bell","infinitespire:Lucky Rock","HornCleat","infinitespire:Joker Card","Blue Candle"],"acts_visited":["Exordium","TheCity","TheBeyond"],"potions_floor_usage":[12,16,16,18,29,33],"damage_taken":[{"damage":0,"enemies":"2 Louse","floor":1,"turns":1},{"damage":0,"enemies":"Cultist","floor":4,"turns":1},{"damage":0,"enemies":"3 Sentries","floor":7,"turns":1},{"damage":16,"enemies":"Jaw Worm","floor":12,"turns":2},{"damage":9,"enemies":"Exordium Wildlife","floor":14,"turns":4},{"damage":42,"enemies":"The Guardian","floor":16,"turns":9},{"damage":8,"enemies":"2 Thieves","floor":18,"turns":4},{"damage":22,"enemies":"Chosen","floor":21,"turns":6},{"damage":6,"enemies":"Book of Stabbing","floor":24,"turns":6},{"damage":10,"enemies":"Shelled Parasite and Fungi","floor":28,"turns":5},{"damage":1,"enemies":"Snecko","floor":29,"turns":5},{"damage":0,"enemies":"Gremlin Leader","floor":30,"turns":5},{"damage":8,"enemies":"Collector","floor":33,"turns":7},{"damage":0,"enemies":"Orb Walker","floor":35,"turns":3},{"damage":61,"enemies":"Nightmare","floor":40,"turns":8}],"seed_played":"5208871605851018334","potions_obtained":[{"floor":4,"key":"SneckoOil"},{"floor":12,"key":"BlessingOfTheForge"},{"floor":14,"key":"Dexterity Potion"},{"floor":28,"key":"Weak Potion"},{"floor":30,"key":"LiquidMemories"}],"is_trial":false,"path_per_floor":["M","?","$","M","?","$","E","R","T","$","R","M","R","M","R","B",null,"M","?","T","M","T","R","E","R","T","R","M","M","E","?","R","B",null,"M","?","T","?","?","NM"],"character_chosen":"WATCHER","items_purchased":["FlurryOfBlows","Wallop","MentalFortress","BlessingOfTheForge"],"campfire_rested":5,"item_purchase_floors":[3,6,10,10],"current_hp_per_floor":[72,72,72,72,60,60,60,60,60,60,60,44,65,56,72,30,72,64,64,64,42,42,63,57,72,72,72,62,61,61,61,72,64,72,72,72,72,53,53,0,0],"gold":401,"neow_bonus":"THREE_ENEMY_KILL","is_daily":false,"chose_seed":false,"campfire_upgraded":3,"win_rate":0.0,"timestamp":1609091029,"path_taken":["M","?","$","?","?","$","E","R","T","?","R","M","R","M","R","BOSS","M","?","?","M","?","R","E","R","T","R","M","?","E","?","R","BOSS","M","?","?","?","?","NM"],"items_purchased_type":["Card","Card","Card","Potion"],"build_version":"2020-12-22","purchased_purges":1,"victory":false,"max_hp_per_floor":[72,72,72,72,72,72,72,72,72,72,72,72,72,72,72,72,72,72,72,72,72,72,72,72,72,72,72,72,72,72,72,72,72,72,72,72,72,72,72,72,72],"card_choices":[{"not_picked":["FollowUp","CutThroughFate"],"picked":"JustLucky","floor":1},{"not_picked":["Worship","EmptyBody"],"picked":"MentalFortress","floor":4},{"not_picked":["BattleHymn","BowlingBash"],"picked":"Protect","floor":7},{"not_picked":["Wireheading","Evaluate"],"picked":"ClearTheMind","floor":12},{"not_picked":["SashWhip","Alpha"],"picked":"Crescendo","floor":13},{"not_picked":["FlyingSleeves","CrushJoints","JustLucky"],"picked":"SKIP","floor":14},{"not_picked":["FearNoEvil","Crescendo"],"picked":"FlurryOfBlows","floor":15},{"not_picked":["Alpha","DevaForm"],"picked":"Devotion","floor":16},{"not_picked":["Halt","EmptyFist"],"picked":"Adaptation","floor":18},{"not_picked":["DeceiveReality+1","FlurryOfBlows+1"],"picked":"FearNoEvil","floor":21},{"not_picked":["Prostrate","Protect"],"picked":"TalkToTheHand+1","floor":23},{"not_picked":["Prostrate","WaveOfTheHand"],"picked":"Ragnarok","floor":24},{"not_picked":["PathToVictory+1","Halt"],"picked":"ReachHeaven+1","floor":25},{"not_picked":["ReachHeaven","ClearTheMind"],"picked":"FlurryOfBlows+1","floor":28},{"not_picked":["Fasting2+1","ReachHeaven"],"picked":"Crescendo","floor":29},{"not_picked":["DeceiveReality","TalkToTheHand"],"picked":"Wireheading+1","floor":30},{"not_picked":["Devotion","DeusExMachina"],"picked":"Ragnarok","floor":33},{"not_picked":["CrushJoints","SashWhip"],"picked":"EmptyBody+1","floor":35},{"not_picked":["infinitespire:DeathsTouch","infinitespire:Menacing"],"picked":"infinitespire:Fortify","floor":38}],"player_experience":883370,"relics_obtained":[{"floor":7,"key":"Dream Catcher"},{"floor":20,"key":"War Paint"},{"floor":22,"key":"Akabeko"},{"floor":24,"key":"Ornamental Fan"},{"floor":26,"key":"infinitespire:Midas Blood"},{"floor":30,"key":"infinitespire:Eraser"},{"floor":34,"key":"infinitespire:Lucky Rock"},{"floor":34,"key":"HornCleat"},{"floor":34,"key":"infinitespire:Joker Card"},{"floor":37,"key":"Blue Candle"}],"event_choices":[{"damage_healed":0,"gold_gain":0,"player_choice":"Upgraded","damage_taken":0,"max_hp_gain":0,"max_hp_loss":0,"event_name":"Upgrade Shrine","floor":2,"gold_loss":0,"cards_upgraded":["Eruption"]},{"damage_healed":0,"gold_gain":0,"player_choice":"Success","damage_taken":12,"relics_obtained":["Tiny Chest"],"max_hp_gain":0,"max_hp_loss":0,"event_name":"Scrap Ooze","floor":5,"gold_loss":0},{"damage_healed":0,"gold_gain":0,"player_choice":"Simplicity","damage_taken":0,"max_hp_gain":0,"max_hp_loss":0,"event_name":"Back to Basics","floor":19,"gold_loss":0,"cards_upgraded":["Strike_P","Strike_P","Strike_P","Strike_P","Defend_P","Defend_P","Defend_P"]},{"damage_healed":0,"gold_gain":0,"player_choice":"Obtained Relic","damage_taken":0,"relics_obtained":["Happy Flower"],"max_hp_gain":0,"max_hp_loss":0,"event_name":"Addict","floor":31,"gold_loss":85},{"cards_removed":["Defend_P"],"damage_healed":0,"gold_gain":0,"player_choice":"Removed Skill","damage_taken":0,"max_hp_gain":0,"max_hp_loss":0,"event_name":"Falling","floor":36,"gold_loss":0}],"is_beta":false,"boss_relics":[{"not_picked":["Coffee Dripper","Runic Pyramid"],"picked":"SlaversCollar"},{"not_picked":["Cursed Key","Sozu"],"picked":"Calling Bell"}],"items_purged_floors":[3],"is_endless":false,"potions_floor_spawned":[4,12,14,28,30],"killed_by":"Nightmare","ascension_level":0}}