{"host":"om3vwxs2fz5vu4gd","time":1609075222,"event":{"mods":["BaseMod","Minty Spire (QoL Compilation)","Robot Space Explorer","StSLib","The Dragon Tamer","The Necromancer"],"gold_per_floor":[116,41,61,61,61,94,18,45,122,133,83,97,17,32,32,136,136,156,56,72,88,88,121,121,154,154,154,164,194,194,209,209,314,314,334,334,349,229,279,312,312,340,340,370,370,120,153,205,205,205,205,205,17,44,44],"floor_reached":56,"playtime":3744,"items_purged":["Strike_W","Strike_W","Deaths_Shadow","Exploit+1"],"score":1732,"play_id":"d97a0047-afa7-4ae8-99df-3fcebbc189f3","local_time":"20201228002022","is_ascension_mode":true,"campfire_choices":[{"data":"Cloudkill","floor":15.0,"key":"SMITH"},{"data":"Cloudkill","floor":24.0,"key":"SMITH"},{"data":"Violent_Necrosis","floor":27.0,"key":"SMITH"},{"data":"Violent_Necrosis","floor":30.0,"key":"SMITH"},{"data":"Shade_Step","floor":32.0,"key":"SMITH"},{"data":"Spectral_Walk","floor":41.0,"key":"SMITH"},{"floor":45.0,"key":"RECALL"},{"data":"Summon_Vampire_Lady","floor":49,"key":"SMITH"},{"data":"Stop_Heart","floor":52,"key":"SMITH"}],"circlet_count":0,"master_deck":["Bone_Wall","Stop_Heart+1","Shade_Step+1","Cloudkill+1","Spectral_Walk+1","Toxic_Smoke_Screen","Violent_Necrosis+1","Hellfire","Necrotic_Claws","Violent_Necrosis+1","Cloudkill+1","Corrupt","Spectral_Armor+1","Summon_Vampire_Lady+1","Bones_to_Steel+1","Strike_from_Beyond+1","Summon_Undead+1","Bone_Prison+1","Summon_Undead","Shade_Step+1","Finesse"],"relics":["Vampire_Amulet","Vajra","Tiny Chest","Centennial Puzzle","The Courier","Pandora\u0027s Box","Gremlin Horn","Gambling Chip","Mummified Hand","Matryoshka","Singing Bowl","Astrolabe","FossilizedHelix","Thread and Needle","Kunai","Turnip","Ice Cream","Torii","Ornamental Fan","Happy Flower","DollysMirror","Nunchaku"],"acts_visited":["Exordium","TheCity","TheBeyond","TheEnding"],"potions_floor_usage":[55,55,55,55],"damage_taken":[{"damage":1.0,"enemies":"Cultist","floor":1.0,"turns":3.0},{"damage":2.0,"enemies":"2 Louse","floor":3.0,"turns":4.0},{"damage":17.0,"enemies":"3 Sentries","floor":6.0,"turns":15.0},{"damage":25.0,"enemies":"Gremlin Nob","floor":8.0,"turns":4.0},{"damage":0.0,"enemies":"Jaw Worm","floor":10.0,"turns":5.0},{"damage":4.0,"enemies":"Large Slime","floor":12.0,"turns":6.0},{"damage":0.0,"enemies":"Blue Slaver","floor":14.0,"turns":5.0},{"damage":9.0,"enemies":"Slime Boss","floor":16.0,"turns":10.0},{"damage":12.0,"enemies":"Spheric Guardian","floor":18.0,"turns":4.0},{"damage":0.0,"enemies":"3 Byrds","floor":20.0,"turns":3.0},{"damage":0.0,"enemies":"Cultist and Chosen","floor":21.0,"turns":4.0},{"damage":9.0,"enemies":"Book of Stabbing","floor":23.0,"turns":5.0},{"damage":16.0,"enemies":"Slavers","floor":25.0,"turns":3.0},{"damage":12.0,"enemies":"3 Cultists","floor":28.0,"turns":3.0},{"damage":1.0,"enemies":"Gremlin Leader","floor":29.0,"turns":3.0},{"damage":2.0,"enemies":"Snake Plant","floor":31.0,"turns":3.0},{"damage":7.0,"enemies":"Collector","floor":33.0,"turns":4.0},{"damage":18.0,"enemies":"3 Darklings","floor":35.0,"turns":4.0},{"damage":17.0,"enemies":"Orb Walker","floor":37.0,"turns":4.0},{"damage":0.0,"enemies":"Mind Bloom Boss Battle","floor":39.0,"turns":5.0},{"damage":18.0,"enemies":"Reptomancer","floor":40.0,"turns":6.0},{"damage":0.0,"enemies":"Nemesis","floor":42.0,"turns":5.0},{"damage":0.0,"enemies":"Giant Head","floor":44.0,"turns":6.0},{"damage":9,"enemies":"Reptomancer","floor":47,"turns":4},{"damage":1,"enemies":"Awakened One","floor":50,"turns":12},{"damage":14,"enemies":"Shield and Spear","floor":54,"turns":6},{"damage":110,"enemies":"The Heart","floor":55,"turns":8}],"seed_played":"3647749633186332526","potions_obtained":[{"floor":1.0,"key":"Energy Potion"},{"floor":6.0,"key":"DuplicationPotion"},{"floor":12.0,"key":"BlessingOfTheForge"},{"floor":14.0,"key":"Weak Potion"},{"floor":18.0,"key":"AttackPotion"},{"floor":25.0,"key":"SneckoOil"},{"floor":33.0,"key":"LiquidMemories"},{"floor":35.0,"key":"Dexterity Potion"},{"floor":39.0,"key":"EntropicBrew"},{"floor":47,"key":"Fire Potion"}],"is_trial":false,"path_per_floor":["M","$","M","?","?","E","$","E","T","M","?","M","$","M","R","B",null,"M","$","M","M","T","E","R","E","T","R","M","E","R","M","R","B",null,"M","?","M","$","?","E","R","E","T","E","R","$","E","T","R","B",null,"R","$","E","B",null],"character_chosen":"NECROMANCER","items_purchased":["Cloudkill","Ice Cream","DollysMirror","Finesse"],"campfire_rested":0,"item_purchase_floors":[7,46,53,53],"current_hp_per_floor":[76,76,78,75,80,69,69,46,46,48,48,48,48,50,50,47,77,67,67,73,77,77,70,70,60,60,60,54,65,65,65,65,64,83,67,67,63,63,82,78,78,89,89,95,95,95,94,94,94,97,97,97,97,99,27],"gold":44,"neow_bonus":"TEN_PERCENT_HP_BONUS","is_daily":false,"chose_seed":false,"campfire_upgraded":8,"win_rate":0.0,"timestamp":1609075222,"path_taken":["M","?","M","?","?","E","$","E","T","M","?","M","?","?","R","BOSS","M","$","M","M","?","E","R","E","T","R","M","E","R","M","R","BOSS","M","?","M","$","?","E","R","E","T","E","R","?","E","?","R","BOSS","R","$","E","BOSS"],"items_purchased_type":["Card","Relic","Relic","Card"],"build_version":"2020-12-22","purchased_purges":4,"victory":true,"max_hp_per_floor":[82,82,82,82,87,87,87,87,87,87,87,87,87,87,87,87,87,87,87,87,87,87,87,87,87,87,87,87,89,89,89,89,89,89,89,89,91,91,93,95,95,95,95,95,95,95,97,97,97,97,97,97,97,99,99],"card_choices":[{"not_picked":["Finger_Of_Death","Toxic_Smoke_Screen"],"picked":"Stop_Heart","floor":1.0},{"not_picked":["Bone_Armor","Whirlwind_of_Bones"],"picked":"Shade_Step","floor":3.0},{"not_picked":["Finger_Of_Death","Bone_Spikes","Pandemic"],"picked":"SKIP","floor":6.0},{"not_picked":["Necromantic_Selection","Bone_Armor","Negative_Energy_Burst"],"picked":"SKIP","floor":8.0},{"not_picked":["Summon_Lich","Death_March_Dance"],"picked":"Spectral_Walk","floor":10.0},{"not_picked":["Blood_Whip","Bone_Spikes"],"picked":"Toxic_Smoke_Screen","floor":12.0},{"not_picked":["Bone_Spikes","Blood_Magic"],"picked":"Violent_Necrosis","floor":14.0},{"not_picked":["Blood_Wake","Requiem"],"picked":"Hellfire","floor":16.0},{"not_picked":["Toxic_Smoke_Screen","Chill_Blood+1","Death_Coil"],"picked":"SKIP","floor":18.0},{"not_picked":["Bone_Armory+1","Toxic_Smoke_Screen","Death_March_Dance"],"picked":"SKIP","floor":20.0},{"not_picked":["Toxic_Smoke_Screen","Bones_to_Steel","Shackles_Of_Pain+1"],"picked":"SKIP","floor":21.0},{"not_picked":["Summon_Lich+1","Blood_Curse"],"picked":"Cloudkill","floor":23.0},{"not_picked":["Requiem","Bone_Prison"],"picked":"Corrupt","floor":25.0},{"not_picked":["Death_March_Dance+1","Vampiric_Strike","Blood_Whip"],"picked":"SKIP","floor":28.0},{"not_picked":["Death_March_Dance","Scare+1","Spectral_Armor"],"picked":"Singing Bowl","floor":29.0},{"not_picked":["Bone_Armor","Acid_Javelin"],"picked":"Spectral_Armor+1","floor":31.0},{"not_picked":["Reap_The_Weak","Requiem"],"picked":"Summon_Vampire_Lady","floor":33.0},{"not_picked":["Vampiric_Strike+1","Consume_Illness"],"picked":"Summon_Undead+1","floor":35.0},{"not_picked":["Death_Coil+1","Bone_Bullets+1","Vampiric_Strike"],"picked":"Singing Bowl","floor":37.0},{"not_picked":["Scare","Toxic_Smoke_Screen","Bone_Spikes+1"],"picked":"Singing Bowl","floor":39.0},{"not_picked":["Blood_Wake","Death_Coil+1","Necromantic_Selection+1"],"picked":"Singing Bowl","floor":40.0},{"not_picked":["Blood_Whip","Negative_Energy_Sphere+1"],"picked":"Bone_Prison+1","floor":42.0},{"not_picked":["Violent_Necrosis+1","Negative_Energy_Burst"],"picked":"Summon_Undead","floor":44.0},{"not_picked":["Bone_Spikes+1","Necrotic_Claws","Scare"],"picked":"Singing Bowl","floor":47},{"not_picked":["Negative_Energy_Bomb","Summon_Lich","Flesh_Made_Foul"],"picked":"Singing Bowl","floor":54}],"player_experience":403453,"relics_obtained":[{"floor":6.0,"key":"Tiny Chest"},{"floor":8.0,"key":"Centennial Puzzle"},{"floor":9.0,"key":"The Courier"},{"floor":22.0,"key":"Gremlin Horn"},{"floor":23.0,"key":"Gambling Chip"},{"floor":25.0,"key":"Mummified Hand"},{"floor":26.0,"key":"Matryoshka"},{"floor":29.0,"key":"Singing Bowl"},{"floor":39.0,"key":"FossilizedHelix"},{"floor":40.0,"key":"Thread and Needle"},{"floor":42.0,"key":"Kunai"},{"floor":44.0,"key":"Turnip"},{"floor":47,"key":"Torii"},{"floor":48,"key":"Ornamental Fan"},{"floor":48,"key":"Happy Flower"},{"floor":54,"key":"Nunchaku"}],"event_choices":[{"damage_healed":0.0,"max_hp_gain":0.0,"max_hp_loss":0.0,"gold_gain":0.0,"event_name":"Scrap Ooze","player_choice":"Success","floor":4.0,"gold_loss":0.0,"damage_taken":3.0,"relics_obtained":["Vajra"]},{"damage_healed":0.0,"max_hp_gain":5.0,"max_hp_loss":0.0,"gold_gain":0.0,"event_name":"Big Fish","player_choice":"Donut","floor":5.0,"gold_loss":0.0,"damage_taken":0.0},{"cards_removed":["Strike_W"],"damage_healed":0.0,"max_hp_gain":0.0,"max_hp_loss":0.0,"gold_gain":0.0,"event_name":"The Cleric","player_choice":"Card Removal","floor":11.0,"gold_loss":50.0,"damage_taken":0.0},{"damage_healed":0.0,"max_hp_gain":0.0,"max_hp_loss":0.0,"gold_gain":0.0,"event_name":"Tomb of Lord Red Mask","player_choice":"Ignored","floor":36.0,"gold_loss":0.0,"damage_taken":0.0},{"damage_healed":0.0,"max_hp_gain":0.0,"max_hp_loss":0.0,"gold_gain":0.0,"event_name":"MindBloom","player_choice":"Fight","floor":39.0,"gold_loss":0.0,"damage_taken":0.0}],"is_beta":false,"boss_relics":[{"not_picked":["Fusion Hammer","Busted Crown"],"picked":"Pandora\u0027s Box"},{"not_picked":["Snecko Eye","Calling Bell"],"picked":"Astrolabe"}],"items_purged_floors":[2,13,19,38],"is_endless":false,"potions_floor_spawned":[1,6,12,14,18,25,33,35,39,47,54],"ascension_level":7}}