{"host":"6wux4armhsntp4yb","time":1609077192,"event":{"mods":["BaseMod","Colored Map","DeckTracker","Minty Spire (QoL Compilation)","Relic Stats"],"gold_per_floor":[17,37,37,37,54,54,68,78,105,105,105],"floor_reached":10,"playtime":564,"items_purged":[],"score":120,"play_id":"2edef7cd-6aad-4edf-bda3-080d29df1ed2","local_time":"20201227225312","is_ascension_mode":true,"campfire_choices":[{"data":"Footwork","floor":6,"key":"SMITH"}],"circlet_count":0,"master_deck":["AscendersBane","Strike_G","Strike_G","Strike_G","Defend_G","Defend_G","Defend_G","Defend_G","Defend_G","Survivor","Neutralize","Endless Agony","Backflip","PiercingWail","Footwork+1","Dash","Backflip"],"relics":["Ring of the Snake","Centennial Puzzle"],"acts_visited":["Exordium"],"potions_floor_usage":[7,10],"damage_taken":[{"damage":7,"enemies":"Jaw Worm","floor":1,"turns":6},{"damage":1,"enemies":"2 Louse","floor":2,"turns":6},{"damage":0,"enemies":"Cultist","floor":5,"turns":5},{"damage":4,"enemies":"Large Slime","floor":7,"turns":11},{"damage":0,"enemies":"Blue Slaver","floor":8,"turns":6},{"damage":14,"enemies":"Lagavulin","floor":10,"turns":15}],"seed_played":"-1935185188559807695","potions_obtained":[{"floor":2,"key":"Dexterity Potion"},{"floor":5,"key":"SkillPotion"},{"floor":7,"key":"Ancient Potion"}],"is_trial":false,"path_per_floor":["M","M","?","$","M","R","M","M","T","E"],"character_chosen":"THE_SILENT","items_purchased":[],"campfire_rested":0,"item_purchase_floors":[],"current_hp_per_floor":[52,51,56,56,56,56,52,52,52,38,38],"gold":105,"neow_bonus":"TRANSFORM_TWO_CARDS","is_daily":false,"chose_seed":false,"campfire_upgraded":1,"win_rate":0.0,"timestamp":1609077192,"path_taken":["M","M","?","$","M","R","M","M","T","E"],"items_purchased_type":[],"build_version":"2020-12-22","purchased_purges":0,"victory":false,"max_hp_per_floor":[66,66,71,71,71,71,71,71,71,71,71],"relic_stats":{"Centennial Puzzle":[3],"counters":[6,49],"obtain_stats":[{"Centennial Puzzle":9,"Ring of the Snake":0},{"Centennial Puzzle":5,"Ring of the Snake":0},{"Centennial Puzzle":34,"Ring of the Snake":0}],"Ring of the Snake":[12]},"card_choices":[{"not_picked":["Bane","Dodge and Roll"],"picked":"PiercingWail","floor":1},{"not_picked":["Deadly Poison","Skewer"],"picked":"Footwork","floor":2},{"not_picked":["Concentrate","Outmaneuver","Bane"],"picked":"SKIP","floor":5},{"not_picked":["Concentrate","Outmaneuver","Bane"],"picked":"SKIP","floor":5},{"not_picked":["Cloak And Dagger","Deadly Poison"],"picked":"Dash","floor":7},{"not_picked":["PiercingWail","Expertise"],"picked":"Backflip","floor":8}],"player_experience":5707956,"relics_obtained":[{"floor":9,"key":"Centennial Puzzle"}],"event_choices":[{"damage_healed":0,"gold_gain":0,"player_choice":"Donut","damage_taken":0,"max_hp_gain":5,"max_hp_loss":0,"event_name":"Big Fish","floor":3,"gold_loss":0}],"is_beta":false,"boss_relics":[],"items_purged_floors":[],"is_endless":false,"potions_floor_spawned":[2,5,7],"killed_by":"Lagavulin","ascension_level":20}}