{"host":"x63ip179rfg509w6","time":1609051017,"event":{"mods":["2.2 Compatiblity","Act Like it!","Arknights The Spire","Aspiration","Astrologer","BaseMod","Bestiary","Better Third Choice","BetterRewards","ChefMod","Colored Map","Colored Powertips","Conspire","Curses Come First","DeckTracker","Displayed Cursed Tome","Dota2Spire","Downfall","Ekko","Energized Spire","Friendly Minions","Gensokyo","GifTheSpireLib","Halation","Hallownest","Hermit","Highlight Path","Infinite Spire","Jorbs\u0027s Wanderer Trilogy","Koishi","Luminous","Minty Spire (QoL Compilation)","Pale of the Ancients","Puzzle Mod","Random Character Button","Relic Sorter","Relic Stats","Replay The Spire","Robot Space Explorer","Shade Mod","Shop Mod","Somnambulant","StSLib","Synergy Search","The Alterego","The Animator","The Blue Laboratory","The Bug Knight","The Caster","The Construct","The Cursed","The Disciple","The Dragon Tamer","The Elementalist","The Exalted","The Hierophant","The Jungle","The Marked","The Mystic","The Necromancer","The Runesmith","The Servant 0.9.4","TheArtist","TheSwordswoman","TheWitcher","Thieving Mod","Uncapped","Wandering Minibosses","vexMod"],"gold_per_floor":[99,116,116,116,136,147,147,166,185,207,207,207,235,10,23,120,120,120,158,158,175,150,150,150,150,150,182,201,201,217,234,275,275,275],"floor_reached":33,"playtime":2804,"items_purged":[],"score":321,"play_id":"9a1619a3-545c-4e76-8cd8-d8fa652fd6b0","local_time":"20201227003657","is_ascension_mode":false,"campfire_choices":[{"floor":1,"key":"RECALL"},{"data":"stsjorbsmod:Patron","floor":18,"key":"SMITH"},{"data":"stsjorbsmod:MirrorImage","floor":23,"key":"SMITH"}],"circlet_count":0,"master_deck":["stsjorbsmod:ForbiddenGrimoire+1","stsjorbsmod:Defend_Wanderer","stsjorbsmod:Defend_Wanderer","stsjorbsmod:Defend_Wanderer","stsjorbsmod:Defend_Wanderer","stsjorbsmod:FreshAdventure","stsjorbsmod:EyeOfTheStorm","stsjorbsmod:Channel","infinitespire:Starlight","stsjorbsmod:SiphonEnergy","stsjorbsmod:TrueStrike","stsjorbsmod:FaerieFire","stsjorbsmod:Patron+1","stsjorbsmod:FranticSearch","stsjorbsmod:Prestidigitation","stsjorbsmod:MirrorImage+1","stsjorbsmod:TollTheDead","stsjorbsmod:Rest","stsjorbsmod:Rest","stsjorbsmod:Mindworm","stsjorbsmod:Entangle","stsjorbsmod:Channel","Insight","stsjorbsmod:Feast","Bite","Bite","Bite","Bite","Bite","ReplayTheSpireMod:Book of Names","stsjorbsmod:Hibernate","stsjorbsmod:OldPocket","stsjorbsmod:ParryingBlow+1","stsjorbsmod:Banish","stsjorbsmod:ParryingBlow"],"relics":["stsjorbsmod:GrimoireRelic","Replay:Mystery Machine","halation:PinkSoulGem","Dota2Spire:LinkenSphere","NeowsBlessing","Gremlin Food","Runesmith:Nanobots","ats:Originium","Bronze Scales","Dota2Spire:Bloodstone","ats:Originium","Happy Flower","Dota2Spire:Mjollnir"],"acts_visited":["Hallownest:Greenpath","TheCity"],"potions_floor_usage":[10],"damage_taken":[{"damage":3,"enemies":"Hallownest:2_Tiktiks_and_1_Crawlid","floor":2,"turns":1},{"damage":0,"enemies":"Hallownest:monsterHuskGuard","floor":5,"turns":1},{"damage":0,"enemies":"Hallownest:2_Baldur","floor":6,"turns":1},{"damage":1,"enemies":"Hallownest:Wandering_and_Horned","floor":8,"turns":5},{"damage":6,"enemies":"Hallownest:Guard_and_Warrior","floor":9,"turns":6},{"damage":2,"enemies":"Hallownest:MossCreep_and_Mosskin","floor":10,"turns":6},{"damage":0,"enemies":"Hallownest:monsterAspidMother","floor":11,"turns":3},{"damage":4,"enemies":"Hallownest:eliteCrystalGuardian","floor":13,"turns":5},{"damage":0,"enemies":"downfall:FleeingMerchant","floor":14,"turns":4},{"damage":6,"enemies":"Hallownest:Wandering_and_Horned","floor":15,"turns":4},{"damage":48,"enemies":"downfall:Defect","floor":16,"turns":8},{"damage":8,"enemies":"conspire:FuzzyDice","floor":19,"turns":6},{"damage":0,"enemies":"conspire:HollyBat","floor":21,"turns":7},{"damage":7,"enemies":"Nightmare","floor":27,"turns":7},{"damage":0,"enemies":"Sentry and Sphere","floor":28,"turns":1},{"damage":8,"enemies":"Centurion and Healer","floor":30,"turns":6},{"damage":34,"enemies":"Snecko","floor":31,"turns":5},{"damage":26,"enemies":"Chosen and Byrds","floor":32,"turns":8},{"damage":33,"enemies":"downfall:Ironclad","floor":33,"turns":4}],"seed_played":"-4210057263448173880","potions_obtained":[{"floor":5,"key":"blueLaboratory:AbyssPotion"},{"floor":6,"key":"blueLaboratory:FruitPunch"},{"floor":9,"key":"blueLaboratory:ForbiddenFruitJuice"},{"floor":13,"key":"blueLaboratory:BubblePotion"},{"floor":30,"key":"Block Potion"},{"floor":32,"key":"Swift Potion"}],"is_trial":false,"path_per_floor":["R","M","?","T","M","M","T","M","M","M","M","?","E","$","M","B",null,"R","M","?","M","?","R","T","?","?","NM","M","?","M","M","M","B"],"character_chosen":"WANDERER","items_purchased":["Replay:Mystery Machine","stsjorbsmod:Rest"],"campfire_rested":0,"item_purchase_floors":[14,14],"current_hp_per_floor":[68,65,47,47,47,47,47,58,64,70,70,70,68,70,70,32,70,70,65,65,70,70,70,70,70,49,49,49,49,49,16,6,0,0],"gold":275,"neow_bonus":"THREE_ENEMY_KILL","is_daily":false,"chose_seed":false,"campfire_upgraded":2,"win_rate":0.0,"timestamp":1609051017,"path_taken":["R","M","?","?","M","M","T","M","M","?","M","?","E","$","M","BOSS","R","M","?","M","?","R","T","?","?","NM","?","?","?","M","M","BOSS"],"items_purchased_type":["Relic","Card"],"build_version":"2020-12-22","purchased_purges":0,"victory":false,"max_hp_per_floor":[68,68,68,68,68,68,68,68,68,70,70,70,70,70,70,70,70,70,70,70,70,70,70,70,70,49,49,49,49,49,49,49,49,49],"relic_stats":{"Happy Flower":[8],"counters":[19,88],"Bronze Scales":[112],"obtain_stats":[{"Gremlin Food":4,"Runesmith:Nanobots":7,"NeowsBlessing":0,"ats:Originium":13,"Happy Flower":27,"Bronze Scales":13,"stsjorbsmod:GrimoireRelic":0,"Dota2Spire:Bloodstone":17,"Dota2Spire:LinkenSphere":24,"Dota2Spire:Mjollnir":29,"Replay:Mystery Machine":14,"halation:PinkSoulGem":12},{"Gremlin Food":1,"Runesmith:Nanobots":3,"NeowsBlessing":0,"ats:Originium":8,"Happy Flower":14,"Bronze Scales":8,"stsjorbsmod:GrimoireRelic":0,"Dota2Spire:Bloodstone":11,"Dota2Spire:LinkenSphere":13,"Dota2Spire:Mjollnir":15,"Replay:Mystery Machine":9,"halation:PinkSoulGem":7},{"Gremlin Food":1,"Runesmith:Nanobots":3,"NeowsBlessing":0,"ats:Originium":28,"Happy Flower":64,"Bronze Scales":28,"stsjorbsmod:GrimoireRelic":0,"Dota2Spire:Bloodstone":44,"Dota2Spire:LinkenSphere":57,"Dota2Spire:Mjollnir":65,"Replay:Mystery Machine":32,"halation:PinkSoulGem":23}]},"card_choices":[{"not_picked":["stsjorbsmod:Materialize","stsjorbsmod:DoubleCheck"],"picked":"stsjorbsmod:Channel","floor":2},{"not_picked":["infinitespire:SevenWalls","infinitespire:Gouge"],"picked":"infinitespire:Starlight","floor":3},{"not_picked":["stsjorbsmod:Hurt","stsjorbsmod:Firebolt"],"picked":"stsjorbsmod:SiphonEnergy","floor":5},{"not_picked":["stsjorbsmod:RefuseToForget","stsjorbsmod:BurningFlask"],"picked":"stsjorbsmod:TrueStrike","floor":6},{"not_picked":["stsjorbsmod:ParryingBlow","stsjorbsmod:Message"],"picked":"stsjorbsmod:FaerieFire","floor":8},{"not_picked":["stsjorbsmod:Mending","stsjorbsmod:ChainLightning"],"picked":"stsjorbsmod:Patron","floor":9},{"not_picked":["stsjorbsmod:Inferno","stsjorbsmod:Message"],"picked":"stsjorbsmod:FranticSearch","floor":10},{"not_picked":["stsjorbsmod:Index","stsjorbsmod:Materialize"],"picked":"stsjorbsmod:Prestidigitation","floor":11},{"not_picked":["stsjorbsmod:BlackTentacles","stsjorbsmod:RayOfFrost"],"picked":"stsjorbsmod:MirrorImage","floor":13},{"not_picked":["stsjorbsmod:Prepare","stsjorbsmod:RayOfFrost"],"picked":"stsjorbsmod:TollTheDead","floor":14},{"not_picked":["stsjorbsmod:WeightOfMemory","stsjorbsmod:FaerieFire"],"picked":"stsjorbsmod:Mindworm","floor":15},{"not_picked":["stsjorbsmod:DeathThroes","stsjorbsmod:SiphonEnergy"],"picked":"stsjorbsmod:Entangle","floor":16},{"not_picked":["stsjorbsmod:Hurt","stsjorbsmod:WeightOfMemory"],"picked":"stsjorbsmod:Channel","floor":19},{"not_picked":["stsjorbsmod:TollTheDead","stsjorbsmod:TrueStrike"],"picked":"stsjorbsmod:Feast","floor":21},{"not_picked":["ReplayTheSpireMod:Chaos Vortex","infinitespire:Oblivion"],"picked":"ReplayTheSpireMod:Book of Names","floor":27},{"not_picked":["stsjorbsmod:Mindworm","stsjorbsmod:BurningFlask"],"picked":"stsjorbsmod:Hibernate","floor":27},{"not_picked":["stsjorbsmod:AnimateObjects","stsjorbsmod:BlackTentacles+1"],"picked":"stsjorbsmod:OldPocket","floor":28},{"not_picked":["stsjorbsmod:Firebolt","stsjorbsmod:Index"],"picked":"stsjorbsmod:ParryingBlow+1","floor":30},{"not_picked":["stsjorbsmod:Inferno","stsjorbsmod:MistyStep+1"],"picked":"stsjorbsmod:Banish","floor":31},{"not_picked":["stsjorbsmod:FaerieFire+1","stsjorbsmod:Hibernate"],"picked":"stsjorbsmod:ParryingBlow","floor":32}],"player_experience":264155,"relics_obtained":[{"floor":4,"key":"Gremlin Food"},{"floor":7,"key":"Runesmith:Nanobots"},{"floor":13,"key":"ats:Originium"},{"floor":13,"key":"Bronze Scales"},{"floor":24,"key":"Dota2Spire:LinkenSphere"},{"floor":27,"key":"ats:Originium"},{"floor":27,"key":"Happy Flower"},{"floor":29,"key":"Dota2Spire:Mjollnir"}],"event_choices":[{"damage_healed":0,"gold_gain":0,"player_choice":"Insight","damage_taken":0,"max_hp_gain":0,"max_hp_loss":0,"event_name":"betterThird:BetterWriting","floor":20,"gold_loss":0,"cards_obtained":["Insight"]},{"damage_healed":0,"gold_gain":0,"player_choice":"Became a vampire","damage_taken":0,"max_hp_gain":0,"max_hp_loss":21,"event_name":"Vampires","floor":26,"gold_loss":0,"cards_obtained":["Bite","Bite","Bite","Bite","Bite"]},{"damage_healed":0,"gold_gain":0,"player_choice":"Relic","damage_taken":0,"max_hp_gain":0,"max_hp_loss":0,"event_name":"Wheel of Change","floor":29,"gold_loss":0}],"is_beta":false,"boss_relics":[{"not_picked":["energizedSpire:RedRose","ReplayTheSpireMod:DimensionalGlitch"],"picked":"Dota2Spire:Bloodstone"}],"items_purged_floors":[],"is_endless":false,"potions_floor_spawned":[5,6,9,13,30,32],"killed_by":"downfall:Ironclad","ascension_level":0}}