{"host":"91blwi3hgehj6ch9","time":1609096658,"event":{"mods":["2.2 Compatiblity","AchievementEnabler","BaseMod","Colored Map","DeckTracker","Keyboard Shortcuts","Minty Spire (QoL Compilation)","Permanent Neow","Quick Restart","StSLib","SuperFastMode"],"gold_per_floor":[115,130,146,71,71,71,48,61,61,94,169,184,184,184],"floor_reached":13,"playtime":408,"items_purged":["Strike_G"],"score":115,"play_id":"930cf1a6-dfec-409c-88a3-fa6905fc3f07","local_time":"20201228041738","is_ascension_mode":true,"campfire_choices":[],"circlet_count":0,"master_deck":["Strike_G","Strike_G+1","Strike_G","Defend_G","Defend_G","Defend_G","Defend_G+1","Survivor","Neutralize","Leg Sweep","Acrobatics","PiercingWail","Acrobatics","Grand Finale","Venomology","Eviscerate"],"relics":["Ring of the Snake","Golden Idol","Eternal Feather","Gambling Chip"],"acts_visited":["Exordium"],"potions_floor_usage":[],"damage_taken":[{"damage":0.0,"enemies":"Small Slimes","floor":1.0,"turns":3.0},{"damage":0.0,"enemies":"Jaw Worm","floor":2.0,"turns":6.0},{"damage":3.0,"enemies":"2 Louse","floor":3.0,"turns":3.0},{"damage":0.0,"enemies":"2 Fungi Beasts","floor":8.0,"turns":6.0},{"damage":12.0,"enemies":"3 Sentries","floor":10.0,"turns":4.0},{"damage":0,"enemies":"3 Louse","floor":12,"turns":1},{"damage":7,"enemies":"Lagavulin","floor":13,"turns":2}],"seed_played":"-3411462721023231303","potions_obtained":[{"floor":3.0,"key":"EntropicBrew"},{"floor":8.0,"key":"Dexterity Potion"},{"floor":10.0,"key":"AttackPotion"}],"is_trial":false,"path_per_floor":["M","M","M","$","?","?","$","M","T","E","?","M","E"],"character_chosen":"THE_SILENT","items_purchased":["Acrobatics"],"campfire_rested":0,"item_purchase_floors":[7],"current_hp_per_floor":[45,45,42,42,28,28,28,28,28,16,5,5,0,0],"gold":184,"neow_bonus":"REMOVE_TWO","is_daily":false,"chose_seed":false,"campfire_upgraded":0,"win_rate":0.0,"timestamp":1609096658,"path_taken":["M","M","M","$","?","?","?","M","T","E","?","M","E"],"items_purchased_type":["Card"],"build_version":"2020-12-22","purchased_purges":1,"victory":false,"max_hp_per_floor":[70,70,70,70,70,65,65,65,65,65,65,65,65,65],"card_choices":[{"not_picked":["Slice","Skewer"],"picked":"Leg Sweep","floor":1.0},{"not_picked":["Outmaneuver","Slice"],"picked":"Acrobatics","floor":2.0},{"not_picked":["Calculated Gamble","Deflect"],"picked":"PiercingWail","floor":3.0},{"not_picked":["Dagger Spray","Quick Slash"],"picked":"Grand Finale","floor":8.0},{"not_picked":["Outmaneuver","Poisoned Stab"],"picked":"Venomology","floor":10.0},{"not_picked":["Distraction","Catalyst"],"picked":"Eviscerate","floor":12}],"player_experience":114793,"relics_obtained":[{"floor":9.0,"key":"Eternal Feather"},{"floor":10.0,"key":"Gambling Chip"}],"event_choices":[{"damage_healed":0.0,"max_hp_gain":0.0,"max_hp_loss":0.0,"gold_gain":0.0,"event_name":"Shining Light","player_choice":"Entered Light","floor":5.0,"gold_loss":0.0,"damage_taken":14.0,"cards_upgraded":["Strike_G","Defend_G"]},{"damage_healed":0.0,"max_hp_gain":0.0,"max_hp_loss":5.0,"gold_gain":0.0,"event_name":"Golden Idol","player_choice":"Lose Max HP","floor":6.0,"gold_loss":0.0,"damage_taken":0.0,"relics_obtained":["Golden Idol"]},{"damage_healed":0.0,"max_hp_gain":0.0,"max_hp_loss":0.0,"gold_gain":75.0,"event_name":"World of Goop","player_choice":"Gather Gold","floor":11.0,"gold_loss":0.0,"damage_taken":11.0}],"is_beta":false,"boss_relics":[],"items_purged_floors":[4],"is_endless":false,"potions_floor_spawned":[3,8,10],"killed_by":"Lagavulin","ascension_level":7}}