{"host":"kdt6w7ix8lwe69i9","time":1609101271,"event":{"mods":["Arknights The Spire","Bartender","BaseMod","Downfall","Fiend Mod","Jorbs\u0027s Wanderer Trilogy","Minty Spire (QoL Compilation)","Reimu（博丽灵梦）","Robot Space Explorer","StSLib","The Caster","The Cursed","The Disciple","The Dragon Tamer","The Druid","The Elementalist","The Forsaken","The Gatherer","The Judge","The Marked","TheBandit"],"gold_per_floor":[117,40,53,53,53,72,90,90,113,113,128,141,161,202,202,202,202],"floor_reached":16,"playtime":1543,"items_purged":[],"score":104,"play_id":"96024a2c-0f98-4cd2-a5c5-268090688370","local_time":"20201227153431","is_ascension_mode":false,"campfire_choices":[{"data":"caster:IcicleLance","floor":10,"key":"SMITH"},{"floor":15,"key":"REST"}],"circlet_count":0,"master_deck":["caster:Meteor","caster:DivertFocus","caster:strike","caster:strike","caster:strike","caster:strike","caster:defend","caster:defend","caster:defend","caster:defend","caster:defend","caster:LightningBolt","caster:MegaloSpark","caster:QuickCast","Injury","caster:JupitelThunder","caster:IcicleLance+1","caster:Slick+1","caster:WallOfMirrors","caster:Unearth","caster:Sleet","caster:Sandstorm"],"relics":["caster:MagicBook","NeowsBlessing","Golden Idol","Centennial Puzzle","Akabeko","ats:Originium","PureWhite:ReiMu"],"acts_visited":["Exordium"],"potions_floor_usage":[7,7,14,16],"damage_taken":[{"damage":0,"enemies":"Cultist","floor":1,"turns":1},{"damage":0,"enemies":"2 Louse","floor":3,"turns":1},{"damage":2,"enemies":"Small Slimes","floor":6,"turns":2},{"damage":9,"enemies":"Exordium Thugs","floor":7,"turns":5},{"damage":4,"enemies":"Lots of Slimes","floor":11,"turns":3},{"damage":20,"enemies":"Gremlin Gang","floor":12,"turns":5},{"damage":3,"enemies":"Red Slaver","floor":13,"turns":3},{"damage":16,"enemies":"Gremlin Nob","floor":14,"turns":5},{"damage":26,"enemies":"Slime Boss","floor":16,"turns":9}],"seed_played":"-7385991063045341186","potions_obtained":[{"floor":1,"key":"Fire Potion"},{"floor":6,"key":"Explosive Potion"},{"floor":7,"key":"PowerPotion"},{"floor":14,"key":"hexamod:EctoCoolerPotion"}],"is_trial":false,"path_per_floor":["M","$","M","?","?","M","M","?","T","R","M","M","M","E","R","B"],"character_chosen":"THE_CASTER","items_purchased":["caster:MegaloSpark"],"campfire_rested":1,"item_purchase_floors":[2],"current_hp_per_floor":[64,64,64,64,57,55,46,46,46,46,42,22,20,5,24,0,0],"gold":202,"neow_bonus":"THREE_ENEMY_KILL","is_daily":false,"chose_seed":false,"campfire_upgraded":1,"win_rate":0.0,"timestamp":1609101271,"path_taken":["M","?","M","?","?","?","M","?","T","R","?","?","M","E","R","BOSS"],"items_purchased_type":["Card"],"build_version":"2020-12-22","purchased_purges":0,"victory":false,"max_hp_per_floor":[64,64,64,64,64,64,64,64,64,64,64,64,64,64,64,64,64],"card_choices":[{"not_picked":["caster:WallOfSwords","caster:Eruption"],"picked":"caster:LightningBolt","floor":1},{"not_picked":["caster:Discharge","caster:LAZER"],"picked":"caster:QuickCast","floor":3},{"not_picked":["caster:MeteorStorm","caster:FlashSpeed"],"picked":"caster:JupitelThunder","floor":6},{"not_picked":["caster:Enfeeble","caster:FireWall"],"picked":"caster:IcicleLance","floor":7},{"not_picked":["caster:Illusion","caster:MagicResonance"],"picked":"caster:WallOfMirrors","floor":11},{"not_picked":["caster:Illusion","caster:MegaloSpark"],"picked":"caster:Unearth","floor":12},{"not_picked":["caster:LAZER","caster:LightningBolt"],"picked":"caster:Sleet","floor":13},{"not_picked":["caster:WallOfRocks","caster:Conflagrate"],"picked":"caster:Sandstorm","floor":14}],"player_experience":1615381,"relics_obtained":[{"floor":9,"key":"Akabeko"},{"floor":14,"key":"ats:Originium"},{"floor":14,"key":"PureWhite:ReiMu"}],"event_choices":[{"damage_healed":0,"gold_gain":0,"player_choice":"Take Wound","damage_taken":0,"relics_obtained":["Golden Idol"],"max_hp_gain":0,"max_hp_loss":0,"event_name":"Golden Idol","floor":4,"gold_loss":0,"cards_obtained":["Injury"]},{"damage_healed":0,"gold_gain":0,"player_choice":"Success","damage_taken":7,"relics_obtained":["Centennial Puzzle"],"max_hp_gain":0,"max_hp_loss":0,"event_name":"Scrap Ooze","floor":5,"gold_loss":0}],"is_beta":false,"boss_relics":[],"items_purged_floors":[],"is_endless":false,"potions_floor_spawned":[1,6,7,14],"killed_by":"Slime Boss","ascension_level":0}}