{"host":"wy23tj84iquxuyyu","time":1609105912,"event":{"mods":["Aspiration","BaseMod","Better Note","Colored Map","Fireblade Mod","Hermit","Marked Mod","Minty Spire (QoL Compilation)","Random Character Button","Rare Cards Sparkle","Relic Stats","Replay The Spire","Retaliation","Spicy Shops","StSLib","The Cursed","The Death Knight","The Necromancer","Trackpad"],"gold_per_floor":[110,110,236,236,259,259,274,293,293,313,313,341,341,359,359,359,359],"floor_reached":16,"playtime":931,"items_purged":[],"score":100,"play_id":"74f70fab-88b3-4676-9201-49173cac67e9","local_time":"20201227165152","is_ascension_mode":false,"campfire_choices":[{"data":"True Grit","floor":6,"key":"SMITH"},{"data":"DDmod:EasePowerCard","floor":13,"key":"SMITH"},{"floor":15,"key":"REST"}],"circlet_count":0,"master_deck":["Strike_R","Strike_R","Strike_R","Strike_R","Strike_R","Defend_R","Defend_R","Defend_R","Defend_R","Bash","True Grit+1","DDmod:EasePowerCard+1","ReplayTheSpireMod:Doomed","True Grit","ReplayTheSpireMod:Strike From Hell","Replay:Undeath\u0027s Touch","DDmod:EasePowerCard"],"relics":["Burning Blood","ReplayTheSpireMod:CursedCoin","trackpad:IceCube","Garlic","Tiny Chest"],"acts_visited":["Exordium"],"potions_floor_usage":[12],"damage_taken":[{"damage":0,"enemies":"2 Louse","floor":1,"turns":3},{"damage":5,"enemies":"Jaw Worm","floor":7,"turns":6},{"damage":7,"enemies":"Cultist","floor":8,"turns":7},{"damage":7,"enemies":"Blue Slaver","floor":10,"turns":8},{"damage":33,"enemies":"Gremlin Nob","floor":12,"turns":6},{"damage":26,"enemies":"Gremlin Gang","floor":14,"turns":9},{"damage":95,"enemies":"Hexaghost","floor":16,"turns":16}],"seed_played":"2617671670393349930","potions_obtained":[{"floor":8,"key":"AttackPotion"},{"floor":12,"key":"Milkshake"}],"is_trial":false,"path_per_floor":["M","?","$","?","T","R","M","M","T","M","?","E","R","M","R","B"],"character_chosen":"IRONCLAD","items_purchased":["DDmod:EasePowerCard","ReplayTheSpireMod:CursedCoin"],"campfire_rested":1,"item_purchase_floors":[3,3],"current_hp_per_floor":[80,73,73,73,73,73,78,80,80,80,80,56,56,50,74,0,0],"gold":359,"neow_bonus":"ONE_RANDOM_RARE_CARD","is_daily":false,"chose_seed":false,"campfire_upgraded":2,"win_rate":0.0,"timestamp":1609105912,"path_taken":["M","?","$","?","?","R","M","?","T","M","?","E","R","M","R","BOSS"],"items_purchased_type":["Card","Relic"],"build_version":"2020-12-22","purchased_purges":0,"victory":false,"max_hp_per_floor":[80,80,80,80,80,80,80,80,80,80,80,80,80,80,80,80,80],"relic_stats":{"counters":[7,55],"Tiny Chest":0,"obtain_stats":[{"trackpad:IceCube":5,"ReplayTheSpireMod:CursedCoin":3,"Tiny Chest":12,"Garlic":9,"Burning Blood":0},{"trackpad:IceCube":1,"ReplayTheSpireMod:CursedCoin":1,"Tiny Chest":5,"Garlic":3,"Burning Blood":0},{"trackpad:IceCube":3,"ReplayTheSpireMod:CursedCoin":3,"Tiny Chest":30,"Garlic":16,"Burning Blood":0}],"Burning Blood":28},"card_choices":[{"not_picked":["Intimidate","ReplayTheSpireMod:Strike From Hell"],"picked":"True Grit","floor":1},{"not_picked":["ReplayTheSpireMod:Corrosion Curse","Thunderclap"],"picked":"True Grit","floor":7},{"not_picked":["DDmod:EasePowerCard","Combust"],"picked":"ReplayTheSpireMod:Strike From Hell","floor":8},{"not_picked":["Rupture","Replay:Undeath\u0027s Touch","Sword Boomerang"],"picked":"SKIP","floor":10},{"not_picked":["Rupture","Sword Boomerang"],"picked":"Replay:Undeath\u0027s Touch","floor":10},{"not_picked":["Feed","ReplayTheSpireMod:Limb From Limb","Iron Wave"],"picked":"SKIP","floor":12},{"not_picked":["DDmod:PokeAttack","Iron Wave"],"picked":"DDmod:EasePowerCard","floor":14}],"player_experience":822918,"relics_obtained":[{"floor":5,"key":"trackpad:IceCube"},{"floor":9,"key":"Garlic"},{"floor":12,"key":"Tiny Chest"}],"event_choices":[{"cards_removed":["DDmod:AllInSkill"],"damage_healed":0,"gold_gain":0,"player_choice":"Card Removal","damage_taken":7,"max_hp_gain":0,"max_hp_loss":0,"event_name":"Golden Wing","floor":2,"gold_loss":0},{"damage_healed":0,"gold_gain":0,"player_choice":"Leave","damage_taken":0,"max_hp_gain":0,"max_hp_loss":0,"event_name":"The Cleric","floor":4,"gold_loss":0},{"damage_healed":0,"gold_gain":0,"player_choice":"Ignored","damage_taken":0,"max_hp_gain":0,"max_hp_loss":0,"event_name":"Fountain of Cleansing","floor":11,"gold_loss":0}],"is_beta":false,"boss_relics":[],"items_purged_floors":[],"is_endless":false,"potions_floor_spawned":[8,12],"killed_by":"Hexaghost","ascension_level":0}}