{"host":"newqdrzxfhh2im9e","time":1609093017,"event":{"mods":["AchievementEnabler","BaseMod","BetterRewards","Block Reminder","Colored Map","Jorbs\u0027s Wanderer Trilogy","Minty Spire (QoL Compilation)","Rare Cards Sparkle","Shop Mod","StSLib"],"gold_per_floor":[115,127,51,51,67,67,86,100,100,435,435,445,473,473,473,473,473],"floor_reached":16,"playtime":556,"items_purged":[],"score":164,"play_id":"815e25f2-ea9d-48ec-bca2-f3eb690dac6f","local_time":"20201227101657","is_ascension_mode":true,"campfire_choices":[{"data":"Electrodynamics","floor":6,"key":"SMITH"},{"data":"Hyperbeam","floor":11,"key":"SMITH"},{"data":"Self Repair","floor":15,"key":"SMITH"}],"circlet_count":0,"master_deck":["Strike_B","Strike_B","Strike_B","Strike_B","Defend_B","Defend_B","Defend_B","Defend_B","Zap","Dualcast","Electrodynamics+1","Double Energy","Self Repair+1","Glacier","Genetic Algorithm","Hyperbeam+1","Blizzard","Fission+1"],"relics":["Cracked Core","CultistMask","Dead Branch","Old Coin","Eternal Feather"],"acts_visited":["Exordium"],"potions_floor_usage":[5,10,13,16],"damage_taken":[{"damage":7,"enemies":"Jaw Worm","floor":1,"turns":2},{"damage":6,"enemies":"Cultist","floor":2,"turns":3},{"damage":0,"enemies":"2 Louse","floor":5,"turns":1},{"damage":7,"enemies":"Looter","floor":7,"turns":3},{"damage":4,"enemies":"Exordium Wildlife","floor":8,"turns":2},{"damage":22,"enemies":"Lagavulin","floor":10,"turns":9},{"damage":0,"enemies":"Large Slime","floor":12,"turns":4},{"damage":0,"enemies":"Gremlin Nob","floor":13,"turns":3},{"damage":92,"enemies":"Hexaghost","floor":16,"turns":10}],"seed_played":"-2173558167639209598","potions_obtained":[{"floor":2,"key":"ColorlessPotion"},{"floor":5,"key":"SpeedPotion"},{"floor":10,"key":"Regen Potion"},{"floor":12,"key":"DistilledChaos"}],"is_trial":false,"path_per_floor":["M","M","$","?","M","R","M","M","T","E","R","M","E","?","R","B"],"character_chosen":"DEFECT","items_purchased":["Self Repair"],"campfire_rested":0,"item_purchase_floors":[3],"current_hp_per_floor":[68,62,62,62,69,69,69,72,72,57,57,64,71,71,75,0,0],"gold":473,"neow_bonus":"ONE_RANDOM_RARE_CARD","is_daily":false,"chose_seed":false,"campfire_upgraded":3,"win_rate":0.0,"timestamp":1609093017,"path_taken":["M","M","$","?","M","R","?","M","T","E","R","M","E","?","R","BOSS"],"items_purchased_type":["Card"],"build_version":"2020-12-22","purchased_purges":0,"victory":false,"max_hp_per_floor":[75,75,75,75,75,75,75,75,75,75,75,75,75,75,75,75,75],"card_choices":[{"not_picked":["Coolheaded","Go for the Eyes"],"picked":"Double Energy","floor":1},{"not_picked":["Cold Snap","Hologram","Gash"],"picked":"SKIP","floor":2},{"not_picked":["Redo","Stack","Compile Driver"],"picked":"SKIP","floor":5},{"not_picked":["Redo","Sweeping Beam"],"picked":"Glacier","floor":7},{"not_picked":["Melter","Turbo"],"picked":"Genetic Algorithm","floor":8},{"not_picked":["Fusion","Conserve Battery"],"picked":"Hyperbeam","floor":10},{"not_picked":["Reprogram","Ball Lightning"],"picked":"Blizzard","floor":12},{"not_picked":["Ball Lightning","Steam Power"],"picked":"Fission","floor":13}],"player_experience":651560,"relics_obtained":[{"floor":9,"key":"Dead Branch"},{"floor":10,"key":"Old Coin"},{"floor":13,"key":"Eternal Feather"}],"event_choices":[{"damage_healed":0,"gold_gain":0,"player_choice":"Trade","damage_taken":0,"relics_obtained":["CultistMask"],"max_hp_gain":0,"max_hp_loss":0,"event_name":"FaceTrader","floor":4,"gold_loss":0},{"damage_healed":0,"gold_gain":0,"player_choice":"Upgraded","damage_taken":0,"max_hp_gain":0,"max_hp_loss":0,"event_name":"Upgrade Shrine","floor":14,"gold_loss":0,"cards_upgraded":["Fission"]}],"is_beta":false,"boss_relics":[],"items_purged_floors":[],"is_endless":false,"potions_floor_spawned":[2,5,10,12],"killed_by":"Hexaghost","ascension_level":4}}