{"host":"fne7yx97fnz7kq05","time":1609042387,"event":{"mods":["BaseMod","Colored Map","Colored Powertips","Highlight Path","Minty Spire (QoL Compilation)","Relic Stats"],"gold_per_floor":[15,15,35,45,57,57,90,90,114,146,164,183,12,12,12,88,88,99,117,127,127,49,49,80,99,99,113,140,90,9,29,29,105,105,122,142,158,176,196,196,221,28,28,28,38,38,38,38,38,38,38,38,10,39,39],"floor_reached":56,"playtime":6649,"items_purged":["Skewer","All Out Attack+1"],"score":2019,"play_id":"c5245f27-dcda-4974-a473-0dc82099b0a2","local_time":"20201226221307","is_ascension_mode":true,"campfire_choices":[{"data":"Noxious Fumes","floor":6.0,"key":"SMITH"},{"floor":8.0,"key":"REST"},{"data":"Malaise","floor":15.0,"key":"SMITH"},{"data":"Well Laid Plans","floor":23.0,"key":"SMITH"},{"floor":32.0,"key":"REST"},{"data":"Burst","floor":40.0,"key":"SMITH"},{"floor":47.0,"key":"RECALL"},{"data":"Burst","floor":49.0,"key":"SMITH"},{"data":"Well Laid Plans","floor":52.0,"key":"SMITH"}],"circlet_count":0,"master_deck":["AscendersBane","Survivor","Neutralize+1","Malaise+1","PiercingWail","After Image","Noxious Fumes+1","Backstab","Die Die Die","Deadly Poison","Bullet Time","Dodge and Roll","Endless Agony","Backstab+1","Deadly Poison","Burst+1","Burst+1","Leg Sweep","PiercingWail","Predator","Well Laid Plans+1","Backflip","Venomology","Corpse Explosion+1","PiercingWail+1","Leg Sweep","Well Laid Plans+1","Blur+1","PanicButton","Caltrops+1"],"relics":["Ring of the Snake","Bag of Marbles","Art of War","Membership Card","Pandora\u0027s Box","Snake Skull","Paper Crane","Happy Flower","ClockworkSouvenir","Astrolabe","Juzu Bracelet","Gremlin Horn","Whetstone","Boot"],"acts_visited":["Exordium","TheCity","TheBeyond","TheEnding"],"potions_floor_usage":[55,55,55],"damage_taken":[{"damage":13.0,"enemies":"Jaw Worm","floor":1.0,"turns":11.0},{"damage":3.0,"enemies":"Cultist","floor":3.0,"turns":6.0},{"damage":3.0,"enemies":"Small Slimes","floor":4.0,"turns":5.0},{"damage":2.0,"enemies":"3 Louse","floor":5.0,"turns":5.0},{"damage":36.0,"enemies":"Gremlin Nob","floor":7.0,"turns":6.0},{"damage":19.0,"enemies":"3 Sentries","floor":10.0,"turns":8.0},{"damage":0.0,"enemies":"Exordium Wildlife","floor":11.0,"turns":5.0},{"damage":0.0,"enemies":"Gremlin Gang","floor":12.0,"turns":6.0},{"damage":3.0,"enemies":"Hexaghost","floor":16.0,"turns":9.0},{"damage":0.0,"enemies":"Spheric Guardian","floor":18.0,"turns":3.0},{"damage":4.0,"enemies":"3 Byrds","floor":19.0,"turns":5.0},{"damage":1.0,"enemies":"Snecko","floor":20.0,"turns":9.0},{"damage":13.0,"enemies":"Book of Stabbing","floor":24.0,"turns":6.0},{"damage":2.0,"enemies":"Centurion and Healer","floor":25.0,"turns":6.0},{"damage":14.0,"enemies":"Snake Plant","floor":27.0,"turns":4.0},{"damage":0.0,"enemies":"Gremlin Leader","floor":28.0,"turns":9.0},{"damage":19.0,"enemies":"3 Cultists","floor":31.0,"turns":6.0},{"damage":8.0,"enemies":"Champ","floor":33.0,"turns":11.0},{"damage":0.0,"enemies":"3 Shapes","floor":35.0,"turns":4.0},{"damage":1.0,"enemies":"3 Darklings","floor":36.0,"turns":2.0},{"damage":0.0,"enemies":"Jaw Worm Horde","floor":37.0,"turns":2.0},{"damage":3.0,"enemies":"Sphere and 2 Shapes","floor":38.0,"turns":5.0},{"damage":18.0,"enemies":"Transient","floor":39.0,"turns":6.0},{"damage":19.0,"enemies":"Nemesis","floor":41.0,"turns":11.0},{"damage":9.0,"enemies":"Jaw Worm Horde","floor":45.0,"turns":4.0},{"damage":4.0,"enemies":"Awakened One","floor":50.0,"turns":18.0},{"damage":16.0,"enemies":"Shield and Spear","floor":54.0,"turns":8.0},{"damage":24,"enemies":"The Heart","floor":55,"turns":13}],"seed_played":"2726255567075375339","potions_obtained":[{"floor":7.0,"key":"FearPotion"},{"floor":10.0,"key":"Swift Potion"},{"floor":11.0,"key":"FearPotion"},{"floor":14.0,"key":"Regen Potion"},{"floor":16.0,"key":"GamblersBrew"},{"floor":18.0,"key":"Regen Potion"},{"floor":25.0,"key":"Dexterity Potion"},{"floor":27.0,"key":"EntropicBrew"},{"floor":45.0,"key":"AttackPotion"},{"floor":54.0,"key":"BlessingOfTheForge"}],"is_trial":false,"path_per_floor":["M","?","M","M","M","R","E","R","T","E","M","M","$","?","R","B",null,"M","M","M","?","$","R","E","M","T","M","E","?","$","M","R","B",null,"M","M","M","M","M","R","E","$","T","?","M","?","R","?","R","B",null,"R","$","E","B",null],"character_chosen":"THE_SILENT","items_purchased":["Membership Card","Well Laid Plans","ClockworkSouvenir","Gremlin Horn","SkillPotion"],"campfire_rested":2,"item_purchase_floors":[13,22,30,42,53],"current_hp_per_floor":[46,46,43,40,38,38,2,21,21,2,2,2,2,2,2,14,53,53,49,48,48,48,48,50,48,48,34,34,34,34,15,34,26,56,56,55,55,52,34,34,15,15,15,15,6,54,54,51,51,47,50,50,50,34,10],"gold":39,"neow_bonus":"THREE_RARE_CARDS","is_daily":false,"chose_seed":false,"campfire_upgraded":6,"win_rate":0.0,"timestamp":1609042387,"path_taken":["M","?","M","M","?","R","E","R","T","E","M","?","?","?","R","BOSS","M","M","?","?","$","R","E","M","T","M","E","?","$","M","R","BOSS","M","M","?","M","M","R","E","$","T","?","M","?","R","?","R","BOSS","R","$","E","BOSS"],"items_purchased_type":["Relic","Card","Relic","Relic","Potion"],"build_version":"2020-12-22","purchased_purges":2,"victory":true,"max_hp_per_floor":[66,66,66,66,66,66,66,66,66,66,66,66,66,66,66,66,66,66,66,66,66,66,66,66,66,66,66,66,66,66,66,66,66,66,66,66,66,66,66,66,66,66,66,66,66,54,54,51,51,51,51,51,51,51,51],"relic_stats":{"Happy Flower":[30],"Gremlin Horn":[4,4],"counters":[28,193],"Astrolabe":["Corpse Explosion","PiercingWail","All Out Attack"],"Pandora\u0027s Box":["Deadly Poison","Bullet Time","Dodge and Roll","Endless Agony","Backstab","Skewer","Deadly Poison","Burst","Burst","Leg Sweep"],"Snake Skull":[169],"Art of War":[45],"Juzu Bracelet":0,"Whetstone":["Backstab","Neutralize"],"Boot":[6],"obtain_stats":[{"Happy Flower":28,"Gremlin Horn":42,"Astrolabe":34,"Snake Skull":24,"Juzu Bracelet":41,"Whetstone":43,"Paper Crane":26,"Boot":54,"ClockworkSouvenir":30,"Pandora\u0027s Box":17,"Bag of Marbles":7,"Art of War":10,"Membership Card":13,"Ring of the Snake":0},{"Happy Flower":16,"Gremlin Horn":24,"Astrolabe":18,"Snake Skull":13,"Juzu Bracelet":24,"Whetstone":24,"Paper Crane":14,"Boot":27,"ClockworkSouvenir":16,"Pandora\u0027s Box":9,"Bag of Marbles":5,"Art of War":6,"Membership Card":8,"Ring of the Snake":0},{"Happy Flower":103,"Gremlin Horn":150,"Astrolabe":120,"Snake Skull":84,"Juzu Bracelet":150,"Whetstone":150,"Paper Crane":90,"Boot":180,"ClockworkSouvenir":103,"Pandora\u0027s Box":61,"Bag of Marbles":33,"Art of War":41,"Membership Card":52,"Ring of the Snake":0}],"Ring of the Snake":[58]},"card_choices":[{"not_picked":["Adrenaline","After Image"],"picked":"Malaise","floor":0.0},{"not_picked":["Backflip","Bane"],"picked":"PiercingWail","floor":1.0},{"not_picked":["Expertise","Prepared"],"picked":"Quick Slash","floor":3.0},{"not_picked":["Deflect","Sucker Punch"],"picked":"Noxious Fumes","floor":4.0},{"not_picked":["Acrobatics","Underhanded Strike","Infinite Blades"],"picked":"SKIP","floor":5.0},{"not_picked":["Accuracy","Concentrate","Dodge and Roll"],"picked":"SKIP","floor":7.0},{"not_picked":["Riddle With Holes","Endless Agony"],"picked":"Backstab","floor":10.0},{"not_picked":["Sucker Punch","Envenom"],"picked":"Deadly Poison","floor":11.0},{"not_picked":["Slice","Dagger Throw"],"picked":"Flying Knee","floor":12.0},{"not_picked":["Glass Knife","After Image"],"picked":"Die Die Die","floor":16.0},{"not_picked":["Quick Slash","Dagger Spray"],"picked":"PiercingWail","floor":18.0},{"not_picked":["Flying Knee","Noxious Fumes","Endless Agony"],"picked":"SKIP","floor":19.0},{"not_picked":["Dagger Spray","Choke"],"picked":"Predator","floor":20.0},{"not_picked":["Deadly Poison","Bane","Dagger Throw"],"picked":"SKIP","floor":24.0},{"not_picked":["Prepared","Blade Dance"],"picked":"Backflip","floor":25.0},{"not_picked":["Underhanded Strike+1","Accuracy","Concentrate"],"picked":"SKIP","floor":27.0},{"not_picked":["Storm of Steel","Skewer","Cloak And Dagger"],"picked":"SKIP","floor":28.0},{"not_picked":["Quick Slash","Deflect","Sucker Punch"],"picked":"SKIP","floor":31.0},{"not_picked":["Burst","Bullet Time"],"picked":"Venomology","floor":33.0},{"not_picked":["Concentrate","Bane"],"picked":"Leg Sweep","floor":35.0},{"not_picked":["All Out Attack","Dagger Throw","Poisoned Stab"],"picked":"SKIP","floor":36.0},{"not_picked":["Deadly Poison","Predator+1","Infinite Blades"],"picked":"SKIP","floor":37.0},{"not_picked":["Bouncing Flask","Well Laid Plans","Slice"],"picked":"SKIP","floor":38.0},{"not_picked":["Cloak And Dagger","Caltrops"],"picked":"Well Laid Plans","floor":39.0},{"not_picked":["Caltrops","Expertise"],"picked":"Blur+1","floor":41.0},{"not_picked":["Deep Breath","Finesse"],"picked":"PanicButton","floor":44.0},{"not_picked":["All Out Attack","Outmaneuver","Reflex"],"picked":"SKIP","floor":45.0},{"not_picked":["Riddle With Holes","Die Die Die"],"picked":"Caltrops+1","floor":54.0}],"player_experience":233691,"relics_obtained":[{"floor":7.0,"key":"Bag of Marbles"},{"floor":10.0,"key":"Art of War"},{"floor":24.0,"key":"Snake Skull"},{"floor":26.0,"key":"Paper Crane"},{"floor":28.0,"key":"Happy Flower"},{"floor":41.0,"key":"Juzu Bracelet"},{"floor":43.0,"key":"Whetstone"},{"floor":54.0,"key":"Boot"}],"event_choices":[{"damage_healed":0.0,"max_hp_gain":0.0,"max_hp_loss":0.0,"gold_gain":0.0,"event_name":"Match and Keep!","player_choice":"1 cards matched","floor":2.0,"gold_loss":0.0,"damage_taken":0.0,"cards_obtained":["After Image"]},{"damage_healed":0.0,"max_hp_gain":0.0,"max_hp_loss":0.0,"gold_gain":0.0,"event_name":"Lab","player_choice":"Got Potions","floor":14.0,"gold_loss":0.0,"damage_taken":0.0},{"damage_healed":0.0,"max_hp_gain":0.0,"max_hp_loss":0.0,"gold_gain":0.0,"event_name":"Vampires","player_choice":"Ignored","floor":21.0,"gold_loss":0.0,"damage_taken":0.0},{"damage_healed":0.0,"max_hp_gain":0.0,"max_hp_loss":0.0,"gold_gain":0.0,"event_name":"The Joust","player_choice":"Bet on Owner","floor":29.0,"gold_loss":50.0,"damage_taken":0.0},{"damage_healed":0.0,"max_hp_gain":0.0,"max_hp_loss":0.0,"gold_gain":0.0,"event_name":"SensoryStone","player_choice":"Memory 1","floor":44.0,"gold_loss":0.0,"damage_taken":0.0},{"damage_healed":54.0,"max_hp_gain":0.0,"max_hp_loss":12.0,"gold_gain":0.0,"event_name":"The Moai Head","player_choice":"Heal","floor":46.0,"gold_loss":0.0,"damage_taken":0.0},{"damage_healed":0.0,"max_hp_gain":0.0,"max_hp_loss":3.0,"gold_gain":0.0,"event_name":"Winding Halls","player_choice":"Max HP","floor":48.0,"gold_loss":0.0,"damage_taken":0.0}],"is_beta":false,"boss_relics":[{"not_picked":["Ectoplasm","Runic Pyramid"],"picked":"Pandora\u0027s Box"},{"not_picked":["Coffee Dripper","Tiny House"],"picked":"Astrolabe"}],"items_purged_floors":[22,42],"is_endless":false,"potions_floor_spawned":[7,10,11,16,18,25,27,31,36,38,45,54],"ascension_level":17}}