{"host":"rbe3q8xi4jxb8cmk","time":1609110979,"event":{"mods":["BaseMod","Better Third Choice","Hermit","Jorbs\u0027s Wanderer Trilogy","Luminous","Minty Spire (QoL Compilation)","Relic Stats","Shade Mod","StSLib"],"gold_per_floor":[366,541,554,554,554,554,584,603,603,619,619,619,359,383,383,483,483,508,508,508,508,526,565,490,490,490,529,165,202,202,237,237,350,350,376,387,403,2,25,25,43,115,142,142,157,179,179,179,179,184,184,184,36,66,81],"floor_reached":56,"playtime":5071,"items_purged":["hermit:Defend_Hermit","stsjorbsmod:Amnesia"],"score":1546,"play_id":"9b8df834-f46a-43f8-94eb-c2869718b6fa","local_time":"20201228001619","is_ascension_mode":true,"campfire_choices":[{"data":"hermit:Combo","floor":6,"key":"SMITH"},{"floor":11,"key":"REST"},{"data":"hermit:Reprieve","floor":15,"key":"SMITH"},{"data":"hermit:Brawl","floor":25,"key":"SMITH"},{"floor":32,"key":"DIG"},{"data":"hermit:FromBeyond","floor":40,"key":"SMITH"},{"floor":44,"key":"DIG"},{"floor":47,"key":"DIG"},{"floor":49,"key":"RECALL"},{"floor":52,"key":"DIG"}],"circlet_count":0,"master_deck":["hermit:Strike_Hermit","hermit:Strike_Hermit","hermit:Strike_Hermit","hermit:Defend_Hermit","hermit:Defend_Hermit","hermit:Defend_Hermit","hermit:Snapshot","hermit:Covet","hermit:Combo+1","Doubt","hermit:GhostlyPresence","hermit:Deadeye","hermit:Scavenge","hermit:Reprieve+1","hermit:EyeOfTheStorm","hermit:RoundhouseKick","hermit:PistolWhip","Ghostly","Ghostly","Ghostly","Ghostly","Ghostly","Doubt","hermit:Brawl+1","hermit:FullyLoaded+1","Shame","hermit:FromBeyond+1","hermit:TakeAim+1","hermit:Quickdraw+1","hermit:Scavenge","hermit:Reprieve","hermit:Glare+1","hermit:Horror+1","hermit:FlashPowder+1","hermit:Vantage+1"],"relics":["hermit:Momento","Ornamental Fan","hermit:Spyglass","Strange Spoon","Cursed Key","MutagenicStrength","HornCleat","Calipers","Anchor","Shovel","Strawberry","ClockworkSouvenir","Juzu Bracelet","Nilry\u0027s Codex","Kunai","hermit:BartenderGlass","Mummified Hand","HandDrill","Oddly Smooth Stone","Toxic Egg 2","Question Card","hermit:Horseshoe","Lantern"],"acts_visited":["Exordium","TheCity","TheBeyond","TheEnding"],"potions_floor_usage":[7,7,10,12,16,16,18,29,36,36,37,39,39,50,50,50,55,55,55,55],"damage_taken":[{"damage":1,"enemies":"Cultist","floor":1,"turns":4},{"damage":22,"enemies":"Jaw Worm","floor":3,"turns":8},{"damage":21,"enemies":"3 Sentries","floor":7,"turns":7},{"damage":7,"enemies":"Small Slimes","floor":8,"turns":4},{"damage":0,"enemies":"Red Slaver","floor":10,"turns":3},{"damage":0,"enemies":"Lots of Slimes","floor":12,"turns":1},{"damage":5,"enemies":"2 Fungi Beasts","floor":14,"turns":3},{"damage":12,"enemies":"Hexaghost","floor":16,"turns":5},{"damage":4,"enemies":"Spheric Guardian","floor":18,"turns":4},{"damage":8,"enemies":"Chosen","floor":22,"turns":7},{"damage":13,"enemies":"Slavers","floor":23,"turns":9},{"damage":0,"enemies":"Book of Stabbing","floor":27,"turns":6},{"damage":0,"enemies":"Gremlin Leader","floor":29,"turns":5},{"damage":0,"enemies":"Centurion and Healer","floor":31,"turns":6},{"damage":0,"enemies":"Collector","floor":33,"turns":11},{"damage":7,"enemies":"3 Shapes","floor":35,"turns":7},{"damage":0,"enemies":"Orb Walker","floor":36,"turns":2},{"damage":0,"enemies":"Jaw Worm Horde","floor":37,"turns":4},{"damage":0,"enemies":"Transient","floor":39,"turns":5},{"damage":0,"enemies":"3 Darklings","floor":41,"turns":5},{"damage":9,"enemies":"Giant Head","floor":42,"turns":7},{"damage":0,"enemies":"Jaw Worm Horde","floor":45,"turns":3},{"damage":0,"enemies":"Transient","floor":46,"turns":5},{"damage":10,"enemies":"Awakened One","floor":50,"turns":15},{"damage":0,"enemies":"Shield and Spear","floor":54,"turns":5},{"damage":34,"enemies":"The Heart","floor":55,"turns":12}],"seed_played":"571277921036105703","potions_obtained":[{"floor":5,"key":"Strength Potion"},{"floor":5,"key":"AttackPotion"},{"floor":5,"key":"Energy Potion"},{"floor":7,"key":"hermit:Eclipse"},{"floor":8,"key":"EssenceOfSteel"},{"floor":10,"key":"SmokeBomb"},{"floor":14,"key":"DistilledChaos"},{"floor":23,"key":"SkillPotion"},{"floor":27,"key":"EssenceOfSteel"},{"floor":31,"key":"SteroidPotion"},{"floor":36,"key":"Regen Potion"},{"floor":41,"key":"DuplicationPotion"}],"is_trial":false,"path_per_floor":["M","?","M","?","?","R","E","M","T","M","R","M","$","M","R","B",null,"M","?","?","T","M","E","?","R","T","E","$","E","?","M","R","B",null,"M","M","M","$","M","R","M","E","T","R","M","M","R","?","R","B",null,"R","$","E","B",null],"character_chosen":"HERMIT","items_purchased":["Strange Spoon","hermit:EyeOfTheStorm","hermit:TakeAim","Strawberry","ClockworkSouvenir","Mummified Hand","HandDrill","Dexterity Potion"],"campfire_rested":1,"item_purchase_floors":[13,13,28,28,28,38,38,53],"current_hp_per_floor":[74,74,52,52,52,52,31,24,24,24,46,46,46,49,49,41,75,71,71,37,37,37,24,24,24,24,36,43,44,28,36,36,44,44,37,37,44,44,44,44,44,35,35,35,44,44,44,44,44,44,44,44,44,44,10],"gold":81,"neow_bonus":"TWO_FIFTY_GOLD","is_daily":false,"chose_seed":false,"campfire_upgraded":4,"win_rate":0.0,"timestamp":1609110979,"path_taken":["M","?","M","?","?","R","E","M","T","?","R","?","$","M","R","BOSS","M","?","?","?","M","E","?","R","T","E","?","E","?","M","R","BOSS","M","M","M","$","M","R","M","E","T","R","M","M","R","?","R","BOSS","R","$","E","BOSS"],"items_purchased_type":["Relic","Card","Card","Relic","Relic","Relic","Relic","Potion"],"build_version":"2020-12-22","purchased_purges":2,"victory":true,"max_hp_per_floor":[75,75,75,75,75,75,75,75,75,75,75,75,75,75,75,75,75,75,75,37,37,37,37,37,37,37,37,44,44,44,44,44,44,44,44,44,44,44,44,44,44,44,44,44,44,44,44,44,44,44,44,44,44,44,44],"relic_stats":{"Strange Spoon":[114],"Shovel":4,"counters":[26,153],"Ornamental Fan":[176],"Mummified Hand":[27],"Juzu Bracelet":1,"HandDrill":[12],"Kunai":[25],"Cursed Key":3,"Question Card":1,"obtain_stats":[{"Lantern":54,"Calipers":23,"Nilry\u0027s Codex":30,"Oddly Smooth Stone":42,"Juzu Bracelet":29,"Cursed Key":17,"Question Card":47,"ClockworkSouvenir":28,"Strange Spoon":13,"Anchor":26,"HornCleat":21,"Shovel":27,"Ornamental Fan":7,"Mummified Hand":38,"MutagenicStrength":19,"Strawberry":28,"hermit:BartenderGlass":34,"HandDrill":38,"Kunai":32,"Toxic Egg 2":44,"hermit:Horseshoe":52,"hermit:Momento":0,"hermit:Spyglass":9},{"Lantern":25,"Calipers":11,"Nilry\u0027s Codex":13,"Oddly Smooth Stone":21,"Juzu Bracelet":13,"Cursed Key":8,"Question Card":23,"ClockworkSouvenir":12,"Strange Spoon":6,"Anchor":11,"HornCleat":9,"Shovel":12,"Ornamental Fan":3,"Mummified Hand":18,"MutagenicStrength":9,"Strawberry":12,"hermit:BartenderGlass":15,"HandDrill":18,"Kunai":14,"Toxic Egg 2":21,"hermit:Horseshoe":24,"hermit:Momento":0,"hermit:Spyglass":4},{"Lantern":141,"Calipers":55,"Nilry\u0027s Codex":66,"Oddly Smooth Stone":113,"Juzu Bracelet":66,"Cursed Key":35,"Question Card":121,"ClockworkSouvenir":61,"Strange Spoon":27,"Anchor":55,"HornCleat":39,"Shovel":61,"Ornamental Fan":19,"Mummified Hand":96,"MutagenicStrength":39,"Strawberry":61,"hermit:BartenderGlass":83,"HandDrill":96,"Kunai":72,"Toxic Egg 2":113,"hermit:Horseshoe":136,"hermit:Momento":0,"hermit:Spyglass":23}]},"card_choices":[{"not_picked":["hermit:Roulette","hermit:Misfire"],"picked":"hermit:Combo","floor":1},{"not_picked":["hermit:Snipe","hermit:Quickdraw"],"picked":"hermit:GhostlyPresence","floor":3},{"not_picked":["hermit:LowProfile","hermit:BodyArmor"],"picked":"hermit:Deadeye","floor":7},{"not_picked":["hermit:HighCaliber","hermit:Desperado"],"picked":"hermit:Scavenge","floor":8},{"not_picked":["hermit:BodyArmor","hermit:Quickdraw"],"picked":"hermit:Reprieve","floor":10},{"not_picked":["hermit:ItchyTrigger","hermit:Ricochet","hermit:Desperado"],"picked":"SKIP","floor":14},{"not_picked":["hermit:BlackWind","hermit:FatalDesire"],"picked":"hermit:RoundhouseKick","floor":16},{"not_picked":["hermit:Misfire","hermit:Manifest"],"picked":"hermit:PistolWhip","floor":18},{"not_picked":["hermit:WideOpen+1","hermit:HoleUp+1"],"picked":"hermit:Brawl","floor":22},{"not_picked":["hermit:Roulette","hermit:Showdown"],"picked":"hermit:FullyLoaded+1","floor":23},{"not_picked":["hermit:HoleUp","hermit:Maintenance"],"picked":"hermit:FromBeyond","floor":27},{"not_picked":["hermit:Quickdraw+1","hermit:Roulette","hermit:TrackingShot"],"picked":"SKIP","floor":29},{"not_picked":["hermit:Roulette","hermit:TrackingShot"],"picked":"hermit:Quickdraw+1","floor":29},{"not_picked":["hermit:ShadowCloak","hermit:Feint"],"picked":"hermit:Scavenge","floor":31},{"not_picked":["hermit:EternalForm","hermit:BlackWind"],"picked":"hermit:Reprieve","floor":33},{"not_picked":["hermit:Manifest","hermit:CalledShot","hermit:Coalescence+1"],"picked":"SKIP","floor":35},{"not_picked":["hermit:LoneWolf","hermit:Quickdraw"],"picked":"hermit:Glare+1","floor":36},{"not_picked":["hermit:Vantage","hermit:TrackingShot","hermit:Coalescence"],"picked":"SKIP","floor":37},{"not_picked":["hermit:Enervate","hermit:CalledShot","hermit:Feint"],"picked":"SKIP","floor":39},{"not_picked":["hermit:Headshot+1","hermit:SprayPray"],"picked":"hermit:Horror+1","floor":41},{"not_picked":["hermit:Combo","hermit:Manifest"],"picked":"hermit:FlashPowder+1","floor":42},{"not_picked":["hermit:Determination+1","hermit:BodyArmor+1"],"picked":"hermit:Vantage+1","floor":45},{"not_picked":["hermit:TrackingShot+1","hermit:HoleUp+1","hermit:EyeOfTheStorm+1"],"picked":"SKIP","floor":46},{"not_picked":["hermit:SprayPray","hermit:LuckOfTheDraw+1","hermit:ShadowCloak+1","hermit:Combo+1"],"picked":"SKIP","floor":54}],"player_experience":764783,"relics_obtained":[{"floor":7,"key":"Ornamental Fan"},{"floor":9,"key":"hermit:Spyglass"},{"floor":21,"key":"HornCleat"},{"floor":23,"key":"Calipers"},{"floor":26,"key":"Anchor"},{"floor":27,"key":"Shovel"},{"floor":29,"key":"Juzu Bracelet"},{"floor":30,"key":"Nilry\u0027s Codex"},{"floor":32,"key":"Kunai"},{"floor":42,"key":"Oddly Smooth Stone"},{"floor":44,"key":"Toxic Egg 2"},{"floor":47,"key":"Question Card"},{"floor":52,"key":"hermit:Horseshoe"},{"floor":54,"key":"Lantern"}],"event_choices":[{"damage_healed":0,"gold_gain":175,"player_choice":"AGREE","damage_taken":366,"max_hp_gain":0,"max_hp_loss":0,"event_name":"betterThird:BetterSerpent","floor":2,"gold_loss":0},{"cards_removed":["stsjorbsmod:Amnesia"],"damage_healed":0,"gold_gain":0,"player_choice":"Forget","damage_taken":0,"max_hp_gain":0,"max_hp_loss":0,"event_name":"Living Wall","floor":4,"gold_loss":0},{"damage_healed":0,"gold_gain":0,"player_choice":"Got Potions","damage_taken":0,"max_hp_gain":0,"max_hp_loss":0,"event_name":"Lab","floor":5,"gold_loss":0},{"damage_healed":0,"gold_gain":0,"player_choice":"Inject Mutagens","damage_taken":0,"relics_obtained":["MutagenicStrength"],"max_hp_gain":0,"max_hp_loss":0,"event_name":"Drug Dealer","floor":19,"gold_loss":0},{"damage_healed":0,"gold_gain":0,"player_choice":"Became a Ghost","damage_taken":0,"max_hp_gain":0,"max_hp_loss":38,"event_name":"Ghosts","floor":20,"gold_loss":0,"cards_obtained":["Ghostly","Ghostly","Ghostly","Ghostly","Ghostly"]},{"cards_removed":["hermit:Strike_Hermit"],"damage_healed":0,"gold_gain":0,"player_choice":"Gave Gold","damage_taken":0,"max_hp_gain":0,"max_hp_loss":0,"event_name":"Beggar","floor":24,"gold_loss":75},{"damage_healed":0,"gold_gain":0,"player_choice":"Obtained Book","damage_taken":16,"max_hp_gain":0,"max_hp_loss":0,"event_name":"Cursed Tome","floor":30,"gold_loss":0},{"damage_healed":0,"gold_gain":0,"player_choice":"Forge","damage_taken":0,"max_hp_gain":0,"max_hp_loss":0,"event_name":"Accursed Blacksmith","floor":48,"gold_loss":0,"cards_upgraded":["hermit:TakeAim"]}],"is_beta":false,"boss_relics":[{"not_picked":["Runic Pyramid","Philosopher\u0027s Stone"],"picked":"Cursed Key"},{"not_picked":["Astrolabe","Fusion Hammer"],"picked":"hermit:BartenderGlass"}],"items_purged_floors":[13,53],"is_endless":false,"potions_floor_spawned":[7,8,10,14,23,27,31,36,41,45],"ascension_level":3}}