{"host":"se62q65hiqxz7cab","time":1609050511,"event":{"mods":["Act Like it!","BaseMod","Colored Map","Hallownest","KinomotoSakuraMod(Ä¾Ö®±¾Ó£)","Minty Spire (QoL Compilation)","Replay The Spire","StSLib","The Bug Knight","The Cursed"],"gold_per_floor":[109,128,128,145,163,163,196,196,196,210,210,239,239,239,239,335,335,355,373,388,388,388],"floor_reached":21,"playtime":1199,"items_purged":[],"score":191,"play_id":"d478f9b7-bf4b-4aa3-a5f5-e6d130d77896","local_time":"20201227142831","is_ascension_mode":false,"campfire_choices":[{"data":"HollowMod:SoulStrike","floor":6,"key":"SMITH"},{"floor":8,"key":"REST"},{"data":"HollowMod:GrimmsGift","floor":11,"key":"SMITH"},{"floor":13,"key":"REST"},{"floor":15,"key":"REST"}],"circlet_count":0,"master_deck":["HollowMod:NailStrikeStart","HollowMod:NailStrikeStart","HollowMod:NailStrikeStart","HollowMod:NailStrikeStart+1","HollowMod:QuickDashStart","HollowMod:QuickDashStart","HollowMod:QuickDashStart","HollowMod:QuickDashStart","HollowMod:FocusHealStart","HollowMod:PogoStrike","Trip","HollowMod:PureNailStrike+1","HollowMod:GrimmsGift+1","HollowMod:DoubleDash","HollowMod:SoulStrike+1","HollowMod:CloakDash","HollowMod:SoulEater+1","HollowMod:CloakDash","HollowMod:SlysStrikes+1","HollowMod:HowlingWraiths+1","HollowMod:GoodIntentions","HollowMod:CycloneSlash"],"relics":["HollowMod:VesselMask","Hallownest:DreamNailRelic","Ornamental Fan","Frozen Egg 2","Replay:Bottled Snecko","Black Star"],"acts_visited":["Exordium","Hallownest:Greenpath"],"potions_floor_usage":[7,7,16],"damage_taken":[{"damage":1,"enemies":"2_ Uuma","floor":1,"turns":5},{"damage":2,"enemies":"Hallownest:monsterHuskGuard","floor":2,"turns":3},{"damage":0,"enemies":"Hallownest:monsterHuskWarrior","floor":4,"turns":4},{"damage":10,"enemies":"Hallownest:Guard_and_Warrior","floor":5,"turns":4},{"damage":45,"enemies":"Hallownest:eliteMossKnight","floor":7,"turns":6},{"damage":2,"enemies":"Hallownest:MossCreep_and_Mosskin","floor":10,"turns":4},{"damage":33,"enemies":"Hallownest:eliteCrystalGuardian","floor":12,"turns":6},{"damage":61,"enemies":"Hallownest:BossFalseKnight","floor":16,"turns":11},{"damage":15,"enemies":"Hallownest:2_Mistakes","floor":18,"turns":6},{"damage":18,"enemies":"Hallownest:Guard_and_Sentry","floor":19,"turns":7},{"damage":10,"enemies":"Hallownest:Warrior_and_Youth","floor":20,"turns":8},{"damage":55,"enemies":"Hallownest:2_Flukemon","floor":21,"turns":5}],"seed_played":"-6564367828964782781","potions_obtained":[{"floor":1,"key":"DistilledChaos"},{"floor":4,"key":"Weak Potion"},{"floor":12,"key":"Regen Potion"},{"floor":19,"key":"Venom Potion"}],"is_trial":false,"path_per_floor":["M","M","?","M","M","R","E","R","T","M","R","E","R","?","R","B",null,"M","M","M","M"],"character_chosen":"THE_BUGKNIGHT","items_purchased":[],"campfire_rested":3,"item_purchase_floors":[],"current_hp_per_floor":[75,73,73,73,63,63,28,50,50,58,58,25,47,47,69,23,75,60,48,44,0,0],"gold":388,"neow_bonus":"RANDOM_COLORLESS","is_daily":false,"chose_seed":false,"campfire_upgraded":2,"win_rate":0.0,"timestamp":1609050511,"path_taken":["M","M","?","M","M","R","E","R","T","?","R","E","R","?","R","BOSS","M","?","M","M"],"items_purchased_type":[],"build_version":"2020-12-22","purchased_purges":0,"victory":false,"max_hp_per_floor":[75,75,75,75,75,75,75,75,75,75,75,75,75,75,75,75,75,75,75,75,75,75],"card_choices":[{"not_picked":["Replay:BasicMightCard","Swift Strike"],"picked":"Trip","floor":0},{"not_picked":["HollowMod:BlackTendrils","HollowMod:HeavyBlow"],"picked":"HollowMod:PureNailStrike","floor":1},{"not_picked":["HollowMod:CornifersMapStart","HollowMod:SharpenedNail"],"picked":"HollowMod:GrimmsGift","floor":2},{"not_picked":["HollowMod:SiblingsSouls","HollowMod:ShadowDash"],"picked":"HollowMod:DoubleDash","floor":4},{"not_picked":["HollowMod:NewLittleFool","HollowMod:DreamGate"],"picked":"HollowMod:SoulStrike","floor":5},{"not_picked":["HollowMod:MothsMistake","HollowMod:GrimmsGift"],"picked":"HollowMod:CloakDash","floor":7},{"not_picked":["HollowMod:CornifersMapStart","HollowMod:QuirrelsAssistance"],"picked":"HollowMod:SoulEater+1","floor":10},{"not_picked":["HollowMod:NewLittleFool","HollowMod:HeavyBlow"],"picked":"HollowMod:CloakDash","floor":12},{"not_picked":["HollowMod:LifebloodCore","HollowMod:PureVessel+1"],"picked":"HollowMod:SlysStrikes+1","floor":16},{"not_picked":["HollowMod:CoiledNail+1","HollowMod:NewLittleFool"],"picked":"HollowMod:HowlingWraiths+1","floor":18},{"not_picked":["HollowMod:ShapeofUnn+1","HollowMod:DoubleDash"],"picked":"HollowMod:GoodIntentions","floor":19},{"not_picked":["HollowMod:SharpenedNail+1","HollowMod:ShapeofUnn+1"],"picked":"HollowMod:CycloneSlash","floor":20}],"player_experience":131320,"relics_obtained":[{"floor":7,"key":"Ornamental Fan"},{"floor":9,"key":"Frozen Egg 2"},{"floor":12,"key":"Replay:Bottled Snecko"}],"event_choices":[],"is_beta":false,"boss_relics":[{"not_picked":["Replay:Wanted Poster","Painkiller Herb"],"picked":"Black Star"}],"items_purged_floors":[],"is_endless":false,"potions_floor_spawned":[1,4,12,19],"killed_by":"Hallownest:2_Flukemon","ascension_level":0}}