{"host":"s41rn2jhghpwfrvz","time":1609089054,"event":{"mods":["BaseMod","Minty Spire (QoL Compilation)","Quick Restart","Relic Stats","SuperFastMode"],"gold_per_floor":[119,119,219,237,250,283,283,309,309,336,369,369,388,403,403,481,481,496,496,496,522,533,560,560,590,590,590,603,623,658,686,686,769,769,781,391,414,414,414,448,448,467,467,467,407,436,451,477,477,477,477,477,477,26,60,60],"floor_reached":57,"playtime":4344,"items_purged":["Melter+1"],"score":3232,"play_id":"7c418634-e594-439b-af6d-112ce995fb89","local_time":"20201227191054","daily_mods":["SealedDeck","Diverse","DeadlyEvents"],"is_ascension_mode":true,"campfire_choices":[{"data":"TalkToTheHand","floor":7,"key":"SMITH"},{"data":"Body Slam","floor":12,"key":"SMITH"},{"floor":15,"key":"RECALL"},{"data":"Body Slam","floor":24,"key":"SMITH"},{"floor":32,"key":"REST"},{"floor":41,"key":"REST"},{"floor":44,"key":"REST"},{"floor":49,"key":"REST"},{"floor":53,"key":"REST"}],"circlet_count":0,"master_deck":["AscendersBane","WheelKick+1","Endless Agony+1","FTL+1","PiercingWail+1","Shrug It Off+1","TalkToTheHand+1","Prostrate+1","Body Slam+1","LessonLearned+1","Body Slam+1","Burning Pact+1","Barricade+1","Expertise+1","Madness+1"],"relics":["Burning Blood","Kunai","Pear","Toxic Egg 2","The Courier","Whetstone","Busted Crown","Art of War","Bird Faced Urn","CeramicFish","Letter Opener","Nunchaku","Boot","Akabeko","Empty Cage","Pocketwatch","Sling","MealTicket","Dream Catcher","Molten Egg 2","OrangePellets","Turnip","Self Forming Clay"],"acts_visited":["Exordium","TheCity","TheBeyond","TheEnding"],"potions_floor_usage":[21,28,56,56],"damage_taken":[{"damage":0,"enemies":"Jaw Worm","floor":1,"turns":2},{"damage":0,"enemies":"Cultist","floor":4,"turns":2},{"damage":0,"enemies":"2 Louse","floor":5,"turns":1},{"damage":12,"enemies":"Lagavulin","floor":6,"turns":5},{"damage":8,"enemies":"Gremlin Nob","floor":8,"turns":3},{"damage":19,"enemies":"3 Sentries","floor":10,"turns":8},{"damage":2,"enemies":"Lagavulin","floor":11,"turns":5},{"damage":0,"enemies":"2 Fungi Beasts","floor":13,"turns":2},{"damage":0,"enemies":"Large Slime","floor":14,"turns":4},{"damage":12,"enemies":"The Guardian","floor":16,"turns":7},{"damage":0,"enemies":"Spheric Guardian","floor":18,"turns":2},{"damage":25,"enemies":"Slavers","floor":21,"turns":4},{"damage":6,"enemies":"Shell Parasite","floor":22,"turns":5},{"damage":3,"enemies":"Book of Stabbing","floor":23,"turns":5},{"damage":0,"enemies":"Gremlin Leader","floor":25,"turns":5},{"damage":29,"enemies":"Chosen and Byrds","floor":28,"turns":6},{"damage":0,"enemies":"Centurion and Healer","floor":29,"turns":6},{"damage":4,"enemies":"Book of Stabbing","floor":30,"turns":3},{"damage":0,"enemies":"Gremlin Leader","floor":31,"turns":4},{"damage":0,"enemies":"Champ","floor":33,"turns":6},{"damage":14,"enemies":"3 Darklings","floor":35,"turns":5},{"damage":6,"enemies":"3 Shapes","floor":37,"turns":4},{"damage":0,"enemies":"Reptomancer","floor":40,"turns":3},{"damage":0,"enemies":"Transient","floor":42,"turns":3},{"damage":6,"enemies":"Nemesis","floor":46,"turns":3},{"damage":0,"enemies":"Jaw Worm Horde","floor":47,"turns":3},{"damage":0,"enemies":"Giant Head","floor":48,"turns":3},{"damage":17,"enemies":"Awakened One","floor":50,"turns":4},{"damage":32,"enemies":"Donu and Deca","floor":51,"turns":4},{"damage":36,"enemies":"Shield and Spear","floor":55,"turns":3},{"damage":43,"enemies":"The Heart","floor":56,"turns":6}],"seed_played":"8462780759442926513","potions_obtained":[{"floor":4,"key":"Strength Potion"},{"floor":5,"key":"Swift Potion"},{"floor":11,"key":"PowerPotion"},{"floor":21,"key":"CultistPotion"},{"floor":23,"key":"PowerPotion"},{"floor":28,"key":"AttackPotion"},{"floor":37,"key":"Swift Potion"},{"floor":48,"key":"SpeedPotion"}],"is_trial":true,"path_per_floor":["M","?","?","M","M","E","R","E","T","E","E","R","M","M","R","B",null,"M","?","?","E","M","E","R","E","T","T","M","M","E","E","R","B",null,"M","$","M","?","?","E","R","M","T","R","$","E","M","E","R","B","B",null,"R","$","E","B",null],"character_chosen":"IRONCLAD","items_purchased":["Pocketwatch","Sling","OrangePellets","Turnip","Madness+1"],"campfire_rested":5,"item_purchase_floors":[36,36,54,54,54],"current_hp_per_floor":[74,51,51,57,63,57,57,65,65,52,56,56,62,68,68,62,79,85,85,85,66,66,69,69,75,75,75,54,60,62,68,85,85,85,77,77,79,79,69,77,85,85,85,85,85,85,85,85,85,74,50,76,85,85,55,20],"gold":60,"neow_bonus":"","is_daily":false,"chose_seed":false,"campfire_upgraded":3,"win_rate":0.0,"timestamp":1609089054,"path_taken":["M","?","?","M","M","E","R","E","T","E","?","R","?","M","R","BOSS","M","?","?","?","M","E","R","E","T","?","M","M","?","E","R","BOSS","M","$","M","?","?","E","R","?","T","R","$","?","M","E","R","BOSS","BOSS","R","$","E","BOSS"],"items_purchased_type":["Relic","Relic","Relic","Relic","Card"],"build_version":"2020-12-22","purchased_purges":1,"victory":true,"max_hp_per_floor":[75,75,75,75,75,75,75,85,85,85,85,85,85,85,85,85,85,85,85,85,85,85,85,85,85,85,85,85,85,85,85,85,85,85,85,85,85,85,85,85,85,85,85,85,85,85,85,85,85,85,85,85,85,85,85,85],"relic_stats":{"counters":[31,126],"Self Forming Clay":[45],"CeramicFish":36,"Whetstone":["Consecrate","FTL"],"Letter Opener":[285],"Boot":[34],"Burning Blood":160,"OrangePellets":[1],"Nunchaku":[30],"Dream Catcher":2,"Busted Crown":46,"Bird Faced Urn":[12],"MealTicket":0,"Turnip":[2],"Art of War":[2],"Kunai":[112],"obtain_stats":[{"Pear":8,"Self Forming Clay":55,"CeramicFish":25,"The Courier":10,"Whetstone":11,"Letter Opener":26,"Boot":30,"Empty Cage":34,"Sling":36,"Burning Blood":0,"Akabeko":31,"OrangePellets":54,"Nunchaku":27,"Dream Catcher":46,"Busted Crown":17,"Bird Faced Urn":23,"MealTicket":40,"Molten Egg 2":48,"Turnip":54,"Art of War":21,"Kunai":6,"Toxic Egg 2":9,"Pocketwatch":36},{"Pear":5,"Self Forming Clay":30,"CeramicFish":15,"The Courier":6,"Whetstone":7,"Letter Opener":15,"Boot":18,"Empty Cage":20,"Sling":21,"Burning Blood":0,"Akabeko":19,"OrangePellets":29,"Nunchaku":15,"Dream Catcher":25,"Busted Crown":10,"Bird Faced Urn":14,"MealTicket":23,"Molten Egg 2":27,"Turnip":29,"Art of War":12,"Kunai":4,"Toxic Egg 2":5,"Pocketwatch":21},{"Pear":13,"Self Forming Clay":120,"CeramicFish":60,"The Courier":21,"Whetstone":26,"Letter Opener":60,"Boot":75,"Empty Cage":85,"Sling":90,"Burning Blood":0,"Akabeko":79,"OrangePellets":117,"Nunchaku":60,"Dream Catcher":103,"Busted Crown":39,"Bird Faced Urn":55,"MealTicket":97,"Molten Egg 2":109,"Turnip":117,"Art of War":45,"Kunai":10,"Toxic Egg 2":13,"Pocketwatch":90}],"Pocketwatch":[7]},"card_choices":[{"not_picked":["All Out Attack","Sword Boomerang","PiercingWail"],"picked":"SKIP","floor":1},{"not_picked":["Halt","Leap","Ball Lightning"],"picked":"SKIP","floor":4},{"not_picked":["Crippling Poison","Gash","Burning Pact"],"picked":"SKIP","floor":5},{"not_picked":["Clash","Meteor Strike"],"picked":"TalkToTheHand","floor":6},{"not_picked":["Pommel Strike","Self Repair","Judgement"],"picked":"SKIP","floor":8},{"not_picked":["ThirdEye+1","Streamline"],"picked":"Prostrate+1","floor":10},{"not_picked":["Distraction+1","Shrug It Off+1"],"picked":"Body Slam","floor":11},{"not_picked":["Power Through+1","Ghostly Armor+1","Consecrate"],"picked":"SKIP","floor":13},{"not_picked":["Auto Shields+1","Adaptation","Footwork"],"picked":"SKIP","floor":14},{"not_picked":["Doppelganger+1","Electrodynamics"],"picked":"LessonLearned","floor":16},{"not_picked":["Deflect+1"],"picked":"SKIP","floor":18},{"not_picked":["Protect+1"],"picked":"SKIP","floor":21},{"not_picked":[],"picked":"Body Slam","floor":22},{"not_picked":["Indignation+1"],"picked":"SKIP","floor":23},{"not_picked":["Body Slam"],"picked":"SKIP","floor":25},{"not_picked":["Self Repair"],"picked":"SKIP","floor":28},{"not_picked":["Flame Barrier+1"],"picked":"SKIP","floor":29},{"not_picked":[],"picked":"Burning Pact+1","floor":30},{"not_picked":["Footwork"],"picked":"SKIP","floor":31},{"not_picked":[],"picked":"Barricade","floor":33},{"not_picked":["Riddle With Holes+1"],"picked":"SKIP","floor":35},{"not_picked":[],"picked":"Expertise+1","floor":37},{"not_picked":["Force Field+1"],"picked":"SKIP","floor":40},{"not_picked":["Heavy Blade"],"picked":"SKIP","floor":42},{"not_picked":["Reprogram+1"],"picked":"SKIP","floor":46},{"not_picked":["Escape Plan+1"],"picked":"SKIP","floor":47},{"not_picked":["Steam+1"],"picked":"SKIP","floor":48},{"not_picked":["Bludgeon+1"],"picked":"SKIP","floor":55}],"player_experience":1609828,"relics_obtained":[{"floor":6,"key":"Kunai"},{"floor":8,"key":"Pear"},{"floor":9,"key":"Toxic Egg 2"},{"floor":10,"key":"The Courier"},{"floor":11,"key":"Whetstone"},{"floor":21,"key":"Art of War"},{"floor":23,"key":"Bird Faced Urn"},{"floor":25,"key":"CeramicFish"},{"floor":26,"key":"Letter Opener"},{"floor":27,"key":"Nunchaku"},{"floor":30,"key":"Boot"},{"floor":31,"key":"Akabeko"},{"floor":40,"key":"MealTicket"},{"floor":46,"key":"Dream Catcher"},{"floor":48,"key":"Molten Egg 2"},{"floor":55,"key":"Self Forming Clay"}],"event_choices":[{"damage_healed":0,"gold_gain":0,"player_choice":"Entered Light","damage_taken":23,"max_hp_gain":0,"max_hp_loss":0,"event_name":"Shining Light","floor":2,"gold_loss":0,"cards_upgraded":["Endless Agony","BootSequence"]},{"damage_healed":0,"gold_gain":100,"player_choice":"Gold","damage_taken":0,"max_hp_gain":0,"max_hp_loss":0,"event_name":"Wheel of Change","floor":3,"gold_loss":0},{"cards_removed":["Consecrate"],"damage_healed":0,"gold_gain":0,"player_choice":"Elegance","damage_taken":0,"max_hp_gain":0,"max_hp_loss":0,"event_name":"Back to Basics","floor":19,"gold_loss":0},{"damage_healed":0,"gold_gain":0,"player_choice":"Forge","damage_taken":0,"max_hp_gain":0,"max_hp_loss":0,"event_name":"Accursed Blacksmith","floor":20,"gold_loss":0,"cards_upgraded":["LessonLearned"]},{"cards_removed":["ForeignInfluence"],"damage_healed":0,"gold_gain":0,"player_choice":"Removed Skill","damage_taken":0,"max_hp_gain":0,"max_hp_loss":0,"event_name":"Falling","floor":38,"gold_loss":0},{"damage_healed":0,"gold_gain":0,"player_choice":"Memory 3","damage_taken":10,"max_hp_gain":0,"max_hp_loss":0,"event_name":"SensoryStone","floor":39,"gold_loss":0}],"is_beta":false,"boss_relics":[{"not_picked":["SacredBark","Cursed Key"],"picked":"Busted Crown"},{"not_picked":["Velvet Choker","Runic Cube"],"picked":"Empty Cage"}],"items_purged_floors":[45],"is_endless":false,"potions_floor_spawned":[4,5,8,11,13,21,23,28,30,31,35,37,48],"ascension_level":20}}