{"host":"6to0pdz5g3mubtyg","time":1609037672,"event":{"mods":["Act Like it!","Aspiration","BaseMod","BetterRewards","Colored Map","Energized Spire","Hallownest","Highlight Path","Infinite Spire","Jorbs\u0027s Wanderer Trilogy","Minty Spire (QoL Compilation)","Shade Mod","StSLib","The Animator","The Blue Laboratory","The Bug Knight"],"gold_per_floor":[111,125,125,125,14,48,48,71,96,61,61,236,236,261,261,261,261],"floor_reached":16,"playtime":538,"items_purged":[],"score":103,"play_id":"1d3b7668-9c07-40d2-aa10-25d2a5ab4aa1","local_time":"20201226195432","is_ascension_mode":true,"campfire_choices":[{"data":"Scrape","floor":7.0,"key":"SMITH"},{"data":"Gash","floor":11.0,"key":"SMITH"},{"data":"White Noise","floor":15.0,"key":"SMITH"}],"circlet_count":0,"master_deck":["Strike_B","Strike_B","Strike_B","Strike_B","Defend_B","Defend_B","Defend_B","Defend_B","Zap","Dualcast+1","Streamline","Sweeping Beam","Injury","Heatsinks","Scrape+1","Gash+1","Doubt","White Noise+1"],"relics":["Cracked Core","Anchor","Golden Idol","Bird Faced Urn","aspiration:ChemicalBlood","Nunchaku"],"acts_visited":["Exordium"],"potions_floor_usage":[16,16],"damage_taken":[{"damage":0.0,"enemies":"Jaw Worm","floor":1.0,"turns":3.0},{"damage":1.0,"enemies":"Cultist","floor":2.0,"turns":3.0},{"damage":35.0,"enemies":"3 Sentries","floor":6.0,"turns":8.0},{"damage":0.0,"enemies":"Small Slimes","floor":8.0,"turns":2.0},{"damage":0.0,"enemies":"2 Fungi Beasts","floor":14.0,"turns":2.0},{"damage":69,"enemies":"Hexaghost","floor":16,"turns":9}],"seed_played":"-2429114048036812179","potions_obtained":[{"floor":2.0,"key":"blueLaboratory:LouseDecoction"},{"floor":6.0,"key":"GamblersBrew"}],"is_trial":false,"path_per_floor":["M","M","?","T","$","E","R","M","T","?","R","?","?","M","R","B"],"character_chosen":"DEFECT","items_purchased":["Heatsinks","Scrape"],"campfire_rested":0,"item_purchase_floors":[5,5],"current_hp_per_floor":[75,74,74,74,74,41,41,43,43,61,61,61,61,63,63,0,0],"gold":261,"neow_bonus":"RANDOM_COMMON_RELIC","is_daily":false,"chose_seed":false,"campfire_upgraded":3,"win_rate":0.0,"timestamp":1609037672,"path_taken":["M","M","?","?","$","E","R","?","T","?","R","?","?","M","R","BOSS"],"items_purchased_type":["Card","Card"],"build_version":"2020-12-22","purchased_purges":0,"victory":false,"max_hp_per_floor":[75,75,75,75,75,75,75,75,75,75,75,75,75,75,75,75,75],"card_choices":[{"not_picked":["Sunder","Force Field"],"picked":"Streamline","floor":1.0},{"not_picked":["Conserve Battery","Cold Snap"],"picked":"Sweeping Beam","floor":2.0},{"not_picked":["Streamline","Beam Cell"],"picked":"Gash","floor":6.0},{"not_picked":["Streamline","Recycle","Stack"],"picked":"SKIP","floor":8.0},{"not_picked":["Sweeping Beam","Biased Cognition"],"picked":"White Noise","floor":14.0}],"player_experience":233248,"relics_obtained":[{"floor":4.0,"key":"Bird Faced Urn"},{"floor":6.0,"key":"aspiration:ChemicalBlood"},{"floor":9.0,"key":"Nunchaku"}],"event_choices":[{"damage_healed":0.0,"max_hp_gain":0.0,"max_hp_loss":0.0,"gold_gain":0.0,"event_name":"Golden Idol","player_choice":"Take Wound","floor":3.0,"gold_loss":0.0,"damage_taken":0.0,"relics_obtained":["Golden Idol"],"cards_obtained":["Injury"]},{"damage_healed":18.0,"max_hp_gain":0.0,"max_hp_loss":0.0,"gold_gain":0.0,"event_name":"The Cleric","player_choice":"Healed","floor":10.0,"gold_loss":35.0,"damage_taken":0.0},{"damage_healed":0.0,"max_hp_gain":0.0,"max_hp_loss":0.0,"gold_gain":175.0,"event_name":"Liars Game","player_choice":"AGREE","floor":12.0,"gold_loss":0.0,"damage_taken":0.0,"cards_obtained":["Doubt"]},{"damage_healed":0.0,"max_hp_gain":0.0,"max_hp_loss":0.0,"gold_gain":0.0,"event_name":"Accursed Blacksmith","player_choice":"Forge","floor":13.0,"gold_loss":0.0,"damage_taken":0.0,"cards_upgraded":["Dualcast"]}],"is_beta":false,"boss_relics":[],"items_purged_floors":[],"is_endless":false,"potions_floor_spawned":[2,6],"killed_by":"Hexaghost","ascension_level":1}}