{"host":"Fun","time":1609027309,"event":{"mods":["BaseMod","Colored Map","Filter the Spire","Minty Spire (QoL Compilation)","Relic Stats","StSLib"],"gold_per_floor":[118,118,132,132,132,132,172,172,220,254,268,282,296,337,337,436,436,451,469,469,469,487,528,528,181,181,181,199,220,253,13,13,108,108,129,149,27,47,47,47,91,91,91,91,135,158,177,43,43,43],"floor_reached":51,"playtime":2289,"items_purged":["Strike_G+1","Strike_G+1","Strike_G+1"],"score":1652,"play_id":"5e61435f-959c-443b-af34-0c7e4efdf584","local_time":"20201226190149","is_ascension_mode":true,"campfire_choices":[{"floor":6,"key":"REST"},{"data":"Phantasmal Killer","floor":8,"key":"SMITH"},{"floor":15,"key":"REST"},{"data":"Noxious Fumes","floor":24,"key":"SMITH"},{"data":"Well Laid Plans","floor":27,"key":"SMITH"},{"floor":32,"key":"REST"},{"floor":40,"key":"RECALL"},{"floor":42,"key":"REST"},{"floor":44,"key":"REST"},{"floor":49,"key":"REST"}],"circlet_count":0,"master_deck":["AscendersBane","Defend_G+1","Defend_G+1","Defend_G+1","Defend_G+1","Defend_G+1","Survivor+1","Neutralize","Infinite Blades","Dagger Spray","Well Laid Plans+1","Phantasmal Killer+1","Noxious Fumes+1","Dagger Spray","Blade Dance","Malaise","Blade Dance","Terror","PiercingWail","Wraith Form v2","Cloak And Dagger","Apotheosis","Wraith Form v2","Wraith Form v2","Caltrops+1","Backflip+1","Accuracy","Dodge and Roll+1","After Image","Accuracy","PiercingWail"],"relics":["Ring of the Snake","WarpedTongs","Golden Idol","Sundial","Bag of Preparation","FossilizedHelix","HornCleat","Cursed Key","Ice Cream","Membership Card","Potion Belt","Tiny Chest","DollysMirror","Fusion Hammer","Chemical X","MealTicket","Boot"],"acts_visited":["Exordium","TheCity","TheBeyond"],"potions_floor_usage":[7,10,16,19,36,50,50],"damage_taken":[{"damage":4,"enemies":"Jaw Worm","floor":1,"turns":4},{"damage":0,"enemies":"Small Slimes","floor":3,"turns":3},{"damage":18,"enemies":"Gremlin Nob","floor":7,"turns":5},{"damage":14,"enemies":"3 Sentries","floor":10,"turns":7},{"damage":0,"enemies":"2 Louse","floor":11,"turns":3},{"damage":0,"enemies":"Exordium Wildlife","floor":12,"turns":2},{"damage":14,"enemies":"Exordium Thugs","floor":13,"turns":4},{"damage":0,"enemies":"Lagavulin","floor":14,"turns":5},{"damage":0,"enemies":"Slime Boss","floor":16,"turns":7},{"damage":0,"enemies":"3 Byrds","floor":18,"turns":4},{"damage":0,"enemies":"Chosen","floor":19,"turns":6},{"damage":0,"enemies":"Shelled Parasite and Fungi","floor":22,"turns":6},{"damage":20,"enemies":"Gremlin Leader","floor":23,"turns":9},{"damage":6,"enemies":"Snake Plant","floor":28,"turns":6},{"damage":0,"enemies":"Snecko","floor":29,"turns":5},{"damage":1,"enemies":"Book of Stabbing","floor":30,"turns":5},{"damage":0,"enemies":"Automaton","floor":33,"turns":9},{"damage":0,"enemies":"Orb Walker","floor":35,"turns":5},{"damage":0,"enemies":"3 Shapes","floor":36,"turns":5},{"damage":0,"enemies":"Writhing Mass","floor":38,"turns":5},{"damage":0,"enemies":"Giant Head","floor":41,"turns":8},{"damage":0,"enemies":"Nemesis","floor":45,"turns":7},{"damage":0,"enemies":"4 Shapes","floor":46,"turns":5},{"damage":0,"enemies":"Jaw Worm Horde","floor":47,"turns":5},{"damage":6,"enemies":"Time Eater","floor":50,"turns":10}],"seed_played":"6648365705425095247","potions_obtained":[{"floor":3,"key":"Block Potion"},{"floor":7,"key":"Regen Potion"},{"floor":13,"key":"AttackPotion"},{"floor":14,"key":"Fruit Juice"},{"floor":16,"key":"Weak Potion"},{"floor":19,"key":"EssenceOfSteel"},{"floor":33,"key":"LiquidMemories"},{"floor":36,"key":"SpeedPotion"},{"floor":47,"key":"LiquidMemories"}],"is_trial":false,"path_per_floor":["M","?","M","?","?","R","E","R","T","E","M","M","M","E","R","B",null,"M","M","?","?","M","E","R","$","T","R","M","M","E","$","R","B",null,"M","M","$","M","?","R","E","R","T","R","E","M","M","$","R","B",null],"character_chosen":"THE_SILENT","items_purchased":["Membership Card","Potion Belt","Terror","Block Potion","Apotheosis","DollysMirror","Accuracy","Chemical X","Accuracy","PiercingWail"],"campfire_rested":6,"item_purchase_floors":[25,25,25,25,31,31,37,37,48,48],"current_hp_per_floor":[55,48,48,48,30,48,30,30,30,31,31,31,17,17,35,35,54,54,59,59,59,59,39,39,39,39,39,33,33,32,32,51,51,62,62,62,62,62,62,62,62,65,65,65,65,65,65,65,65,59],"gold":43,"neow_bonus":"THREE_CARDS","is_daily":false,"chose_seed":false,"campfire_upgraded":3,"win_rate":0.0,"timestamp":1609027309,"path_taken":["M","?","M","?","?","R","E","R","T","E","M","?","M","E","R","BOSS","M","M","?","?","?","E","R","?","T","R","?","M","E","$","R","BOSS","M","M","?","M","?","R","E","R","T","R","E","M","M","$","R","BOSS"],"items_purchased_type":["Relic","Relic","Card","Potion","Card","Relic","Card","Relic","Card","Card"],"build_version":"2020-12-18","purchased_purges":3,"victory":true,"max_hp_per_floor":[66,66,66,60,60,60,60,60,60,60,60,60,60,60,60,60,60,60,65,65,65,65,65,65,65,65,65,65,65,65,65,65,65,65,65,65,65,65,65,65,65,65,65,65,65,65,65,65,65,65],"relic_stats":{"counters":[25,140],"Golden Idol":164,"Sundial":[18],"Tiny Chest":0,"MealTicket":0,"Bag of Preparation":[44],"Chemical X":[6],"Cursed Key":0,"Boot":[15],"obtain_stats":[{"Ice Cream":23,"Potion Belt":25,"Golden Idol":4,"Bag of Preparation":9,"Cursed Key":17,"Boot":45,"WarpedTongs":0,"HornCleat":14,"Sundial":7,"DollysMirror":31,"Tiny Chest":30,"MealTicket":41,"Fusion Hammer":34,"Membership Card":25,"Chemical X":37,"FossilizedHelix":10,"Ring of the Snake":0},{"Ice Cream":13,"Potion Belt":13,"Golden Idol":2,"Bag of Preparation":3,"Cursed Key":9,"Boot":22,"WarpedTongs":0,"HornCleat":8,"Sundial":3,"DollysMirror":16,"Tiny Chest":16,"MealTicket":21,"Fusion Hammer":17,"Membership Card":13,"Chemical X":19,"FossilizedHelix":4,"Ring of the Snake":0},{"Ice Cream":65,"Potion Belt":65,"Golden Idol":7,"Bag of Preparation":12,"Cursed Key":40,"Boot":120,"WarpedTongs":0,"HornCleat":33,"Sundial":12,"DollysMirror":81,"Tiny Chest":81,"MealTicket":113,"Fusion Hammer":90,"Membership Card":65,"Chemical X":100,"FossilizedHelix":19,"Ring of the Snake":0}],"Ring of the Snake":[50],"WarpedTongs":[132]},"card_choices":[{"not_picked":["Escape Plan","Calculated Gamble"],"picked":"Infinite Blades","floor":0},{"not_picked":["Acrobatics","Skewer"],"picked":"Dagger Spray","floor":1},{"not_picked":["Infinite Blades","Underhanded Strike"],"picked":"Well Laid Plans","floor":3},{"not_picked":["Slice","Accuracy"],"picked":"Phantasmal Killer","floor":7},{"not_picked":["Infinite Blades","Dagger Spray"],"picked":"Noxious Fumes","floor":10},{"not_picked":["Infinite Blades","Well Laid Plans"],"picked":"Dagger Spray","floor":11},{"not_picked":["Flying Knee","Die Die Die","Infinite Blades"],"picked":"SKIP","floor":12},{"not_picked":["Acrobatics","Quick Slash"],"picked":"Blade Dance","floor":13},{"not_picked":["Poisoned Stab","Dagger Throw","Distraction"],"picked":"SKIP","floor":14},{"not_picked":["Glass Knife","Burst"],"picked":"Malaise","floor":16},{"not_picked":["Flying Knee","PiercingWail"],"picked":"Blade Dance","floor":18},{"not_picked":["Flying Knee","Tactician+1","Endless Agony"],"picked":"SKIP","floor":19},{"not_picked":["Acrobatics","Deadly Poison","Dagger Throw+1"],"picked":"SKIP","floor":22},{"not_picked":["Dagger Throw","Reflex+1","Slice"],"picked":"SKIP","floor":23},{"not_picked":["Prepared","Skewer"],"picked":"PiercingWail","floor":28},{"not_picked":["Outmaneuver","Finisher"],"picked":"Wraith Form v2","floor":29},{"not_picked":["Dagger Throw","Sucker Punch"],"picked":"Cloak And Dagger","floor":30},{"not_picked":["Night Terror","Adrenaline"],"picked":"Wraith Form v2","floor":33},{"not_picked":["Flying Knee+1","Slice"],"picked":"Caltrops+1","floor":35},{"not_picked":["Deflect","Finisher"],"picked":"Backflip+1","floor":36},{"not_picked":["Dagger Throw","Distraction","Outmaneuver"],"picked":"SKIP","floor":38},{"not_picked":["PiercingWail","Underhanded Strike"],"picked":"Dodge and Roll+1","floor":41},{"not_picked":["Crippling Poison+1","Outmaneuver"],"picked":"After Image","floor":45},{"not_picked":["Poisoned Stab","Endless Agony","Sucker Punch"],"picked":"SKIP","floor":46},{"not_picked":["Backstab","Escape Plan","Sucker Punch"],"picked":"SKIP","floor":47}],"player_experience":120284,"relics_obtained":[{"floor":7,"key":"Sundial"},{"floor":9,"key":"Bag of Preparation"},{"floor":10,"key":"FossilizedHelix"},{"floor":14,"key":"HornCleat"},{"floor":23,"key":"Ice Cream"},{"floor":30,"key":"Tiny Chest"},{"floor":41,"key":"MealTicket"},{"floor":45,"key":"Boot"}],"event_choices":[{"cards_removed":["Strike_G"],"damage_healed":0,"gold_gain":0,"player_choice":"Card Removal","damage_taken":7,"max_hp_gain":0,"max_hp_loss":0,"event_name":"Golden Wing","floor":2,"gold_loss":0},{"damage_healed":0,"gold_gain":0,"player_choice":"Lose Max HP","damage_taken":0,"relics_obtained":["Golden Idol"],"max_hp_gain":0,"max_hp_loss":6,"event_name":"Golden Idol","floor":4,"gold_loss":0},{"damage_healed":0,"gold_gain":0,"player_choice":"Entered Light","damage_taken":18,"max_hp_gain":0,"max_hp_loss":0,"event_name":"Shining Light","floor":5,"gold_loss":0,"cards_upgraded":["Survivor","Defend_G"]},{"damage_healed":0,"gold_gain":0,"player_choice":"Simplicity","damage_taken":0,"max_hp_gain":0,"max_hp_loss":0,"event_name":"Back to Basics","floor":20,"gold_loss":0,"cards_upgraded":["Strike_G","Strike_G","Strike_G","Strike_G","Defend_G","Defend_G","Defend_G","Defend_G"]},{"cards_removed":["Strike_G"],"damage_healed":0,"gold_gain":0,"player_choice":"Card Removal","damage_taken":0,"max_hp_gain":0,"max_hp_loss":0,"event_name":"Wheel of Change","floor":21,"gold_loss":0},{"damage_healed":0,"gold_gain":0,"player_choice":"0 cards matched","damage_taken":0,"max_hp_gain":0,"max_hp_loss":0,"event_name":"Match and Keep!","floor":39,"gold_loss":0,"cards_obtained":[]}],"is_beta":true,"boss_relics":[{"not_picked":["Philosopher\u0027s Stone","Astrolabe"],"picked":"Cursed Key"},{"not_picked":["SacredBark","HoveringKite"],"picked":"Fusion Hammer"}],"items_purged_floors":[25,31,48],"is_endless":false,"potions_floor_spawned":[3,7,13,14,16,19,22,23,33,35,36,47],"ascension_level":16}}