{"host":"bg8va46pgqgvtzim","time":1609050315,"event":{"mods":["BaseMod","Minty Spire (QoL Compilation)","Quick Restart","StSLib","SuperFastMode"],"gold_per_floor":[119,136,151,151,162,191,191,221,221,240,267,277,277,202,202,303,303,316,316,336,786,803,828,828,853,933,833,859,878,878,897,897,1002,1002,1019,1039,1059,1109,1109,1144,1176,1202,1202,1202,1232,1247,826,826,826,826,826,826,369,402,402],"floor_reached":56,"playtime":1554,"items_purged":["Dagger Spray","Survivor","Neutralize","Blur+1"],"score":1921,"play_id":"0c0763a5-331a-4b1e-89a4-aec393acb177","local_time":"20201227142515","is_ascension_mode":true,"campfire_choices":[{"data":"Tactician","floor":7.0,"key":"SMITH"},{"data":"Reflex","floor":13.0,"key":"SMITH"},{"data":"Acrobatics","floor":15.0,"key":"SMITH"},{"data":"Well Laid Plans","floor":24.0,"key":"SMITH"},{"data":"Grand Finale","floor":30.0,"key":"SMITH"},{"data":"Tools of the Trade","floor":32.0,"key":"SMITH"},{"data":"Backflip","floor":44,"key":"SMITH"},{"floor":49,"key":"RECALL"},{"data":"Blur","floor":52,"key":"SMITH"}],"circlet_count":0,"master_deck":["Well Laid Plans+1","Tactician+1","Reflex+1","PiercingWail","Tools of the Trade+1","Malaise","Calculated Gamble","Backflip+1","Prepared","Acrobatics+1","Grand Finale+1","After Image","Acrobatics+1","After Image"],"relics":["Pandora\u0027s Box","Question Card","FossilizedHelix","Lizard Tail","The Specimen","Empty Cage","Molten Egg 2","MealTicket","Paper Crane","Cursed Key","WingedGreaves","Pear","Toy Ornithopter","Potion Belt","Bronze Scales","Anchor","Chemical X","Whetstone","HandDrill","Pantograph"],"acts_visited":["Exordium","TheCity","TheBeyond","TheEnding"],"potions_floor_usage":[55,55],"damage_taken":[{"damage":1.0,"enemies":"Small Slimes","floor":1.0,"turns":3.0},{"damage":11.0,"enemies":"Jaw Worm","floor":2.0,"turns":4.0},{"damage":0.0,"enemies":"Cultist","floor":3.0,"turns":4.0},{"damage":0.0,"enemies":"Gremlin Gang","floor":5.0,"turns":3.0},{"damage":0.0,"enemies":"Lagavulin","floor":6.0,"turns":6.0},{"damage":5.0,"enemies":"Gremlin Nob","floor":8.0,"turns":3.0},{"damage":0.0,"enemies":"2 Fungi Beasts","floor":10.0,"turns":4.0},{"damage":0.0,"enemies":"3 Sentries","floor":11.0,"turns":2.0},{"damage":0.0,"enemies":"Exordium Wildlife","floor":12.0,"turns":3.0},{"damage":0.0,"enemies":"Slime Boss","floor":16.0,"turns":3.0},{"damage":0.0,"enemies":"Shell Parasite","floor":18.0,"turns":2.0},{"damage":0.0,"enemies":"3 Byrds","floor":20.0,"turns":1.0},{"damage":0.0,"enemies":"Shelled Parasite and Fungi","floor":22.0,"turns":2.0},{"damage":0.0,"enemies":"Book of Stabbing","floor":23.0,"turns":2.0},{"damage":0.0,"enemies":"Gremlin Leader","floor":25.0,"turns":2.0},{"damage":0.0,"enemies":"Book of Stabbing","floor":28.0,"turns":2.0},{"damage":0.0,"enemies":"Snecko","floor":29.0,"turns":1.0},{"damage":0.0,"enemies":"Centurion and Healer","floor":31.0,"turns":1.0},{"damage":0.0,"enemies":"Collector","floor":33.0,"turns":1.0},{"damage":0.0,"enemies":"3 Darklings","floor":35.0,"turns":1.0},{"damage":0.0,"enemies":"3 Shapes","floor":36.0,"turns":1.0},{"damage":0.0,"enemies":"Writhing Mass","floor":37.0,"turns":1.0},{"damage":0.0,"enemies":"Mind Bloom Boss Battle","floor":38.0,"turns":1.0},{"damage":0.0,"enemies":"Reptomancer","floor":40.0,"turns":2.0},{"damage":0.0,"enemies":"Nemesis","floor":41.0,"turns":1.0},{"damage":0,"enemies":"Reptomancer","floor":42,"turns":2},{"damage":0,"enemies":"Giant Head","floor":45,"turns":2},{"damage":0,"enemies":"3 Darklings","floor":46,"turns":1},{"damage":0,"enemies":"Donu and Deca","floor":50,"turns":1},{"damage":0,"enemies":"Shield and Spear","floor":54,"turns":1},{"damage":0,"enemies":"The Heart","floor":55,"turns":3}],"seed_played":"-2269549197305559437","potions_obtained":[{"floor":1.0,"key":"AttackPotion"},{"floor":10.0,"key":"BlessingOfTheForge"},{"floor":11.0,"key":"LiquidMemories"},{"floor":20.0,"key":"Block Potion"},{"floor":42,"key":"CultistPotion"},{"floor":45,"key":"BlessingOfTheForge"},{"floor":46,"key":"Explosive Potion"},{"floor":48,"key":"Block Potion"},{"floor":48,"key":"Fire Potion"},{"floor":54,"key":"FearPotion"}],"is_trial":false,"path_per_floor":["M","M","M","?","M","E","R","E","T","M","E","M","R","$","R","B",null,"M","?","M","?","M","E","R","E","T","$","E","M","R","M","R","B",null,"M","M","M","?","?","E","E","E","T","R","E","M","$","?","R","B",null,"R","$","E","B",null],"character_chosen":"THE_SILENT","items_purchased":["Anchor","Chemical X","Whetstone","HandDrill"],"campfire_rested":0,"item_purchase_floors":[47,47,53,53],"current_hp_per_floor":[69,58,58,51,51,51,51,46,46,46,46,46,46,46,46,46,70,70,70,70,24,24,24,24,24,24,39,39,39,39,39,39,39,70,70,70,70,70,70,80,80,80,80,80,80,80,80,80,80,80,80,80,80,80,80],"gold":402,"neow_bonus":"BOSS_RELIC","is_daily":false,"chose_seed":false,"campfire_upgraded":8,"win_rate":0.0,"timestamp":1609050315,"path_taken":["M","M","M","?","M","E","R","E","T","M","E","M","R","$","R","BOSS","M","?","M","?","M","E","R","E","T","$","E","M","R","?","R","BOSS","M","?","M","?","?","E","E","E","T","R","E","?","$","?","R","BOSS","R","$","E","BOSS"],"items_purchased_type":["Relic","Relic","Relic","Relic"],"build_version":"2020-12-22","purchased_purges":4,"victory":true,"max_hp_per_floor":[70,70,70,70,70,70,70,70,70,70,70,70,70,70,70,70,70,70,70,70,70,70,70,70,70,70,70,70,70,70,70,70,70,70,70,70,70,70,70,80,80,80,80,80,80,80,80,80,80,80,80,80,80,80,80],"card_choices":[{"not_picked":["Deflect","Quick Slash"],"picked":"Calculated Gamble","floor":1.0},{"not_picked":["Poisoned Stab","Crippling Poison"],"picked":"Cloak And Dagger","floor":2.0},{"not_picked":["Endless Agony","Riddle With Holes"],"picked":"Backflip","floor":3.0},{"not_picked":["Footwork","Poisoned Stab"],"picked":"Prepared","floor":5.0},{"not_picked":["All Out Attack","Blade Dance"],"picked":"Acrobatics","floor":6.0},{"not_picked":["Backstab","Infinite Blades","Sucker Punch","Deadly Poison"],"picked":"SKIP","floor":8.0},{"not_picked":["Flying Knee","Predator","Terror"],"picked":"Grand Finale","floor":10.0},{"not_picked":["Predator","Deflect","PiercingWail","Catalyst"],"picked":"SKIP","floor":11.0},{"not_picked":["Infinite Blades","Prepared","All Out Attack","Dagger Throw"],"picked":"SKIP","floor":12.0},{"not_picked":["Flying Knee","Bouncing Flask","Expertise","Blur+1"],"picked":"SKIP","floor":18.0},{"not_picked":["Dagger Throw+1","Deadly Poison","Masterful Stab","Slice+1"],"picked":"SKIP","floor":20.0},{"not_picked":["Cloak And Dagger","Dagger Spray","Eviscerate+1","Deadly Poison+1"],"picked":"SKIP","floor":22.0},{"not_picked":["Corpse Explosion","Cloak And Dagger","Poisoned Stab+1"],"picked":"After Image","floor":23.0},{"not_picked":["Grand Finale+1","PiercingWail","Dodge and Roll+1","Blade Dance"],"picked":"SKIP","floor":25.0},{"not_picked":["Heel Hook+1","Reflex","Wraith Form v2"],"picked":"Acrobatics","floor":28.0},{"not_picked":["Slice+1","Bane+1","Blade Dance","Prepared"],"picked":"SKIP","floor":29.0},{"not_picked":["Eviscerate+1","Blade Dance","Prepared","Backflip"],"picked":"SKIP","floor":31.0},{"not_picked":["Glass Knife+1","Burst","Phantasmal Killer"],"picked":"After Image","floor":33.0},{"not_picked":["Reflex+1","Outmaneuver+1","Acrobatics","Masterful Stab+1"],"picked":"SKIP","floor":35.0},{"not_picked":["Poisoned Stab+1","Underhanded Strike+1","Unload+1","Heel Hook+1"],"picked":"SKIP","floor":36.0},{"not_picked":["Sucker Punch+1","Heel Hook+1","Deflect+1","Riddle With Holes+1"],"picked":"SKIP","floor":37.0},{"not_picked":["Underhanded Strike+1","Well Laid Plans","A Thousand Cuts","Sucker Punch+1"],"picked":"SKIP","floor":40.0},{"not_picked":["Blade Dance+1","Heel Hook+1","Bane+1","Dagger Spray+1"],"picked":"SKIP","floor":41.0},{"not_picked":["Poisoned Stab+1","Dodge and Roll","Terror+1","Distraction"],"picked":"SKIP","floor":42},{"not_picked":["Slice+1","Outmaneuver","Blur","Poisoned Stab+1"],"picked":"SKIP","floor":45},{"not_picked":["PiercingWail","Quick Slash+1","Tactician","Storm of Steel"],"picked":"SKIP","floor":46},{"not_picked":["PiercingWail","Reflex","Dash+1","Terror"],"picked":"SKIP","floor":54},{"not_picked":["PiercingWail","Reflex","Dash+1","Terror"],"picked":"SKIP","floor":54}],"player_experience":2172530,"relics_obtained":[{"floor":6.0,"key":"Question Card"},{"floor":8.0,"key":"FossilizedHelix"},{"floor":9.0,"key":"Lizard Tail"},{"floor":11.0,"key":"The Specimen"},{"floor":23.0,"key":"Molten Egg 2"},{"floor":25.0,"key":"MealTicket"},{"floor":28.0,"key":"Paper Crane"},{"floor":38.0,"key":"WingedGreaves"},{"floor":40.0,"key":"Pear"},{"floor":41.0,"key":"Toy Ornithopter"},{"floor":42,"key":"Potion Belt"},{"floor":45,"key":"Bronze Scales"},{"floor":54,"key":"Pantograph"}],"event_choices":[{"cards_removed":["Tactician"],"damage_healed":0.0,"max_hp_gain":0.0,"max_hp_loss":0.0,"gold_gain":0.0,"event_name":"Golden Wing","player_choice":"Card Removal","floor":4.0,"gold_loss":0.0,"damage_taken":7.0},{"damage_healed":23.0,"max_hp_gain":0.0,"max_hp_loss":0.0,"gold_gain":0.0,"event_name":"The Library","player_choice":"Heal","floor":19.0,"gold_loss":0.0,"damage_taken":0.0},{"damage_healed":0.0,"max_hp_gain":0.0,"max_hp_loss":0.0,"gold_gain":450.0,"event_name":"Knowing Skull","player_choice":"GOLD GOLD GOLD GOLD GOLD ","floor":21.0,"potions_obtained":[],"gold_loss":0.0,"damage_taken":46.0,"cards_obtained":[]},{"damage_healed":0.0,"max_hp_gain":0.0,"max_hp_loss":0.0,"gold_gain":0.0,"event_name":"MindBloom","player_choice":"Fight","floor":38.0,"gold_loss":0.0,"damage_taken":0.0},{"damage_healed":0.0,"max_hp_gain":0.0,"max_hp_loss":0.0,"gold_gain":0.0,"event_name":"Accursed Blacksmith","player_choice":"Forge","floor":39.0,"gold_loss":0.0,"damage_taken":0.0,"cards_upgraded":["Acrobatics"]},{"damage_healed":0,"gold_gain":0,"player_choice":"Got Potions","damage_taken":0,"max_hp_gain":0,"max_hp_loss":0,"event_name":"Lab","floor":48,"gold_loss":0}],"is_beta":false,"boss_relics":[{"not_picked":["Tiny House","WristBlade"],"picked":"Empty Cage"},{"not_picked":["SacredBark","Astrolabe"],"picked":"Cursed Key"}],"items_purged_floors":[14,27,47,53],"is_endless":false,"potions_floor_spawned":[1,10,11,12,16,20,23,33,35,36,42,45,46,54],"ascension_level":1}}