{"host":"vumwfieg2b2mnrfl","time":1609029791,"event":{"mods":["AchievementEnabler","BaseMod","Minty Spire (QoL Compilation)","Rare Cards Sparkle","Relic Stats"],"gold_per_floor":[110,185,185,201,216,249,249,275,357,127,141,157,183,212,224,307,319,319,319,319,244,244,244,244],"floor_reached":23,"playtime":818,"items_purged":[],"score":373,"play_id":"ae14f265-67f7-453c-a3b0-c60986cf461f","local_time":"20201226184311","is_ascension_mode":true,"campfire_choices":[{"floor":7,"key":"REST"},{"floor":15,"key":"REST"}],"circlet_count":0,"master_deck":["AscendersBane","Strike_R","Strike_R","Strike_R","Strike_R","Defend_R","Defend_R","Defend_R","Defend_R","Bash","Immolate","Dark Embrace","Pommel Strike","Juggernaut","Feel No Pain","Armaments","Ghostly Armor","Reckless Charge","Exhume","Decay","RitualDagger","Rampage","Disarm"],"relics":["Burning Blood","Mango","Blood Vial","InkBottle","Medical Kit","MawBank","Ectoplasm"],"acts_visited":["TheCity"],"potions_floor_usage":[13,16,22,23],"damage_taken":[{"damage":0,"enemies":"Small Slimes","floor":1,"turns":2},{"damage":5,"enemies":"2 Louse","floor":4,"turns":3},{"damage":7,"enemies":"Jaw Worm","floor":5,"turns":3},{"damage":37,"enemies":"3 Sentries","floor":6,"turns":6},{"damage":32,"enemies":"Gremlin Nob","floor":8,"turns":4},{"damage":13,"enemies":"Red Slaver","floor":11,"turns":4},{"damage":30,"enemies":"Exordium Wildlife","floor":12,"turns":6},{"damage":17,"enemies":"3 Sentries","floor":13,"turns":7},{"damage":6,"enemies":"Looter","floor":14,"turns":2},{"damage":32,"enemies":"Slime Boss","floor":16,"turns":10},{"damage":21,"enemies":"Shell Parasite","floor":18,"turns":7},{"damage":23,"enemies":"2 Thieves","floor":21,"turns":4},{"damage":37,"enemies":"Shelled Parasite and Fungi","floor":22,"turns":6},{"damage":10,"enemies":"Book of Stabbing","floor":23,"turns":4}],"seed_played":"-2723425744962776860","potions_obtained":[{"floor":1,"key":"ElixirPotion"},{"floor":5,"key":"Strength Potion"},{"floor":14,"key":"PowerPotion"},{"floor":16,"key":"DistilledChaos"}],"is_trial":false,"path_per_floor":["M","?","?","M","M","E","R","E","T","$","M","M","E","M","R","B",null,"M","?","?","M","M","E"],"character_chosen":"IRONCLAD","items_purchased":["Medical Kit","Feel No Pain"],"campfire_rested":2,"item_purchase_floors":[10,10],"current_hp_per_floor":[74,63,63,64,63,46,72,46,46,46,41,19,10,12,38,14,70,57,57,51,36,7,0,0],"gold":244,"neow_bonus":"ONE_RANDOM_RARE_CARD","is_daily":false,"chose_seed":false,"campfire_upgraded":0,"win_rate":0.0,"timestamp":1609029791,"path_taken":["M","?","?","?","M","E","R","E","T","?","M","M","E","M","R","BOSS","M","?","?","M","M","E"],"items_purchased_type":["Relic","Card"],"build_version":"2020-12-22","purchased_purges":0,"victory":false,"max_hp_per_floor":[75,75,75,75,75,89,89,89,89,89,89,89,89,89,89,89,89,89,89,89,89,89,89,89],"relic_stats":{"Blood Vial":18,"counters":[14,68],"Ectoplasm":153,"Medical Kit":[6],"MawBank":48,"obtain_stats":[{"Blood Vial":8,"Mango":6,"Ectoplasm":17,"Medical Kit":10,"MawBank":13,"Burning Blood":0,"InkBottle":9},{"Blood Vial":5,"Mango":4,"Ectoplasm":10,"Medical Kit":5,"MawBank":8,"Burning Blood":0,"InkBottle":5},{"Blood Vial":18,"Mango":14,"Ectoplasm":47,"Medical Kit":18,"MawBank":35,"Burning Blood":0,"InkBottle":18}],"Burning Blood":78,"InkBottle":[14]},"card_choices":[{"not_picked":["Dark Embrace","Heavy Blade","Infernal Blade"],"picked":"SKIP","floor":1},{"not_picked":["Anger","Disarm","True Grit"],"picked":"SKIP","floor":4},{"not_picked":["Heavy Blade","Sever Soul","Power Through"],"picked":"SKIP","floor":5},{"not_picked":["Clash","Dropkick"],"picked":"Pommel Strike","floor":6},{"not_picked":["Flex","Havoc"],"picked":"Juggernaut","floor":8},{"not_picked":["Combust","Clothesline"],"picked":"Armaments","floor":11},{"not_picked":["Wild Strike","True Grit"],"picked":"Ghostly Armor","floor":12},{"not_picked":["Havoc","Anger"],"picked":"Reckless Charge","floor":13},{"not_picked":["Combust","Clash","Warcry"],"picked":"SKIP","floor":14},{"not_picked":["Immolate","Brutality"],"picked":"Exhume","floor":16},{"not_picked":["True Grit","Clothesline","Cleave"],"picked":"SKIP","floor":18},{"not_picked":["Combust","Armaments"],"picked":"Rampage","floor":21},{"not_picked":["Limit Break","Anger+1"],"picked":"Disarm","floor":22}],"player_experience":315770,"relics_obtained":[{"floor":6,"key":"Mango"},{"floor":8,"key":"Blood Vial"},{"floor":9,"key":"InkBottle"},{"floor":13,"key":"MawBank"}],"event_choices":[{"damage_healed":0,"gold_gain":75,"player_choice":"Gather Gold","damage_taken":11,"max_hp_gain":0,"max_hp_loss":0,"event_name":"World of Goop","floor":2,"gold_loss":0},{"damage_healed":0,"gold_gain":0,"cards_transformed":["Strike_R"],"player_choice":"Change","damage_taken":0,"max_hp_gain":0,"max_hp_loss":0,"event_name":"Living Wall","floor":3,"gold_loss":0,"cards_obtained":["Dark Embrace"]},{"damage_healed":0,"gold_gain":0,"player_choice":"Smashed Altar","damage_taken":0,"max_hp_gain":0,"max_hp_loss":0,"event_name":"Forgotten Altar","floor":19,"gold_loss":0,"cards_obtained":["Decay"]},{"damage_healed":0,"gold_gain":0,"player_choice":"Joined the Cult","damage_taken":6,"max_hp_gain":0,"max_hp_loss":0,"event_name":"Nest","floor":20,"gold_loss":0,"cards_obtained":["RitualDagger"]}],"is_beta":false,"boss_relics":[{"not_picked":["Tiny House","Runic Dome"],"picked":"Ectoplasm"}],"items_purged_floors":[],"is_endless":false,"potions_floor_spawned":[1,5,6,12,14,16,21],"killed_by":"Book of Stabbing","ascension_level":15}}