{"host":"f5ezd1v29dtbwkzo","time":1609031544,"event":{"mods":["2.2 Compatiblity","BaseMod","Hermit","Minty Spire (QoL Compilation)","Rare Cards Sparkle","Replay The Spire","StSLib"],"gold_per_floor":[111,131,149,324,324,324,342,376,402,417,428,441,473,134,134,234,234,245,245,263,263,283,283,303,332,332,29,62,62,62,79,79,179,179,196,41,41,52,72,72,31,31,31,61,74,89,120,139,139,139],"floor_reached":51,"playtime":3971,"items_purged":["hermit:Strike_Hermit"],"score":631,"play_id":"27dc9074-3465-4c53-978d-4bd4ac8ea913","local_time":"20201227041224","is_ascension_mode":false,"campfire_choices":[{"floor":6,"key":"REST"},{"floor":15,"key":"REST"},{"floor":23,"key":"REST"},{"floor":29,"key":"REST"},{"data":"hermit:Determination","floor":32,"key":"SMITH"},{"floor":40,"key":"REST"},{"data":"Forethought","floor":42,"key":"SMITH"},{"floor":49,"key":"REST"}],"circlet_count":0,"master_deck":["hermit:Strike_Hermit+1","hermit:Strike_Hermit+1","hermit:Strike_Hermit+1","hermit:Defend_Hermit+1","hermit:Defend_Hermit+1","hermit:Defend_Hermit+1","hermit:Defend_Hermit+1","hermit:Snapshot","hermit:Covet","hermit:BlackWind","hermit:TrackingShot","hermit:BigShot","hermit:LowProfile","Doubt","hermit:Determination+1","hermit:Maintenance+1","hermit:Determination","hermit:WideOpen","hermit:Vantage+1","hermit:GoldenBullet","hermit:Reprieve","hermit:HoleUp","hermit:Horror","hermit:TrackingShot+1","hermit:SprayPray","ReplayTheSpireMod:Doomed","hermit:ShadowCloak+1","hermit:LowProfile","hermit:GhostlyPresence","hermit:GhostlyPresence","hermit:Misfire+1","hermit:Glare","Forethought+1","Voices","Delirium","hermit:Headshot+1","hermit:CalledShot","hermit:Enervate","hermit:DeadMansHand","hermit:Snipe"],"relics":["hermit:ClaspedLocket","Vajra","Nunchaku","Orichalcum","Lantern","Replay:Grab Bag","Cursed Key","Busted Crown","SacredBark","CultistMask","Bag of Marbles","Sundial","Membership Card","Divine Protection","Mirror","Honey Jar","Bottled Lightning","Singing Bowl","Potion Belt"],"acts_visited":["Exordium","TheCity","TheBeyond"],"potions_floor_usage":[8,12,13,16,16,25,28,33,35,45,46,47,47,48,50,50,50,50,50,50,50,50,50,50,50,50,50],"damage_taken":[{"damage":6,"enemies":"Jaw Worm","floor":1,"turns":4},{"damage":0,"enemies":"Cultist","floor":2,"turns":3},{"damage":12,"enemies":"Small Slimes","floor":3,"turns":4},{"damage":7,"enemies":"Exordium Thugs","floor":7,"turns":7},{"damage":22,"enemies":"Lagavulin","floor":8,"turns":9},{"damage":0,"enemies":"Blue Slaver","floor":10,"turns":2},{"damage":0,"enemies":"Large Slime","floor":11,"turns":5},{"damage":8,"enemies":"Lots of Slimes","floor":12,"turns":6},{"damage":0,"enemies":"Gremlin Nob","floor":13,"turns":1},{"damage":42,"enemies":"Slime Boss","floor":16,"turns":11},{"damage":14,"enemies":"Shell Parasite","floor":18,"turns":7},{"damage":21,"enemies":"Chosen","floor":20,"turns":8},{"damage":20,"enemies":"Snecko","floor":22,"turns":5},{"damage":17,"enemies":"Snake Plant","floor":24,"turns":6},{"damage":7,"enemies":"Slavers","floor":25,"turns":5},{"damage":31,"enemies":"Book of Stabbing","floor":28,"turns":5},{"damage":0,"enemies":"Shelled Parasite and Fungi","floor":31,"turns":6},{"damage":42,"enemies":"Pondfish","floor":33,"turns":13},{"damage":25,"enemies":"3 Darklings","floor":35,"turns":4},{"damage":1,"enemies":"Orb Walker","floor":38,"turns":3},{"damage":14,"enemies":"3 Darklings","floor":39,"turns":5},{"damage":4,"enemies":"Transient","floor":45,"turns":5},{"damage":6,"enemies":"Sphere and 2 Shapes","floor":46,"turns":5},{"damage":0,"enemies":"R_Hoarder","floor":47,"turns":7},{"damage":6,"enemies":"Spire Growth","floor":48,"turns":5},{"damage":27,"enemies":"Replay:Hell Engine","floor":50,"turns":11}],"seed_played":"1553149809739928462","potions_obtained":[{"floor":3,"key":"SpeedPotion"},{"floor":5,"key":"PowerPotion"},{"floor":5,"key":"LiquidBronze"},{"floor":8,"key":"DistilledChaos"},{"floor":12,"key":"FairyPotion"},{"floor":16,"key":"SpeedPotion"},{"floor":24,"key":"Block Potion"},{"floor":25,"key":"SteroidPotion"},{"floor":31,"key":"SkillPotion"},{"floor":33,"key":"SteroidPotion"},{"floor":44,"key":"EntropicBrew"},{"floor":44,"key":"DuplicationPotion"},{"floor":44,"key":"LiquidBronze"},{"floor":45,"key":"Languid Potion"},{"floor":47,"key":"ColorlessPotion"},{"floor":48,"key":"BlessingOfTheForge"}],"is_trial":false,"path_per_floor":["M","M","M","?","?","R","M","E","T","M","M","M","E","$","R","B",null,"M","?","M","?","M","R","M","E","T","$","E","R","?","M","R","B",null,"M","$","?","M","M","R","$","R","T","?","M","M","E","M","R","B",null],"character_chosen":"HERMIT","items_purchased":["hermit:GoldenBullet","Lantern","DistilledChaos","Membership Card","Divine Protection","hermit:ShadowCloak+1","Bottled Lightning","hermit:GhostlyPresence","Forethought"],"campfire_rested":6,"item_purchase_floors":[14,14,14,27,27,27,36,36,41],"current_hp_per_floor":[48,48,36,36,36,58,51,29,29,29,29,21,21,21,43,1,75,61,61,40,40,20,42,25,18,18,18,33,55,55,63,63,22,75,50,50,50,57,43,65,65,65,65,67,65,61,63,59,84,57],"gold":139,"neow_bonus":"THREE_RARE_CARDS","is_daily":false,"chose_seed":false,"campfire_upgraded":2,"win_rate":0.0,"timestamp":1609031544,"path_taken":["M","M","M","?","?","R","M","E","T","M","M","M","E","$","R","BOSS","M","?","?","?","M","R","M","E","T","?","E","R","?","M","R","BOSS","M","$","?","?","M","R","?","R","T","?","?","M","E","M","R","BOSS"],"items_purchased_type":["Card","Relic","Potion","Relic","Relic","Card","Relic","Card","Card"],"build_version":"2020-12-22","purchased_purges":1,"victory":true,"max_hp_per_floor":[75,75,75,75,75,75,75,75,75,75,75,75,75,75,75,75,75,75,75,75,75,75,75,75,75,75,75,75,75,75,75,75,75,75,75,75,75,75,75,75,75,75,75,77,79,81,83,85,85,85],"card_choices":[{"not_picked":["hermit:HeroicBravado","hermit:Gambit"],"picked":"hermit:BlackWind","floor":0},{"not_picked":["hermit:SprayPray","hermit:Misfire"],"picked":"hermit:TrackingShot","floor":1},{"not_picked":["hermit:CalledShot","hermit:TrackingShot"],"picked":"hermit:BigShot","floor":2},{"not_picked":["hermit:CalledShot","hermit:Desperado"],"picked":"hermit:LowProfile","floor":3},{"not_picked":["hermit:ItchyTrigger","hermit:Ricochet"],"picked":"hermit:Determination","floor":7},{"not_picked":["hermit:Brawl","hermit:TakeCover","hermit:LowProfile"],"picked":"SKIP","floor":8},{"not_picked":["hermit:HoleUp","hermit:Glare"],"picked":"hermit:Maintenance","floor":10},{"not_picked":["hermit:HighNoon","hermit:Desperado"],"picked":"hermit:Determination","floor":11},{"not_picked":["hermit:HighCaliber","hermit:Brawl"],"picked":"hermit:WideOpen","floor":12},{"not_picked":["hermit:PistolWhip","hermit:Shortfuse"],"picked":"hermit:Vantage","floor":13},{"not_picked":["hermit:EternalForm","hermit:HeroicBravado"],"picked":"hermit:Reprieve","floor":16},{"not_picked":[],"picked":"hermit:HoleUp","floor":18},{"not_picked":[],"picked":"hermit:Horror","floor":20},{"not_picked":[],"picked":"hermit:TrackingShot+1","floor":22},{"not_picked":["hermit:Roulette"],"picked":"SKIP","floor":24},{"not_picked":[],"picked":"hermit:SprayPray","floor":25},{"not_picked":["hermit:TrackingShot"],"picked":"SKIP","floor":28},{"not_picked":["hermit:LuckOfTheDraw"],"picked":"SKIP","floor":31},{"not_picked":["hermit:Coalescence"],"picked":"hermit:LowProfile","floor":35},{"not_picked":["hermit:PistolWhip"],"picked":"hermit:Misfire+1","floor":38},{"not_picked":["hermit:Quickdraw"],"picked":"hermit:Glare","floor":39},{"not_picked":["hermit:GoldenBullet","hermit:Headshot+1"],"picked":"Singing Bowl","floor":44},{"not_picked":["hermit:HeroicBravado","hermit:CalledShot"],"picked":"Singing Bowl","floor":45},{"not_picked":["hermit:Enervate","hermit:FlashPowder+1"],"picked":"Singing Bowl","floor":46},{"not_picked":["hermit:HighCaliber+1","hermit:DeadMansHand"],"picked":"Singing Bowl","floor":47},{"not_picked":["hermit:Snipe","hermit:ItchyTrigger"],"picked":"Singing Bowl","floor":48}],"player_experience":293236,"relics_obtained":[{"floor":8,"key":"Vajra"},{"floor":9,"key":"Nunchaku"},{"floor":13,"key":"Orichalcum"},{"floor":25,"key":"Bag of Marbles"},{"floor":26,"key":"Sundial"},{"floor":28,"key":"Mirror"},{"floor":43,"key":"Singing Bowl"},{"floor":47,"key":"Potion Belt"}],"event_choices":[{"damage_healed":0,"gold_gain":175,"player_choice":"AGREE","damage_taken":0,"max_hp_gain":0,"max_hp_loss":0,"event_name":"Liars Game","floor":4,"gold_loss":0,"cards_obtained":["Doubt"]},{"damage_healed":0,"gold_gain":0,"player_choice":"Got Potions","damage_taken":0,"max_hp_gain":0,"max_hp_loss":0,"event_name":"Lab","floor":5,"gold_loss":0},{"damage_healed":0,"gold_gain":0,"player_choice":"Upgraded","damage_taken":0,"max_hp_gain":0,"max_hp_loss":0,"event_name":"Upgrade Shrine","floor":19,"gold_loss":0,"cards_upgraded":["hermit:Maintenance"]},{"damage_healed":0,"gold_gain":0,"player_choice":"Trade","damage_taken":0,"relics_obtained":["CultistMask"],"max_hp_gain":0,"max_hp_loss":0,"event_name":"FaceTrader","floor":21,"gold_loss":0},{"damage_healed":0,"gold_gain":0,"player_choice":"Simplicity","damage_taken":0,"max_hp_gain":0,"max_hp_loss":0,"event_name":"Back to Basics","floor":30,"gold_loss":0,"cards_upgraded":["hermit:Strike_Hermit","hermit:Strike_Hermit","hermit:Strike_Hermit","hermit:Defend_Hermit","hermit:Defend_Hermit","hermit:Defend_Hermit","hermit:Defend_Hermit"]},{"damage_healed":0,"gold_gain":0,"player_choice":"Upgraded","damage_taken":0,"max_hp_gain":0,"max_hp_loss":0,"event_name":"Upgrade Shrine","floor":37,"gold_loss":0,"cards_upgraded":["hermit:Vantage"]}],"is_beta":false,"boss_relics":[{"not_picked":["Black Star","hermit:BartenderGlass"],"picked":"Replay:Grab Bag"},{"not_picked":["ReplayTheSpireMod:DimensionalGlitch","Philosopher\u0027s Stone"],"picked":"Cursed Key"},{"not_picked":["Coffee Dripper","Replay:Wanted Poster"],"picked":"Busted Crown"},{"not_picked":["Snecko Eye","Pandora\u0027s Box"],"picked":"SacredBark"},{"not_picked":["SlaversCollar","Astrolabe"],"picked":"hermit:ClaspedLocket"},{"not_picked":["Tiny House","Sozu"],"picked":"Honey Jar"}],"items_purged_floors":[14],"is_endless":false,"potions_floor_spawned":[3,8,12,16,24,25,31,33,45,47,48],"ascension_level":0}}