{"host":"qj91dvco5uhu9oti","time":1609095505,"event":{"mods":["BaseMod","Colored Map","Keyboard Shortcuts","Minty Spire (QoL Compilation)","Permanent Neow","Quick Restart","Relic Stats","StSLib","SuperFastMode","everything is the same but u backflip on backflip"],"gold_per_floor":[115,12,29,29,104,104,104,104],"floor_reached":7,"playtime":107,"items_purged":["Strike_R"],"score":78,"play_id":"543e49dc-43e4-4f0d-a838-831f3b784910","local_time":"20201228035825","is_ascension_mode":true,"campfire_choices":[{"data":"True Grit","floor":6,"key":"SMITH"}],"circlet_count":0,"master_deck":["AscendersBane","Strike_R","Strike_R","Strike_R","Strike_R","Defend_R","Defend_R","Defend_R","Defend_R","Bash","Double Tap","True Grit+1","Body Slam","Flame Barrier"],"relics":["Burning Blood","Golden Idol"],"acts_visited":["Exordium"],"potions_floor_usage":[],"damage_taken":[{"damage":1,"enemies":"2 Louse","floor":1,"turns":4},{"damage":12,"enemies":"Small Slimes","floor":3,"turns":6},{"damage":1,"enemies":"3 Sentries","floor":7,"turns":2}],"seed_played":"-335159425816115856","potions_obtained":[],"is_trial":false,"path_per_floor":["M","$","M","?","?","R","E"],"character_chosen":"IRONCLAD","items_purchased":["Body Slam"],"campfire_rested":0,"item_purchase_floors":[2],"current_hp_per_floor":[73,73,67,41,30,30,29,29],"gold":104,"neow_bonus":"ONE_RANDOM_RARE_CARD","is_daily":false,"chose_seed":false,"campfire_upgraded":1,"win_rate":0.0,"timestamp":1609095505,"path_taken":["M","$","M","?","?","R","E"],"items_purchased_type":["Card"],"build_version":"2020-12-22","purchased_purges":1,"victory":false,"max_hp_per_floor":[75,75,75,75,75,75,75,75],"relic_stats":{"counters":[3,12],"Golden Idol":0,"obtain_stats":[{"Golden Idol":4,"Burning Blood":0},{"Golden Idol":2,"Burning Blood":0},{"Golden Idol":10,"Burning Blood":0}],"Burning Blood":12},"card_choices":[{"not_picked":["Infernal Blade","Shrug It Off"],"picked":"True Grit","floor":1},{"not_picked":["Pummel","Cleave"],"picked":"Flame Barrier","floor":3}],"player_experience":307241,"relics_obtained":[],"event_choices":[{"damage_healed":0,"gold_gain":0,"player_choice":"Take Damage","damage_taken":26,"relics_obtained":["Golden Idol"],"max_hp_gain":0,"max_hp_loss":0,"event_name":"Golden Idol","floor":4,"gold_loss":0},{"damage_healed":0,"gold_gain":75,"player_choice":"Gather Gold","damage_taken":11,"max_hp_gain":0,"max_hp_loss":0,"event_name":"World of Goop","floor":5,"gold_loss":0}],"is_beta":false,"boss_relics":[],"items_purged_floors":[2],"is_endless":false,"potions_floor_spawned":[],"killed_by":"3 Sentries","ascension_level":20}}