{"host":"kg3sujd0l7l0va61","time":1609037984,"event":{"mods":["AchievementEnabler","Aspiration","BaseMod","Bestiary","Better Match","Better Note","BetterRewards","Challenge The Spire","Colored Powertips","Custom Start","Decade(王小明)","Displayed Cursed Tome","Downfall","GifTheSpireLib","Hermit","HololiveMod","Infinite Spire","KinomotoSakuraMod(木之本樱)","Koishi","Luminous","Marisa（F雨　魔理沙）","Marked Mod","Minty Spire (QoL Compilation)","MostiFishMod","Prisma Mod","Quick Restart","READ ME - Guardian Mod","Rare Cards Sparkle","Reimu（博丽灵梦）","Replay The Spire","RumiaBox-露米娅的神秘盒子","StSLib","The Cursed","The Hierophant","The Servant 0.9.4","Waifu the Spire","WarShipGirlsR/战舰少女R mod","Yakumo Yukari mod","Youmu（魂魄妖梦）","【遗物卡牌】REMEMod"],"gold_per_floor":[117,137,137,148,161,186,186,199,199,230,162,162,175,206,206,338,338,349,349,362,375,393,422,422,422,422,422,449,468,468,495,495,592,592,612,627,627,532,442,474,492,502,502,514,541,557,557,557],"floor_reached":47,"playtime":1978,"items_purged":[],"score":1008,"play_id":"0635f190-ecfe-444c-92c1-f5eb75538a6c","local_time":"20201227105944","is_ascension_mode":true,"campfire_choices":[{"floor":7,"key":"RECALL"},{"data":"MostiFishMod:LinkProtocol","floor":12,"key":"SMITH"},{"data":"MostiFishMod:Impulse","floor":15,"key":"SMITH"},{"data":"Pot Of Greed","floor":24,"key":"SMITH"},{"data":"Pot Of Greed","floor":27,"key":"SMITH"},{"data":"Double Energy","floor":32,"key":"SMITH"}],"circlet_count":0,"master_deck":["Strike_B","Strike_B+1","Defend_B","Defend_B","Defend_B","Zap","Dualcast","PrismaMod:IllyaDevil","MostiFishMod:PushDownKick+1","Loop","Gash","Beam Cell","MostiFishMod:Distribution","MostiFishMod:LinkProtocol+1","Pot Of Greed+1","Pot Of Greed+1","Crystallizer","MostiFishMod:Impulse+1","ReplayTheSpireMod:Calculation Training","Panic Button","Seek","Steam Power","Turbo","Pot Of Greed+1","BasicCrystalCard+1","Hello World","Hologram","Double Energy+1","MostiFishMod:Culaccino","White Noise","MostiFishMod:ButterFly","Hello World+1","ReplayGash+1","FIFO Queue+1","Meteor Strike"],"relics":["Cracked Core","DaveBox","REME_ComplimentaryCards","BirthdayGift-Icosahedron","SynthV:TestCard","Akabeko","Grinning Jar","infinitespire:Bottled Soul","aspiration:RunicSpoon","Gremlin Food","Enchiridion","Bag of Marbles","CombinedTypeHook","infinitespire:Lucky Rock","Whetstone","RedLine:ReiMu","Orichalcum","REME_PuzzleBoxRelic","aspiration:EnhancedActuators"],"acts_visited":["Exordium","TheCity","TheBeyond"],"potions_floor_usage":[16,20,23,47],"damage_taken":[{"damage":0.0,"enemies":"Cultist","floor":1.0,"turns":2.0},{"damage":0.0,"enemies":"Jaw Worm","floor":2.0,"turns":2.0},{"damage":0.0,"enemies":"2 Louse","floor":4.0,"turns":1.0},{"damage":0.0,"enemies":"Exordium Wildlife","floor":5.0,"turns":2.0},{"damage":0,"enemies":"Gremlin Nob","floor":6,"turns":3},{"damage":0,"enemies":"Blue Slaver","floor":8,"turns":2},{"damage":0,"enemies":"Lagavulin","floor":10,"turns":3},{"damage":0,"enemies":"Exordium Thugs","floor":13,"turns":2},{"damage":0,"enemies":"3 Sentries","floor":14,"turns":2},{"damage":0,"enemies":"Slime Boss","floor":16,"turns":3},{"damage":0,"enemies":"2 Thieves","floor":18,"turns":1},{"damage":0,"enemies":"3 Byrds","floor":20,"turns":1},{"damage":0,"enemies":"Snecko","floor":21,"turns":3},{"damage":0,"enemies":"3 Cultists","floor":22,"turns":2},{"damage":11,"enemies":"REME_1_Revenger","floor":23,"turns":3},{"damage":0,"enemies":"Gremlin Leader","floor":28,"turns":2},{"damage":0,"enemies":"Centurion and Healer","floor":29,"turns":1},{"damage":42,"enemies":"Nightmare","floor":31,"turns":3},{"damage":0,"enemies":"Automaton","floor":33,"turns":2},{"damage":0,"enemies":"3 Shapes","floor":35,"turns":1},{"damage":0,"enemies":"3 Darklings","floor":36,"turns":1},{"damage":0,"enemies":"Nemesis","floor":40,"turns":2},{"damage":0,"enemies":"4 Shapes","floor":41,"turns":1},{"damage":0,"enemies":"Spire Growth","floor":42,"turns":2},{"damage":0,"enemies":"Transient","floor":44,"turns":5},{"damage":18,"enemies":"Giant Head","floor":45,"turns":4},{"damage":0,"enemies":"Sphere and 2 Shapes","floor":46,"turns":1},{"damage":0,"enemies":"infinitespire:Three Voidlings","floor":47,"turns":1},{"damage":78,"enemies":"Nightmare_Alpha","floor":47,"turns":3}],"seed_played":"6648798796780171149","potions_obtained":[{"floor":2.0,"key":"Block Potion"},{"floor":4.0,"key":"champ:CounterPotion"},{"floor":6,"key":"AttackPotion"},{"floor":13,"key":"SkillPotion"},{"floor":14,"key":"REME_GoldPotion"},{"floor":20,"key":"Strength Potion"},{"floor":22,"key":"Doom Potion"},{"floor":29,"key":"EntropicBrew"}],"is_trial":false,"path_per_floor":["M","M","?","M","M","E","R","M","T","E","$","R","M","E","R","B",null,"M","?","M","M","M","E","R","?","T","R","E","M","T","NM","R","B",null,"M","M","?","$","?","E","M","M","T","M","E","M","?"],"character_chosen":"DEFECT","items_purchased":["MostiFishMod:Impulse","MostiFishMod:ButterFly"],"campfire_rested":0,"item_purchase_floors":[11,38],"current_hp_per_floor":[82,82,82,82,82,82,82,82,82,82,82,82,82,82,82,82,82,82,82,82,82,82,72,72,56,56,56,57,58,58,17,17,18,82,82,82,82,82,82,82,82,82,82,82,65,66,0,0],"gold":557,"neow_bonus":"TEN_PERCENT_HP_BONUS","is_daily":false,"chose_seed":false,"campfire_upgraded":5,"win_rate":0.0,"timestamp":1609037984,"path_taken":["M","M","?","M","M","E","R","M","T","E","$","R","M","E","R","BOSS","M","?","M","M","?","E","R","?","T","R","E","M","?","NM","R","BOSS","M","M","?","$","?","E","?","M","T","M","E","M","?"],"items_purchased_type":["Card","Card"],"build_version":"2020-12-22","purchased_purges":0,"victory":false,"max_hp_per_floor":[82,82,82,82,82,82,82,82,82,82,82,82,82,82,82,82,82,82,82,82,82,82,82,82,82,82,82,82,82,82,82,82,82,82,82,82,82,82,82,82,82,82,82,82,82,82,82,82],"card_choices":[{"not_picked":["Coolheaded","Glacier"],"picked":"MostiFishMod:PushDownKick","floor":1.0},{"not_picked":["Ball Lightning","Panic Button","White Noise","Coolheaded"],"picked":"Loop","floor":2.0},{"not_picked":["Hologram","Go for the Eyes","Steam","Blizzard"],"picked":"Gash","floor":4.0},{"not_picked":["Gash","Auto Shields","Stack","Ball Lightning","MostiFishMod:PushDownKick","Compile Driver"],"picked":"Beam Cell","floor":5.0},{"not_picked":["Conserve Battery","Hologram","Stack","Compile Driver","Streamline","Leap"],"picked":"MostiFishMod:Distribution","floor":6},{"not_picked":["Double Energy","BasicCrystalCard","Static Discharge","Ball Lightning"],"picked":"MostiFishMod:LinkProtocol","floor":8},{"not_picked":["Rebound","ReplayGash","Ball Lightning","Rip and Tear"],"picked":"Crystallizer","floor":10},{"not_picked":["Leap","Steam","Beam Cell","MostiFishMod:PushDownKick"],"picked":"ReplayTheSpireMod:Calculation Training","floor":13},{"not_picked":["FIFO Queue","Lockon","Streamline","Tempest"],"picked":"Panic Button","floor":14},{"not_picked":["MostiFishMod:Distribution","Mirror Shield","Fission","Amplify"],"picked":"Seek","floor":16},{"not_picked":["Barrage","MostiFishMod:PushDownKick+1","ReplayTheSpireMod:Reroute Power","Redo+1","Gash"],"picked":"SKIP","floor":18},{"not_picked":["Coolheaded","FIFO Queue","Leap","Ball Lightning+1","Beam Cell"],"picked":"SKIP","floor":20},{"not_picked":["Hologram","Beam Cell","Streamline","Gash+1"],"picked":"Steam Power","floor":21},{"not_picked":["Streamline+1","Skim","Go for the Eyes","Hello World"],"picked":"Turbo","floor":22},{"not_picked":["Beam Cell","MostiFishMod:Exploitation","Panic Button+1","Auto Shields+1"],"picked":"BasicCrystalCard+1","floor":23},{"not_picked":["Time Bomb","Doom and Gloom","Go for the Eyes","Compile Driver"],"picked":"Hello World","floor":28},{"not_picked":["Time Bomb","Coolheaded","Redo","Darkness"],"picked":"Hologram","floor":29},{"not_picked":["Amplify","Stack","Hologram","Reinforced Body"],"picked":"Double Energy","floor":31},{"not_picked":["MostiFishMod:DeathFromBelow","MostiFishMod:DawningShadow","MostiFishMod:Distribution","MostiFishMod:Exploitation"],"picked":"MostiFishMod:Culaccino","floor":33},{"not_picked":["Time Bomb","ReplaySolidLightProjector+1","Ball Lightning+1","Blizzard+1","Heatsinks"],"picked":"SKIP","floor":35},{"not_picked":["Conserve Battery","Gash+1","MostiFishMod:PushDownKick","Go for the Eyes+1"],"picked":"White Noise","floor":36},{"not_picked":["Conserve Battery+1","Beam Cell+1","Sweeping Beam+1","Fission"],"picked":"Hello World+1","floor":40},{"not_picked":["BasicCrystalCard","Cold Snap","Barrage","Steam+1"],"picked":"ReplayGash+1","floor":41},{"not_picked":["Redo+1","Conserve Battery+1","Hologram","Gash"],"picked":"FIFO Queue+1","floor":42},{"not_picked":["Coolheaded","Turbo","Redo","MostiFishMod:ReprogramOld+1","Beam Cell"],"picked":"SKIP","floor":44},{"not_picked":["Doom and Gloom","Compile Driver","Loop+1","Coolheaded","ReplaySolidLightProjector+1"],"picked":"SKIP","floor":45},{"not_picked":["Go for the Eyes","FTL+1","Compile Driver","Cold Snap"],"picked":"Meteor Strike","floor":46}],"player_experience":111568,"relics_obtained":[{"floor":1.0,"key":"SynthV:TestCard"},{"floor":6,"key":"Akabeko"},{"floor":10,"key":"Grinning Jar"},{"floor":14,"key":"infinitespire:Bottled Soul"},{"floor":23,"key":"Gremlin Food"},{"floor":26,"key":"Bag of Marbles"},{"floor":28,"key":"CombinedTypeHook"},{"floor":30,"key":"infinitespire:Lucky Rock"},{"floor":31,"key":"Whetstone"},{"floor":40,"key":"Orichalcum"},{"floor":43,"key":"REME_PuzzleBoxRelic"},{"floor":45,"key":"aspiration:EnhancedActuators"}],"event_choices":[{"cards_removed":["Strike_B"],"damage_healed":0,"gold_gain":0,"player_choice":"Offered Basic","damage_taken":0,"max_hp_gain":0,"max_hp_loss":0,"event_name":"Bonfire Elementals","floor":19,"gold_loss":0},{"damage_healed":0,"gold_gain":0,"player_choice":"Obtained Book","damage_taken":16,"max_hp_gain":0,"max_hp_loss":0,"event_name":"Cursed Tome","floor":25,"gold_loss":0},{"cards_removed":["Strike_B"],"damage_healed":0,"gold_gain":0,"player_choice":"Removed Attack","damage_taken":0,"max_hp_gain":0,"max_hp_loss":0,"event_name":"Falling","floor":37,"gold_loss":0},{"cards_removed":["Defend_B"],"damage_healed":0,"gold_gain":0,"player_choice":"Upgrade and Remove","damage_taken":0,"max_hp_gain":0,"max_hp_loss":0,"event_name":"Designer","floor":39,"gold_loss":90,"cards_upgraded":["Pot Of Greed"]}],"is_beta":false,"boss_relics":[{"not_picked":["Inserter","HaiYi:Twilight"],"picked":"aspiration:RunicSpoon"},{"not_picked":["aspiration:WatcherSkillbook","TakeMeEscape"],"picked":"RedLine:ReiMu"}],"items_purged_floors":[],"is_endless":true,"potions_floor_spawned":[2,4,6,10,13,14,20,22,29,33,40,41,42,45],"killed_by":"Nightmare_Alpha","ascension_level":4}}