{"host":"eemx8njkng76fu5x","time":1609094188,"event":{"mods":["2.2 Compatiblity","BaseMod","Downfall","Minty Spire (QoL Compilation)","Permanent Neow","StSLib","Unceasing Turn Reminder","Unknown Chances"],"gold_per_floor":[0,14,30,180,245,260,260,260,294,294,294,219,237,251,271,372,372,372,387,387,387,398,398,398,398],"floor_reached":23,"playtime":1080,"items_purged":[],"score":337,"play_id":"31924dc8-53d6-46eb-a0c4-301fc537ef5a","local_time":"20201228023628","is_ascension_mode":true,"campfire_choices":[{"data":"champ:Taunt","floor":1,"key":"SMITH"},{"data":"champ:GladiatorStyle","floor":12,"key":"SMITH"},{"data":"champ:Lariat","floor":18,"key":"SMITH"}],"circlet_count":0,"master_deck":["AscendersBane","champ:Strike","champ:Strike","champ:Defend","champ:Defend","champ:Defend","champ:Defend","champ:Execute","champ:Taunt+1","champ:StanceDance","champ:GladiatorStyle+1","champ:BringItOn","champ:GladiatorsShout","champ:ShieldWall+1","champ:Lariat+1","champ:BladeFlurry","champ:Improvising+1","champ:RageSigil+1"],"relics":["champ:ChampionCrown","Frozen Egg 2","Sundial","Strawberry","champ:LiftRelic","downfall:HeartBlessingBlue","Empty Cage"],"acts_visited":["Exordium","TheCity"],"potions_floor_usage":[14,19],"damage_taken":[{"damage":5,"enemies":"Cultist","floor":2,"turns":4},{"damage":5,"enemies":"Small Slimes","floor":3,"turns":3},{"damage":55,"enemies":"Lagavulin Event","floor":5,"turns":8},{"damage":5,"enemies":"Jaw Worm","floor":6,"turns":5},{"damage":81,"enemies":"Gremlin Nob","floor":9,"turns":6},{"damage":18,"enemies":"Large Slime","floor":13,"turns":5},{"damage":0,"enemies":"2 Fungi Beasts","floor":14,"turns":4},{"damage":9,"enemies":"Blue Slaver","floor":15,"turns":4},{"damage":16,"enemies":"downfall:Watcher","floor":16,"turns":13},{"damage":38,"enemies":"3 Byrds","floor":19,"turns":5},{"damage":0,"enemies":"Chosen","floor":21,"turns":1},{"damage":28,"enemies":"Snecko","floor":22,"turns":6},{"damage":48,"enemies":"Cultist and Chosen","floor":23,"turns":5}],"seed_played":"3009277441590889653","potions_obtained":[{"floor":5,"key":"FairyPotion"},{"floor":9,"key":"SneckoOil"},{"floor":15,"key":"Fire Potion"},{"floor":16,"key":"ColorlessPotion"},{"floor":19,"key":"Strength Potion"}],"is_trial":false,"path_per_floor":["R","M","M","?","?","M","T","T","E","?","?","R","M","M","M","B",null,"R","M","?","M","M","M"],"character_chosen":"THE_CHAMP","items_purchased":[],"campfire_rested":0,"item_purchase_floors":[],"current_hp_per_floor":[99,99,99,99,54,54,54,54,44,44,44,54,41,41,32,16,98,98,60,60,60,32,0,0,0],"gold":398,"neow_bonus":"TWENTY_PERCENT_HP_BONUS","is_daily":false,"chose_seed":false,"campfire_upgraded":3,"win_rate":0.0,"timestamp":1609094188,"path_taken":["R","M","M","?","?","M","T","?","E","?","?","R","M","M","M","BOSS","R","M","?","M","M","M"],"items_purchased_type":[],"build_version":"2020-12-22","purchased_purges":0,"victory":false,"max_hp_per_floor":[108,108,108,108,108,108,108,108,115,115,115,125,125,125,125,125,125,125,125,125,125,125,125,125,125],"card_choices":[{"not_picked":["champ:AdrenalArmor","champ:RageSigil"],"picked":"champ:StanceDance","floor":2},{"not_picked":["champ:BerserkerStyle","champ:ArenaPreparation"],"picked":"champ:GladiatorStyle","floor":3},{"not_picked":["champ:Backstep","champ:IronFortress+1"],"picked":"champ:BringItOn","floor":5},{"not_picked":["champ:AdrenalArmor","champ:FanOfKnives","champ:Control"],"picked":"SKIP","floor":6},{"not_picked":["champ:HeavySlash","champ:FanOfKnives"],"picked":"champ:GladiatorsShout","floor":9},{"not_picked":["champ:FanOfKnives","champ:GladiatorsShout"],"picked":"champ:ShieldWall+1","floor":13},{"not_picked":["champ:Backstep","champ:Haymaker"],"picked":"champ:Lariat","floor":14},{"not_picked":["champ:Circumvent","champ:BringItOn"],"picked":"champ:BladeFlurry","floor":15},{"not_picked":["champ:HoldFirm","champ:EnchantCrown"],"picked":"champ:Improvising+1","floor":16},{"not_picked":["champ:DefensiveShout","champ:RapidStrikes"],"picked":"champ:RageSigil+1","floor":19},{"not_picked":["champ:GutPunch","champ:CrookedStrike","champ:GladiatorsShout"],"picked":"SKIP","floor":21},{"not_picked":["champ:BerserkersShout+1","champ:Circumvent+1","champ:FightOn"],"picked":"SKIP","floor":22}],"player_experience":401849,"relics_obtained":[{"floor":5,"key":"Frozen Egg 2"},{"floor":8,"key":"Sundial"},{"floor":9,"key":"Strawberry"}],"event_choices":[],"is_beta":false,"boss_relics":[{"not_picked":["Cursed Key","Black Star"],"picked":"Empty Cage"}],"items_purged_floors":[],"is_endless":false,"potions_floor_spawned":[5,9,15,16,19],"killed_by":"Cultist and Chosen","ascension_level":10}}