{"host":"3rixevx6n8b56xaj","time":1609047153,"event":{"mods":["2.2 Compatiblity","AchievementEnabler","Arknights The Spire","BaseMod","Colored Map","DeckTracker","Friendly Minions","Minty Spire (QoL Compilation)","StSLib","SuperFastMode"],"gold_per_floor":[13,13,23,34,47,47,66,66,66,66,66,78,96,113,113,113,113],"floor_reached":16,"playtime":536,"items_purged":[],"score":121,"play_id":"f4d59c8d-fac8-414f-906b-8a25d5f1981d","local_time":"20201227143233","is_ascension_mode":false,"campfire_choices":[{"data":"ats:Emotion Absorption","floor":6,"key":"SMITH"},{"data":"ats:Mental Burst","floor":8,"key":"SMITH"},{"data":"ats:Hammer On","floor":10,"key":"SMITH"},{"data":"ats:Sword Rain","floor":15,"key":"SMITH"}],"circlet_count":0,"master_deck":["ats:Strike C","ats:Strike G","ats:Strike S","ats:Armor Crushing Shot","ats:Defend","ats:Defend","ats:Defend","ats:Defend","ats:Emotion Absorption+1","ats:Hook Shot","ats:Mental Burst+1","ats:Very Hot Blade","ats:Hammer On+1","ats:Healing Strengthening","ats:Fractured Body","ats:Sword Rain+1","ats:Soul Absorption","ats:Ignite"],"relics":["ats:Sanity","Question Card"],"acts_visited":["Exordium"],"potions_floor_usage":[12,13,16,16],"damage_taken":[{"damage":4,"enemies":"Jaw Worm","floor":1,"turns":6},{"damage":5,"enemies":"Cultist","floor":3,"turns":4},{"damage":8,"enemies":"Small Slimes","floor":4,"turns":3},{"damage":0,"enemies":"2 Fungi Beasts","floor":5,"turns":2},{"damage":2,"enemies":"3 Louse","floor":7,"turns":3},{"damage":11,"enemies":"Large Slime","floor":12,"turns":4},{"damage":9,"enemies":"Exordium Wildlife","floor":13,"turns":3},{"damage":7,"enemies":"Gremlin Gang","floor":14,"turns":3},{"damage":48,"enemies":"The Guardian","floor":16,"turns":8}],"seed_played":"6261314907539492894","potions_obtained":[{"floor":1,"key":"Fruit Juice"},{"floor":4,"key":"EssenceOfSteel"},{"floor":7,"key":"ColorlessPotion"},{"floor":12,"key":"PowerPotion"}],"is_trial":false,"path_per_floor":["M","?","M","M","M","R","M","R","T","R","?","M","M","M","R","B"],"character_chosen":"DOCTOR_CLASS","items_purchased":[],"campfire_rested":0,"item_purchase_floors":[],"current_hp_per_floor":[82,82,77,69,69,69,67,67,67,67,67,56,47,40,40,0,0],"gold":113,"neow_bonus":"TWENTY_PERCENT_HP_BONUS","is_daily":false,"chose_seed":false,"campfire_upgraded":4,"win_rate":0.0,"timestamp":1609047153,"path_taken":["M","?","M","M","M","R","?","R","T","R","?","M","?","M","R","BOSS"],"items_purchased_type":[],"build_version":"2020-12-22","purchased_purges":0,"victory":false,"max_hp_per_floor":[86,86,86,86,86,86,86,86,86,86,86,86,86,86,86,91,91],"card_choices":[{"not_picked":["ats:Rapid Magazine","ats:Charging Defense"],"picked":"ats:Hook Shot","floor":1},{"not_picked":["ats:Red Shift","ats:Leaping Hammer"],"picked":"ats:Mental Burst","floor":3},{"not_picked":["ats:Poison Spread","ats:Composite Medical Shells"],"picked":"ats:Very Hot Blade","floor":4},{"not_picked":["ats:Powerful Strike","ats:Guardian Obelisk"],"picked":"ats:Hammer On","floor":5},{"not_picked":["ats:LN2 Cannon","ats:Poison Spread"],"picked":"ats:Healing Strengthening","floor":7},{"not_picked":["ats:Charging Defense","ats:Ignite","ats:Beaten Up"],"picked":"ats:Sword Rain","floor":12},{"not_picked":["ats:Composite Medical Shells","ats:Soul Rend","ats:Apocalypse"],"picked":"ats:Soul Absorption","floor":13},{"not_picked":["ats:Explosion Area Strengthen","ats:Cat Scratch","ats:LN2 Cannon"],"picked":"ats:Ignite","floor":14}],"player_experience":575582,"relics_obtained":[{"floor":9,"key":"Question Card"}],"event_choices":[{"damage_healed":0,"gold_gain":0,"player_choice":"Cursed","damage_taken":0,"max_hp_gain":0,"max_hp_loss":0,"event_name":"Wheel of Change","floor":2,"gold_loss":0,"cards_obtained":["Decay"]},{"damage_healed":0,"gold_gain":0,"cards_transformed":["ats:Strike V"],"player_choice":"Transformed","damage_taken":0,"max_hp_gain":0,"max_hp_loss":0,"event_name":"Transmorgrifier","floor":11,"gold_loss":0,"cards_obtained":["ats:Fractured Body"]}],"is_beta":false,"boss_relics":[],"items_purged_floors":[],"is_endless":false,"potions_floor_spawned":[1,4,7,12],"killed_by":"The Guardian","ascension_level":0}}