{"host":"s0ikvqhe10eopvjn","time":1609098316,"event":{"mods":["BaseMod","Block Reminder","Colored Map","Colored Powertips","DeckTracker","Hermit","Highlight Path","Minty Spire (QoL Compilation)","Permanent Neow","StSLib","The Blue Laboratory","The Cursed"],"gold_per_floor":[109,109,125,125,125,161,182,182,182,182,222,240,205,2,2,132,132,145,145,325,27,48,89,89,109,183,198,238,257,257,184,184,308,371,386,411,411,411,424,424,424,464,513,551,551,204,228,243,243,243],"floor_reached":51,"playtime":2739,"items_purged":["Injury"],"score":883,"play_id":"336291c9-d257-4842-8276-bec6a7233a25","local_time":"20201227194516","is_ascension_mode":false,"campfire_choices":[{"floor":8,"key":"REST"},{"data":"Prepared","floor":10,"key":"SMITH"},{"data":"Reflex","floor":15,"key":"SMITH"},{"floor":24,"key":"REST"},{"floor":30,"key":"REST"},{"data":"Blade Dance","floor":32,"key":"SMITH"},{"floor":40,"key":"REST"},{"floor":45,"key":"REST"},{"floor":49,"key":"REST"}],"circlet_count":0,"master_deck":["Strike_G","Strike_G","Strike_G","Strike_G","Defend_G","Defend_G","Defend_G","Defend_G","Survivor","Neutralize+1","Dagger Throw+1","Reflex+1","Prepared+1","Quick Slash+1","Bane+1","Poisoned Stab+1","Glass Knife+1","Flying Knee+1","Blur+1","Backstab+1","Backstab+1","Backstab+1","Sucker Punch+1","Poisoned Stab+1","Noxious Fumes","Blade Dance+1","Phantasmal Killer","Terror","Eviscerate+1","Crippling Poison+1","Tactician","Poisoned Stab+1","Finisher+1","Backstab+1","Slice+1","Dagger Spray+1"],"relics":["Ring of the Snake","NeowsBlessing","Kunai","Golden Idol","Letter Opener","Orichalcum","Nunchaku","Molten Egg 2","Vajra","Empty Cage","Anchor","Whetstone","Potion Belt","Matryoshka","Red Mask","Tiny House","Bag of Marbles","Happy Flower","Boot","Mummified Hand","Toy Ornithopter","Strawberry","Lizard Tail","DollysMirror","Snake Skull"],"acts_visited":["Exordium","TheCity","TheBeyond"],"potions_floor_usage":[11,11,12,33,33,42,42,50,50],"damage_taken":[{"damage":0,"enemies":"Cultist","floor":1,"turns":1},{"damage":0,"enemies":"Small Slimes","floor":3,"turns":1},{"damage":0,"enemies":"Gremlin Nob","floor":6,"turns":1},{"damage":0,"enemies":"2 Louse","floor":7,"turns":2},{"damage":27,"enemies":"Lagavulin","floor":11,"turns":8},{"damage":0,"enemies":"Exordium Wildlife","floor":12,"turns":2},{"damage":39,"enemies":"The Guardian","floor":16,"turns":11},{"damage":4,"enemies":"3 Byrds","floor":18,"turns":4},{"damage":0,"enemies":"Chosen","floor":22,"turns":2},{"damage":11,"enemies":"Slavers","floor":23,"turns":5},{"damage":0,"enemies":"Snecko","floor":25,"turns":3},{"damage":8,"enemies":"Centurion and Healer","floor":27,"turns":4},{"damage":0,"enemies":"Masked Bandits","floor":28,"turns":2},{"damage":15,"enemies":"Shelled Parasite and Fungi","floor":29,"turns":3},{"damage":27,"enemies":"Champ","floor":33,"turns":8},{"damage":0,"enemies":"Orb Walker","floor":35,"turns":2},{"damage":25,"enemies":"3 Darklings","floor":36,"turns":6},{"damage":0,"enemies":"Sphere and 2 Shapes","floor":39,"turns":3},{"damage":12,"enemies":"Reptomancer","floor":42,"turns":5},{"damage":40,"enemies":"Giant Head","floor":44,"turns":8},{"damage":0,"enemies":"Transient","floor":47,"turns":5},{"damage":24,"enemies":"4 Shapes","floor":48,"turns":3},{"damage":72,"enemies":"Donu and Deca","floor":50,"turns":7}],"seed_played":"-351391259639079676","potions_obtained":[{"floor":3,"key":"Regen Potion"},{"floor":6,"key":"DuplicationPotion"},{"floor":12,"key":"Fruit Juice"},{"floor":22,"key":"blueLaboratory:BubblePotion"},{"floor":23,"key":"blueLaboratory:PolymorphPotion"},{"floor":27,"key":"SteroidPotion"},{"floor":29,"key":"blueLaboratory:ImpenetrablePotion"},{"floor":34,"key":"blueLaboratory:BottleOfRum"},{"floor":35,"key":"GamblersBrew"},{"floor":44,"key":"blueLaboratory:RememoryPotion"},{"floor":47,"key":"blueLaboratory:FruitPunch"}],"is_trial":false,"path_per_floor":["M","T","M","?","?","E","M","R","T","R","E","M","?","$","R","B",null,"M","?","?","$","M","E","R","M","T","M","?","M","R","$","R","B",null,"M","M","?","T","M","R","?","E","T","E","R","$","M","M","R","B",null],"character_chosen":"THE_SILENT","items_purchased":["Vajra","Poisoned Stab+1","Whetstone","Blur","Blade Dance","Poison Potion","DollysMirror","Snake Skull","Slice+1"],"campfire_rested":6,"item_purchase_floors":[14,14,21,21,31,31,46,46,46],"current_hp_per_floor":[70,70,70,70,37,37,37,58,58,58,46,51,69,69,69,30,75,71,71,52,52,52,41,63,63,63,55,55,40,62,62,62,35,80,80,55,55,55,55,79,79,67,74,34,60,60,60,36,62,2],"gold":243,"neow_bonus":"THREE_ENEMY_KILL","is_daily":false,"chose_seed":false,"campfire_upgraded":3,"win_rate":0.0,"timestamp":1609098316,"path_taken":["M","?","M","?","?","E","M","R","T","R","E","M","?","$","R","BOSS","M","?","?","$","?","E","R","M","T","?","?","M","R","$","R","BOSS","M","M","?","?","M","R","?","E","T","E","R","$","?","M","R","BOSS"],"items_purchased_type":["Relic","Card","Relic","Card","Card","Potion","Relic","Relic","Card"],"build_version":"2020-12-22","purchased_purges":1,"victory":true,"max_hp_per_floor":[70,70,70,70,70,70,70,70,70,70,70,75,75,75,75,75,75,75,75,75,75,75,75,75,75,75,75,75,75,75,75,75,75,80,80,80,80,80,80,80,80,80,87,87,87,87,87,87,87,89],"card_choices":[{"not_picked":["Deflect","Masterful Stab"],"picked":"Dagger Throw","floor":1},{"not_picked":["Eviscerate","Deflect"],"picked":"Reflex","floor":3},{"not_picked":["Leg Sweep","Poisoned Stab"],"picked":"Prepared","floor":6},{"not_picked":["PiercingWail","Underhanded Strike","Dagger Spray"],"picked":"SKIP","floor":7},{"not_picked":["Dodge and Roll","Blur"],"picked":"Quick Slash+1","floor":11},{"not_picked":["Acrobatics","Deflect"],"picked":"Bane+1","floor":12},{"not_picked":["Bullet Time","Doppelganger"],"picked":"Glass Knife+1","floor":16},{"not_picked":["Bane+1","Slice+1"],"picked":"Flying Knee+1","floor":18},{"not_picked":["Noxious Fumes","Underhanded Strike+1"],"picked":"Backstab+1","floor":22},{"not_picked":["Reflex+1","Phantasmal Killer"],"picked":"Backstab+1","floor":23},{"not_picked":["Footwork","Deadly Poison"],"picked":"Backstab+1","floor":25},{"not_picked":["Prepared","Acrobatics"],"picked":"Sucker Punch+1","floor":27},{"not_picked":["Bane+1","Deadly Poison"],"picked":"Poisoned Stab+1","floor":28},{"not_picked":["Backflip","Flying Knee+1"],"picked":"Noxious Fumes","floor":29},{"not_picked":["Malaise","Glass Knife+1"],"picked":"Phantasmal Killer","floor":33},{"not_picked":["Acrobatics","Dagger Throw+1"],"picked":"Terror","floor":34},{"not_picked":["Flechettes+1","Underhanded Strike+1"],"picked":"Eviscerate+1","floor":35},{"not_picked":["Underhanded Strike+1","Dodge and Roll"],"picked":"Crippling Poison+1","floor":36},{"not_picked":["Burst","Acrobatics"],"picked":"Tactician","floor":39},{"not_picked":["Masterful Stab+1","Tactician"],"picked":"Poisoned Stab+1","floor":42},{"not_picked":["Acrobatics+1","Catalyst"],"picked":"Finisher+1","floor":44},{"not_picked":["Outmaneuver","Leg Sweep+1","Slice+1"],"picked":"SKIP","floor":47},{"not_picked":["Footwork","Leg Sweep+1"],"picked":"Dagger Spray+1","floor":48}],"player_experience":43920,"relics_obtained":[{"floor":2,"key":"Kunai"},{"floor":6,"key":"Orichalcum"},{"floor":9,"key":"Nunchaku"},{"floor":11,"key":"Molten Egg 2"},{"floor":23,"key":"Potion Belt"},{"floor":26,"key":"Matryoshka"},{"floor":28,"key":"Red Mask"},{"floor":38,"key":"Bag of Marbles"},{"floor":38,"key":"Happy Flower"},{"floor":42,"key":"Mummified Hand"},{"floor":43,"key":"Toy Ornithopter"},{"floor":43,"key":"Strawberry"},{"floor":44,"key":"Lizard Tail"}],"event_choices":[{"damage_healed":0,"gold_gain":0,"player_choice":"Take Wound","damage_taken":0,"relics_obtained":["Golden Idol"],"max_hp_gain":0,"max_hp_loss":0,"event_name":"Golden Idol","floor":4,"gold_loss":0,"cards_obtained":["Injury"]},{"damage_healed":0,"gold_gain":0,"player_choice":"Success","damage_taken":33,"relics_obtained":["Letter Opener"],"max_hp_gain":0,"max_hp_loss":0,"event_name":"Scrap Ooze","floor":5,"gold_loss":0},{"damage_healed":18,"gold_gain":0,"player_choice":"Healed","damage_taken":0,"max_hp_gain":0,"max_hp_loss":0,"event_name":"The Cleric","floor":13,"gold_loss":35},{"damage_healed":0,"gold_gain":0,"player_choice":"Opened","damage_taken":0,"relics_obtained":["Anchor"],"max_hp_gain":0,"max_hp_loss":0,"event_name":"The Mausoleum","floor":19,"gold_loss":0},{"damage_healed":0,"gold_gain":180,"player_choice":"GOLD GOLD ","damage_taken":19,"max_hp_gain":0,"max_hp_loss":0,"event_name":"Knowing Skull","floor":20,"potions_obtained":[],"gold_loss":0,"cards_obtained":[]},{"damage_healed":0,"gold_gain":0,"player_choice":"Fought Bandits","damage_taken":0,"max_hp_gain":0,"max_hp_loss":0,"event_name":"Masked Bandits","floor":28,"gold_loss":0},{"damage_healed":0,"gold_gain":0,"player_choice":"Memory 1","damage_taken":0,"max_hp_gain":0,"max_hp_loss":0,"event_name":"SensoryStone","floor":37,"gold_loss":0},{"damage_healed":0,"gold_gain":0,"player_choice":"Gave Potion","damage_taken":0,"relics_obtained":["Boot"],"max_hp_gain":0,"max_hp_loss":0,"event_name":"WeMeetAgain","floor":41,"gold_loss":0}],"is_beta":false,"boss_relics":[{"not_picked":["Runic Pyramid","Philosopher\u0027s Stone"],"picked":"Empty Cage"},{"not_picked":["Black Star","Runic Dome"],"picked":"Tiny House"}],"items_purged_floors":[21],"is_endless":false,"potions_floor_spawned":[3,6,12,22,23,27,29,35,44,47],"ascension_level":0}}