{"host":"26mrfot5w7uj2ebc","time":1609071150,"event":{"mods":["AchievementEnabler","BaseMod","Colored Map","Minty Spire (QoL Compilation)"],"gold_per_floor":[112,128,53,70,84,84,101,117,117,117,132,150,168,185,185,284,284,301,301,311,327,340,366,366,381,406,406,419,419,434,446,446,545,545,562,580,580,580,12,12,31,43,43,55,73,73,73,89,89,89],"floor_reached":51,"playtime":1915,"items_purged":["Regret"],"score":775,"play_id":"dfd65472-4401-494f-bb66-e5937ebb879b","local_time":"20201227211230","is_ascension_mode":false,"campfire_choices":[{"data":"Sword Boomerang","floor":6.0,"key":"SMITH"},{"floor":15.0,"key":"REST"},{"floor":24.0,"key":"REST"},{"floor":27.0,"key":"REST"},{"data":"1","floor":29.0,"key":"LIFT"},{"floor":32.0,"key":"REST"},{"data":"2","floor":40.0,"key":"LIFT"},{"data":"3","floor":46,"key":"LIFT"},{"data":"Apotheosis","floor":49,"key":"SMITH"}],"circlet_count":0,"master_deck":["Strike_R","Strike_R","Strike_R","Strike_R","Strike_R","Defend_R","Defend_R","Defend_R","Bash","Pommel Strike","Havoc","Disarm","Sword Boomerang+1","Disarm","Clothesline","Impervious","Cleave","Sword Boomerang","Clothesline","Metallicize","Clothesline","Reaper","Shockwave","Twin Strike","Clothesline","Evolve","Demon Form","Fire Breathing","Burning Pact","Rage","Blood for Blood+1","Fire Breathing+1","Shrug It Off","Heavy Blade","Havoc","Sword Boomerang+1","Cleave","Battle Trance","Barricade","Evolve+1","Power Through","Omniscience","Apotheosis+1","Ghostly Armor","Clash+1","Flex+1","Shrug It Off","Warcry","Writhe","Shrug It Off+1","Flex+1"],"relics":["Burning Blood","Prayer Wheel","Girya","Busted Crown","Toy Ornithopter","Red Skull","Philosopher\u0027s Stone","Ice Cream","Bottled Flame"],"acts_visited":["Exordium","TheCity","TheBeyond"],"potions_floor_usage":[50,50,50],"damage_taken":[{"damage":9.0,"enemies":"Small Slimes","floor":1.0,"turns":4.0},{"damage":6.0,"enemies":"Cultist","floor":2.0,"turns":3.0},{"damage":6.0,"enemies":"Jaw Worm","floor":4.0,"turns":2.0},{"damage":10.0,"enemies":"Red Slaver","floor":5.0,"turns":3.0},{"damage":19.0,"enemies":"Blue Slaver","floor":7.0,"turns":3.0},{"damage":4.0,"enemies":"Looter","floor":8.0,"turns":3.0},{"damage":6.0,"enemies":"Red Slaver","floor":11.0,"turns":3.0},{"damage":12.0,"enemies":"Large Slime","floor":12.0,"turns":6.0},{"damage":9.0,"enemies":"Looter","floor":13.0,"turns":4.0},{"damage":21.0,"enemies":"Lots of Slimes","floor":14.0,"turns":3.0},{"damage":40.0,"enemies":"Slime Boss","floor":16.0,"turns":8.0},{"damage":12.0,"enemies":"Chosen","floor":18.0,"turns":4.0},{"damage":38.0,"enemies":"2 Thieves","floor":20.0,"turns":4.0},{"damage":14.0,"enemies":"Snecko","floor":21.0,"turns":5.0},{"damage":42.0,"enemies":"Shelled Parasite and Fungi","floor":22.0,"turns":6.0},{"damage":1.0,"enemies":"Book of Stabbing","floor":23.0,"turns":6.0},{"damage":32.0,"enemies":"Centurion and Healer","floor":25.0,"turns":6.0},{"damage":15.0,"enemies":"Snake Plant","floor":28.0,"turns":5.0},{"damage":6.0,"enemies":"Chosen and Byrds","floor":30.0,"turns":4.0},{"damage":3.0,"enemies":"Snecko","floor":31.0,"turns":3.0},{"damage":69.0,"enemies":"Automaton","floor":33.0,"turns":10.0},{"damage":21.0,"enemies":"3 Darklings","floor":35.0,"turns":5.0},{"damage":17.0,"enemies":"Orb Walker","floor":36.0,"turns":3.0},{"damage":56.0,"enemies":"3 Darklings","floor":41.0,"turns":4.0},{"damage":25.0,"enemies":"Transient","floor":42.0,"turns":5.0},{"damage":13.0,"enemies":"Maw","floor":44.0,"turns":6.0},{"damage":18,"enemies":"4 Shapes","floor":45,"turns":4},{"damage":7,"enemies":"Transient","floor":48,"turns":5},{"damage":75,"enemies":"Donu and Deca","floor":50,"turns":9}],"seed_played":"9185362007321535972","potions_obtained":[{"floor":1.0,"key":"Fire Potion"},{"floor":5.0,"key":"EssenceOfSteel"},{"floor":7.0,"key":"LiquidBronze"},{"floor":16.0,"key":"CultistPotion"},{"floor":21.0,"key":"Swift Potion"},{"floor":22.0,"key":"Ancient Potion"},{"floor":30.0,"key":"PowerPotion"},{"floor":33.0,"key":"Fruit Juice"},{"floor":41.0,"key":"Energy Potion"}],"is_trial":false,"path_per_floor":["M","M","$","M","M","R","M","M","T","?","M","M","M","M","R","B",null,"M","?","M","M","M","E","R","M","T","R","M","R","M","M","R","B",null,"M","M","?","?","$","R","M","M","T","M","M","R","?","M","R","B",null],"character_chosen":"IRONCLAD","items_purchased":["Ice Cream","Apotheosis","EssenceOfSteel"],"campfire_rested":4,"item_purchase_floors":[39,39,39],"current_hp_per_floor":[77,77,77,77,73,73,60,62,62,62,62,56,53,58,80,58,80,78,78,46,44,12,17,41,15,15,39,38,38,38,46,70,22,85,70,66,66,66,66,66,34,15,15,21,61,61,82,81,81,16],"gold":89,"neow_bonus":"ONE_RARE_RELIC","is_daily":false,"chose_seed":false,"campfire_upgraded":2,"win_rate":0.0,"timestamp":1609071150,"path_taken":["M","M","$","M","M","R","M","M","T","?","M","M","?","M","R","BOSS","M","?","M","?","M","E","R","M","T","R","M","R","M","M","R","BOSS","M","M","?","?","$","R","?","M","T","M","M","R","?","M","R","BOSS"],"items_purchased_type":["Relic","Card","Potion"],"build_version":"2020-12-22","purchased_purges":1,"victory":true,"max_hp_per_floor":[80,80,80,80,80,80,80,80,80,80,80,80,80,80,80,80,80,80,80,80,80,80,80,80,80,80,80,80,80,80,80,80,85,85,85,85,85,85,85,85,85,85,85,85,85,85,85,85,85,85],"card_choices":[{"not_picked":["Warcry","Sentinel"],"picked":"Pommel Strike","floor":1.0},{"not_picked":["Headbutt","Sentinel"],"picked":"Havoc","floor":1.0},{"not_picked":["Power Through","Second Wind"],"picked":"Disarm","floor":2.0},{"not_picked":["Shrug It Off","Combust"],"picked":"Sword Boomerang","floor":2.0},{"not_picked":["Armaments","Havoc"],"picked":"Disarm","floor":4.0},{"not_picked":["Warcry","Perfected Strike"],"picked":"Clothesline","floor":4.0},{"not_picked":["Bloodletting","Perfected Strike"],"picked":"Impervious","floor":5.0},{"not_picked":["Headbutt","Thunderclap"],"picked":"Cleave","floor":5.0},{"not_picked":["Heavy Blade","Anger"],"picked":"Sword Boomerang","floor":7.0},{"not_picked":["Headbutt","Havoc"],"picked":"Clothesline","floor":7.0},{"not_picked":["Feel No Pain","Cleave"],"picked":"Offering","floor":8.0},{"not_picked":["Wild Strike","True Grit","Body Slam"],"picked":"SKIP","floor":8.0},{"not_picked":["Armaments","Entrench"],"picked":"Metallicize","floor":11.0},{"not_picked":["Burning Pact","True Grit"],"picked":"Clothesline","floor":11.0},{"not_picked":["Thunderclap","Ghostly Armor"],"picked":"Reaper","floor":12.0},{"not_picked":["Ghostly Armor","Second Wind"],"picked":"Shockwave","floor":12.0},{"not_picked":["Body Slam","Flame Barrier"],"picked":"Twin Strike","floor":13.0},{"not_picked":["Anger","True Grit"],"picked":"Clothesline","floor":13.0},{"not_picked":["Twin Strike","Body Slam"],"picked":"Evolve","floor":14.0},{"not_picked":["Burning Pact","Shockwave","Dropkick"],"picked":"SKIP","floor":14.0},{"not_picked":["Bludgeon","Offering"],"picked":"Demon Form","floor":16.0},{"not_picked":[],"picked":"Fire Breathing","floor":18.0},{"not_picked":["Body Slam"],"picked":"SKIP","floor":18.0},{"not_picked":[],"picked":"Burning Pact","floor":20.0},{"not_picked":[],"picked":"Rage","floor":20.0},{"not_picked":[],"picked":"Blood for Blood+1","floor":21.0},{"not_picked":["Shrug It Off"],"picked":"SKIP","floor":21.0},{"not_picked":[],"picked":"Fire Breathing+1","floor":22.0},{"not_picked":[],"picked":"Shrug It Off","floor":22.0},{"not_picked":[],"picked":"Heavy Blade","floor":23.0},{"not_picked":[],"picked":"Havoc","floor":25.0},{"not_picked":[],"picked":"Sword Boomerang+1","floor":25.0},{"not_picked":["Headbutt"],"picked":"SKIP","floor":28.0},{"not_picked":["Hemokinesis"],"picked":"SKIP","floor":28.0},{"not_picked":[],"picked":"Cleave","floor":30.0},{"not_picked":["Headbutt+1"],"picked":"SKIP","floor":30.0},{"not_picked":[],"picked":"Battle Trance","floor":31.0},{"not_picked":["Havoc"],"picked":"SKIP","floor":31.0},{"not_picked":[],"picked":"Barricade","floor":33.0},{"not_picked":[],"picked":"Evolve+1","floor":35.0},{"not_picked":[],"picked":"Power Through","floor":35.0},{"not_picked":["Feel No Pain"],"picked":"SKIP","floor":36.0},{"not_picked":["Rage"],"picked":"SKIP","floor":36.0},{"not_picked":[],"picked":"Ghostly Armor","floor":41.0},{"not_picked":["True Grit"],"picked":"SKIP","floor":41.0},{"not_picked":[],"picked":"Clash+1","floor":42.0},{"not_picked":["Shockwave"],"picked":"SKIP","floor":42.0},{"not_picked":[],"picked":"Flex+1","floor":44.0},{"not_picked":[],"picked":"Shrug It Off","floor":44.0},{"not_picked":[],"picked":"Warcry","floor":45},{"not_picked":["Reckless Charge"],"picked":"SKIP","floor":45},{"not_picked":[],"picked":"Shrug It Off+1","floor":48},{"not_picked":[],"picked":"Flex+1","floor":48}],"player_experience":215277,"relics_obtained":[{"floor":9.0,"key":"Girya"},{"floor":23.0,"key":"Toy Ornithopter"},{"floor":26.0,"key":"Red Skull"},{"floor":43.0,"key":"Bottled Flame"}],"event_choices":[{"damage_healed":0.0,"max_hp_gain":0.0,"max_hp_loss":0.0,"gold_gain":0.0,"event_name":"Wheel of Change","player_choice":"Cursed","floor":10.0,"gold_loss":0.0,"damage_taken":0.0,"cards_obtained":["Decay"]},{"cards_removed":["Decay"],"damage_healed":0.0,"max_hp_gain":0.0,"max_hp_loss":0.0,"gold_gain":0.0,"event_name":"Purifier","player_choice":"Purged","floor":19.0,"gold_loss":0.0,"damage_taken":0.0},{"cards_removed":["Defend_R"],"damage_healed":0.0,"max_hp_gain":0.0,"max_hp_loss":0.0,"gold_gain":0.0,"event_name":"Falling","player_choice":"Removed Skill","floor":37.0,"gold_loss":0.0,"damage_taken":0.0},{"cards_removed":["Offering"],"damage_healed":0.0,"max_hp_gain":0.0,"max_hp_loss":0.0,"gold_gain":0.0,"event_name":"NoteForYourself","player_choice":"Took Card","floor":38.0,"gold_loss":0.0,"damage_taken":0.0,"cards_obtained":["Omniscience"]},{"damage_healed":21,"gold_gain":0,"player_choice":"Writhe","damage_taken":0,"max_hp_gain":0,"max_hp_loss":0,"event_name":"Winding Halls","floor":47,"gold_loss":0,"cards_obtained":["Writhe"]}],"is_beta":false,"boss_relics":[{"not_picked":["Runic Cube","Pandora\u0027s Box"],"picked":"Busted Crown"},{"not_picked":["SacredBark","Fusion Hammer"],"picked":"Philosopher\u0027s Stone"}],"items_purged_floors":[3],"is_endless":false,"potions_floor_spawned":[1,5,7,13,16,21,22,30,33,41,44],"ascension_level":0}}