{"host":"zt8a6xk8zi449pm4","time":1609032493,"event":{"mods":["AchievementEnabler","Aspiration","BaseMod","Conspire","Energized Spire","Infinite Spire","Minty Spire (QoL Compilation)","Rare Cards Sparkle","Relic Stats","Replay The Spire","StSLib"],"gold_per_floor":[114,130,161,111,111,140,155,155,180,211,186,199,199,216,216,320,320,335,354,369,369,369,402,402,402,425,436,436,286,201,211,211,315,315,332,332,352,370,380,410,410,436,436,377,393,393,408,428,428,525,525,532,532,538,157,162,162,171,171,171,187,193,193,193,201,201,269,269,269,269,276,276,48,48,42,44,93,93,91,99,99,100,100,156,156,154,154,154,178,138,141,141,141,141,141,141,129,123,123,123,165,165,179,179,192,201,201,201,219,219,219,225,239,248,249,267,267,346,364,374,383,463,465,461,466,484,510,510,508,517,535,535,805,805,874,974,1042,1084,1070,1070],"floor_reached":139,"playtime":13505,"items_purged":["Voices","Strike_R","Strike_R","Strike_R","Strike_R","Regret"],"score":3540,"play_id":"5ef89eb1-69db-4178-9d82-ffdb231e1b20","local_time":"20201227012813","is_ascension_mode":true,"campfire_choices":[{"floor":8,"key":"REST"},{"floor":15,"key":"REST"},{"data":"conspire:ExplosiveBarrier","floor":25,"key":"SMITH"},{"data":"Armaments","floor":32,"key":"SMITH"},{"floor":46,"key":"REST"},{"data":"conspire:ExplosiveBarrier","floor":49,"key":"SMITH"},{"data":"Metallicize","floor":57,"key":"SMITH"},{"data":"Flame Barrier","floor":59,"key":"SMITH"},{"data":"Demonic Infusion","floor":66,"key":"SMITH"},{"data":"Searing Blow+2","floor":74,"key":"SMITH"},{"data":"Searing Blow+3","floor":78,"key":"SMITH"},{"data":"Rage","floor":81,"key":"SMITH"},{"data":"infinitespire:Fortify","floor":92,"key":"SMITH"},{"data":"ReplayTheSpireMod:Chaos Vortex","floor":95,"key":"SMITH"},{"data":"Searing Blow+4","floor":100,"key":"SMITH"},{"data":"Power Through","floor":108,"key":"SMITH"},{"data":"Searing Blow+5","floor":110,"key":"SMITH"},{"floor":117,"key":"DIG"},{"data":"Deep Breath","floor":132,"key":"SMITH"},{"floor":134,"key":"REST"}],"circlet_count":0,"master_deck":["Defend_R","Defend_R","Defend_R","Defend_R+1","conspire:ExplosiveBarrier+1","Iron Wave","Armaments+1","Headbutt+1","Demonic Infusion+1","Searing Blow+3","Body Slam+1","Body Slam+1","Shrug It Off+1","Shrug It Off+1","Demonic Infusion+1","Shrug It Off","Body Slam+1","Body Slam+1","Armaments+1","Demonic Infusion+1","Strike_R+1","Defend_R","Defend_R","Defend_R","Defend_R","conspire:ExplosiveBarrier+1","Iron Wave+1","Armaments+1","Headbutt+1","Demonic Infusion+1","Searing Blow+6","Body Slam+1","Body Slam+1","Shrug It Off+1","Shrug It Off","Demonic Infusion+1","Shrug It Off","Body Slam+1","Body Slam+1","Armaments+1","Demonic Infusion+1","conspire:ExplosiveBarrier+1","infinitespire:NeuralNetwork+1","Juggernaut+1","Armaments","Juggernaut+1","Flame Barrier+1","Metallicize+1","Metallicize+1","Shrug It Off","Juggernaut+1","Armaments","Replay:Sssssssssshield+1","conspire:ExplosiveBarrier+1","Shrug It Off+1","Rage+1","infinitespire:Fortify+1","Demonic Infusion+1","Shrug It Off","ReplayTheSpireMod:Chaos Vortex+1","Deep Breath+1","Armaments","Madness","Madness","Shrug It Off+1","Impervious+1","Power Through+1","conspire:Purge+1","Injury","Ghostly Armor","conspire:Purge+1","Decay","Body Slam+1","Armaments+1","ReplayTheSpireMod:Chaos Vortex+1","Ghostly Armor+1","Entrench+1"],"relics":["Black Blood","aspiration:Nostalgia","Ring of the Snake","Molten Egg 2","Blood Vial","Bronze Scales","Gremlin Horn","ReplayTheSpireMod:CursedCoin","energizedSpire:DeadBattery","Enchiridion","Golden Egg","Smiling Mask","Onion Ring","War Paint","ReplayTheSpireMod:Lightbulb","Champion Belt","aspiration:FrozenJewel","Lantern","Ooze Armor","Akabeko","Sundial","Letter Opener","Bottled Flame","Divine Protection","Bag of Preparation","Philosopher\u0027s Stone","infinitespire:Beetle Shell","Boot","Empty Cage","CaptainsWheel","ReplayTheSpireMod:Ninjato","infinitespire:Eraser","Toy Ornithopter","Snecko Heart","CeramicFish","Tiny Chest","Iron Hammer","conspire:TopHat","Frozen Egg 2","Omamori","Replay:Ancient Bell","Nunchaku","Blue Candle","conspire:GiftBox","Toxic Egg 2","Counterbalance","ReplayTheSpireMod:TigerMarble","infinitespire:FocusingShard","Bottled Lightning","infinitespire:EvilPickle","Replay:Wanted Poster"],"acts_visited":["Exordium","TheCity","TheBeyond","Exordium","TheCity","TheBeyond","Exordium","TheCity","TheBeyond"],"potions_floor_usage":[16,16,23,33,33,33,33,33,33,39,40,42,50,50,50,61,67,67,67,82,84,84,84,91,91,93,101,118,118,131,131,135,135,135,135,138,139],"damage_taken":[{"damage":0,"enemies":"Small Slimes","floor":1,"turns":4},{"damage":1,"enemies":"Jaw Worm","floor":2,"turns":4},{"damage":20,"enemies":"conspire:MimicChest","floor":3,"turns":6},{"damage":51,"enemies":"Lagavulin","floor":6,"turns":9},{"damage":1,"enemies":"Cultist","floor":7,"turns":3},{"damage":1,"enemies":"Replay:BlueRogue","floor":10,"turns":6},{"damage":0,"enemies":"Exordium Thugs","floor":12,"turns":3},{"damage":0,"enemies":"Looter","floor":14,"turns":3},{"damage":31,"enemies":"Hexaghost","floor":16,"turns":10},{"damage":0,"enemies":"Chosen","floor":18,"turns":4},{"damage":0,"enemies":"Shell Parasite","floor":19,"turns":5},{"damage":5,"enemies":"Snecko","floor":20,"turns":5},{"damage":3,"enemies":"Replay:Snechameleon","floor":23,"turns":4},{"damage":4,"enemies":"conspire:HollyBat","floor":27,"turns":7},{"damage":18,"enemies":"Snake Plant","floor":31,"turns":2},{"damage":52,"enemies":"Champ","floor":33,"turns":10},{"damage":11,"enemies":"3 Darklings","floor":35,"turns":2},{"damage":5,"enemies":"Orb Walker","floor":37,"turns":3},{"damage":0,"enemies":"3 Darklings","floor":38,"turns":4},{"damage":4,"enemies":"4 Shapes","floor":39,"turns":4},{"damage":10,"enemies":"R_Hoarder","floor":40,"turns":10},{"damage":61,"enemies":"Nightmare","floor":42,"turns":11},{"damage":20,"enemies":"Writhing Mass","floor":45,"turns":4},{"damage":0,"enemies":"Transient","floor":47,"turns":5},{"damage":2,"enemies":"4 Shapes","floor":48,"turns":3},{"damage":34,"enemies":"Replay:Hell Engine","floor":50,"turns":14},{"damage":0,"enemies":"Jaw Worm","floor":52,"turns":1},{"damage":0,"enemies":"Small Slimes","floor":54,"turns":1},{"damage":0,"enemies":"2 Louse","floor":56,"turns":1},{"damage":0,"enemies":"Lots of Slimes","floor":58,"turns":2},{"damage":16,"enemies":"Lagavulin","floor":61,"turns":4},{"damage":22,"enemies":"Exordium Thugs","floor":62,"turns":2},{"damage":0,"enemies":"Blue Slaver","floor":65,"turns":1},{"damage":0,"enemies":"Slime Boss","floor":67,"turns":5},{"damage":0,"enemies":"3 Byrds","floor":69,"turns":3},{"damage":0,"enemies":"Shell Parasite","floor":71,"turns":1},{"damage":0,"enemies":"Chosen and Byrds","floor":75,"turns":4},{"damage":19,"enemies":"Snecko","floor":76,"turns":3},{"damage":0,"enemies":"3 Cultists","floor":79,"turns":1},{"damage":16,"enemies":"Snake Plant","floor":80,"turns":2},{"damage":27,"enemies":"Shelled Parasite and Fungi","floor":82,"turns":3},{"damage":0,"enemies":"conspire:MysteriousRune","floor":84,"turns":8},{"damage":0,"enemies":"3 Shapes","floor":86,"turns":2},{"damage":20,"enemies":"2 Orb Walkers","floor":89,"turns":3},{"damage":0,"enemies":"R_Hoarder","floor":91,"turns":5},{"damage":1,"enemies":"3 Darklings","floor":93,"turns":3},{"damage":30,"enemies":"Spire Growth","floor":97,"turns":4},{"damage":3,"enemies":"Reptomancer","floor":98,"turns":5},{"damage":0,"enemies":"Sphere and 2 Shapes","floor":99,"turns":2},{"damage":69,"enemies":"Donu and Deca","floor":101,"turns":10},{"damage":0,"enemies":"2 Louse","floor":103,"turns":1},{"damage":0,"enemies":"Jaw Worm","floor":105,"turns":1},{"damage":0,"enemies":"Lagavulin","floor":109,"turns":3},{"damage":0,"enemies":"Cultist","floor":112,"turns":1},{"damage":0,"enemies":"Looter","floor":113,"turns":1},{"damage":0,"enemies":"Large Slime","floor":115,"turns":1},{"damage":0,"enemies":"3 Louse","floor":116,"turns":1},{"damage":0,"enemies":"The Guardian","floor":118,"turns":5},{"damage":0,"enemies":"Spheric Guardian","floor":120,"turns":1},{"damage":6,"enemies":"3 Byrds","floor":123,"turns":2},{"damage":10,"enemies":"Shelled Parasite and Fungi","floor":124,"turns":2},{"damage":74,"enemies":"Nightmare","floor":125,"turns":4},{"damage":0,"enemies":"Centurion and Healer","floor":127,"turns":1},{"damage":0,"enemies":"Cultist and Chosen","floor":129,"turns":3},{"damage":0,"enemies":"Snecko","floor":130,"turns":1},{"damage":5,"enemies":"Book of Stabbing","floor":131,"turns":3},{"damage":22,"enemies":"Pondfish","floor":135,"turns":6},{"damage":0,"enemies":"3 Shapes","floor":137,"turns":1},{"damage":10,"enemies":"3 Darklings","floor":138,"turns":4},{"damage":115,"enemies":"infinitespire:Three Voidlings","floor":139,"turns":2}],"seed_played":"3639494252036856943","potions_obtained":[{"floor":6,"key":"Block Potion"},{"floor":7,"key":"Block Potion"},{"floor":14,"key":"SpeedPotion"},{"floor":16,"key":"EntropicBrew"},{"floor":18,"key":"LiquidMemories"},{"floor":31,"key":"BloodPotion"},{"floor":33,"key":"ColorlessPotion"},{"floor":37,"key":"Languid Potion"},{"floor":38,"key":"Milkshake"},{"floor":45,"key":"Explosive Potion"},{"floor":47,"key":"SneckoOil"},{"floor":48,"key":"GamblersBrew"},{"floor":50,"key":"Block Potion"},{"floor":54,"key":"Fire Potion"},{"floor":62,"key":"Weak Potion"},{"floor":65,"key":"Fire Potion"},{"floor":70,"key":"SneckoOil"},{"floor":70,"key":"Venom Potion"},{"floor":70,"key":"LifebloodPotion"},{"floor":79,"key":"LiquidBronze"},{"floor":80,"key":"Ancient Potion"},{"floor":84,"key":"SpeedPotion"},{"floor":89,"key":"Dexterity Potion"},{"floor":91,"key":"LiquidMemories"},{"floor":93,"key":"Fire Potion"},{"floor":104,"key":"PowerPotion"},{"floor":104,"key":"Death Potion"},{"floor":104,"key":"DuplicationPotion"},{"floor":105,"key":"Adrenaline Potion"},{"floor":113,"key":"ColorlessPotion"},{"floor":116,"key":"Weak Potion"},{"floor":118,"key":"EssenceOfSteel"},{"floor":124,"key":"Explosive Potion"},{"floor":129,"key":"Fire Potion"},{"floor":131,"key":"BloodPotion"},{"floor":135,"key":"AttackPotion"},{"floor":138,"key":"Elixir"}],"is_trial":false,"path_per_floor":["M","M","?","?","?","E","M","R","T","E","$","M","?","M","R","B",null,"M","M","M","?","?","E","?","R","T","M","?","$","?","M","R","B",null,"M","?","M","M","M","E","AVR","NM","T","?","M","R","M","M","R","B",null,"M","?","M","$","M","R","M","R","T","E","M","T","AVR","M","R","B",null,"M","?","M","?","$","R","M","M","T","R","M","M","R","M","R","B",null,"M","?","?","?","?","E","R","M","T","R","?","M","E","M","R","B",null,"M","?","M","?","?","R","E","R","T","M","M","?","M","M","R","B",null,"M","?","T","M","M","NM","AVR","M","T","M","M","E","R","?","R","B",null,"M","M","?"],"character_chosen":"IRONCLAD","items_purchased":["Body Slam+1","Shrug It Off","ReplayTheSpireMod:CursedCoin","Body Slam+1","Armaments","Metallicize","Sundial","Replay:Sssssssssshield","conspire:ExplosiveBarrier","Shrug It Off"],"campfire_rested":4,"item_purchase_floors":[11,11,11,29,29,55,55,73,73,73],"current_hp_per_floor":[80,80,66,66,66,21,28,52,52,59,59,67,51,59,80,55,80,80,80,80,80,64,69,69,69,69,73,73,73,73,63,63,51,80,80,80,80,80,80,80,80,31,31,31,25,49,63,75,75,55,80,80,80,80,80,80,80,80,80,80,76,68,68,68,80,80,80,80,80,80,80,80,80,80,80,73,73,73,80,76,76,63,80,80,77,77,59,59,53,53,67,67,77,77,77,67,51,62,76,76,25,77,77,77,77,77,77,77,77,77,77,77,77,77,77,77,77,77,77,77,77,77,77,77,15,15,29,29,43,57,76,76,43,66,77,77,77,77,0,0],"gold":1070,"neow_bonus":"NOSTALGIA","is_daily":false,"chose_seed":false,"campfire_upgraded":15,"win_rate":0.0,"timestamp":1609032493,"path_taken":["M","M","?","?","?","E","?","R","T","E","?","M","?","M","R","BOSS","M","M","M","?","?","E","?","R","T","?","?","$","?","M","R","BOSS","M","?","M","M","?","E","AVR","NM","T","?","M","R","M","M","R","BOSS","M","?","M","$","M","R","M","R","T","E","M","?","AVR","?","R","BOSS","M","?","?","?","$","R","M","?","T","R","M","M","R","M","R","BOSS","M","?","?","?","?","E","R","?","T","R","?","M","E","M","R","BOSS","M","?","?","?","?","R","E","R","T","M","?","?","M","M","R","BOSS","M","?","?","M","M","NM","AVR","M","T","M","M","E","R","?","R","BOSS","M","?","?"],"items_purchased_type":["Card","Card","Relic","Card","Card","Card","Relic","Card","Card","Card"],"build_version":"2020-12-22","purchased_purges":6,"victory":false,"max_hp_per_floor":[80,80,80,80,80,80,80,80,80,80,80,80,80,80,80,80,80,80,80,80,80,80,80,80,80,80,80,80,80,80,80,80,80,80,80,80,80,80,80,80,80,80,80,80,80,80,80,80,80,80,80,80,80,80,80,80,80,80,80,80,80,80,80,80,80,80,80,80,80,80,80,80,80,80,80,80,80,80,80,80,80,80,80,80,77,77,77,77,77,77,77,77,77,77,77,77,77,77,77,77,77,77,77,77,77,77,77,77,77,77,77,77,77,77,77,77,77,77,77,77,77,77,77,77,77,77,77,77,77,77,77,77,77,77,77,77,77,77,77,77],"relic_stats":{"Gremlin Horn":[56,56],"counters":[70,265],"CeramicFish":117,"Blue Candle":[6],"Black Blood":399,"Bag of Preparation":[76],"Letter Opener":[682],"War Paint":["Shrug It Off","Demonic Infusion"],"Smiling Mask":125,"Boot":[4],"Blood Vial":55,"Nunchaku":[5],"Sundial":[6],"Bronze Scales":[594],"Tiny Chest":1,"Champion Belt":[1],"obtain_stats":[{"Golden Egg":23,"Divine Protection":63,"Gremlin Horn":10,"CeramicFish":106,"Boot":77,"Blood Vial":6,"Replay:Wanted Poster":136,"Sundial":55,"Philosopher\u0027s Stone":68,"Iron Hammer":109,"Toxic Egg 2":122,"aspiration:Nostalgia":0,"ReplayTheSpireMod:CursedCoin":11,"Blue Candle":119,"Counterbalance":125,"infinitespire:Beetle Shell":72,"Replay:Ancient Bell":119,"Letter Opener":60,"War Paint":40,"aspiration:FrozenJewel":43,"Akabeko":53,"infinitespire:EvilPickle":135,"Bottled Flame":61,"conspire:GiftBox":119,"Ooze Armor":51,"Bronze Scales":9,"Molten Egg 2":3,"Onion Ring":30,"ReplayTheSpireMod:TigerMarble":126,"Lantern":44,"Snecko Heart":102,"Enchiridion":22,"Black Blood":34,"Bag of Preparation":64,"Smiling Mask":26,"Empty Cage":85,"Burning Blood":0,"conspire:TopHat":111,"Nunchaku":119,"Tiny Chest":107,"infinitespire:Eraser":94,"Ring of the Snake":0,"ReplayTheSpireMod:Ninjato":91,"infinitespire:FocusingShard":128,"Omamori":117,"Frozen Egg 2":114,"energizedSpire:DeadBattery":17,"CaptainsWheel":89,"Champion Belt":42,"Bottled Lightning":131,"ReplayTheSpireMod:Lightbulb":41,"Toy Ornithopter":98},{"Golden Egg":13,"Divine Protection":32,"Gremlin Horn":6,"CeramicFish":52,"Boot":38,"Blood Vial":4,"Replay:Wanted Poster":67,"Sundial":28,"Philosopher\u0027s Stone":34,"Iron Hammer":53,"Toxic Egg 2":59,"aspiration:Nostalgia":0,"ReplayTheSpireMod:CursedCoin":6,"Blue Candle":58,"Counterbalance":62,"infinitespire:Beetle Shell":36,"Replay:Ancient Bell":58,"Letter Opener":30,"War Paint":21,"aspiration:FrozenJewel":22,"Akabeko":27,"infinitespire:EvilPickle":67,"Bottled Flame":31,"conspire:GiftBox":58,"Ooze Armor":26,"Bronze Scales":5,"Molten Egg 2":3,"Onion Ring":14,"ReplayTheSpireMod:TigerMarble":62,"Lantern":22,"Snecko Heart":50,"Enchiridion":12,"Black Blood":16,"Bag of Preparation":32,"Smiling Mask":13,"Empty Cage":42,"Burning Blood":0,"conspire:TopHat":53,"Nunchaku":58,"Tiny Chest":52,"infinitespire:Eraser":46,"Ring of the Snake":0,"ReplayTheSpireMod:Ninjato":45,"infinitespire:FocusingShard":63,"Omamori":57,"Frozen Egg 2":55,"energizedSpire:DeadBattery":9,"CaptainsWheel":44,"Champion Belt":22,"Bottled Lightning":66,"ReplayTheSpireMod:Lightbulb":21,"Toy Ornithopter":48},{"Golden Egg":66,"Divine Protection":156,"Gremlin Horn":32,"CeramicFish":223,"Boot":173,"Blood Vial":23,"Replay:Wanted Poster":258,"Sundial":147,"Philosopher\u0027s Stone":162,"Iron Hammer":226,"Toxic Egg 2":236,"aspiration:Nostalgia":0,"ReplayTheSpireMod:CursedCoin":32,"Blue Candle":235,"Counterbalance":244,"infinitespire:Beetle Shell":166,"Replay:Ancient Bell":235,"Letter Opener":150,"War Paint":108,"aspiration:FrozenJewel":119,"Akabeko":146,"infinitespire:EvilPickle":258,"Bottled Flame":154,"conspire:GiftBox":235,"Ooze Armor":145,"Bronze Scales":26,"Molten Egg 2":14,"Onion Ring":73,"ReplayTheSpireMod:TigerMarble":244,"Lantern":119,"Snecko Heart":221,"Enchiridion":62,"Black Blood":85,"Bag of Preparation":156,"Smiling Mask":66,"Empty Cage":187,"Burning Blood":0,"conspire:TopHat":226,"Nunchaku":235,"Tiny Chest":223,"infinitespire:Eraser":200,"Ring of the Snake":0,"ReplayTheSpireMod:Ninjato":197,"infinitespire:FocusingShard":245,"Omamori":230,"Frozen Egg 2":228,"energizedSpire:DeadBattery":48,"CaptainsWheel":192,"Champion Belt":119,"Bottled Lightning":252,"ReplayTheSpireMod:Lightbulb":108,"Toy Ornithopter":209}],"Toy Ornithopter":36,"Ring of the Snake":[140]},"card_choices":[{"not_picked":["Flex","ReplayTheSpireMod:LeadingStrike"],"picked":"conspire:ExplosiveBarrier","floor":1},{"not_picked":["True Grit","Havoc"],"picked":"Iron Wave","floor":2},{"not_picked":["Headbutt+1","Massacre+1"],"picked":"Armaments","floor":3},{"not_picked":["Carnage+1","Brutality","Perfected Strike+1"],"picked":"SKIP","floor":6},{"not_picked":["Disarm","ReplayTheSpireMod:Strike From Hell+1"],"picked":"Searing Blow+1","floor":7},{"not_picked":["Rupture","Power Through"],"picked":"Body Slam+1","floor":10},{"not_picked":["Combust","Headbutt+1"],"picked":"Shrug It Off","floor":12},{"not_picked":["Rampage+1","Clash+1","Headbutt+1"],"picked":"SKIP","floor":14},{"not_picked":["Berserk","Offering"],"picked":"Demonic Infusion","floor":16},{"not_picked":["Replay:Undeath\u0027s Touch+1","Sword Boomerang+1"],"picked":"Shrug It Off","floor":18},{"not_picked":["Thunderclap+1","ReplayTheSpireMod:Strike From Hell+1","Replay:Undeath\u0027s Touch+1"],"picked":"SKIP","floor":19},{"not_picked":["conspire:Charge+1","Clash+1","Bludgeon+1"],"picked":"SKIP","floor":20},{"not_picked":["Clash+1","Life Link"],"picked":"Body Slam+1","floor":23},{"not_picked":["Heavy Blade+1","Bloodletting","Hemokinesis+1"],"picked":"SKIP","floor":27},{"not_picked":["Headbutt+1","Havoc","Carnage+1"],"picked":"SKIP","floor":31},{"not_picked":["Hemogenesis+1","Corruption"],"picked":"Demonic Infusion","floor":33},{"not_picked":["Heavy Blade+1","Disarm+1","Flex"],"picked":"SKIP","floor":35},{"not_picked":["Shrug It Off","Life Link"],"picked":"conspire:ExplosiveBarrier","floor":37},{"not_picked":["Second Wind","Seeing Red+1","Run Through+1"],"picked":"SKIP","floor":38},{"not_picked":["Whirlwind+1","Warcry","Second Wind+1"],"picked":"SKIP","floor":39},{"not_picked":["conspire:Charge+1","Warcry","Evolve+1"],"picked":"SKIP","floor":40},{"not_picked":["infinitespire:Punishment","ReplayTheSpireMod:Black Plague"],"picked":"infinitespire:NeuralNetwork","floor":42},{"not_picked":["Sword Boomerang+1","Havoc+1","Sever Soul+1"],"picked":"SKIP","floor":42},{"not_picked":["Sword Boomerang+1","Havoc+1","Sever Soul+1"],"picked":"SKIP","floor":42},{"not_picked":["Sword Boomerang+1","Havoc+1","Sever Soul+1"],"picked":"SKIP","floor":42},{"not_picked":["Dual Wield+1","Thunderclap+1"],"picked":"Juggernaut","floor":45},{"not_picked":["Twin Strike+1","True Grit"],"picked":"Armaments","floor":47},{"not_picked":["Sword Boomerang+1","Inflame+1","ReplayTheSpireMod:LeadingStrike+1"],"picked":"SKIP","floor":48},{"not_picked":["Replay:Many Hands","Fiend Fire+1"],"picked":"Juggernaut","floor":50},{"not_picked":["Thunderclap+1","Second Wind"],"picked":"Flame Barrier","floor":52},{"not_picked":["conspire:ExplosiveBarrier","Uppercut+1"],"picked":"Metallicize","floor":54},{"not_picked":["Pommel Strike+1","Run Through+1"],"picked":"Shrug It Off","floor":56},{"not_picked":["Cleave+1","Thunderclap+1","Heavy Blade+1"],"picked":"SKIP","floor":58},{"not_picked":["Havoc","Demon Form","Fire Breathing"],"picked":"SKIP","floor":61},{"not_picked":["Flex","Havoc","Perfected Strike+1"],"picked":"SKIP","floor":62},{"not_picked":["Headbutt+1","Clash+1","Warcry"],"picked":"SKIP","floor":65},{"not_picked":["Exhume","Feed+1"],"picked":"Juggernaut","floor":67},{"not_picked":["Pommel Strike+1","Seeing Red","Wild Strike+1"],"picked":"SKIP","floor":69},{"not_picked":["Perfected Strike+1","Run Through+1"],"picked":"Armaments","floor":71},{"not_picked":["Flex","Bloodletting","Run Through+1"],"picked":"SKIP","floor":75},{"not_picked":["Rupture","Bludgeon+1","conspire:Charge+1"],"picked":"SKIP","floor":76},{"not_picked":["Carnage+1","Clothesline+1"],"picked":"Rage","floor":79},{"not_picked":["Whirlwind+1","Sword Boomerang+1","Perfected Strike+1"],"picked":"SKIP","floor":80},{"not_picked":["Clash+1","Havoc","True Grit"],"picked":"SKIP","floor":82},{"not_picked":["infinitespire:Execution","ReplayTheSpireMod:Haul"],"picked":"infinitespire:Fortify","floor":84},{"not_picked":["conspire:Purge","Exhume"],"picked":"Demonic Infusion","floor":84},{"not_picked":["Run Through+1","Sword Boomerang+1"],"picked":"Shrug It Off","floor":86},{"not_picked":["infinitespire:FinalStrike","ReplayTheSpireMod:Haul"],"picked":"ReplayTheSpireMod:Chaos Vortex","floor":87},{"not_picked":["Chrysalis","Panacea"],"picked":"Deep Breath","floor":88},{"not_picked":["True Grit+1","Wild Strike+1"],"picked":"Armaments","floor":91},{"not_picked":["True Grit","Cleave+1","Perfected Strike+1"],"picked":"SKIP","floor":93},{"not_picked":["Pommel Strike+1","Twin Strike+1","Whirlwind+1"],"picked":"SKIP","floor":97},{"not_picked":["Run Through+1","Intimidate","Thunderclap+1"],"picked":"SKIP","floor":98},{"not_picked":["Pommel Strike+1","conspire:HitWhereItHurts+1"],"picked":"Shrug It Off+1","floor":99},{"not_picked":["Berserk","Bludgeon+1"],"picked":"Impervious","floor":101},{"not_picked":["Inflame","Replay:Undeath\u0027s Touch+1"],"picked":"Power Through","floor":103},{"not_picked":["ReplayTheSpireMod:Strike From Hell+1","Havoc","Perfected Strike+1"],"picked":"SKIP","floor":105},{"not_picked":["ReplayTheSpireMod:Strike From Hell+1","Havoc","Perfected Strike+1"],"picked":"SKIP","floor":105},{"not_picked":["Immolate+1","Anger+1"],"picked":"conspire:Purge","floor":109},{"not_picked":["Havoc","True Grit","Cleave+1"],"picked":"SKIP","floor":112},{"not_picked":["Second Wind","Disarm","True Grit"],"picked":"SKIP","floor":113},{"not_picked":["Anger+1","Heavy Blade+1","Havoc"],"picked":"SKIP","floor":115},{"not_picked":["Clothesline+1","Warcry"],"picked":"Ghostly Armor","floor":116},{"not_picked":["Brutality+1","Feed+1"],"picked":"conspire:Purge","floor":118},{"not_picked":["conspire:Purge","Immolate+1"],"picked":"Berserk+1","floor":119},{"not_picked":["conspire:Blindness","ReplayTheSpireMod:Faulty Equipment"],"picked":"CommonCold","floor":119},{"not_picked":["Languid","Hallucinations"],"picked":"Clumsy","floor":119},{"not_picked":["conspire:NecroticWound","Pain"],"picked":"Decay","floor":119},{"not_picked":["ReplayTheSpireMod:Strike From Hell+1","Infernal Blade","Bludgeon+1"],"picked":"SKIP","floor":120},{"not_picked":["Replay:Undeath\u0027s Touch+1","Dark Embrace+1"],"picked":"Armaments+1","floor":123},{"not_picked":["Hemokinesis+1","Wild Strike+1","Run Through+1"],"picked":"SKIP","floor":124},{"not_picked":["ReplayTheSpireMod:Corrosion Curse+1","ReplayTheSpireMod:Strike From Hell+1","Twin Strike+1"],"picked":"SKIP","floor":125},{"not_picked":["Havoc+1","Pommel Strike+1"],"picked":"Ghostly Armor+1","floor":127},{"not_picked":["Replay:Undeath\u0027s Touch+1","Reckless Charge+1","ReplayTheSpireMod:Muscle Training+1"],"picked":"SKIP","floor":129},{"not_picked":["Warcry+1","Seeing Red+1","Flex+1"],"picked":"SKIP","floor":130},{"not_picked":["ReplayTheSpireMod:Strike From Hell+1","Heavy Blade+1"],"picked":"Entrench+1","floor":131},{"not_picked":["Life Link+1","Flex+1","Warcry+1"],"picked":"SKIP","floor":137},{"not_picked":["Replay:Undeath\u0027s Touch+1","Seeing Red+1","Sever Soul+1"],"picked":"SKIP","floor":138}],"player_experience":239956,"relics_obtained":[{"floor":3,"key":"Molten Egg 2"},{"floor":6,"key":"Blood Vial"},{"floor":9,"key":"Bronze Scales"},{"floor":10,"key":"Gremlin Horn"},{"floor":22,"key":"Enchiridion"},{"floor":23,"key":"Golden Egg"},{"floor":26,"key":"Smiling Mask"},{"floor":40,"key":"War Paint"},{"floor":42,"key":"Champion Belt"},{"floor":43,"key":"aspiration:FrozenJewel"},{"floor":60,"key":"Letter Opener"},{"floor":61,"key":"Bottled Flame"},{"floor":63,"key":"Divine Protection"},{"floor":77,"key":"Boot"},{"floor":89,"key":"CaptainsWheel"},{"floor":91,"key":"ReplayTheSpireMod:Ninjato"},{"floor":94,"key":"infinitespire:Eraser"},{"floor":98,"key":"Toy Ornithopter"},{"floor":107,"key":"Tiny Chest"},{"floor":109,"key":"Iron Hammer"},{"floor":111,"key":"conspire:TopHat"},{"floor":117,"key":"Omamori"},{"floor":122,"key":"Toxic Egg 2"},{"floor":125,"key":"Counterbalance"},{"floor":128,"key":"infinitespire:FocusingShard"},{"floor":131,"key":"Bottled Lightning"}],"event_choices":[{"cards_removed":["Bash"],"damage_healed":0,"gold_gain":0,"player_choice":"Card Removal","damage_taken":0,"max_hp_gain":0,"max_hp_loss":0,"event_name":"The Cleric","floor":4,"gold_loss":50},{"damage_healed":0,"gold_gain":0,"player_choice":"2 cards matched","damage_taken":0,"max_hp_gain":0,"max_hp_loss":0,"event_name":"Match and Keep!","floor":5,"gold_loss":0,"cards_obtained":["Headbutt","Demonic Infusion"]},{"damage_healed":0,"gold_gain":0,"player_choice":"Entered Light","damage_taken":16,"max_hp_gain":0,"max_hp_loss":0,"event_name":"Shining Light","floor":13,"gold_loss":0,"cards_upgraded":["Searing Blow","Shrug It Off"]},{"cards_removed":["Strike_R"],"damage_healed":0,"gold_gain":0,"player_choice":"Elegance","damage_taken":0,"max_hp_gain":0,"max_hp_loss":0,"event_name":"Back to Basics","floor":21,"gold_loss":0},{"damage_healed":0,"gold_gain":0,"player_choice":"Obtained Book","damage_taken":16,"max_hp_gain":0,"max_hp_loss":0,"event_name":"Cursed Tome","floor":22,"gold_loss":0},{"damage_healed":0,"gold_gain":0,"player_choice":"Ignored","damage_taken":0,"max_hp_gain":0,"max_hp_loss":0,"event_name":"Ghosts","floor":24,"gold_loss":0},{"damage_healed":0,"gold_gain":0,"player_choice":"Ignored","damage_taken":0,"max_hp_gain":0,"max_hp_loss":0,"event_name":"Vampires","floor":28,"gold_loss":0},{"damage_healed":0,"gold_gain":0,"player_choice":"Obtained Relic","damage_taken":0,"relics_obtained":["Onion Ring"],"max_hp_gain":0,"max_hp_loss":0,"event_name":"Addict","floor":30,"gold_loss":85},{"damage_healed":0,"gold_gain":0,"player_choice":"Paid Gold","damage_taken":0,"relics_obtained":["Lantern"],"max_hp_gain":0,"max_hp_loss":0,"event_name":"WeMeetAgain","floor":44,"gold_loss":59},{"damage_healed":0,"gold_gain":0,"player_choice":"Box","damage_taken":0,"relics_obtained":["Akabeko"],"max_hp_gain":0,"max_hp_loss":0,"event_name":"Big Fish","floor":53,"gold_loss":0,"cards_obtained":["Regret"]},{"damage_healed":0,"gold_gain":0,"player_choice":"Got Potions","damage_taken":0,"max_hp_gain":0,"max_hp_loss":0,"event_name":"Lab","floor":70,"gold_loss":0},{"damage_healed":0,"gold_gain":0,"player_choice":"Gave Potion","damage_taken":0,"relics_obtained":["infinitespire:Beetle Shell"],"max_hp_gain":0,"max_hp_loss":0,"event_name":"WeMeetAgain","floor":72,"gold_loss":0},{"damage_healed":0,"gold_gain":0,"player_choice":"Memory 1","damage_taken":0,"max_hp_gain":0,"max_hp_loss":0,"event_name":"SensoryStone","floor":88,"gold_loss":0},{"damage_healed":0,"gold_gain":0,"player_choice":"Fight","damage_taken":0,"max_hp_gain":0,"max_hp_loss":0,"event_name":"Mysterious Sphere","floor":89,"gold_loss":0},{"damage_healed":0,"gold_gain":0,"player_choice":"Upgraded Two","damage_taken":0,"max_hp_gain":0,"max_hp_loss":0,"event_name":"Designer","floor":90,"gold_loss":40,"cards_upgraded":["Defend_R","Searing Blow"]},{"damage_healed":0,"gold_gain":0,"player_choice":"Embrace Madness","damage_taken":10,"max_hp_gain":0,"max_hp_loss":0,"event_name":"Winding Halls","floor":96,"gold_loss":0,"cards_obtained":["Madness","Madness"]},{"damage_healed":0,"gold_gain":0,"player_choice":"Got Potions","damage_taken":0,"max_hp_gain":0,"max_hp_loss":0,"event_name":"Lab","floor":104,"gold_loss":0},{"damage_healed":0,"gold_gain":0,"player_choice":"Box","damage_taken":0,"relics_obtained":["CeramicFish"],"max_hp_gain":0,"max_hp_loss":0,"event_name":"Big Fish","floor":106,"gold_loss":0,"cards_obtained":["Regret"]},{"damage_healed":0,"gold_gain":0,"player_choice":"Read","damage_taken":0,"max_hp_gain":0,"max_hp_loss":0,"event_name":"The Library","floor":121,"gold_loss":0,"cards_obtained":["Body Slam"]},{"damage_healed":0,"gold_gain":270,"player_choice":"POTION GOLD GOLD GOLD ","damage_taken":33,"max_hp_gain":0,"max_hp_loss":0,"event_name":"Knowing Skull","floor":133,"potions_obtained":["FearPotion"],"gold_loss":0,"cards_obtained":[]}],"is_beta":false,"boss_relics":[{"not_picked":["energizedSpire:NeverEndingSparkler","aspiration:SilentSkillbook"],"picked":"energizedSpire:DeadBattery"},{"not_picked":["energizedSpire:EnergizedDie","Runic Pyramid"],"picked":"Black Blood"},{"not_picked":["aspiration:FutureDiary","Pandora\u0027s Box"],"picked":"Ooze Armor"},{"not_picked":["Runic Cube","infinitespire:Cupcake"],"picked":"Philosopher\u0027s Stone"},{"not_picked":["conspire:SeveredTorchhead","aspiration:WatcherSkillbook"],"picked":"Empty Cage"},{"not_picked":["Pandora\u0027s Box","Ring of Chaos"],"picked":"Snecko Heart"},{"not_picked":["conspire:RunicOctahedron","Painkiller Herb"],"picked":"Replay:Ancient Bell"},{"not_picked":["Red Skull","ReplayTheSpireMod:Spearhead"],"picked":"Nunchaku"},{"not_picked":["Question Card","Replay:Bottled Snecko"],"picked":"Blue Candle"},{"not_picked":["aspiration:HatOfInfinitePower","Prayer Wheel"],"picked":"conspire:GiftBox"},{"not_picked":["Cursed Key","energizedSpire:EnergizedDie"],"picked":"Replay:Wanted Poster"}],"items_purged_floors":[11,29,41,55,64,126],"is_endless":true,"potions_floor_spawned":[6,7,14,16,18,31,33,37,38,45,47,48,50,54,62,65,79,80,84,89,91,93,105,113,116,118,124,127,129,131,135,138],"killed_by":"infinitespire:Three Voidlings","ascension_level":1}}