{"host":"qj91dvco5uhu9oti","time":1609072672,"event":{"mods":["BaseMod","Colored Map","Keyboard Shortcuts","Minty Spire (QoL Compilation)","Permanent Neow","Relic Stats","StSLib","SuperFastMode","everything is the same but u backflip on backflip"],"gold_per_floor":[110,130,1,14,32,32,107,107,133,146,146,158,158,168,168,168,168],"floor_reached":16,"playtime":346,"items_purged":["Strike_R"],"score":188,"play_id":"7d3df657-1fa0-45a9-8c48-c735a4d726ba","local_time":"20201227213752","is_ascension_mode":true,"campfire_choices":[{"data":"Armaments","floor":6,"key":"SMITH"},{"data":"True Grit","floor":8,"key":"SMITH"},{"data":"Body Slam","floor":11,"key":"SMITH"},{"data":"Uppercut","floor":15,"key":"SMITH"}],"circlet_count":0,"master_deck":["AscendersBane","Strike_R","Strike_R","Strike_R","Defend_R","Defend_R","Defend_R","Defend_R","Bash","Finesse","Body Slam+1","Offering","True Grit+1","Armaments+1","Uppercut+1"],"relics":["Burning Blood","Strawberry"],"acts_visited":["Exordium"],"potions_floor_usage":[10],"damage_taken":[{"damage":15.0,"enemies":"Cultist","floor":1.0,"turns":4.0},{"damage":10.0,"enemies":"2 Louse","floor":2.0,"turns":3.0},{"damage":8,"enemies":"Jaw Worm","floor":4,"turns":3},{"damage":8,"enemies":"Blue Slaver","floor":5,"turns":6},{"damage":0,"enemies":"Lots of Slimes","floor":10,"turns":6},{"damage":6,"enemies":"Large Slime","floor":12,"turns":4},{"damage":9,"enemies":"2 Fungi Beasts","floor":14,"turns":3},{"damage":53,"enemies":"Hexaghost","floor":16,"turns":9}],"seed_played":"3133098466538709183","potions_obtained":[{"floor":1.0,"key":"DistilledChaos"},{"floor":4,"key":"CultistPotion"},{"floor":5,"key":"DistilledChaos"}],"is_trial":false,"path_per_floor":["M","M","$","M","M","R","?","R","T","M","R","M","?","M","R","B"],"character_chosen":"IRONCLAD","items_purchased":["True Grit"],"campfire_rested":0,"item_purchase_floors":[3],"current_hp_per_floor":[59,55,55,53,51,51,40,40,47,53,53,53,53,50,50,0,0],"gold":168,"neow_bonus":"RANDOM_COLORLESS","is_daily":false,"chose_seed":false,"campfire_upgraded":4,"win_rate":0.0,"timestamp":1609072672,"path_taken":["M","M","$","M","M","R","?","R","T","M","R","M","?","M","R","BOSS"],"items_purchased_type":["Card"],"build_version":"2020-12-22","purchased_purges":1,"victory":false,"max_hp_per_floor":[75,75,75,75,75,75,75,75,82,82,82,82,82,82,82,82,82],"relic_stats":{"counters":[8,38],"obtain_stats":[{"Strawberry":9,"Burning Blood":0},{"Strawberry":4,"Burning Blood":0},{"Strawberry":16,"Burning Blood":0}],"Burning Blood":42},"card_choices":[{"not_picked":["Discovery","PanicButton"],"picked":"Finesse","floor":0.0},{"not_picked":["Thunderclap","Heavy Blade"],"picked":"Body Slam","floor":1.0},{"not_picked":["Twin Strike","Sword Boomerang"],"picked":"Offering","floor":2.0},{"not_picked":["Rage","Ghostly Armor"],"picked":"Armaments","floor":4},{"not_picked":["Twin Strike","Bloodletting","Infernal Blade"],"picked":"SKIP","floor":5},{"not_picked":["Flex","Perfected Strike","Warcry"],"picked":"SKIP","floor":10},{"not_picked":["Perfected Strike","Wild Strike"],"picked":"Uppercut","floor":12},{"not_picked":["Twin Strike","Armaments","Iron Wave"],"picked":"SKIP","floor":14}],"player_experience":292188,"relics_obtained":[{"floor":9,"key":"Strawberry"}],"event_choices":[{"damage_healed":0,"gold_gain":75,"player_choice":"Gather Gold","damage_taken":11,"max_hp_gain":0,"max_hp_loss":0,"event_name":"World of Goop","floor":7,"gold_loss":0},{"cards_removed":["Strike_R"],"damage_healed":0,"gold_gain":0,"player_choice":"Forget","damage_taken":0,"max_hp_gain":0,"max_hp_loss":0,"event_name":"Living Wall","floor":13,"gold_loss":0}],"is_beta":false,"boss_relics":[],"items_purged_floors":[3],"is_endless":false,"potions_floor_spawned":[1,4,5],"killed_by":"Hexaghost","ascension_level":20}}