{"host":"zv85muor2723jdwz","time":1609078499,"event":{"mods":["BaseMod","CapriCore","Decade(王小明)","KinomotoSakuraMod(木之本樱)","Marisa（F雨　魔理沙）","Minty Spire (QoL Compilation)","Reimu（博丽灵梦）","Remilia（蕾米莉亚）","StSLib","The Bug Knight","The Immortal","The Servant 0.9.4","WarShipGirlsR/战舰少女R mod","Yakumo Yukari mod","Youmu（魂魄妖梦）","Yuri Mod","Yuyuko"],"gold_per_floor":[115,6,6,16,16,16,27,27,51,65,83,83,83,99,99,200,200,186,204,220,53,53,53],"floor_reached":22,"playtime":1011,"items_purged":["yuri:yuriDefend","yuri:yuriStrike"],"score":178,"play_id":"c49e6386-21dd-4d8c-b7f5-09bb2617bc87","local_time":"20201227221459","is_ascension_mode":false,"campfire_choices":[{"data":"yuri:Oolong","floor":6,"key":"SMITH"},{"data":"yuri:AdaptiveAI","floor":13,"key":"SMITH"},{"data":"yuri:yuriStab","floor":15,"key":"SMITH"}],"circlet_count":0,"master_deck":["yuri:yuriStrike","yuri:yuriStrike","yuri:yuriStrike","yuri:yuriDefend","yuri:yuriDefend","yuri:yuriDefend","yuri:yuriDefend","yuri:Oolong+1","yuri:yuriStab+1","yuri:DeepBreathing","yuri:InsanityDefense+1","yuri:InduceGlitch","yuri:TPose","yuri:AdaptiveAI+1","yuri:DistillInsanity","yuri:Skip","yuri:HeavierStrike","yuri:Virus"],"relics":["yuri:yuriKnife","Bag of Preparation","Centennial Puzzle","Black Star"],"acts_visited":["Exordium","TheCity"],"potions_floor_usage":[16,16,19,20,22],"damage_taken":[{"damage":3,"enemies":"2 Louse","floor":1,"turns":2},{"damage":1,"enemies":"Jaw Worm","floor":4,"turns":3},{"damage":1,"enemies":"Cultist","floor":7,"turns":3},{"damage":2,"enemies":"Blue Slaver","floor":10,"turns":3},{"damage":13,"enemies":"Exordium Thugs","floor":11,"turns":6},{"damage":9,"enemies":"2 Fungi Beasts","floor":14,"turns":3},{"damage":13,"enemies":"Slime Boss","floor":16,"turns":6},{"damage":23,"enemies":"2 Thieves","floor":18,"turns":4},{"damage":17,"enemies":"Chosen","floor":19,"turns":7},{"damage":44,"enemies":"Centurion and Healer","floor":20,"turns":12},{"damage":18,"enemies":"Sentry and Sphere","floor":22,"turns":4}],"seed_played":"-7404726292928727578","potions_obtained":[{"floor":1,"key":"ColorlessPotion"},{"floor":10,"key":"CultistPotion"},{"floor":16,"key":"Weak Potion"},{"floor":18,"key":"ColorlessPotion"},{"floor":19,"key":"SkillPotion"}],"is_trial":false,"path_per_floor":["M","$","?","M","$","R","M","?","T","M","M","?","R","M","R","B",null,"M","M","M","$","M"],"character_chosen":"YURI","items_purchased":["yuri:InsanityDefense","yuri:Virus"],"campfire_rested":0,"item_purchase_floors":[2,21],"current_hp_per_floor":[85,85,78,81,81,81,87,87,87,87,81,74,74,72,72,66,88,72,62,25,25,14,14],"gold":53,"neow_bonus":"TEN_PERCENT_HP_BONUS","is_daily":false,"chose_seed":false,"campfire_upgraded":3,"win_rate":0.0,"timestamp":1609078499,"path_taken":["M","$","?","M","$","R","M","?","T","?","M","?","R","M","R","BOSS","M","M","M","$","M"],"items_purchased_type":["Card","Card"],"build_version":"2020-12-22","purchased_purges":2,"victory":false,"max_hp_per_floor":[88,88,88,88,88,88,88,88,88,88,88,88,88,88,88,88,88,88,88,88,88,88,88],"card_choices":[{"not_picked":["yuri:RecklessStrike","yuri:ArmBrace"],"picked":"yuri:DeepBreathing","floor":1},{"not_picked":["yuri:ThrowingKnives","yuri:Skip"],"picked":"yuri:InduceGlitch","floor":4},{"not_picked":["yuri:ThrowingKnives","yuri:Parry"],"picked":"yuri:TPose","floor":7},{"not_picked":["yuri:Parry","yuri:yuriQuickStrike","yuri:ThrowBook"],"picked":"SKIP","floor":10},{"not_picked":["yuri:Spin","yuri:MPose"],"picked":"yuri:AdaptiveAI","floor":11},{"not_picked":["yuri:TPose","yuri:GlitchedStrike","yuri:RepairCode"],"picked":"SKIP","floor":14},{"not_picked":["yuri:Suicide","yuri:MagneticKnives"],"picked":"yuri:DistillInsanity","floor":16},{"not_picked":["yuri:UnstableStrike","yuri:GlitchedStrike"],"picked":"yuri:Skip","floor":18},{"not_picked":["yuri:DebugCard+1","yuri:StealPen","yuri:RecklessStrike"],"picked":"SKIP","floor":19},{"not_picked":["yuri:BookBlue","yuri:BookRed"],"picked":"yuri:HeavierStrike","floor":20}],"player_experience":37927,"relics_obtained":[{"floor":9,"key":"Bag of Preparation"}],"event_choices":[{"cards_removed":["yuri:yuriStrike"],"damage_healed":0,"gold_gain":0,"player_choice":"Card Removal","damage_taken":7,"max_hp_gain":0,"max_hp_loss":0,"event_name":"Golden Wing","floor":3,"gold_loss":0},{"damage_healed":0,"gold_gain":0,"player_choice":"Forge","damage_taken":0,"max_hp_gain":0,"max_hp_loss":0,"event_name":"Accursed Blacksmith","floor":8,"gold_loss":0,"cards_upgraded":["yuri:InsanityDefense"]},{"damage_healed":0,"gold_gain":0,"player_choice":"Success","damage_taken":7,"relics_obtained":["Centennial Puzzle"],"max_hp_gain":0,"max_hp_loss":0,"event_name":"Scrap Ooze","floor":12,"gold_loss":0}],"is_beta":false,"boss_relics":[{"not_picked":["Runic Dome","Astrolabe"],"picked":"Black Star"}],"items_purged_floors":[2,21],"is_endless":false,"potions_floor_spawned":[1,10,16,18,19],"killed_by":"Sentry and Sphere","ascension_level":0}}