{"host":"xkmvu47k9fdstweo","time":1609033335,"event":{"mods":["BaseMod","Colored Map","Conspire","Hubris","Minty Spire (QoL Compilation)","Quick Restart","Railgun Mod","Shop Mod","StSLib","The Alterego","The Servant 0.9.4","The Wild Card","TheBandit","WarShipGirlsR/??è≠èóR mod","vexMod"],"gold_per_floor":[115,40,57,57,67,67,102,102,102,202,57,85,108,143,155,271,283,314,426,451,562,593,605,605],"floor_reached":23,"playtime":4363,"items_purged":["Strike_B"],"score":265,"play_id":"d22ca9eb-9623-4e25-b603-f2c94d891279","local_time":"20201226204215","is_ascension_mode":true,"campfire_choices":[{"data":"conspire:SharedLibrary","floor":6.0,"key":"SMITH"},{"data":"Zap","floor":8.0,"key":"SMITH"},{"floor":15.0,"key":"REST"}],"circlet_count":0,"master_deck":["Strike_B","Strike_B","Strike_B","Defend_B","Defend_B","Defend_B","Defend_B","Zap+1","Dualcast","Gash","Barrage","conspire:SharedLibrary+1","Doom and Gloom","Biased Cognition","Cold Snap","Compile Driver","Reboot","Coolheaded","Chaos+1","Beam Cell"],"relics":["FrozenCore","Du-Vu Doll","hubris:PeanutButter","Anchor","MawBank","Odd Mushroom"],"acts_visited":["Exordium","TheCity"],"potions_floor_usage":[23],"damage_taken":[{"damage":1.0,"enemies":"Cultist","floor":1.0,"turns":3.0},{"damage":5.0,"enemies":"Small Slimes","floor":3.0,"turns":3.0},{"damage":0.0,"enemies":"2 Louse","floor":5.0,"turns":3.0},{"damage":27.0,"enemies":"conspire:MimicChest","floor":7.0,"turns":6.0},{"damage":15.0,"enemies":"Gremlin Nob","floor":12.0,"turns":4.0},{"damage":0.0,"enemies":"2 Fungi Beasts","floor":13.0,"turns":3.0},{"damage":0.0,"enemies":"The Mushroom Lair","floor":14.0,"turns":3.0},{"damage":16.0,"enemies":"Slime Boss","floor":16.0,"turns":10.0},{"damage":13.0,"enemies":"2 Thieves","floor":18.0,"turns":4.0},{"damage":0,"enemies":"Chosen","floor":20,"turns":5},{"damage":7,"enemies":"Centurion and Healer","floor":22,"turns":9},{"damage":43,"enemies":"Slavers","floor":23,"turns":4}],"seed_played":"-5516813466218427836","potions_obtained":[{"floor":0.0,"key":"BlessingOfTheForge"},{"floor":0.0,"key":"DistilledChaos"},{"floor":0.0,"key":"Strength Potion"},{"floor":13.0,"key":"SteroidPotion"},{"floor":14.0,"key":"Weak Potion"},{"floor":16.0,"key":"Ancient Potion"}],"is_trial":false,"path_per_floor":["M","$","M","$","M","R","?","R","T","?","$","E","M","?","R","B",null,"M","?","M","?","M","E"],"character_chosen":"DEFECT","items_purchased":["Anchor"],"campfire_rested":1,"item_purchase_floors":[11],"current_hp_per_floor":[67,67,62,62,62,62,35,35,35,35,35,20,20,20,42,26,63,50,50,50,50,43,0,0],"gold":605,"neow_bonus":"THREE_SMALL_POTIONS","is_daily":false,"chose_seed":false,"campfire_upgraded":2,"win_rate":0.0,"timestamp":1609033335,"path_taken":["M","?","?","$","M","R","?","R","T","?","$","E","?","?","R","BOSS","M","?","?","?","M","E"],"items_purchased_type":["Relic"],"build_version":"2020-12-22","purchased_purges":1,"victory":false,"max_hp_per_floor":[75,75,75,75,75,75,75,75,75,75,75,75,75,75,75,75,75,75,75,75,75,75,75,75],"card_choices":[{"not_picked":["Go for the Eyes","Cold Snap"],"picked":"Gash","floor":1.0},{"not_picked":["Reinforced Body","Steam Power"],"picked":"Barrage","floor":3.0},{"not_picked":["Hologram","Hello World"],"picked":"conspire:SharedLibrary","floor":5.0},{"not_picked":["Hologram","Force Field"],"picked":"Doom and Gloom","floor":7.0},{"not_picked":["Barrage","Double Energy"],"picked":"Biased Cognition","floor":12.0},{"not_picked":["Rebound","Sweeping Beam"],"picked":"Cold Snap","floor":13.0},{"not_picked":["Redo","Scrape"],"picked":"Compile Driver","floor":14.0},{"not_picked":["Fission","hubris:DoWhile"],"picked":"Reboot","floor":16.0},{"not_picked":["Leap","Barrage"],"picked":"Coolheaded","floor":18},{"not_picked":["Conserve Battery+1","Stack"],"picked":"Chaos+1","floor":20},{"not_picked":["Stack","Leap"],"picked":"Beam Cell","floor":22}],"player_experience":337147,"relics_obtained":[{"floor":7.0,"key":"Du-Vu Doll"},{"floor":9.0,"key":"hubris:PeanutButter"},{"floor":12.0,"key":"MawBank"},{"floor":14.0,"key":"Odd Mushroom"}],"event_choices":[{"damage_healed":0.0,"max_hp_gain":0.0,"max_hp_loss":0.0,"gold_gain":100.0,"event_name":"Golden Shrine","player_choice":"Pray","floor":10.0,"gold_loss":0.0,"damage_taken":0.0},{"damage_healed":0.0,"max_hp_gain":0.0,"max_hp_loss":0.0,"gold_gain":0.0,"event_name":"Mushrooms","player_choice":"Fought Mushrooms","floor":14.0,"gold_loss":0.0,"damage_taken":0.0},{"damage_healed":0,"gold_gain":100,"player_choice":"Pray","damage_taken":0,"max_hp_gain":0,"max_hp_loss":0,"event_name":"Golden Shrine","floor":19,"gold_loss":0},{"damage_healed":0,"gold_gain":99,"player_choice":"Stole From Cult","damage_taken":0,"max_hp_gain":0,"max_hp_loss":0,"event_name":"Nest","floor":21,"gold_loss":0}],"is_beta":false,"boss_relics":[{"not_picked":["hubris:HollowSoul","Runic Pyramid"],"picked":"FrozenCore"}],"items_purged_floors":[2],"is_endless":false,"potions_floor_spawned":[7,13,14,16],"killed_by":"Slavers","ascension_level":8}}