{"host":"hfvpa4llnnjpeawn","time":1609100171,"event":{"mods":["2.2 Compatiblity","AchievementEnabler","Act Like it!","Aspiration","Bard","BaseMod","Beaked The Cultist","Better Sensory Stone","Better Skull","Better Third Choice","BetterRewards","CapriCore","Conspire","Downfall","Elementarium","Energized Spire","Hubris","Infinite Spire","Jorbs\u0027s Wanderer Trilogy","Minty Spire (QoL Compilation)","Replay The Spire","Shade Mod","Spicy Shops","StSLib","The Bladedancer","The Factory","The Gatherer","The Jungle","Waifu the Spire","Wandering Minibosses"],"gold_per_floor":[110,120,134,145,160,192,192,223,223,241,257,269,269,28,28,28,28],"floor_reached":16,"playtime":1013,"items_purged":["Regret"],"score":332,"play_id":"dac00fbf-c94f-4116-be93-157c572fc52b","local_time":"20201227151611","is_ascension_mode":true,"campfire_choices":[{"floor":7,"key":"REST"}],"circlet_count":0,"master_deck":["AscendersBane","Strike_R","Strike_R","Strike_R","Strike_R","Strike_R","Defend_R","Defend_R","Defend_R","Defend_R","Bash","expansioncontent:GuardianWhirl","Warcry","Combust","Heavy Blade","Hemokinesis","ReplayTheSpireMod:Strike From Hell","Pummel","Battle Trance","beaked:Tweet","Pot Of Greed","Pot Of Greed"],"relics":["Burning Blood","ReplayTheSpireMod:CursedCoin","Chemical X","ReplayTheSpireMod:TigerMarble","Membership Card","Vajra","aspiration:TomeofQuesting","Art of War","hubris:DisguiseKit","hubris:SphereOfDissonance","Grinning Jar","Blue Doll","Sling","Bag of Preparation"],"acts_visited":["Exordium"],"potions_floor_usage":[6,8,8,12],"damage_taken":[{"damage":2,"enemies":"2 Louse","floor":1,"turns":2},{"damage":1,"enemies":"Cultist","floor":2,"turns":3},{"damage":7,"enemies":"Small Slimes","floor":3,"turns":3},{"damage":8,"enemies":"Looter","floor":4,"turns":2},{"damage":37,"enemies":"Exordium Wildlife","floor":5,"turns":5},{"damage":6,"enemies":"Gremlin Nob","floor":6,"turns":3},{"damage":15,"enemies":"3 Sentries","floor":8,"turns":4},{"damage":2,"enemies":"3 Louse","floor":10,"turns":1},{"damage":1,"enemies":"Looter","floor":11,"turns":2},{"damage":7,"enemies":"Gremlin Gang","floor":12,"turns":3},{"damage":56,"enemies":"Fading Forest","floor":16,"turns":4}],"seed_played":"-6423184712478925679","potions_obtained":[{"floor":1,"key":"PowerPotion"},{"floor":4,"key":"LiquidMemories"},{"floor":6,"key":"BlessingOfTheForge"},{"floor":11,"key":"Cursed Concoction"}],"is_trial":false,"path_per_floor":["M","M","M","M","M","E","R","E","T","M","M","M","?","$","R","B"],"character_chosen":"IRONCLAD","items_purchased":["ReplayTheSpireMod:CursedCoin","Chemical X","ReplayTheSpireMod:TigerMarble","Membership Card","Vajra","aspiration:TomeofQuesting","Warcry","Blue Doll","Sling","Bag of Preparation"],"campfire_rested":1,"item_purchase_floors":[0,0,0,0,0,0,0,14,14,14],"current_hp_per_floor":[48,58,57,55,24,24,46,37,37,41,46,45,40,40,40,0,0],"gold":28,"neow_bonus":"","is_daily":false,"chose_seed":false,"campfire_upgraded":0,"win_rate":0.0,"timestamp":1609100171,"path_taken":["M","M","M","M","M","E","R","E","T","M","M","M","?","$","R","BOSS"],"items_purchased_type":["Relic","Relic","Relic","Relic","Relic","Relic","Card","Relic","Relic","Relic"],"build_version":"2020-12-22","purchased_purges":1,"victory":false,"max_hp_per_floor":[75,75,75,75,75,75,75,75,75,75,75,75,75,75,75,75,75],"card_choices":[{"not_picked":["Feel No Pain","Pommel Strike"],"picked":"Combust","floor":1},{"not_picked":["True Grit","Defy Death"],"picked":"Heavy Blade","floor":2},{"not_picked":["Warcry","Havoc"],"picked":"Hemokinesis","floor":3},{"not_picked":["Reckless Charge","Body Slam"],"picked":"ReplayTheSpireMod:Strike From Hell","floor":4},{"not_picked":["Replay:Undeath\u0027s Touch","Sword Boomerang"],"picked":"Pummel","floor":5},{"not_picked":["Evolve","Replay:Many Hands","Clothesline"],"picked":"SKIP","floor":6},{"not_picked":["Warcry","ReplayTheSpireMod:Strike From Hell"],"picked":"Battle Trance","floor":8},{"not_picked":["Clothesline","ReplayTheSpireMod:Strike From Hell","Clash","beaked:Roost"],"picked":"SKIP","floor":10},{"not_picked":["Spot Weakness","ReplayTheSpireMod:LeadingStrike","Eclipse"],"picked":"beaked:Tweet","floor":11},{"not_picked":["Infernal Blade","Havoc","Cleave","beaked:SacrificialDive"],"picked":"SKIP","floor":12}],"player_experience":363770,"relics_obtained":[{"floor":6,"key":"Art of War"},{"floor":8,"key":"hubris:DisguiseKit"},{"floor":9,"key":"hubris:SphereOfDissonance"}],"event_choices":[{"damage_healed":0,"gold_gain":0,"player_choice":"Relic ","damage_taken":5,"max_hp_gain":0,"max_hp_loss":0,"event_name":"betterThird:BetterScrap","floor":13,"gold_loss":0,"cards_obtained":["Doom and Gloom"]}],"is_beta":false,"boss_relics":[],"items_purged_floors":[0],"is_endless":false,"potions_floor_spawned":[1,4,5,6,11],"killed_by":"Fading Forest","ascension_level":20}}