{"host":"cz3p2o9n3b1gdmkz","time":1609083497,"event":{"mods":["AchievementEnabler","BaseMod","CapriCore","GungeonMod","Hermit","Lobotomy","Minty Spire (QoL Compilation)","Replay The Spire","Shop Mod","StSLib","SuperFastMode","The Cursed","The Dragon Tamer","The Gatherer","The Jungle","The Poker Player","The Runesmith"],"gold_per_floor":[110,35,35,110,126,126,156,156,224,249,282,130,142,159,159,230,230,241,241,256,5,19,19,35,35,35,35,35,53,66,84,84,158,158,169,276,285,298,59,59,59,85,108,126,184,193,193,217,217,217,217],"floor_reached":52,"playtime":2254,"items_purged":["Gatherer:Defend_Gatherer"],"score":1545,"play_id":"1da83365-9ec4-444c-9a2e-693de2cf1b88","local_time":"20201228003817","is_ascension_mode":true,"metric_token":1117,"campfire_choices":[{"data":"Gatherer:HeartToFruit","floor":6.0,"key":"SMITH"},{"data":"Gatherer:FlowerWhip","floor":8.0,"key":"SMITH"},{"data":"Gatherer:Centralize","floor":15.0,"key":"SMITH"},{"data":"Gatherer:HeartToFruit","floor":23,"key":"SMITH"},{"floor":32,"key":"REST"},{"floor":40,"key":"REST"},{"data":"Gatherer:Pollute","floor":49,"key":"SMITH"}],"circlet_count":0,"master_deck":["AscendersBane","Gatherer:Strike_Gatherer","Gatherer:Defend_Gatherer","Gatherer:Defend_Gatherer","Gatherer:Defend_Gatherer","Gatherer:Defend_Gatherer","Gatherer:Centralize+1","Gatherer:FlowerWhip+1","Gatherer:HeartToFruit+1","Gatherer:WitheringStrike","Gatherer:FruitForce","Gatherer:HeartToFruit+1","Gatherer:WitheringStrike","Gatherer:Examine","Gatherer:GatherMaterial+1","Gatherer:EchoOfNature+1","Gatherer:PoisonMastery+1","Gatherer:FragileHammer+1","Gatherer:ScentOfRosmari","Gatherer:HeartToFruit+1","Gatherer:RottenStipe+1","Gatherer:WitheringStrike+1","Gatherer:FruitForce+1","Gatherer:ScherryThrow+1","ReplayTheSpireMod:Private Reserves","Poisoned Strike+1","Gatherer:AcidicSpray+1","Gatherer:Pollute+1"],"relics":["Gatherer:AlchemyBag","DemoMod:DecoyRelic","Onion Ring","Odd Mushroom","DemoMod:ResourcefulSack","Astrolabe","Molten Egg 2","Nilry\u0027s Codex","Replay:WaspNest","Runic Pyramid","CeramicFish","Snack Pack","Replay:Mystery Machine","StoneCalendar"],"acts_visited":["Exordium","TheCity","TheBeyond"],"potions_floor_usage":[22,42,42,50,50],"damage_taken":[{"damage":0.0,"enemies":"2 Louse","floor":1.0,"turns":2.0},{"damage":3.0,"enemies":"Small Slimes","floor":5.0,"turns":2.0},{"damage":40.0,"enemies":"Gremlin Nob","floor":7.0,"turns":5.0},{"damage":14.0,"enemies":"The Mushroom Lair","floor":10.0,"turns":4.0},{"damage":0.0,"enemies":"3 Sentries","floor":11.0,"turns":7.0},{"damage":4.0,"enemies":"Jaw Worm","floor":13.0,"turns":2.0},{"damage":0.0,"enemies":"Large Slime","floor":14.0,"turns":4.0},{"damage":35.0,"enemies":"Slime Boss","floor":16.0,"turns":12.0},{"damage":3.0,"enemies":"Chosen","floor":18.0,"turns":5.0},{"damage":26,"enemies":"Shell Parasite","floor":20,"turns":6},{"damage":1,"enemies":"Chosen and Byrds","floor":22,"turns":5},{"damage":0,"enemies":"Snecko","floor":24,"turns":5},{"damage":13,"enemies":"Snake Plant","floor":29,"turns":3},{"damage":30,"enemies":"Sentry and Sphere","floor":30,"turns":5},{"damage":18,"enemies":"Snecko","floor":31,"turns":4},{"damage":58,"enemies":"Pondfish","floor":33,"turns":9},{"damage":21,"enemies":"Orb Walker","floor":35,"turns":4},{"damage":44,"enemies":"3 Shapes","floor":38,"turns":5},{"damage":37,"enemies":"Writhing Mass","floor":42,"turns":5},{"damage":50,"enemies":"2 Orb Walkers","floor":45,"turns":5},{"damage":5,"enemies":"Transient","floor":48,"turns":5},{"damage":89,"enemies":"Awakened One","floor":50,"turns":8}],"seed_played":"-1654460051386404114","potions_obtained":[{"floor":1.0,"key":"Swift Potion"},{"floor":11.0,"key":"Energy Potion"},{"floor":14.0,"key":"Regen Potion"},{"floor":20,"key":"Block Potion"},{"floor":22,"key":"BottledMiracle"},{"floor":30,"key":"DistilledChaos"},{"floor":42,"key":"BottledMiracle"},{"floor":48,"key":"BottledMiracle"}],"is_trial":false,"path_per_floor":["M","$","?","?","M","R","E","R","T","?","E","$","M","M","R","B",null,"M","?","M","$","M","R","M","?","T","?","$","M","M","M","R","B",null,"M","?","?","M","$","R","$","M","T","?","?","?","?","M","R","B",null,null],"character_chosen":"THE_GATHERER","items_purchased":["Gatherer:HeartToFruit","Molten Egg 2","Snack Pack"],"campfire_rested":2,"item_purchase_floors":[12,21,39],"current_hp_per_floor":[63,63,63,52,53,53,17,17,17,7,15,15,15,23,23,6,80,81,109,87,87,94,94,98,82,82,82,82,69,47,33,74,24,115,98,98,102,66,66,114,114,85,85,75,31,169,169,169,169,100,100],"gold":217,"neow_bonus":"ONE_RANDOM_RARE_CARD","is_daily":false,"chose_seed":false,"campfire_upgraded":5,"win_rate":0.0,"timestamp":1609083497,"path_taken":["M","$","?","?","M","R","E","R","T","?","E","?","M","M","R","BOSS","M","?","M","$","M","R","M","?","T","?","$","?","?","M","R","BOSS","M","?","?","?","$","R","?","M","T","?","?","?","?","M","R","BOSS"],"items_purchased_type":["Card","Relic","Relic"],"build_version":"2020-12-22","purchased_purges":1,"victory":true,"max_hp_per_floor":[70,70,70,70,74,74,78,78,78,82,90,90,94,102,102,105,105,109,109,113,113,121,121,125,125,125,125,125,125,133,137,137,145,145,149,149,153,161,161,161,161,165,165,165,169,169,169,169,169,177,177],"card_choices":[{"not_picked":["Gatherer:QuickSynthesis","Gatherer:Transmute","Gatherer:AcidicSpray"],"picked":"SKIP","floor":1.0},{"not_picked":["Gatherer:WoolGloves","Gatherer:Pollute","Gatherer:QuickSynthesis"],"picked":"SKIP","floor":5.0},{"not_picked":["Gatherer:SmartManeuver","Gatherer:GlowingPlant"],"picked":"Gatherer:WitheringStrike","floor":7.0},{"not_picked":["Gatherer:Herbalism","Gatherer:WitheringStrike"],"picked":"Gatherer:FruitForce","floor":11.0},{"not_picked":["Gatherer:WoolGloves","Gatherer:AcidicSpray"],"picked":"Gatherer:WitheringStrike","floor":13.0},{"not_picked":["Gatherer:Pollute","Gatherer:EnergyBasket","Gatherer:SaveValuables"],"picked":"SKIP","floor":14.0},{"not_picked":["Gatherer:CursedBlade","Gatherer:StoneFence"],"picked":"Gatherer:Examine","floor":16.0},{"not_picked":["Gatherer:TreeGrowth","Gatherer:Liquidism","Gatherer:Snatch"],"picked":"SKIP","floor":18.0},{"not_picked":["Gatherer:FlowerFalling","Gatherer:Transmute","Gatherer:CarefulStrike"],"picked":"SKIP","floor":20},{"not_picked":["Gatherer:EnergyBasket","Gatherer:FlowerShield"],"picked":"Gatherer:FragileHammer+1","floor":22},{"not_picked":["Gatherer:Convert","Gatherer:ScentOfRosmari+1","Gatherer:EnergyBasket"],"picked":"SKIP","floor":24},{"not_picked":["Gatherer:Polymorphism+1","Gatherer:FlowerFalling+1","Gatherer:Frenzy+1"],"picked":"SKIP","floor":29},{"not_picked":["Gatherer:Examine","Gatherer:Enchant","Gatherer:AromaProtection"],"picked":"SKIP","floor":30},{"not_picked":["Gatherer:FlowerBeam+1","Gatherer:Convert+1","Gatherer:ScrollOfWall+1"],"picked":"SKIP","floor":31},{"not_picked":["Gatherer:FinishingStrike+1","Gatherer:CursedBlade+1"],"picked":"Gatherer:HeartToFruit+1","floor":33},{"not_picked":["Gatherer:SmartManeuver+1","Gatherer:TreeGrowth+1","Gatherer:RecipeChange+1"],"picked":"SKIP","floor":35},{"not_picked":["Gatherer:DrugPower+1","Gatherer:VenomBarrier"],"picked":"Gatherer:RottenStipe+1","floor":36},{"not_picked":["Gatherer:BambuSword+1","Gatherer:EnergyBasket"],"picked":"Gatherer:WitheringStrike+1","floor":36},{"not_picked":["Gatherer:ScentOfRosmari+1","Gatherer:Snatch+1","Gatherer:CollectorsShot+1"],"picked":"SKIP","floor":38},{"not_picked":["Gatherer:FlowerShield","Gatherer:FlowerPower"],"picked":"Gatherer:ScherryThrow+1","floor":42},{"not_picked":["Panacea","Discovery"],"picked":"ReplayTheSpireMod:Private Reserves","floor":44},{"not_picked":["ReplayTheSpireMod:Trickstab+1","Dark Shackles"],"picked":"Poisoned Strike+1","floor":44},{"not_picked":["Gatherer:FlowerFalling+1","Gatherer:GatherMaterial+1"],"picked":"Gatherer:AcidicSpray+1","floor":45},{"not_picked":["Gatherer:Enchant","Gatherer:CollectorsShot+1"],"picked":"Gatherer:Pollute","floor":48}],"player_experience":1042492,"relics_obtained":[{"floor":7.0,"key":"DemoMod:DecoyRelic"},{"floor":9.0,"key":"Onion Ring"},{"floor":10.0,"key":"Odd Mushroom"},{"floor":11.0,"key":"DemoMod:ResourcefulSack"},{"floor":25,"key":"Nilry\u0027s Codex"},{"floor":26,"key":"Replay:WaspNest"},{"floor":36,"key":"CeramicFish"},{"floor":43,"key":"Replay:Mystery Machine"},{"floor":45,"key":"StoneCalendar"}],"event_choices":[{"damage_healed":0.0,"max_hp_gain":0.0,"max_hp_loss":0.0,"gold_gain":75.0,"event_name":"World of Goop","player_choice":"Gather Gold","floor":4.0,"gold_loss":0.0,"damage_taken":11.0},{"damage_healed":0.0,"max_hp_gain":0.0,"max_hp_loss":0.0,"gold_gain":0.0,"event_name":"Mushrooms","player_choice":"Fought Mushrooms","floor":10.0,"gold_loss":0.0,"damage_taken":0.0},{"damage_healed":36,"gold_gain":0,"player_choice":"Heal","damage_taken":0,"max_hp_gain":0,"max_hp_loss":0,"event_name":"The Library","floor":19,"gold_loss":0},{"damage_healed":0,"gold_gain":0,"player_choice":"Obtained Book","damage_taken":16,"max_hp_gain":0,"max_hp_loss":0,"event_name":"Cursed Tome","floor":25,"gold_loss":0},{"damage_healed":0,"gold_gain":0,"cards_transformed":["Gatherer:Strike_Gatherer"],"player_choice":"Transformed","damage_taken":0,"max_hp_gain":0,"max_hp_loss":0,"event_name":"Transmorgrifier","floor":27,"gold_loss":0,"cards_obtained":["Gatherer:ScentOfRosmari"]},{"damage_healed":0,"gold_gain":0,"player_choice":"Copied","damage_taken":0,"max_hp_gain":0,"max_hp_loss":0,"event_name":"Duplicator","floor":37,"gold_loss":0,"cards_obtained":["Gatherer:FruitForce"]},{"damage_healed":0,"gold_gain":0,"player_choice":"Memory 3","damage_taken":10,"max_hp_gain":0,"max_hp_loss":0,"event_name":"SensoryStone","floor":44,"gold_loss":0},{"damage_healed":0,"gold_gain":0,"player_choice":"Fight","damage_taken":0,"max_hp_gain":0,"max_hp_loss":0,"event_name":"Mysterious Sphere","floor":45,"gold_loss":0},{"damage_healed":138,"gold_gain":0,"player_choice":"Heal","damage_taken":0,"max_hp_gain":0,"max_hp_loss":0,"event_name":"MindBloom","floor":46,"gold_loss":0,"cards_obtained":["Doubt"]},{"cards_removed":["Doubt"],"damage_healed":0,"gold_gain":0,"player_choice":"Removed Curses","damage_taken":0,"max_hp_gain":0,"max_hp_loss":0,"event_name":"Fountain of Cleansing","floor":47,"gold_loss":0}],"is_beta":false,"boss_relics":[{"not_picked":["Kintsugi","Ectoplasm"],"picked":"Astrolabe"},{"not_picked":["Replay:Wanted Poster","Gatherer:ExplorersPath"],"picked":"Runic Pyramid"}],"items_purged_floors":[2],"is_endless":false,"potions_floor_spawned":[1,11,14,20,22,30,33,42,48],"ascension_level":14}}