{"host":"nk1hwk2qadwaubm5","time":1609082938,"event":{"mods":["BaseMod","Hermit","Hubris","Infinite Spire","Marisa????????","Minty Spire (QoL Compilation)","Replay The Spire","StSLib","The Animator","The Cursed","The Jungle","The Servant 0.9.4"],"gold_per_floor":[116,116,135,145,156,156,181,32,59,84,84,103,103,118,118,217,217,232,232,242,256,269,300,312,341,364,375,375,375,190,219,219,219,219],"floor_reached":33,"playtime":2467,"items_purged":["hubris:Gluttony"],"score":443,"play_id":"0c5e50a1-870e-4579-8a14-f6f8e1e033d8","local_time":"20201227162858","is_ascension_mode":true,"campfire_choices":[{"data":"Bash","floor":6,"key":"SMITH"},{"data":"Pummel","floor":11,"key":"SMITH"},{"data":"Pommel Strike","floor":15,"key":"SMITH"},{"data":"Dark Embrace","floor":29,"key":"SMITH"},{"data":"Pommel Strike","floor":32,"key":"SMITH"}],"circlet_count":0,"master_deck":["Strike_R","Strike_R","Strike_R","Strike_R","Strike_R","Defend_R","Defend_R","Defend_R","Defend_R","Bash+1","Shrug It Off","Pommel Strike+1","Shrug It Off","Iron Wave","Sever Soul","Pummel+1","Inflame","Dropkick","Iron Wave+1","Cleave+1","Corruption","Pommel Strike+1","Dark Embrace+1","Twin Strike"],"relics":["Runic Cube","hubris:Towel","Vajra","Lee\u0027s Waffle","Bag of Marbles","hubris:Metronome","StoneCalendar","Replay:Grab Bag","hubris:GrandSneckoEye","ReplayTheSpireMod:DimensionalGlitch","SacredBark","Black Star","Garlic","ReplayTheSpireMod:Lightbulb","PreservedInsect","Replay:Baseball","Anchor","ReplayTheSpireMod:CursedCoin","Bottled Flame","hubris:AstralHammer","hubris:TinFlute"],"acts_visited":["Exordium","Exordium"],"potions_floor_usage":[10,10,16,22,33,33],"damage_taken":[{"damage":1,"enemies":"Cultist","floor":1,"turns":3},{"damage":8,"enemies":"Jaw Worm","floor":3,"turns":4},{"damage":1,"enemies":"Small Slimes","floor":4,"turns":5},{"damage":13,"enemies":"Blue Slaver","floor":5,"turns":5},{"damage":12,"enemies":"Replay:BlueRogue","floor":7,"turns":8},{"damage":14,"enemies":"3 Sentries","floor":10,"turns":8},{"damage":25,"enemies":"Gremlin Gang","floor":12,"turns":5},{"damage":0,"enemies":"Exordium Wildlife","floor":14,"turns":2},{"damage":31,"enemies":"Hexaghost","floor":16,"turns":4},{"damage":0,"enemies":"Shell Parasite","floor":18,"turns":2},{"damage":2,"enemies":"theJungle:Flameango_and_Byrd","floor":20,"turns":3},{"damage":0,"enemies":"theJungle:JungleHuntersEncounter","floor":21,"turns":5},{"damage":6,"enemies":"theJungle:2_Flameangoes","floor":22,"turns":3},{"damage":34,"enemies":"theJungle:2_Phrogs","floor":23,"turns":5},{"damage":0,"enemies":"Snake Plant","floor":24,"turns":2},{"damage":0,"enemies":"theJungle:MamaSnecko","floor":25,"turns":2},{"damage":6,"enemies":"theJungle:Snecko_Cultist_And_Trap","floor":27,"turns":3},{"damage":0,"enemies":"theJungle:2_Phrogs","floor":31,"turns":3},{"damage":42,"enemies":"theJungle:TotemBoss","floor":33,"turns":4}],"seed_played":"5482756632391080666","potions_obtained":[{"floor":1,"key":"SpeedPotion"},{"floor":5,"key":"Strength Potion"},{"floor":7,"key":"LiquidMemories"},{"floor":12,"key":"AttackPotion"},{"floor":20,"key":"LiquidMemories"},{"floor":22,"key":"SmokeBomb"},{"floor":27,"key":"Weak Potion"},{"floor":31,"key":"Venom Potion"}],"is_trial":false,"path_per_floor":["M","?","M","M","M","R","E","$","T","E","R","M","T","M","R","B",null,"M","?","M","M","M","E","M","E","T","M","?","R","$","E","R","B"],"character_chosen":"IRONCLAD","items_purchased":["Lee\u0027s Waffle","ReplayTheSpireMod:CursedCoin","Bottled Flame"],"campfire_rested":0,"item_purchase_floors":[8,30,30],"current_hp_per_floor":[79,79,71,70,57,57,45,87,87,73,73,48,48,48,48,17,87,87,87,85,85,79,45,45,45,45,39,39,39,39,39,39,0,0],"gold":219,"neow_bonus":"BOSS_RELIC","is_daily":false,"chose_seed":false,"campfire_upgraded":5,"win_rate":0.0,"timestamp":1609082938,"path_taken":["M","?","M","M","M","R","E","$","T","E","R","M","?","M","R","BOSS","M","?","M","M","M","E","M","E","T","M","?","R","$","E","R","BOSS"],"items_purchased_type":["Relic","Relic","Relic"],"build_version":"2020-12-22","purchased_purges":1,"victory":false,"max_hp_per_floor":[80,80,80,80,80,80,80,87,87,87,87,87,87,87,87,87,87,87,87,87,87,87,87,87,87,87,87,87,87,87,87,87,90,90],"card_choices":[{"not_picked":["Perfected Strike","hubris:ReadiedAction"],"picked":"Shrug It Off","floor":1},{"not_picked":["True Grit","Heavy Blade"],"picked":"Pommel Strike","floor":3},{"not_picked":["Abandon","Battle Trance"],"picked":"Shrug It Off","floor":4},{"not_picked":["Flex","Shrug It Off"],"picked":"Iron Wave","floor":5},{"not_picked":["Run Through","hubris:ReadiedAction"],"picked":"Sever Soul","floor":7},{"not_picked":["Anger","Havoc"],"picked":"Pummel","floor":10},{"not_picked":["Evolve","Warcry","Sword Boomerang"],"picked":"SKIP","floor":12},{"not_picked":["Perfected Strike","Run Through","Searing Blow"],"picked":"SKIP","floor":14},{"not_picked":["hubris:ReadiedAction+1","Fire Breathing+1"],"picked":"Inflame","floor":18},{"not_picked":["Rupture","Sword Boomerang+1"],"picked":"Iron Wave+1","floor":20},{"not_picked":["Iron Wave","Fire Breathing","Cleave+1"],"picked":"SKIP","floor":21},{"not_picked":["Iron Wave","Fire Breathing"],"picked":"Cleave+1","floor":21},{"not_picked":["Headbutt","Sentinel"],"picked":"Corruption","floor":22},{"not_picked":["Body Slam","ReplayTheSpireMod:Strike From Hell+1","Feed"],"picked":"SKIP","floor":23},{"not_picked":["Rupture","Cleave"],"picked":"Pommel Strike","floor":24},{"not_picked":["Cleave","Power Through"],"picked":"Dark Embrace","floor":25},{"not_picked":["Sword Boomerang","Searing Blow+1"],"picked":"Twin Strike","floor":27},{"not_picked":["Twin Strike","Anger","Dropkick"],"picked":"SKIP","floor":31}],"player_experience":304616,"relics_obtained":[{"floor":7,"key":"Vajra"},{"floor":9,"key":"Bag of Marbles"},{"floor":10,"key":"hubris:Metronome"},{"floor":13,"key":"StoneCalendar"},{"floor":23,"key":"Garlic"},{"floor":23,"key":"ReplayTheSpireMod:Lightbulb"},{"floor":25,"key":"PreservedInsect"},{"floor":25,"key":"Replay:Baseball"},{"floor":26,"key":"Anchor"},{"floor":31,"key":"hubris:AstralHammer"},{"floor":31,"key":"hubris:TinFlute"}],"event_choices":[{"damage_healed":0,"gold_gain":0,"player_choice":"Bought 0 Potions","damage_taken":0,"max_hp_gain":0,"max_hp_loss":0,"event_name":"The Woman in Blue","floor":28,"gold_loss":0}],"is_beta":false,"boss_relics":[{"not_picked":["Empty Cage","Honey Jar"],"picked":"Replay:Grab Bag"},{"not_picked":["ChewingGum","Velvet Choker"],"picked":"hubris:GrandSneckoEye"},{"not_picked":["Coffee Dripper","Busted Crown"],"picked":"ReplayTheSpireMod:DimensionalGlitch"},{"not_picked":["Replay:Drink Me","hubris:BlackHole"],"picked":"SacredBark"},{"not_picked":["Kintsugi","Snecko Heart"],"picked":"Black Star"}],"items_purged_floors":[30],"is_endless":false,"potions_floor_spawned":[1,5,7,12,20,22,27,31],"killed_by":"theJungle:TotemBoss","ascension_level":4}}