{"host":"kw4o7b3ro2ktmmbe","time":1609043015,"event":{"mods":["BaseMod","Evolution","Minty Spire (QoL Compilation)","StSLib","The Death Knight","Treasure Hunter"],"gold_per_floor":[259,259,334,334,358,358,383,383,383,383,50,50,85,85,85,206,206,224,224,247,326,326,326,340,15,15,48,71,95,95,109,109,240,240,257,220,220,70,70,70,114,114,140,0,41,41,75,93,93,98,98],"floor_reached":50,"playtime":4541,"items_purged":["Pain"],"score":830,"play_id":"a9d46dbf-2b3b-40dd-8d6a-8d69ae70ab9d","local_time":"20201227172335","is_ascension_mode":true,"campfire_choices":[{"data":"DeathKnight:RuneTap","floor":6.0,"key":"SMITH"},{"data":"DeathKnight:DeathAndDecay","floor":8.0,"key":"SMITH"},{"data":"TH:CursedSword","floor":10.0,"key":"SMITH"},{"floor":12.0,"key":"REST"},{"data":"TH:CursedSword","floor":15.0,"key":"SMITH"},{"data":"DeathKnight:MarkOfBlood","floor":23.0,"key":"SMITH"},{"data":"DeathKnight:Contagion","floor":32.0,"key":"SMITH"},{"data":"TH:ElvenBoots","floor":40.0,"key":"SMITH"},{"data":"DeathKnight:AntiMagicShell","floor":49,"key":"SMITH"}],"circlet_count":0,"master_deck":["DeathKnight:IcyTouch","DeathKnight:IcyTouch","DeathKnight:Strike_DeathKnight","DeathKnight:Strike_DeathKnight","DeathKnight:Strike_DeathKnight","DeathKnight:Defend_DeathKnight","DeathKnight:Defend_DeathKnight","DeathKnight:Defend_DeathKnight","DeathKnight:Defend_DeathKnight","DeathKnight:RuneTap+1","DeathKnight:RuneStrike","DeathKnight:DeathAndDecay+1","TH:CursedSword+1","DeathKnight:Contagion+1","TH:CursedSword+1","DeathKnight:PlagueStrike","TH:ElvenBoots+1","DeathKnight:MarkOfBlood+1","DeathKnight:BladedArmor+1","DeathKnight:BladedArmor+1","TH:TreasureMap","DeathKnight:PlagueStrike+1","TH:EnergyPotion","TH:CopperCoins","DeathKnight:SindragosasBreath","DeathKnight:BloodBoil+1","TH:TreasureMap","DeathKnight:ReapingStrike","DeathKnight:Lichborne+1","DeathKnight:DancingRuneblade+1","TH:EnergyPotion","DeathKnight:AntiMagicShell+1","Clumsy","TH:CursedSword","TH:CursedSword","DeathKnight:UnholyPresence+1","Madness","Madness","TH:ElvenBoots","DeathKnight:Pestilence+1","DeathKnight:HowlingBlast+1"],"relics":["EVO:Axolotl","Runic Pyramid","Golden Idol","Kunai","Medical Kit","Vajra","Ornamental Fan","Coffee Dripper","Meat on the Bone","WarpedTongs","Sling","Ice Cream","Pear","Cursed Key","DeathKnight:Scourgestone","Mango","Bronze Scales","Red Mask","Pantograph","Peace Pipe"],"acts_visited":["Exordium","TheCity","TheBeyond"],"potions_floor_usage":[45,45,50,50],"damage_taken":[{"damage":1.0,"enemies":"2 Louse","floor":1.0,"turns":3.0},{"damage":0.0,"enemies":"Small Slimes","floor":5.0,"turns":4.0},{"damage":0.0,"enemies":"Cultist","floor":7.0,"turns":3.0},{"damage":11.0,"enemies":"Lagavulin","floor":13.0,"turns":6.0},{"damage":10.0,"enemies":"Slime Boss","floor":16.0,"turns":8.0},{"damage":1.0,"enemies":"2 Thieves","floor":18.0,"turns":3.0},{"damage":4.0,"enemies":"Chosen","floor":20.0,"turns":5.0},{"damage":21.0,"enemies":"Snake Plant","floor":24.0,"turns":4.0},{"damage":30.0,"enemies":"Book of Stabbing","floor":27.0,"turns":4.0},{"damage":2.0,"enemies":"3 Cultists","floor":28.0,"turns":3.0},{"damage":3.0,"enemies":"Cultist and Chosen","floor":29.0,"turns":4.0},{"damage":18.0,"enemies":"Centurion and Healer","floor":31.0,"turns":6.0},{"damage":23.0,"enemies":"Collector","floor":33.0,"turns":7.0},{"damage":1.0,"enemies":"3 Shapes","floor":35.0,"turns":9.0},{"damage":10.0,"enemies":"Nemesis","floor":41.0,"turns":5.0},{"damage":15,"enemies":"Reptomancer","floor":45,"turns":4},{"damage":38,"enemies":"Giant Head","floor":47,"turns":8},{"damage":10,"enemies":"Orb Walker","floor":48,"turns":3},{"damage":79,"enemies":"Awakened One","floor":50,"turns":7}],"seed_played":"5011203983833096211","potions_obtained":[{"floor":7.0,"key":"DistilledChaos"},{"floor":16.0,"key":"DistilledChaos"},{"floor":27.0,"key":"DeathKnight:RimePotion"},{"floor":29.0,"key":"SteroidPotion"},{"floor":31.0,"key":"DeathKnight:RimePotion"},{"floor":33.0,"key":"ColorlessPotion"},{"floor":47,"key":"Dexterity Potion"},{"floor":48,"key":"SkillPotion"}],"is_trial":false,"path_per_floor":["M","?","?","?","M","R","M","R","T","R","$","R","E","$","R","B",null,"M","$","M","T","?","R","M","$","T","E","M","M","?","M","R","B",null,"M","$","?","$","?","R","E","$","T","?","E","?","E","M","R","B"],"character_chosen":"DEATH_KNIGHT","items_purchased":["Medical Kit","Vajra","DeathKnight:Contagion","Sling","Fruit Juice","DeathKnight:DancingRuneblade","DeathKnight:Scourgestone"],"campfire_rested":1,"item_purchase_floors":[11,11,11,25,25,36,38],"current_hp_per_floor":[67,72,61,41,41,41,41,41,41,41,41,65,54,54,54,44,71,70,70,66,66,66,66,45,50,50,42,52,49,49,43,43,32,79,78,78,50,50,50,50,66,66,66,66,63,49,23,25,25,0,0],"gold":98,"neow_bonus":"BOSS_RELIC","is_daily":false,"chose_seed":false,"campfire_upgraded":8,"win_rate":0.0,"timestamp":1609043015,"path_taken":["M","?","?","?","M","R","M","R","T","R","$","R","E","?","R","BOSS","M","$","M","?","?","R","?","$","T","E","M","M","?","?","R","BOSS","M","$","?","$","?","R","E","?","T","?","E","?","E","M","R","BOSS"],"items_purchased_type":["Relic","Relic","Card","Relic","Potion","Card","Relic"],"build_version":"2020-12-22","purchased_purges":1,"victory":false,"max_hp_per_floor":[75,80,80,80,80,80,80,80,80,80,80,80,80,80,80,80,80,80,80,80,80,80,80,80,85,85,95,95,95,95,95,95,95,95,95,95,95,95,95,95,109,109,109,109,109,109,109,109,109,109,109],"card_choices":[{"not_picked":["DeathKnight:HartStrike","DeathKnight:BoneSpear","DeathKnight:MindFreeze"],"picked":"SKIP","floor":1.0},{"not_picked":["DeathKnight:BludPresence","DeathKnight:RuneShock"],"picked":"DeathKnight:DeathAndDecay","floor":5.0},{"not_picked":["DeathKnight:PathOfFrost","DeathKnight:IcyTouch","DeathKnight:Obliterate"],"picked":"SKIP","floor":7.0},{"not_picked":["TH:PixieDust"],"picked":"TH:CursedSword","floor":9.0},{"not_picked":["TH:DeckOfManyThings"],"picked":"TH:CursedSword","floor":13.0},{"not_picked":["DeathKnight:BludPresence","DeathKnight:BladedArmor"],"picked":"DeathKnight:PlagueStrike","floor":13.0},{"not_picked":["TH:Mimic"],"picked":"TH:ElvenBoots","floor":16.0},{"not_picked":["DeathKnight:SindragosasBreath","DeathKnight:BoneStorm"],"picked":"DeathKnight:MarkOfBlood","floor":16.0},{"not_picked":["DeathKnight:Pestilence","DeathKnight:Runeguard+1"],"picked":"DeathKnight:BladedArmor","floor":18.0},{"not_picked":["DeathKnight:BloodTap","DeathKnight:FrosPresence"],"picked":"DeathKnight:BladedArmor","floor":20.0},{"not_picked":["TH:ArmorSpikes"],"picked":"TH:TreasureMap","floor":21.0},{"not_picked":["DeathKnight:Lichborne+1","DeathKnight:BludPresence"],"picked":"DeathKnight:PlagueStrike+1","floor":24.0},{"not_picked":["TH:PixieDust"],"picked":"TH:EnergyPotion","floor":26.0},{"not_picked":["TH:DeckOfManyThings"],"picked":"TH:CopperCoins","floor":27.0},{"not_picked":["DeathKnight:BloodEchoes","DeathKnight:FrosPresence"],"picked":"DeathKnight:SindragosasBreath","floor":27.0},{"not_picked":["DeathKnight:UnholyFrenzy+1","DeathKnight:BloodTap"],"picked":"DeathKnight:BloodBoil+1","floor":28.0},{"not_picked":["DeathKnight:DeathAndDecay","DeathKnight:BludPresence","DeathKnight:BoneSpear"],"picked":"SKIP","floor":29.0},{"not_picked":["DeathKnight:HornOfWinter","DeathKnight:BloodTap+1","DeathKnight:BoneSpear+1"],"picked":"SKIP","floor":31.0},{"not_picked":["TH:ElvenBoots"],"picked":"TH:TreasureMap","floor":33.0},{"not_picked":["DeathKnight:RunicDetonation","DeathKnight:Outbreak"],"picked":"DeathKnight:ReapingStrike","floor":33.0},{"not_picked":["DeathKnight:DeathAndDecay","DeathKnight:BloodTap"],"picked":"DeathKnight:Lichborne+1","floor":35.0},{"not_picked":["TH:PixieDust"],"picked":"TH:EnergyPotion","floor":41.0},{"not_picked":["DeathKnight:RuneShock+1","DeathKnight:ScourgeStrike+1"],"picked":"DeathKnight:AntiMagicShell","floor":41.0},{"not_picked":["TH:CopperCoins"],"picked":"TH:CursedSword","floor":43.0},{"not_picked":["TH:Mimic"],"picked":"TH:CursedSword","floor":45},{"not_picked":["DeathKnight:BludPresence","DeathKnight:Outbreak"],"picked":"DeathKnight:UnholyPresence+1","floor":45},{"not_picked":["TH:DeckOfManyThings"],"picked":"TH:ElvenBoots","floor":47},{"not_picked":["DeathKnight:RuneShock+1","DeathKnight:BoneShield"],"picked":"DeathKnight:Pestilence+1","floor":47},{"not_picked":["DeathKnight:UnholyPresence","DeathKnight:Ossuary+1"],"picked":"DeathKnight:HowlingBlast+1","floor":48}],"player_experience":1855768,"relics_obtained":[{"floor":9.0,"key":"Kunai"},{"floor":13.0,"key":"Ornamental Fan"},{"floor":21.0,"key":"Meat on the Bone"},{"floor":26.0,"key":"Ice Cream"},{"floor":27.0,"key":"Pear"},{"floor":41.0,"key":"Mango"},{"floor":43.0,"key":"Bronze Scales"},{"floor":45,"key":"Pantograph"},{"floor":47,"key":"Peace Pipe"}],"event_choices":[{"damage_healed":0.0,"max_hp_gain":5.0,"max_hp_loss":0.0,"gold_gain":0.0,"event_name":"Big Fish","player_choice":"Donut","floor":2.0,"gold_loss":0.0,"damage_taken":0.0},{"damage_healed":0.0,"max_hp_gain":0.0,"max_hp_loss":0.0,"gold_gain":75.0,"event_name":"World of Goop","player_choice":"Gather Gold","floor":3.0,"gold_loss":0.0,"damage_taken":11.0},{"damage_healed":0.0,"max_hp_gain":0.0,"max_hp_loss":0.0,"gold_gain":0.0,"event_name":"Golden Idol","player_choice":"Take Damage","floor":4.0,"gold_loss":0.0,"damage_taken":20.0,"relics_obtained":["Golden Idol"]},{"damage_healed":0.0,"max_hp_gain":0.0,"max_hp_loss":0.0,"gold_gain":0.0,"event_name":"Accursed Blacksmith","player_choice":"Rummage","floor":22.0,"gold_loss":0.0,"damage_taken":0.0,"relics_obtained":["WarpedTongs"],"cards_obtained":["Pain"]},{"damage_healed":0.0,"max_hp_gain":0.0,"max_hp_loss":0.0,"gold_gain":0.0,"event_name":"Transmorgrifier","player_choice":"Ignored","floor":30.0,"gold_loss":0.0,"damage_taken":0.0},{"cards_removed":["DeathKnight:Defend_DeathKnight"],"damage_healed":0.0,"max_hp_gain":0.0,"max_hp_loss":0.0,"gold_gain":0.0,"event_name":"Falling","player_choice":"Removed Skill","floor":39.0,"gold_loss":0.0,"damage_taken":0.0},{"damage_healed":0.0,"max_hp_gain":0.0,"max_hp_loss":0.0,"gold_gain":0.0,"event_name":"Tomb of Lord Red Mask","player_choice":"Paid","floor":44.0,"gold_loss":140.0,"damage_taken":0.0,"relics_obtained":["Red Mask"]},{"damage_healed":0,"gold_gain":0,"player_choice":"Embrace Madness","damage_taken":14,"max_hp_gain":0,"max_hp_loss":0,"event_name":"Winding Halls","floor":46,"gold_loss":0,"cards_obtained":["Madness","Madness"]}],"is_beta":false,"boss_relics":[{"not_picked":["SacredBark","Tiny House"],"picked":"Coffee Dripper"},{"not_picked":["DeathKnight:ScourgeInsignia","Astrolabe"],"picked":"Cursed Key"}],"items_purged_floors":[25],"is_endless":false,"potions_floor_spawned":[7,16,27,29,31,33,47,48],"killed_by":"Awakened One","ascension_level":6}}