{"host":"n9qtmgye2hz5t4ok","time":1609039606,"event":{"mods":["BaseMod","Downfall","Hermit","Marisa????????","Minty Spire (QoL Compilation)","StSLib","The Bug Knight","The Cursed","The Servant 0.9.4"],"gold_per_floor":[69000,67915,67933,67933,66778,66804,66804,66817,66817,66829,66856,66874,66874,66886,66886,66987,66987,67003,66143,66158,65065,65080,65080,65096,65096,65173,65187,65199,65199,65213,65225,65225,65326,65326,65337,0,6900,6913,5823,5823,5833,5853,5853,5865,5887,5899,5936,5164,5164,5164],"floor_reached":51,"playtime":6989,"items_purged":["Defend_MRS","Strike_MRS","Parasite","Defend_MRS","Defend_MRS","Defend_MRS"],"score":793,"play_id":"134fe30e-ec27-440d-84bf-cdbeee1b6baf","local_time":"20201227042646","is_ascension_mode":false,"campfire_choices":[{"data":"PropBag","floor":7,"key":"SMITH"},{"data":"Secret Weapon","floor":13,"key":"SMITH"},{"data":"OrrerysSun","floor":15,"key":"SMITH"},{"data":"expansioncontent:Chronoboost","floor":23,"key":"SMITH"},{"data":"Secret Weapon","floor":25,"key":"SMITH"},{"data":"DragonMeteor","floor":32,"key":"SMITH"},{"data":"MilkyWay","floor":40,"key":"SMITH"},{"data":"MilkyWay","floor":44,"key":"SMITH"},{"data":"Singularity","floor":46,"key":"SMITH"},{"data":"MillisecondPulsars","floor":49,"key":"SMITH"}],"circlet_count":0,"master_deck":["Strike_MRS","Strike_MRS","Strike_MRS","MasterSpark","UpSweep","NonDirectionalLaser","Singularity","Secret Weapon+1","MagicChant+1","LuminesStrike","EarthLightRay+1","Sadistic Nature","Singularity+1","IllusionStar","expansioncontent:SuperHexaguard","DragonMeteor+1","DoubleSpark","PropBag+1","DarkMatter","Parasite","PowerUp","OrrerysSun+1","MilkyWay+1","MaximisePower","MysteriousBeam","EnergyFlow","MilkyWay+1","DoubleSpark","GravityBeat","Secret Weapon+1","IllusionStar","expansioncontent:Chronoboost+1","DoubleSpark","TheCursedMod:SurpriseAttack+1","PropBag+1","Clumsy","Caltrops+1","GrandCross","Magnetism","Pommel Strike+1","Apotheosis+1","SatelliteIllusion+1","PulseMagic+1","GrandCross+1","Apotheosis+1","MillisecondPulsars+1"],"relics":["MiniHakkero","White Beast Statue","Medical Kit","War Paint","Ancient Tea Set","Dream Catcher","HandDrill","BreadOfAWashokuLover","ShroomBag","Bag of Marbles","Philosopher\u0027s Stone","CaptainsWheel","Orichalcum","Sling","HollowMod:StagPassRelic","Pen Nib","PrismaticShard","Mummified Hand","Coffee Dripper","Red Mask","Unceasing Top","InkBottle","Strange Spoon","Bronze Scales","MawBank","Toy Ornithopter","Happy Flower","PreservedInsect","DollysMirror"],"acts_visited":["Exordium","TheCity","TheBeyond"],"potions_floor_usage":[16,16,50],"damage_taken":[{"damage":0,"enemies":"2 Louse","floor":1,"turns":2},{"damage":1,"enemies":"Cultist","floor":3,"turns":3},{"damage":14,"enemies":"Gremlin Nob","floor":6,"turns":3},{"damage":0,"enemies":"Small Slimes","floor":8,"turns":1},{"damage":12,"enemies":"Blue Slaver","floor":10,"turns":3},{"damage":26,"enemies":"Lagavulin","floor":11,"turns":4},{"damage":0,"enemies":"Large Slime","floor":12,"turns":2},{"damage":0,"enemies":"Looter","floor":14,"turns":1},{"damage":35,"enemies":"The Guardian","floor":16,"turns":6},{"damage":1,"enemies":"Spheric Guardian","floor":18,"turns":3},{"damage":5,"enemies":"2 Thieves","floor":20,"turns":3},{"damage":20,"enemies":"Shelled Parasite and Fungi","floor":22,"turns":4},{"damage":8,"enemies":"Cultist and Chosen","floor":24,"turns":3},{"damage":0,"enemies":"Centurion and Healer","floor":27,"turns":2},{"damage":19,"enemies":"Snake Plant","floor":28,"turns":2},{"damage":7,"enemies":"Cultist and Chosen","floor":30,"turns":3},{"damage":0,"enemies":"Snecko","floor":31,"turns":2},{"damage":55,"enemies":"Champ","floor":33,"turns":7},{"damage":3,"enemies":"3 Darklings","floor":35,"turns":2},{"damage":17,"enemies":"2 Orb Walkers","floor":37,"turns":3},{"damage":6,"enemies":"Orb Walker","floor":38,"turns":2},{"damage":23,"enemies":"Sphere and 2 Shapes","floor":41,"turns":3},{"damage":13,"enemies":"3 Darklings","floor":42,"turns":2},{"damage":0,"enemies":"Jaw Worm Horde","floor":45,"turns":2},{"damage":0,"enemies":"Reptomancer","floor":47,"turns":3},{"damage":4,"enemies":"Awakened One","floor":50,"turns":4}],"seed_played":"-3893120138286295420","potions_obtained":[{"floor":3,"key":"DistilledChaos"},{"floor":6,"key":"hexamod:EctoCoolerPotion"},{"floor":11,"key":"Regen Potion"},{"floor":16,"key":"Weak Potion"},{"floor":18,"key":"Block Potion"},{"floor":24,"key":"BottledSpark"},{"floor":27,"key":"BottledSpark"},{"floor":47,"key":"PowerPotion"}],"is_trial":false,"path_per_floor":["M","$","M","?","$","E","R","M","T","M","E","M","R","M","R","B",null,"M","$","M","$","M","R","M","R","T","M","M","?","M","M","R","B",null,"M","?","?","M","$","R","M","M","T","R","M","R","E","$","R","B",null],"character_chosen":"MARISA","items_purchased":["White Beast Statue","Medical Kit","Dexterity Potion","Singularity","Secret Weapon","MagicChant","LuminesStrike","EarthLightRay","War Paint","Ancient Tea Set","Dream Catcher","HandDrill","Sadistic Nature","Singularity","IllusionStar","expansioncontent:SuperHexaguard","DragonMeteor","DoubleSpark","FairyPotion","CaptainsWheel","Orichalcum","Sling","EnergyFlow","MilkyWay","DoubleSpark","HollowMod:StagPassRelic","Pen Nib","PrismaticShard","Explosive Potion","Secret Weapon","IllusionStar","expansioncontent:Chronoboost","DoubleSpark","InkBottle","Strange Spoon","Bronze Scales","Apotheosis","SatelliteIllusion","PulseMagic","Happy Flower","PreservedInsect","DollysMirror","MillisecondPulsars"],"campfire_rested":0,"item_purchase_floors":[2,2,2,2,2,2,2,2,2,5,5,5,5,5,5,5,5,5,5,19,19,19,19,19,19,21,21,21,21,21,21,21,21,39,39,39,39,39,39,48,48,48,48],"current_hp_per_floor":[82,82,81,86,86,78,78,84,84,75,61,64,64,70,70,61,87,86,84,82,82,71,71,66,66,66,66,53,53,49,52,52,19,97,94,94,83,77,77,77,62,49,49,49,55,55,61,61,61,68],"gold":5164,"neow_bonus":"TEN_PERCENT_HP_BONUS","is_daily":false,"chose_seed":false,"campfire_upgraded":10,"win_rate":0.0,"timestamp":1609039606,"path_taken":["M","$","M","?","$","E","R","?","T","M","E","M","R","M","R","BOSS","M","$","M","$","M","R","M","R","T","M","M","?","?","M","R","BOSS","M","?","?","M","$","R","M","M","T","R","M","R","E","?","R","BOSS"],"items_purchased_type":["Relic","Relic","Potion","Card","Card","Card","Card","Card","Relic","Relic","Relic","Relic","Card","Card","Card","Card","Card","Card","Potion","Relic","Relic","Relic","Card","Card","Card","Relic","Relic","Relic","Potion","Card","Card","Card","Card","Relic","Relic","Relic","Card","Card","Card","Relic","Relic","Relic","Card"],"build_version":"2020-12-22","purchased_purges":6,"victory":true,"max_hp_per_floor":[82,82,82,87,87,87,87,87,87,87,87,87,87,87,87,87,87,87,84,84,84,84,84,84,84,84,84,84,84,84,84,84,97,97,97,97,97,97,97,97,97,97,97,97,97,97,97,97,97,97],"card_choices":[{"not_picked":["WitchOfGreed","RefractionSpark"],"picked":"NonDirectionalLaser","floor":1},{"not_picked":["NonDirectionalLaser","WitchLeyline","StarlightTyphoon"],"picked":"SKIP","floor":3},{"not_picked":["GasGiant","IllusionStar"],"picked":"PropBag","floor":6},{"not_picked":["ChargeUpSpray","Occultation"],"picked":"DarkMatter","floor":8},{"not_picked":["SporeBomb","IllusionStar"],"picked":"PowerUp","floor":10},{"not_picked":["6A","MagicAbsorber","MeteoricShower"],"picked":"SKIP","floor":11},{"not_picked":["EventHorizon","DarkMatter"],"picked":"OrrerysSun","floor":12},{"not_picked":["ShootingEcho","StarlightTyphoon"],"picked":"MilkyWay","floor":14},{"not_picked":["TreasureHunter","AbsoluteMagnitude"],"picked":"MaximisePower","floor":16},{"not_picked":["DoubleSpark","ChargeUpSpray"],"picked":"MysteriousBeam","floor":18},{"not_picked":["EnergyRecoil","PropBag"],"picked":"GravityBeat","floor":20},{"not_picked":["IllusionStar+1","TheCursedMod:TacticalStrike"],"picked":"TheCursedMod:SurpriseAttack+1","floor":22},{"not_picked":["Guardian:ShieldCharger","Guardian:TemporalStrike","Biased Cognition"],"picked":"SKIP","floor":24},{"not_picked":["Redo","Guardian:CrystalBeam+1","Slimebound:ComboTackle"],"picked":"SKIP","floor":27},{"not_picked":["TheCursedMod:ManaBullet","hexamod:GhostShield"],"picked":"PropBag+1","floor":28},{"not_picked":["champ:BringItOn","hermit:BodyArmor"],"picked":"Caltrops+1","floor":30},{"not_picked":["Body Slam","Steam+1"],"picked":"GrandCross","floor":31},{"not_picked":["PendulumOfEternity","hermit:HighNoon"],"picked":"Magnetism","floor":33},{"not_picked":["hermit:Grudge+1","hexamod:PhantomFireball+1","Compile Driver+1"],"picked":"SKIP","floor":35},{"not_picked":["sneckomod:DiceCrush","sneckomod:UnknownClassRED+1"],"picked":"Pommel Strike+1","floor":37},{"not_picked":["hexamod:PhantomFireball","sneckomod:QuickMove","sneckomod:UnknownVulnerable+1"],"picked":"SKIP","floor":38},{"not_picked":["hexamod:RainOfEmbers","hexamod:SpectersWail","Power Through"],"picked":"SKIP","floor":41},{"not_picked":["HollowMod:SoulSplash+1","Distraction+1","Guardian:GuardianWhirl"],"picked":"SKIP","floor":42},{"not_picked":["TheCursedMod:CircleOfWindfury","Fire Breathing"],"picked":"GrandCross+1","floor":45},{"not_picked":["Scrape+1","hermit:Cheat+1","Poisoned Stab"],"picked":"SKIP","floor":47}],"player_experience":25607,"relics_obtained":[{"floor":6,"key":"BreadOfAWashokuLover"},{"floor":9,"key":"ShroomBag"},{"floor":11,"key":"Bag of Marbles"},{"floor":26,"key":"Mummified Hand"},{"floor":37,"key":"Unceasing Top"},{"floor":43,"key":"MawBank"},{"floor":47,"key":"Toy Ornithopter"}],"event_choices":[{"damage_healed":0,"gold_gain":0,"player_choice":"Donut","damage_taken":0,"max_hp_gain":5,"max_hp_loss":0,"event_name":"Big Fish","floor":4,"gold_loss":0},{"damage_healed":0,"gold_gain":0,"player_choice":"1 cards matched","damage_taken":0,"max_hp_gain":0,"max_hp_loss":0,"event_name":"Match and Keep!","floor":29,"gold_loss":0,"cards_obtained":["Clumsy"]},{"damage_healed":0,"gold_gain":0,"player_choice":"Paid","damage_taken":0,"relics_obtained":["Red Mask"],"max_hp_gain":0,"max_hp_loss":0,"event_name":"Tomb of Lord Red Mask","floor":36,"gold_loss":65337},{"damage_healed":0,"gold_gain":0,"player_choice":"Fight","damage_taken":0,"max_hp_gain":0,"max_hp_loss":0,"event_name":"Mysterious Sphere","floor":37,"gold_loss":0}],"is_beta":false,"boss_relics":[{"not_picked":["Fusion Hammer","Astrolabe"],"picked":"Philosopher\u0027s Stone"},{"not_picked":["Runic Pyramid","Calling Bell"],"picked":"Coffee Dripper"}],"items_purged_floors":[2,5,19,21,39,48],"is_endless":false,"potions_floor_spawned":[3,6,8,10,11,12,14,16,18,20,22,24,27,28,30,31,33,35,37,38,41,42,45,47],"ascension_level":0}}