{"host":"gl7gfqdgzaxu5sie","time":1609070646,"event":{"mods":["AchievementEnabler","BaseMod","Colored Map","DeckTracker","Minty Spire (QoL Compilation)"],"gold_per_floor":[211,227,245,260,272,300,300,300,300,319,319,319,348,365,365,463,463,480,480,480,497,497,497,497,497],"floor_reached":24,"playtime":1116,"items_purged":[],"score":312,"play_id":"2c3fd530-e8d9-4be9-a531-4127add03707","local_time":"20201227210406","is_ascension_mode":true,"campfire_choices":[{"floor":7,"key":"REST"},{"floor":12,"key":"REST"},{"data":"Seeing Red","floor":15,"key":"SMITH"},{"floor":23,"key":"RECALL"}],"circlet_count":0,"master_deck":["AscendersBane","Strike_R","Strike_R","Strike_R","Defend_R","Defend_R","Defend_R","Defend_R","Bash","Sword Boomerang","Wild Strike","Evolve+1","Flame Barrier+1","Seeing Red+1","Clothesline","Reckless Charge","Barricade","CurseOfTheBell","Carnage","Clash","Necronomicurse"],"relics":["Burning Blood","Pocketwatch","Bottled Tornado","Calling Bell","Juzu Bracelet","Singing Bowl","Thread and Needle","Necronomicon"],"acts_visited":["TheCity"],"potions_floor_usage":[5,6,8,16,16,24],"damage_taken":[{"damage":3,"enemies":"Small Slimes","floor":1,"turns":4},{"damage":4,"enemies":"Jaw Worm","floor":2,"turns":4},{"damage":6,"enemies":"2 Louse","floor":3,"turns":2},{"damage":16,"enemies":"Looter","floor":4,"turns":4},{"damage":18,"enemies":"Gremlin Gang","floor":5,"turns":3},{"damage":69,"enemies":"Gremlin Nob","floor":6,"turns":6},{"damage":0,"enemies":"The Mushroom Lair","floor":8,"turns":1},{"damage":6,"enemies":"Exordium Thugs","floor":10,"turns":4},{"damage":15,"enemies":"Lagavulin","floor":13,"turns":7},{"damage":8,"enemies":"3 Louse","floor":14,"turns":3},{"damage":57,"enemies":"Slime Boss","floor":16,"turns":13},{"damage":9,"enemies":"3 Byrds","floor":18,"turns":5},{"damage":3,"enemies":"Chosen","floor":21,"turns":4},{"damage":51,"enemies":"Slavers","floor":24,"turns":4}],"seed_played":"6191318076791347706","potions_obtained":[{"floor":2,"key":"SmokeBomb"},{"floor":4,"key":"Fire Potion"},{"floor":5,"key":"BloodPotion"},{"floor":6,"key":"PowerPotion"},{"floor":10,"key":"FairyPotion"},{"floor":13,"key":"SteroidPotion"},{"floor":18,"key":"ColorlessPotion"},{"floor":21,"key":"Energy Potion"}],"is_trial":false,"path_per_floor":["M","M","M","M","M","E","R","?","T","M","?","R","E","M","R","B",null,"M","?","$","M","?","R","E"],"character_chosen":"IRONCLAD","items_purchased":[],"campfire_rested":2,"item_purchase_floors":[],"current_hp_per_floor":[75,77,77,67,55,8,32,38,38,38,22,46,37,35,35,10,63,62,62,62,67,51,51,0,0],"gold":497,"neow_bonus":"HUNDRED_GOLD","is_daily":false,"chose_seed":false,"campfire_upgraded":1,"win_rate":0.0,"timestamp":1609070646,"path_taken":["M","M","M","M","M","E","R","?","T","M","?","R","E","M","R","BOSS","M","?","$","M","?","R","E"],"items_purchased_type":[],"build_version":"2020-12-22","purchased_purges":0,"victory":false,"max_hp_per_floor":[80,80,80,80,80,80,80,80,80,80,80,80,80,80,80,80,80,82,82,82,84,84,84,84,84],"card_choices":[{"not_picked":["Iron Wave","Seeing Red"],"picked":"Sword Boomerang","floor":1},{"not_picked":["Warcry","Sever Soul"],"picked":"Wild Strike","floor":2},{"not_picked":["Metallicize","Pommel Strike"],"picked":"Evolve","floor":3},{"not_picked":["Fire Breathing","Uppercut"],"picked":"Flame Barrier","floor":4},{"not_picked":["Cleave","Warcry","Hemokinesis"],"picked":"SKIP","floor":5},{"not_picked":["Anger","Pummel"],"picked":"Seeing Red","floor":6},{"not_picked":["Sword Boomerang","Anger"],"picked":"Clothesline","floor":10},{"not_picked":["Disarm","Clash"],"picked":"Reckless Charge","floor":13},{"not_picked":["Sentinel","Iron Wave","Combust"],"picked":"SKIP","floor":14},{"not_picked":["Corruption","Fiend Fire"],"picked":"Barricade","floor":16},{"not_picked":["Pommel Strike+1","Sword Boomerang","Warcry"],"picked":"Singing Bowl","floor":18},{"not_picked":["Dark Embrace","Flex","Intimidate"],"picked":"Singing Bowl","floor":21}],"player_experience":555736,"relics_obtained":[{"floor":6,"key":"Pocketwatch"},{"floor":13,"key":"Bottled Tornado"},{"floor":17,"key":"Juzu Bracelet"},{"floor":17,"key":"Singing Bowl"},{"floor":17,"key":"Thread and Needle"},{"floor":22,"key":"Necronomicon"}],"event_choices":[{"damage_healed":0,"gold_gain":0,"player_choice":"Fought Mushrooms","damage_taken":0,"max_hp_gain":0,"max_hp_loss":0,"event_name":"Mushrooms","floor":8,"gold_loss":0},{"damage_healed":0,"gold_gain":0,"player_choice":"Entered Light","damage_taken":16,"max_hp_gain":0,"max_hp_loss":0,"event_name":"Shining Light","floor":11,"gold_loss":0,"cards_upgraded":["Flame Barrier","Evolve"]},{"damage_healed":0,"gold_gain":0,"cards_transformed":["Strike_R","Strike_R"],"player_choice":"Became Test Subject","damage_taken":0,"max_hp_gain":0,"max_hp_loss":0,"event_name":"Drug Dealer","floor":19,"gold_loss":0,"cards_obtained":["Carnage","Clash"]},{"damage_healed":0,"gold_gain":0,"player_choice":"Obtained Book","damage_taken":16,"max_hp_gain":0,"max_hp_loss":0,"event_name":"Cursed Tome","floor":22,"gold_loss":0}],"is_beta":false,"boss_relics":[{"not_picked":["Coffee Dripper","SlaversCollar"],"picked":"Calling Bell"}],"items_purged_floors":[],"is_endless":false,"potions_floor_spawned":[2,4,5,6,10,13,18,21],"killed_by":"Slavers","ascension_level":10}}