{"host":"stk82ot58bnorhun","time":1609084118,"event":{"mods":["BaseMod","Downfall","Minty Spire (QoL Compilation)","StSLib"],"gold_per_floor":[161,161,161,178,189,218,218,247,272,291,291,309,17,41,41,41,41],"floor_reached":16,"playtime":549,"items_purged":["Strike_R"],"score":132,"play_id":"6b378b58-3499-4162-8d6d-2562c36822c8","local_time":"20201227234838","is_ascension_mode":true,"campfire_choices":[{"data":"Barricade","floor":11,"key":"SMITH"},{"floor":15,"key":"REST"}],"circlet_count":0,"master_deck":["Strike_R","Strike_R","Strike_R","Defend_R","Defend_R+1","Defend_R","Defend_R","Bash","Uppercut","Evolve","Pommel Strike","Shrug It Off","Infernal Blade","Barricade+1","True Grit","Armaments"],"relics":["Tiny House","Blood Vial","Centennial Puzzle","Charon\u0027s Ashes","PreservedInsect","Membership Card","Boot","Odd Mushroom"],"acts_visited":["Exordium"],"potions_floor_usage":[8,8,14],"damage_taken":[{"damage":0.0,"enemies":"Small Slimes","floor":1.0,"turns":3.0},{"damage":0.0,"enemies":"2 Louse","floor":4.0,"turns":2.0},{"damage":7.0,"enemies":"Jaw Worm","floor":5.0,"turns":3.0},{"damage":28.0,"enemies":"Gremlin Nob","floor":6.0,"turns":4.0},{"damage":10,"enemies":"Lagavulin","floor":8,"turns":6},{"damage":11,"enemies":"Looter","floor":10,"turns":3},{"damage":5,"enemies":"3 Louse","floor":12,"turns":4},{"damage":17,"enemies":"The Mushroom Lair","floor":14,"turns":4},{"damage":36,"enemies":"Slime Boss","floor":16,"turns":7}],"seed_played":"-3729462181264400434","potions_obtained":[{"floor":0.0,"key":"ColorlessPotion"},{"floor":1.0,"key":"ColorlessPotion"},{"floor":4.0,"key":"DuplicationPotion"},{"floor":10,"key":"Strength Potion"}],"is_trial":false,"path_per_floor":["M","?","?","M","M","E","?","E","T","M","R","M","$","?","R","B"],"character_chosen":"IRONCLAD","items_purchased":["Membership Card","Boot","True Grit"],"campfire_rested":1,"item_purchase_floors":[13,13,13],"current_hp_per_floor":[85,73,73,75,70,44,37,29,29,20,20,17,17,2,27,0,0],"gold":41,"neow_bonus":"BOSS_RELIC","is_daily":false,"chose_seed":false,"campfire_upgraded":1,"win_rate":0.0,"timestamp":1609084118,"path_taken":["M","?","?","M","M","E","?","E","T","M","R","M","?","?","R","BOSS"],"items_purchased_type":["Relic","Relic","Card"],"build_version":"2020-12-22","purchased_purges":1,"victory":false,"max_hp_per_floor":[85,85,85,85,85,85,85,85,85,85,85,85,85,85,85,85,85],"card_choices":[{"not_picked":["Blood for Blood","Warcry"],"picked":"Uppercut","floor":0.0},{"not_picked":["Blood for Blood","Wild Strike"],"picked":"Evolve","floor":1.0},{"not_picked":["Heavy Blade","Sword Boomerang"],"picked":"Pommel Strike","floor":4.0},{"not_picked":["Clash","Cleave"],"picked":"Shrug It Off","floor":5.0},{"not_picked":["Clash","Pummel","Whirlwind"],"picked":"SKIP","floor":6.0},{"not_picked":["Cleave","Flame Barrier"],"picked":"Infernal Blade","floor":8},{"not_picked":["Combust","Cleave"],"picked":"Barricade","floor":10},{"not_picked":["Iron Wave","Reckless Charge","Twin Strike"],"picked":"SKIP","floor":12},{"not_picked":["Searing Blow","Clash"],"picked":"Armaments","floor":14}],"player_experience":45880,"relics_obtained":[{"floor":6.0,"key":"Centennial Puzzle"},{"floor":8,"key":"Charon\u0027s Ashes"},{"floor":9,"key":"PreservedInsect"},{"floor":14,"key":"Odd Mushroom"}],"event_choices":[{"damage_healed":0.0,"max_hp_gain":0.0,"max_hp_loss":0.0,"gold_gain":0.0,"event_name":"Scrap Ooze","player_choice":"Success","floor":2.0,"gold_loss":0.0,"damage_taken":12.0,"relics_obtained":["Blood Vial"]},{"damage_healed":0.0,"max_hp_gain":0.0,"max_hp_loss":0.0,"gold_gain":0.0,"event_name":"Liars Game","player_choice":"Ignored","floor":3.0,"gold_loss":0.0,"damage_taken":0.0},{"cards_removed":["Strike_R"],"damage_healed":0.0,"max_hp_gain":0.0,"max_hp_loss":0.0,"gold_gain":0.0,"event_name":"Golden Wing","player_choice":"Card Removal","floor":7.0,"gold_loss":0.0,"damage_taken":7.0},{"damage_healed":0,"gold_gain":0,"player_choice":"Fought Mushrooms","damage_taken":0,"max_hp_gain":0,"max_hp_loss":0,"event_name":"Mushrooms","floor":14,"gold_loss":0}],"is_beta":false,"boss_relics":[],"items_purged_floors":[13],"is_endless":false,"potions_floor_spawned":[1,4,5,10],"killed_by":"Slime Boss","ascension_level":4}}