{"host":"31s8hzukbhz1k6i6","time":1609106868,"event":{"mods":["BaseMod","Colored Map","Minty Spire (QoL Compilation)","Relic Stats","UnlockEverythingMod"],"gold_per_floor":[114,128,128,128,139,139,168,168,215,233,233,265,283,293,293,392,392,405,419,419,107,119,146,46,46,46,57,57,67,67,67],"floor_reached":30,"playtime":1301,"items_purged":["All Out Attack","Masterful Stab"],"score":359,"play_id":"55c68a77-7cf6-4f02-8ecd-eee2f5fdfc64","local_time":"20201227140748","is_ascension_mode":true,"campfire_choices":[{"data":"Burst","floor":6.0,"key":"SMITH"},{"data":"Crippling Poison","floor":8.0,"key":"SMITH"},{"data":"Neutralize","floor":11.0,"key":"SMITH"},{"data":"Bouncing Flask","floor":15.0,"key":"SMITH"},{"data":"Well Laid Plans","floor":25,"key":"SMITH"}],"circlet_count":0,"master_deck":["Survivor","Neutralize+1","Flying Knee","Bouncing Flask+1","Burst+1","Crippling Poison+1","Backflip","Bouncing Flask+1","Backflip","Bouncing Flask","Crippling Poison","Deadly Poison","Venomology","Expertise","Quick Slash","Prepared","Backflip","Well Laid Plans+1","Master of Strategy","Venomology","Bane+1","PiercingWail","Catalyst+1"],"relics":["Ring of the Snake","Lantern","Happy Flower","Oddly Smooth Stone","Nunchaku","Pandora\u0027s Box","StoneCalendar","Mummified Hand","FossilizedHelix"],"acts_visited":["Exordium","TheCity"],"potions_floor_usage":[27,30,30],"damage_taken":[{"damage":0.0,"enemies":"Cultist","floor":1.0,"turns":4.0},{"damage":1.0,"enemies":"Small Slimes","floor":2.0,"turns":4.0},{"damage":4.0,"enemies":"Jaw Worm","floor":5.0,"turns":2.0},{"damage":14.0,"enemies":"Gremlin Nob","floor":7.0,"turns":4.0},{"damage":0.0,"enemies":"Exordium Thugs","floor":10.0,"turns":4.0},{"damage":0.0,"enemies":"Lagavulin","floor":12.0,"turns":4.0},{"damage":4.0,"enemies":"Lots of Slimes","floor":13.0,"turns":2.0},{"damage":0.0,"enemies":"Large Slime","floor":14.0,"turns":3.0},{"damage":27.0,"enemies":"Slime Boss","floor":16.0,"turns":9.0},{"damage":0.0,"enemies":"Spheric Guardian","floor":18.0,"turns":2.0},{"damage":12.0,"enemies":"Shell Parasite","floor":19.0,"turns":5.0},{"damage":6.0,"enemies":"Centurion and Healer","floor":22.0,"turns":5.0},{"damage":28.0,"enemies":"Gremlin Leader","floor":23.0,"turns":6.0},{"damage":14,"enemies":"Snecko","floor":27,"turns":4},{"damage":0,"enemies":"Cultist and Chosen","floor":29,"turns":4},{"damage":24,"enemies":"Slavers","floor":30,"turns":2}],"seed_played":"-9028875270444882591","potions_obtained":[{"floor":5.0,"key":"CunningPotion"},{"floor":7.0,"key":"Regen Potion"},{"floor":10.0,"key":"CultistPotion"},{"floor":12.0,"key":"Ancient Potion"},{"floor":19.0,"key":"ColorlessPotion"},{"floor":23.0,"key":"Block Potion"},{"floor":27,"key":"CunningPotion"}],"is_trial":false,"path_per_floor":["M","M","?","?","M","R","E","R","T","M","R","E","M","M","R","B",null,"M","M","?","$","M","E","$","R","T","M","?","M","E"],"character_chosen":"THE_SILENT","items_purchased":["Well Laid Plans","Master of Strategy"],"campfire_rested":0,"item_purchase_floors":[21,21],"current_hp_per_floor":[70,69,55,60,56,56,42,42,42,42,42,42,38,38,38,26,63,63,66,66,66,60,32,32,32,32,18,18,18,0,0],"gold":67,"neow_bonus":"RANDOM_COMMON_RELIC","is_daily":false,"chose_seed":false,"campfire_upgraded":5,"win_rate":0.0,"timestamp":1609106868,"path_taken":["M","?","?","?","M","R","E","R","T","M","R","E","M","M","R","BOSS","M","M","?","$","?","E","$","R","T","M","?","M","E"],"items_purchased_type":["Card","Card"],"build_version":"2020-12-22","purchased_purges":2,"victory":false,"max_hp_per_floor":[70,70,70,75,75,75,75,75,75,75,75,75,75,75,75,75,75,75,75,75,75,75,75,75,75,75,75,75,75,75,75],"relic_stats":{"Nunchaku":[3],"Happy Flower":[16],"counters":[16,64],"Mummified Hand":[3],"Pandora\u0027s Box":["Bouncing Flask","Crippling Poison","Deadly Poison","All Out Attack","Venomology","Expertise","Quick Slash","Dagger Spray","Prepared","Masterful Stab"],"StoneCalendar":[0],"obtain_stats":[{"Lantern":0,"Nunchaku":12,"Happy Flower":7,"Mummified Hand":26,"Oddly Smooth Stone":9,"Pandora\u0027s Box":17,"StoneCalendar":23,"FossilizedHelix":28,"Ring of the Snake":0},{"Lantern":0,"Nunchaku":6,"Happy Flower":4,"Mummified Hand":13,"Oddly Smooth Stone":4,"Pandora\u0027s Box":9,"StoneCalendar":13,"FossilizedHelix":14,"Ring of the Snake":0},{"Lantern":0,"Nunchaku":22,"Happy Flower":14,"Mummified Hand":54,"Oddly Smooth Stone":14,"Pandora\u0027s Box":36,"StoneCalendar":54,"FossilizedHelix":58,"Ring of the Snake":0}],"Ring of the Snake":[32]},"card_choices":[{"not_picked":["Bane","Underhanded Strike"],"picked":"Flying Knee","floor":1.0},{"not_picked":["Dagger Spray","Prepared"],"picked":"Bouncing Flask","floor":2.0},{"not_picked":["Outmaneuver","Flying Knee"],"picked":"Burst","floor":5.0},{"not_picked":["Sucker Punch","Footwork"],"picked":"Crippling Poison","floor":7.0},{"not_picked":["Noxious Fumes","Slice"],"picked":"Backflip","floor":10.0},{"not_picked":["Deadly Poison","Skewer"],"picked":"Bouncing Flask","floor":12.0},{"not_picked":["Eviscerate","Dagger Spray","Heel Hook"],"picked":"SKIP","floor":13.0},{"not_picked":["Dodge and Roll","All Out Attack"],"picked":"Backflip","floor":14.0},{"not_picked":["Outmaneuver","Slice"],"picked":"Backflip","floor":18.0},{"not_picked":["Infinite Blades","Sucker Punch","Poisoned Stab"],"picked":"SKIP","floor":19.0},{"not_picked":["Poisoned Stab","Dodge and Roll"],"picked":"Venomology","floor":22.0},{"not_picked":["Slice","Flying Knee"],"picked":"Bane+1","floor":23.0},{"not_picked":["Quick Slash","Reflex"],"picked":"PiercingWail","floor":27},{"not_picked":["Underhanded Strike","Footwork"],"picked":"Catalyst+1","floor":29}],"player_experience":39220,"relics_obtained":[{"floor":7.0,"key":"Happy Flower"},{"floor":9.0,"key":"Oddly Smooth Stone"},{"floor":12.0,"key":"Nunchaku"},{"floor":23.0,"key":"StoneCalendar"},{"floor":26,"key":"Mummified Hand"}],"event_choices":[{"damage_healed":0.0,"max_hp_gain":0.0,"max_hp_loss":0.0,"gold_gain":0.0,"event_name":"Shining Light","player_choice":"Entered Light","floor":3.0,"gold_loss":0.0,"damage_taken":14.0,"cards_upgraded":["Bouncing Flask","Strike_G"]},{"damage_healed":0.0,"max_hp_gain":5.0,"max_hp_loss":0.0,"gold_gain":0.0,"event_name":"Big Fish","player_choice":"Donut","floor":4.0,"gold_loss":0.0,"damage_taken":0.0},{"cards_removed":["Dagger Spray"],"damage_healed":0.0,"max_hp_gain":0.0,"max_hp_loss":0.0,"gold_gain":0.0,"event_name":"Purifier","player_choice":"Purged","floor":20.0,"gold_loss":0.0,"damage_taken":0.0},{"damage_healed":0,"gold_gain":0,"player_choice":"Gave Potion","damage_taken":0,"relics_obtained":["FossilizedHelix"],"max_hp_gain":0,"max_hp_loss":0,"event_name":"WeMeetAgain","floor":28,"gold_loss":0}],"is_beta":false,"boss_relics":[{"not_picked":["Snecko Eye","Ectoplasm"],"picked":"Pandora\u0027s Box"}],"items_purged_floors":[21,24],"is_endless":false,"potions_floor_spawned":[5,7,10,12,14,19,23,27],"killed_by":"Slavers","ascension_level":5}}