{"host":"rmxeoilydwnfa1ap","time":1609059938,"event":{"mods":["2.2 Compatiblity","Arknights The Spire","BaseMod","Better Third Choice","BetterRewards","Decade(王小明)","Defuse TimeMaze Blight","HololiveMod","Hubris","Humility","KinomotoSakuraMod(木之本樱)","Minty Spire (QoL Compilation)","Prisma Mod","Rare Cards Sparkle","Remove Card Discount Mod","Shop Mod","Spicy Shops","StSLib"],"gold_per_floor":[118,293,103,103,103,103,120,120,143,106,106,122,122,122,122,227,227,243,74,74,74,74,74],"floor_reached":22,"playtime":744,"items_purged":["Doubt","ClowCardTheThrough","ClowCardTheDark","ClowCardTheReturn","ClowCardTheThunder"],"score":268,"play_id":"d684c5ca-784c-43eb-b3c0-b0e4a10b764b","local_time":"20201227170538","daily_mods":["SealedDeck","Shiny","Vintage","Heirloom","Flight","Elite Swarm"],"is_ascension_mode":false,"campfire_choices":[{"data":"ClowCardTheLight","floor":6,"key":"SMITH"},{"data":"ClowCardTheFlower","floor":8,"key":"SMITH"},{"data":"ClowCardTheGlow","floor":11,"key":"SMITH"},{"data":"ClowCardTheWindy","floor":13,"key":"SMITH"},{"floor":15,"key":"REST"}],"circlet_count":0,"master_deck":["ClowCardTheTwin","ClowCardTheFight","ClowCardTheDash","ClowCardTheTime","ClowCardTheLight+1","ClowCardTheShadow","ClowCardTheFirey","ClowCardTheBubbles+1","ClowCardTheGlow+1","ClowCardTheFly","ClowCardTheJump","ClowCardTheFlower+1","ClowCardTheFly","ClowCardTheWindy+1","ClowCardTheWatery+1","ClowCardTheShot","ClowCardTheFly","ClowCardTheLittle"],"relics":["KSMOD_SealedBook","KSMOD_SealedWand","hubris:Potato","Potion Belt","Membership Card","StoneCalendar","hubris:Icosahedron","Tiny Chest","Anchor","Orichalcum","Unceasing Top","PreservedInsect","KSMOD_Cerberus","Shuriken"],"acts_visited":["Exordium","TheCity"],"potions_floor_usage":[],"damage_taken":[{"damage":7,"enemies":"Small Slimes","floor":1,"turns":2},{"damage":7,"enemies":"Jaw Worm","floor":7,"turns":4},{"damage":0,"enemies":"2 Louse","floor":12,"turns":2},{"damage":12,"enemies":"Hexaghost","floor":16,"turns":7},{"damage":14,"enemies":"2 Thieves","floor":18,"turns":4}],"seed_played":"7413040534855814806","potions_obtained":[{"floor":20,"key":"EntropicBrew"},{"floor":20,"key":"SteroidPotion"},{"floor":20,"key":"EssenceOfSteel"}],"is_trial":true,"path_per_floor":["M","?","$","?","?","R","M","R","T","$","R","M","R","?","R","B",null,"M","$","?","T","?"],"character_chosen":"KINOMOTOSAKURA","items_purchased":["ClowCardTheShot","Membership Card","ClowCardTheFly","ClowCardTheLittle","KSMOD_Cerberus"],"campfire_rested":1,"item_purchase_floors":[3,3,10,19,19],"current_hp_per_floor":[63,63,63,45,45,45,38,38,38,38,38,38,38,24,45,33,70,56,56,56,56,56,56],"gold":74,"neow_bonus":"","is_daily":false,"chose_seed":false,"campfire_upgraded":4,"win_rate":0.0,"timestamp":1609059938,"path_taken":["M","?","$","?","?","R","?","R","T","$","R","?","R","?","R","BOSS","M","$","?","?","?"],"items_purchased_type":["Card","Relic","Card","Card","Relic"],"build_version":"2020-12-22","purchased_purges":5,"victory":false,"max_hp_per_floor":[70,70,70,70,70,70,70,70,70,70,70,70,70,70,70,70,70,70,70,70,70,70,70],"card_choices":[],"player_experience":94114,"relics_obtained":[{"floor":1,"key":"Potion Belt"},{"floor":7,"key":"Tiny Chest"},{"floor":9,"key":"Anchor"},{"floor":12,"key":"Orichalcum"},{"floor":16,"key":"Unceasing Top"},{"floor":18,"key":"PreservedInsect"},{"floor":21,"key":"Shuriken"}],"event_choices":[{"damage_healed":0,"gold_gain":175,"player_choice":"AGREE","damage_taken":118,"max_hp_gain":0,"max_hp_loss":0,"event_name":"betterThird:BetterSerpent","floor":2,"gold_loss":0},{"damage_healed":0,"gold_gain":0,"player_choice":"Relic ","damage_taken":18,"max_hp_gain":0,"max_hp_loss":0,"event_name":"betterThird:BetterScrap","floor":4,"gold_loss":0,"cards_obtained":["Second Wind"]},{"damage_healed":38,"gold_gain":0,"player_choice":"Upgrade","damage_taken":14,"max_hp_gain":0,"max_hp_loss":70,"event_name":"betterThird:BetterShining","floor":14,"gold_loss":0,"cards_upgraded":["ClowCardTheWatery","ClowCardTheBubbles"]},{"damage_healed":0,"gold_gain":0,"player_choice":"Got Potions","damage_taken":0,"max_hp_gain":0,"max_hp_loss":0,"event_name":"Lab","floor":20,"gold_loss":0}],"is_beta":false,"boss_relics":[{"not_picked":["Runic Dome","Runic Pyramid","Snecko Eye"]}],"items_purged_floors":[3,3,3,3,3],"is_endless":true,"potions_floor_spawned":[12,16,18],"ascension_level":0}}