{"host":"a1eatafr7pisesky","time":1609083907,"event":{"mods":["BaseMod","Colored Map","DeckTracker","Highlight Path","Keyboard Shortcuts","Minty Spire (QoL Compilation)","Permanent Neow","Random Character Button","StSLib","SuperFastMode","everything is the same but u backflip on backflip"],"gold_per_floor":[113,124,139,151,169,169,204,214,239,239,272,93,121,134,134,134,134],"floor_reached":16,"playtime":512,"items_purged":["Strike_R"],"score":186,"play_id":"30462380-b1c7-42b1-b017-661c14aa6dda","local_time":"20201228004507","is_ascension_mode":true,"campfire_choices":[{"data":"Second Wind","floor":6.0,"key":"SMITH"},{"floor":10.0,"key":"REST"},{"data":"Body Slam","floor":15.0,"key":"SMITH"}],"circlet_count":0,"master_deck":["AscendersBane","Strike_R","Strike_R","Strike_R","Defend_R","Defend_R","Defend_R","Defend_R","Bash","Berserk","Second Wind+1","Entrench","Body Slam","Body Slam+1","Twin Strike","Ghostly Armor"],"relics":["Burning Blood","Singing Bowl","Toy Ornithopter","Paper Frog","PreservedInsect"],"acts_visited":["Exordium"],"potions_floor_usage":[16,16],"damage_taken":[{"damage":11.0,"enemies":"Cultist","floor":1.0,"turns":4.0},{"damage":7.0,"enemies":"Small Slimes","floor":2.0,"turns":4.0},{"damage":14.0,"enemies":"Jaw Worm","floor":3.0,"turns":3.0},{"damage":6.0,"enemies":"Exordium Wildlife","floor":4.0,"turns":5.0},{"damage":28.0,"enemies":"Exordium Thugs","floor":5.0,"turns":6.0},{"damage":18.0,"enemies":"Gremlin Nob","floor":7.0,"turns":4.0},{"damage":18.0,"enemies":"3 Louse","floor":8.0,"turns":4.0},{"damage":45.0,"enemies":"3 Sentries","floor":11.0,"turns":12.0},{"damage":12.0,"enemies":"Lagavulin","floor":13.0,"turns":6.0},{"damage":15.0,"enemies":"Large Slime","floor":14.0,"turns":6.0},{"damage":38,"enemies":"Slime Boss","floor":16,"turns":3}],"seed_played":"-1821698977958318121","potions_obtained":[{"floor":1.0,"key":"Energy Potion"},{"floor":2.0,"key":"FairyPotion"},{"floor":5.0,"key":"Swift Potion"},{"floor":11.0,"key":"Fire Potion"}],"is_trial":false,"path_per_floor":["M","M","M","M","M","R","E","M","T","R","E","$","E","M","R","B"],"character_chosen":"IRONCLAD","items_purchased":["BlessingOfTheForge","Dexterity Potion"],"campfire_rested":1,"item_purchase_floors":[12,12],"current_hp_per_floor":[67,66,58,58,36,36,26,16,16,41,33,33,32,25,25,0,0],"gold":134,"neow_bonus":"TRANSFORM_CARD","is_daily":false,"chose_seed":false,"campfire_upgraded":2,"win_rate":0.0,"timestamp":1609083907,"path_taken":["M","M","M","M","M","R","E","M","T","R","E","?","E","M","R","BOSS"],"items_purchased_type":["Potion","Potion"],"build_version":"2020-12-22","purchased_purges":1,"victory":false,"max_hp_per_floor":[80,80,80,80,80,80,82,84,84,84,86,86,86,88,88,88,88],"card_choices":[{"not_picked":["Flex","Clothesline"],"picked":"Second Wind","floor":1.0},{"not_picked":["Infernal Blade","Perfected Strike"],"picked":"Entrench","floor":2.0},{"not_picked":["Wild Strike","Whirlwind"],"picked":"Body Slam","floor":3.0},{"not_picked":["Twin Strike","Warcry"],"picked":"Body Slam","floor":4.0},{"not_picked":["Pommel Strike","Clash"],"picked":"Twin Strike","floor":5.0},{"not_picked":["Perfected Strike","Clothesline","Fiend Fire"],"picked":"Singing Bowl","floor":7.0},{"not_picked":["Rage","Headbutt","Rampage"],"picked":"Singing Bowl","floor":8.0},{"not_picked":["Anger","Intimidate","Disarm"],"picked":"Singing Bowl","floor":11.0},{"not_picked":["Cleave","Perfected Strike"],"picked":"Ghostly Armor","floor":13.0},{"not_picked":["Sword Boomerang","Heavy Blade","Spot Weakness"],"picked":"Singing Bowl","floor":14.0}],"player_experience":263026,"relics_obtained":[{"floor":7.0,"key":"Singing Bowl"},{"floor":9.0,"key":"Toy Ornithopter"},{"floor":11.0,"key":"Paper Frog"},{"floor":13.0,"key":"PreservedInsect"}],"event_choices":[],"is_beta":false,"boss_relics":[],"items_purged_floors":[12],"is_endless":false,"potions_floor_spawned":[1,2,5,11],"killed_by":"Slime Boss","ascension_level":10}}