{"host":"30jsp143e4v19aze","time":1609034526,"event":{"mods":["BaseMod","Colored Map","Colored Powertips","Curses Come First","DeckTracker","Highlight Path","Minty Spire (QoL Compilation)","Quick Restart","Relic Stats","StSLib","everything is the same but u backflip on backflip","slay the spire mod where everything is the same but ironclad has a cowboy hat"],"gold_per_floor":[362,379,28,39,55,55,87,87,110,110,137,137,156,331,331,405,405,405,405,405,187,187,187,187,187,187,187,187,187,187,187,187,187,187,187,187,187,187,147,147,0,0,0,0,0,0,0,0,0,0,0],"floor_reached":50,"playtime":3514,"items_purged":["Injury"],"score":1007,"play_id":"cf34fe64-634b-41c1-bc43-a2d4f36df926","local_time":"20201227030206","is_ascension_mode":true,"campfire_choices":[{"data":"Conclude","floor":6.0,"key":"SMITH"},{"data":"Beam Cell","floor":8.0,"key":"SMITH"},{"data":"Go for the Eyes","floor":10.0,"key":"SMITH"},{"data":"Conclude","floor":12.0,"key":"SMITH"},{"data":"Seek","floor":15.0,"key":"SMITH"},{"data":"Ghostly","floor":23.0,"key":"SMITH"},{"data":"Ghostly","floor":28.0,"key":"SMITH"},{"data":"Ghostly","floor":32.0,"key":"SMITH"},{"floor":49,"key":"RECALL"}],"circlet_count":0,"master_deck":["AscendersBane","Strike_B","Strike_B","Strike_B","Strike_B","Defend_B","Defend_B","Defend_B","Defend_B+1","Zap","Go for the Eyes+1","Leap","Beam Cell+1","Auto Shields","Conclude+1","Seek+1","Evaluate+1","Conclude+1","Thunderclap","Reaper","Ghostly+1","Ghostly+1","Ghostly+1","Ghostly","Ghostly","Seek+1","Endless Agony","RitualDagger","Dark Shackles","Doppelganger","Backflip+1","Skewer+1","ReachHeaven+1","TalkToTheHand","PiercingWail"],"relics":["Cracked Core","PrismaticShard","PreservedInsect","Lantern","Omamori","Ectoplasm","DollysMirror","Shuriken","Oddly Smooth Stone","Coffee Dripper","Bag of Marbles","ClockworkSouvenir","Question Card","CeramicFish","Akabeko"],"acts_visited":["Exordium","TheCity","TheBeyond"],"potions_floor_usage":[50,50,50,50],"damage_taken":[{"damage":1.0,"enemies":"Cultist","floor":1.0,"turns":3.0},{"damage":0.0,"enemies":"Jaw Worm","floor":2.0,"turns":3.0},{"damage":0.0,"enemies":"2 Louse","floor":4.0,"turns":2.0},{"damage":0.0,"enemies":"Large Slime","floor":5.0,"turns":7.0},{"damage":20.0,"enemies":"Gremlin Nob","floor":7.0,"turns":4.0},{"damage":7.0,"enemies":"3 Sentries","floor":11.0,"turns":5.0},{"damage":4.0,"enemies":"3 Louse","floor":13.0,"turns":2.0},{"damage":32.0,"enemies":"Hexaghost","floor":16.0,"turns":10.0},{"damage":20.0,"enemies":"Shell Parasite","floor":18.0,"turns":7.0},{"damage":15.0,"enemies":"Spheric Guardian","floor":19.0,"turns":4.0},{"damage":2.0,"enemies":"Cultist and Chosen","floor":22.0,"turns":8.0},{"damage":1.0,"enemies":"Centurion and Healer","floor":25.0,"turns":10.0},{"damage":4.0,"enemies":"Gremlin Leader","floor":27.0,"turns":7.0},{"damage":15.0,"enemies":"Book of Stabbing","floor":29.0,"turns":5.0},{"damage":2.0,"enemies":"Shelled Parasite and Fungi","floor":31.0,"turns":6.0},{"damage":2.0,"enemies":"Collector","floor":33.0,"turns":9.0},{"damage":3.0,"enemies":"3 Darklings","floor":35.0,"turns":8.0},{"damage":25.0,"enemies":"Orb Walker","floor":36.0,"turns":6.0},{"damage":0.0,"enemies":"3 Darklings","floor":37.0,"turns":6.0},{"damage":6.0,"enemies":"Nemesis","floor":40.0,"turns":9.0},{"damage":1.0,"enemies":"Jaw Worm Horde","floor":42.0,"turns":5.0},{"damage":3.0,"enemies":"Giant Head","floor":44.0,"turns":8.0},{"damage":1.0,"enemies":"Transient","floor":46.0,"turns":5.0},{"damage":9,"enemies":"Reptomancer","floor":47,"turns":4},{"damage":31,"enemies":"Donu and Deca","floor":50,"turns":7}],"seed_played":"-1456087058646188583","potions_obtained":[{"floor":5.0,"key":"SkillPotion"},{"floor":25.0,"key":"EssenceOfDarkness"},{"floor":29.0,"key":"PowerPotion"},{"floor":36.0,"key":"EntropicBrew"},{"floor":46.0,"key":"PotionOfCapacity"},{"floor":47,"key":"EntropicBrew"}],"is_trial":false,"path_per_floor":["M","M","$","M","M","R","E","R","T","R","E","R","M","?","R","B",null,"M","M","?","$","M","R","?","M","T","E","R","E","?","M","R","B",null,"M","M","M","?","?","E","$","M","T","E","$","M","E","?","R","B"],"character_chosen":"DEFECT","items_purchased":["Leap","Beam Cell","PrismaticShard","Explosive Potion","Auto Shields","DollysMirror","ClockworkSouvenir"],"campfire_rested":0,"item_purchase_floors":[3,3,3,3,3,21,41],"current_hp_per_floor":[67,67,67,67,67,67,47,47,47,47,40,40,36,36,36,4,57,41,26,26,26,32,32,32,37,37,33,33,22,16,23,23,35,37,37,19,33,33,33,28,28,34,34,33,33,34,29,29,29,0,0],"gold":0,"neow_bonus":"TWO_FIFTY_GOLD","is_daily":false,"chose_seed":false,"campfire_upgraded":8,"win_rate":0.0,"timestamp":1609034526,"path_taken":["M","?","$","M","M","R","E","R","T","R","E","R","M","?","R","BOSS","M","M","?","$","M","R","?","M","T","E","R","E","?","M","R","BOSS","M","M","M","?","?","E","$","?","T","E","?","M","E","?","R","BOSS"],"items_purchased_type":["Card","Card","Relic","Potion","Card","Relic","Relic"],"build_version":"2020-12-22","purchased_purges":1,"victory":false,"max_hp_per_floor":[75,75,75,75,75,75,75,75,75,75,75,75,75,75,75,75,75,75,75,37,37,37,37,37,37,37,37,37,37,37,37,37,37,37,37,37,37,35,35,35,35,35,35,35,35,35,35,35,35,35,35],"relic_stats":{"counters":[25,150],"Shuriken":[33],"CeramicFish":0,"PreservedInsect":366,"Ectoplasm":449,"Question Card":3,"obtain_stats":[{"Lantern":9,"CeramicFish":44,"Oddly Smooth Stone":29,"PreservedInsect":7,"Omamori":11,"PrismaticShard":3,"Question Card":43,"Akabeko":47,"ClockworkSouvenir":41,"DollysMirror":21,"Shuriken":27,"Ectoplasm":17,"Coffee Dripper":34,"Bag of Marbles":40,"Cracked Core":0},{"Lantern":5,"CeramicFish":22,"Oddly Smooth Stone":14,"PreservedInsect":5,"Omamori":6,"PrismaticShard":2,"Question Card":21,"Akabeko":24,"ClockworkSouvenir":20,"DollysMirror":10,"Shuriken":13,"Ectoplasm":8,"Coffee Dripper":16,"Bag of Marbles":20,"Cracked Core":0},{"Lantern":19,"CeramicFish":134,"Oddly Smooth Stone":77,"PreservedInsect":19,"Omamori":24,"PrismaticShard":6,"Question Card":126,"Akabeko":143,"ClockworkSouvenir":121,"DollysMirror":47,"Shuriken":72,"Ectoplasm":36,"Coffee Dripper":92,"Bag of Marbles":121,"Cracked Core":0}]},"card_choices":[{"not_picked":["Recycle","Hologram"],"picked":"Go for the Eyes","floor":1.0},{"not_picked":["Cold Snap","Steam","Compile Driver"],"picked":"SKIP","floor":2.0},{"not_picked":["Crescendo","Hologram"],"picked":"Conclude","floor":4.0},{"not_picked":["Slice","Pommel Strike"],"picked":"Seek","floor":5.0},{"not_picked":["Weave","Outmaneuver"],"picked":"Evaluate","floor":7.0},{"not_picked":["Endless Agony","JustLucky"],"picked":"Conclude","floor":11.0},{"not_picked":["Deflect","Clothesline"],"picked":"Thunderclap","floor":13.0},{"not_picked":["Electrodynamics","Storm of Steel"],"picked":"Reaper","floor":16.0},{"not_picked":["Conserve Battery","Ball Lightning","Sword Boomerang"],"picked":"SKIP","floor":18.0},{"not_picked":["Doom and Gloom","Warcry","ThirdEye"],"picked":"SKIP","floor":19.0},{"not_picked":["Deflect","Halt","Fusion"],"picked":"SKIP","floor":22.0},{"not_picked":["Turbo+1","Backstab+1","Warcry"],"picked":"SKIP","floor":25.0},{"not_picked":["Tactician","Deflect","PathToVictory"],"picked":"SKIP","floor":27.0},{"not_picked":["Reinforced Body","EmptyBody+1"],"picked":"Endless Agony","floor":29.0},{"not_picked":["Go for the Eyes","Flex"],"picked":"Dark Shackles","floor":31.0},{"not_picked":["Buffer","Bludgeon"],"picked":"Doppelganger","floor":33.0},{"not_picked":["Barrage+1","ClearTheMind","Heavy Blade"],"picked":"SKIP","floor":35.0},{"not_picked":["Good Instincts+1","ThirdEye","JustLucky"],"picked":"SKIP","floor":36.0},{"not_picked":["ClearTheMind","Wild Strike"],"picked":"Backflip+1","floor":37.0},{"not_picked":["Caltrops","Consume"],"picked":"Skewer+1","floor":40.0},{"not_picked":["Dodge and Roll","Conserve Battery"],"picked":"ReachHeaven+1","floor":42.0},{"not_picked":["EmptyBody","Deflect","Leap+1","Blizzard+1"],"picked":"SKIP","floor":44.0},{"not_picked":["Havoc","Conserve Battery","Mayhem"],"picked":"TalkToTheHand","floor":46.0},{"not_picked":["Conserve Battery+1","Protect","BowlingBash"],"picked":"PiercingWail","floor":47}],"player_experience":3262666,"relics_obtained":[{"floor":7.0,"key":"PreservedInsect"},{"floor":9.0,"key":"Lantern"},{"floor":11.0,"key":"Omamori"},{"floor":27.0,"key":"Shuriken"},{"floor":29.0,"key":"Oddly Smooth Stone"},{"floor":40.0,"key":"Bag of Marbles"},{"floor":43.0,"key":"Question Card"},{"floor":44.0,"key":"CeramicFish"},{"floor":47,"key":"Akabeko"}],"event_choices":[{"damage_healed":0.0,"max_hp_gain":0.0,"max_hp_loss":0.0,"gold_gain":175.0,"event_name":"Liars Game","player_choice":"AGREE","floor":14.0,"gold_loss":0.0,"damage_taken":0.0,"cards_obtained":["Doubt"]},{"damage_healed":0.0,"max_hp_gain":0.0,"max_hp_loss":38.0,"gold_gain":0.0,"event_name":"Ghosts","player_choice":"Became a Ghost","floor":20.0,"gold_loss":0.0,"damage_taken":0.0,"cards_obtained":["Ghostly","Ghostly","Ghostly","Ghostly","Ghostly"]},{"damage_healed":0.0,"max_hp_gain":0.0,"max_hp_loss":0.0,"gold_gain":0.0,"event_name":"Nest","player_choice":"Joined the Cult","floor":30.0,"gold_loss":0.0,"damage_taken":6.0,"cards_obtained":["RitualDagger"]},{"damage_healed":0.0,"max_hp_gain":0.0,"max_hp_loss":2.0,"gold_gain":0.0,"event_name":"Winding Halls","player_choice":"Max HP","floor":38.0,"gold_loss":0.0,"damage_taken":0.0},{"damage_healed":0.0,"max_hp_gain":0.0,"max_hp_loss":0.0,"gold_gain":0.0,"event_name":"Designer","player_choice":"Upgraded Two","floor":39.0,"gold_loss":40.0,"damage_taken":0.0,"cards_upgraded":["Defend_B","Evaluate"]},{"cards_removed":["Dualcast"],"damage_healed":0,"gold_gain":0,"player_choice":"Purged","damage_taken":0,"max_hp_gain":0,"max_hp_loss":0,"event_name":"Purifier","floor":48,"gold_loss":0}],"is_beta":false,"boss_relics":[{"not_picked":["Inserter","Snecko Eye"],"picked":"Ectoplasm"},{"not_picked":["Runic Dome","Nuclear Battery"],"picked":"Coffee Dripper"}],"items_purged_floors":[21],"is_endless":false,"potions_floor_spawned":[5,16,25,29,31,36,46,47],"killed_by":"Donu and Deca","ascension_level":13}}