{"host":"5j53u3d72gsce0fe","time":1609057138,"event":{"mods":["2.2 Compatiblity","AchievementEnabler","Aspiration","BaseMod","Beaked The Cultist","Better Altar","Better Match","Better Note","Better Sensory Stone","Better Skull","Better Third Choice","Better Vampires","Block Reminder","CCEM","Card Forge","Colored Map","Colored Powertips","Colorless Booster Pack","Conspire","Defuse TimeMaze Blight","Dio Mod","Dota2Spire","Downfall","Emptier Cage","Energized Spire","Friendly Minions","GifTheSpireLib","Hermit","HexUI Lib","Hubris","Humility","Infinite Spire","Marked Mod","Mimic Mod","Minty Spire (QoL Compilation)","Relic Filter","Replay The Spire","Retaliation","Shade Mod","Small Relic Pack","StSLib","Stuff the Spire","The Animator","The Bug Knight","Transform Curses","Unceasing Turn Reminder","???Mod??????Boss"],"gold_per_floor":[99,122,143,172,172,215,264,287,324,174,200,200,220,246,262,369,369,369,393,413,408,408,429,511,511,511,550,550,92,136,411,437,551,551,476,498,523,730,730,730,800,821,821,846,846,846,544,544,572,678,678,678,702,702,702,702,702,747,776,811,841,1196,1306,1350,1371,1397,1504,1504,1504,1529,1556,1585,1610,1610,1641,1641,1681,1711,1739,1810,2010,2010,2033,2144,2144,2144,2144],"floor_reached":85,"playtime":8702,"items_purged":[],"score":2085,"play_id":"7331adcd-a5ec-4ff8-85ac-8d8e409e1c9d","local_time":"20201227001858","is_ascension_mode":true,"campfire_choices":[{"floor":1.0,"key":"RECALL"},{"floor":10.0,"key":"REST"},{"floor":12.0,"key":"REST"},{"floor":18.0,"key":"DIG"},{"floor":43.0,"key":"REST"},{"floor":52,"key":"REST"},{"floor":69,"key":"DIG"},{"floor":74,"key":"REST"},{"floor":81,"key":"REST"}],"circlet_count":0,"master_deck":["animator:Defend_Kancolle+1","animator:Strike_Kancolle+1","animator:Defend_Elsword+1","animator:Defend_Fate+1","animator:Defend_Katanagatari+1","animator:Strike_FullmetalAlchemist+1","animator:Strike_HitsugiNoChaika+1","animator:Strike_Elsword+1","animator:Strike_Katanagatari+1","ReplayTheSpireMod:Brewmster+1","champ:SkillfulDodge+1","champ:IronFortress+1","StuffTheSpire:Vigor+1","champ:Control+1","expansioncontent:DefensiveMode+1","StuffTheSpire:CelestialWarden+1","StuffTheSpire:Innocence+1","champ:ArenaPreparation+1","infinitespire:FutureSight+1","infinitespire:Collect+1","hubris:Fate+1","champ:Balance+1","DDmod:SpikedSkill+1","Metallicize+1"],"relics":["champ:ChampionCrown","Hammer of Thor","Seething Fire","Anvil of the Gods","Bag of Preparation","aspiration:ArtOfWarUpgrade","downfall:HeartBlessingRed","downfall:HeartBlessingBlue","StuffTheSpire:HeavyRock","Busted Crown","Gremlin Horn","CCEMRelics:DissonantTune","Lantern","champ:SpectersHand","hubris:Spice","CCEMRelics:PorcelainBowl","energizedSpire:NeverEndingSparkler","downfall:HeartBlessingGreen","Simple Rune","energizedSpire:StickyHand","Dota2Spire:BladeMail","Centennial Puzzle","Replay:Baseball","Frozen Egg 2","hubris:Icosahedron","downfall:GremlinWheel","Replay:Grab Bag","Dota2Spire:Bloodstone","conspire:SlowCooker","aspiration:IroncladSkillbook","aspiration:WatcherSkillbook","Dota2Spire:BattleFury","ReplayTheSpireMod:CursedCoin","hubris:SlimyHat","aspiration:PoetsPen","infinitespire:EvilPickle"],"acts_visited":["Exordium","TheCity","TheBeyond","Exordium","TheCity","TheBeyond"],"potions_floor_usage":[58,58,58,58,59,60,63,63,63,63,63,64,64,64,66,66,67,67,67,67,67,67,67,71,71,73,77,78,83,84,84,84],"damage_taken":[{"damage":25.0,"enemies":"infinitespire:Voidling","floor":2.0,"turns":5.0},{"damage":0.0,"enemies":"2 Louse","floor":3.0,"turns":3.0},{"damage":8.0,"enemies":"Small Slimes","floor":4.0,"turns":5.0},{"damage":6.0,"enemies":"Replay:BlueRogue","floor":6.0,"turns":6.0},{"damage":0.0,"enemies":"Exordium Wildlife","floor":7.0,"turns":7.0},{"damage":13.0,"enemies":"Exordium Wildlife","floor":8.0,"turns":5.0},{"damage":54.0,"enemies":"Gremlin Nob","floor":9.0,"turns":4.0},{"damage":2.0,"enemies":"2 Fungi Beasts","floor":13.0,"turns":4.0},{"damage":0.0,"enemies":"Blue Slaver","floor":14.0,"turns":3.0},{"damage":5.0,"enemies":"Exordium Wildlife","floor":15.0,"turns":2.0},{"damage":21.0,"enemies":"downfall:Watcher","floor":16.0,"turns":10.0},{"damage":14.0,"enemies":"Chosen","floor":19.0,"turns":5.0},{"damage":9.0,"enemies":"Spheric Guardian","floor":20.0,"turns":5.0},{"damage":10.0,"enemies":"downfall:FleeingMerchant","floor":21.0,"turns":4.0},{"damage":8.0,"enemies":"conspire:HollyBat","floor":23.0,"turns":7.0},{"damage":105.0,"enemies":"Gremlin Leader","floor":27.0,"turns":7.0},{"damage":0.0,"enemies":"downfall:FleeingMerchant","floor":29.0,"turns":4.0},{"damage":0.0,"enemies":"Nightmare","floor":30.0,"turns":5.0},{"damage":0.0,"enemies":"Snecko","floor":32.0,"turns":3.0},{"damage":26.0,"enemies":"downfall:Ironclad","floor":33.0,"turns":8.0},{"damage":0.0,"enemies":"Orb Walker","floor":36.0,"turns":3.0},{"damage":0.0,"enemies":"3 Shapes","floor":37.0,"turns":3.0},{"damage":0.0,"enemies":"Writhing Mass","floor":42.0,"turns":6.0},{"damage":0.0,"enemies":"4 Shapes","floor":44.0,"turns":2.0},{"damage":0.0,"enemies":"downfall:FleeingMerchant","floor":47.0,"turns":4.0},{"damage":0.0,"enemies":"Writhing Mass","floor":49.0,"turns":6.0},{"damage":10.0,"enemies":"downfall:Defect","floor":50.0,"turns":6.0},{"damage":0,"enemies":"Cultist","floor":53,"turns":3},{"damage":0,"enemies":"3 Sentries","floor":58,"turns":6},{"damage":0,"enemies":"Small Slimes","floor":59,"turns":2},{"damage":0,"enemies":"Gremlin Nob","floor":60,"turns":4},{"damage":0,"enemies":"Jaw Worm","floor":61,"turns":3},{"damage":1,"enemies":"downfall:FleeingMerchant","floor":62,"turns":2},{"damage":0,"enemies":"downfall:FleeingMerchant","floor":63,"turns":5},{"damage":0,"enemies":"3 Sentries","floor":64,"turns":8},{"damage":0,"enemies":"2 Fungi Beasts","floor":65,"turns":2},{"damage":0,"enemies":"Exordium Thugs","floor":66,"turns":5},{"damage":0,"enemies":"Slime Boss","floor":67,"turns":10},{"damage":0,"enemies":"Spheric Guardian","floor":70,"turns":2},{"damage":0,"enemies":"3 Byrds","floor":71,"turns":2},{"damage":0,"enemies":"Shelled Parasite and Fungi","floor":72,"turns":3},{"damage":0,"enemies":"Snake Plant","floor":73,"turns":2},{"damage":0,"enemies":"conspire:SneckoGhost","floor":75,"turns":4},{"damage":8,"enemies":"HollowMod:Nosk","floor":77,"turns":4},{"damage":0,"enemies":"Cultist and Chosen","floor":78,"turns":3},{"damage":0,"enemies":"Sentry and Sphere","floor":79,"turns":4},{"damage":0,"enemies":"3 Cultists","floor":83,"turns":4},{"damage":5,"enemies":"Pondfish","floor":84,"turns":4}],"seed_played":"6098934258893256726","potions_obtained":[{"floor":6.0,"key":"LiquidBronze"},{"floor":8.0,"key":"LiquidBronze"},{"floor":9.0,"key":"DDmod:CleansePotion"},{"floor":14.0,"key":"PowerPotion"},{"floor":16.0,"key":"LiquidBronze"},{"floor":19.0,"key":"hexamod:EctoCoolerPotion"},{"floor":20.0,"key":"BlessingOfTheForge"},{"floor":32.0,"key":"ColorlessPotion"},{"floor":36.0,"key":"champ:OpenerPotion"},{"floor":50.0,"key":"BlessingOfTheForge"},{"floor":59,"key":"CultistPotion"},{"floor":63,"key":"LiquidBronze"},{"floor":64,"key":"Regen Potion"},{"floor":65,"key":"Regen Potion"},{"floor":73,"key":"champ:OpenerPotion"},{"floor":83,"key":"EssenceOfSteel"}],"is_trial":false,"path_per_floor":["R","M","M","M","?","E","MIM","M","E","R","T","R","M","M","M","B",null,"R_BF","M","M","$","?","M","T","R","AVR","E","?","$","NM","?","M","B",null,"R_BF","M","M","?","?","?","T","M","R","M","AVR","?","$","?","M","B",null,"R","M","?","?","?","?","E","M","E","M","$","?","E","M","M","B",null,"R_BF","M","M","M","M","R","E","?","E","M","M","$","R","?","M","B",null],"character_chosen":"THE_CHAMP","items_purchased":["hubris:Spice","CCEMRelics:PorcelainBowl","Centennial Puzzle","Replay:Baseball","ReplayTheSpireMod:CursedCoin","Metallicize+1"],"campfire_rested":6,"item_purchase_floors":[29,29,47,47,80,80],"current_hp_per_floor":[99,83,83,75,75,69,69,56,6,48,48,80,78,78,73,52,109,109,95,86,76,76,80,80,80,80,35,35,43,48,48,56,52,117,117,117,117,117,117,46,46,61,96,96,96,96,96,96,96,114,117,117,114,114,114,124,124,124,124,124,124,124,124,124,124,124,124,124,124,124,124,124,124,124,124,124,124,124,124,124,124,39,71,108,108,108,108],"gold":2144,"neow_bonus":"TEN_PERCENT_HP_BONUS","is_daily":false,"chose_seed":false,"campfire_upgraded":0,"win_rate":0.0,"timestamp":1609057138,"path_taken":["R","M","M","?","?","E","MIM","M","E","R","?","R","M","M","M","BOSS","R_BF","M","M","$","?","M","T","R","AVR","E","?","?","NM","?","M","BOSS","R_BF","M","M","?","?","?","T","?","R","M","AVR","?","$","?","M","BOSS","R","M","?","?","?","?","E","M","E","M","$","?","E","M","M","BOSS","R_BF","M","M","M","?","R","E","?","E","M","?","?","R","?","M","BOSS"],"items_purchased_type":["Relic","Relic","Relic","Relic","Relic","Card"],"build_version":"2020-12-22","purchased_purges":0,"victory":false,"max_hp_per_floor":[99,99,99,99,99,99,99,99,99,109,109,109,109,109,109,109,109,109,109,109,109,109,109,109,109,109,109,109,117,117,117,117,117,117,117,117,117,117,117,117,117,117,117,117,117,117,117,117,117,117,117,117,114,114,114,124,124,124,124,124,124,124,124,124,124,124,124,124,124,124,124,124,124,124,124,124,124,124,124,124,124,108,108,108,108,108,108],"card_choices":[{"not_picked":["champ:GutPunch","champ:Duel","champ:Backstep"],"picked":"SKIP","floor":2.0},{"not_picked":["champ:AdrenalArmor","champ:BladeFlurry"],"picked":"champ:SkillfulDodge","floor":3.0},{"not_picked":["champ:BringItOn","champ:DefensiveShout"],"picked":"champ:IronFortress","floor":4.0},{"not_picked":["champ:Lariat","champ:CrookedStrike","champ:BringItOn"],"picked":"SKIP","floor":6.0},{"not_picked":["champ:AdrenalArmor","champ:EnragedBash"],"picked":"champ:DefensiveShout","floor":7.0},{"not_picked":["champ:FocusedBerserking","champ:PerfectedStrike","champ:ShieldSigil"],"picked":"SKIP","floor":8.0},{"not_picked":["champ:FocusedDefense","champ:TornadoPunch","champ:RapidStrikes"],"picked":"SKIP","floor":9.0},{"not_picked":["champ:FocusedGladiator","champ:BringItOn"],"picked":"champ:DefensiveShout","floor":13.0},{"not_picked":["champ:CrookedStrike","champ:RisingSlash","champ:PreciseThrust"],"picked":"SKIP","floor":14.0},{"not_picked":["champ:StanceDance","champ:FlashCut","champ:SteelEdge"],"picked":"SKIP","floor":15.0},{"not_picked":["champ:GutPunch+1"],"picked":"SKIP","floor":19.0},{"not_picked":["champ:Lariat"],"picked":"SKIP","floor":20.0},{"not_picked":["champ:GutPunch"],"picked":"SKIP","floor":21.0},{"not_picked":["champ:Backstep"],"picked":"SKIP","floor":23.0},{"not_picked":[],"picked":"champ:FocusedBerserking+1","floor":27.0},{"not_picked":["champ:ShieldSigil"],"picked":"SKIP","floor":29.0},{"not_picked":["champ:GladiatorsShout+1"],"picked":"SKIP","floor":30.0},{"not_picked":["champ:GladiatorsShout+1"],"picked":"SKIP","floor":30.0},{"not_picked":["champ:EnragedBash"],"picked":"SKIP","floor":32.0},{"not_picked":["champ:DefensiveShout+1"],"picked":"SKIP","floor":36.0},{"not_picked":[],"picked":"champ:Control+1","floor":37.0},{"not_picked":[],"picked":"expansioncontent:DefensiveMode","floor":39.0},{"not_picked":["champ:Backstep+1"],"picked":"SKIP","floor":42.0},{"not_picked":["champ:Backstep+1"],"picked":"SKIP","floor":42.0},{"not_picked":["champ:GutPunch"],"picked":"SKIP","floor":44.0},{"not_picked":["champ:FocusedGladiator"],"picked":"SKIP","floor":47.0},{"not_picked":["StuffTheSpire:CelestialWarden","StuffTheSpire:Perfection"],"picked":"StuffTheSpire:Innocence","floor":48.0},{"not_picked":["champ:FlashCut"],"picked":"SKIP","floor":49.0},{"not_picked":["champ:DefensiveShout"],"picked":"SKIP","floor":53},{"not_picked":[],"picked":"champ:ArenaPreparation","floor":58},{"not_picked":["champ:Backstep"],"picked":"SKIP","floor":59},{"not_picked":["champ:GutPunch"],"picked":"SKIP","floor":60},{"not_picked":["champ:GutPunch"],"picked":"SKIP","floor":60},{"not_picked":["champ:RageSigil"],"picked":"SKIP","floor":61},{"not_picked":["champ:EndlessRage+1"],"picked":"SKIP","floor":62},{"not_picked":["champ:AdrenalArmor"],"picked":"SKIP","floor":64},{"not_picked":["champ:HeartStrike"],"picked":"SKIP","floor":65},{"not_picked":["champ:Encircle"],"picked":"SKIP","floor":66},{"not_picked":["infinitespire:Collect","hubris:Fate"],"picked":"infinitespire:FutureSight","floor":69},{"not_picked":["StuffTheSpire:RockThrow","ReplayTheSpireMod:Corrosion Curse","PathToVictory+1"],"picked":"SKIP","floor":70},{"not_picked":["Sword Boomerang","MarkedMod:FirstStrike+1","WaveOfTheHand"],"picked":"SKIP","floor":71},{"not_picked":["Sword Boomerang","MarkedMod:FirstStrike+1","WaveOfTheHand"],"picked":"SKIP","floor":71},{"not_picked":["FlurryOfBlows","Ghostly Armor","Replay:ManipulateFuture+1"],"picked":"SKIP","floor":72},{"not_picked":["hubris:SpiceAddiction","Havoc","SashWhip+1"],"picked":"SKIP","floor":73},{"not_picked":["WindmillStrike","StuffTheSpire:Pyroclast","hubris:SharpeningStone+1"],"picked":"SKIP","floor":75},{"not_picked":["DDmod:UnstoppableAttack","Wireheading+1","ReplayReversal"],"picked":"SKIP","floor":77},{"not_picked":["PathToVictory+1","champ:Balance+1"],"picked":"DDmod:SpikedSkill","floor":78},{"not_picked":["StuffTheSpire:Resist+1","Twin Strike","champ:TornadoPunch+1"],"picked":"SKIP","floor":79},{"not_picked":["BowlingBash","Replay:ManipulateFuture","hubris:SpiceAddiction"],"picked":"SKIP","floor":83}],"player_experience":1273869,"relics_obtained":[{"floor":6.0,"key":"Bag of Preparation"},{"floor":9.0,"key":"Art of War"},{"floor":11.0,"key":"StuffTheSpire:HeavyRock"},{"floor":18.0,"key":"Gremlin Horn"},{"floor":24.0,"key":"CCEMRelics:DissonantTune"},{"floor":27.0,"key":"champ:SpectersHand"},{"floor":30.0,"key":"sneckomod:BlankCard"},{"floor":63,"key":"downfall:GremlinWheel"},{"floor":69,"key":"Dota2Spire:BattleFury"}],"event_choices":[{"damage_healed":0.0,"max_hp_gain":0.0,"max_hp_loss":0.0,"gold_gain":0.0,"event_name":"conspire:Investor","player_choice":"Leave","floor":22.0,"gold_loss":0.0,"damage_taken":0.0},{"damage_healed":0.0,"max_hp_gain":0.0,"max_hp_loss":0.0,"gold_gain":0.0,"event_name":"betterSkull:BetterSkull","player_choice":"RE RE RE ","floor":40.0,"gold_loss":0.0,"damage_taken":85.0,"cards_upgraded":[],"relics_obtained":["Simple Rune","hubris:Spice","hubris:Spice"]},{"cards_removed":["ReplayTheSpireMod:Book of Names"],"damage_healed":0.0,"max_hp_gain":0.0,"max_hp_loss":0.0,"gold_gain":0.0,"event_name":"Falling","player_choice":"Removed Power","floor":46.0,"gold_loss":0.0,"damage_taken":0.0},{"damage_healed":0,"gold_gain":0,"player_choice":"Disagree","damage_taken":0,"max_hp_gain":0,"max_hp_loss":0,"event_name":"conspire:LoneGhost","floor":55,"gold_loss":0},{"damage_healed":0,"gold_gain":0,"player_choice":"Ignored","damage_taken":0,"max_hp_gain":0,"max_hp_loss":0,"event_name":"Transmorgrifier","floor":76,"gold_loss":0},{"damage_healed":0,"gold_gain":200,"player_choice":"Gold","damage_taken":0,"max_hp_gain":0,"max_hp_loss":0,"event_name":"Wheel of Change","floor":81,"gold_loss":0},{"damage_healed":0,"gold_gain":0,"player_choice":"RE RE RE ","damage_taken":91,"relics_obtained":["hubris:SlimyHat","hubris:Spice","hubris:Spice"],"max_hp_gain":0,"max_hp_loss":0,"event_name":"betterSkull:BetterSkull","floor":82,"gold_loss":0,"cards_upgraded":[]}],"is_beta":false,"boss_relics":[{"not_picked":["Kintsugi","Abe\u0027s Treasure"],"picked":"Busted Crown"},{"not_picked":["Coffee Dripper","energizedSpire:EnergizedDie"],"picked":"energizedSpire:NeverEndingSparkler"},{"not_picked":["hubris:Spice","hubris:Spice","hubris:Spice"]},{"not_picked":["aspiration:BeakedSkillbook","Kintsugi"],"picked":"Replay:Grab Bag"},{"not_picked":["ReplayTheSpireMod:DimensionalGlitch","Abe\u0027s Treasure"],"picked":"Dota2Spire:Bloodstone"},{"not_picked":["energizedSpire:OgreHead","energizedSpire:HugeHouse"],"picked":"conspire:SlowCooker"},{"not_picked":["relicPack:KazumaCape","sneckomod:SneckoTalon"],"picked":"aspiration:IroncladSkillbook"},{"not_picked":["Snecko Eye","beaked:SacredDeck"],"picked":"aspiration:WatcherSkillbook"},{"not_picked":["Replay:Ancient Bell","hubris:Spice"],"picked":"aspiration:PoetsPen"}],"items_purged_floors":[],"is_endless":true,"potions_floor_spawned":[6,8,9,14,16,19,20,23,32,36,37,50,59,63,64,65,66,67,73,75,78,83],"ascension_level":2}}