{"host":"mcdusr64esz012l0","time":1609050864,"event":{"mods":["BaseMod","Minty Spire (QoL Compilation)","Relic Stats"],"gold_per_floor":[109,126,145,195,43,43,71,84,84,84,0,0,25,39,39,116,116,126,146,90,123,136,136,170,170,170,170,170],"floor_reached":27,"playtime":1172,"items_purged":["Strike_R"],"score":482,"play_id":"9bb3d9c8-6aa8-4498-8d87-1d85dacc6182","local_time":"20201227013424","is_ascension_mode":true,"campfire_choices":[{"data":"Whirlwind","floor":6,"key":"SMITH"},{"data":"True Grit","floor":10,"key":"SMITH"},{"data":"Rupture","floor":12,"key":"SMITH"},{"floor":15,"key":"REST"},{"data":"True Grit","floor":23,"key":"SMITH"},{"floor":25,"key":"REST"}],"circlet_count":0,"master_deck":["AscendersBane","Bash","Battle Trance","Pommel Strike","Combust","Whirlwind+1","Barricade","True Grit+1","Rupture+1","Bloodletting","Corruption","Fiend Fire","Body Slam","Battle Trance","Uppercut","Cleave","Immolate","Wild Strike","Clash","Uppercut","True Grit+1","Shrug It Off","Armaments","Intimidate","Seeing Red+1"],"relics":["SlaversCollar","Matryoshka","Akabeko","Meat on the Bone","Darkstone Periapt","Pandora\u0027s Box","Red Mask","Ice Cream","Happy Flower","CeramicFish"],"acts_visited":["Exordium","TheCity"],"potions_floor_usage":[16,18,19,21,22,24],"damage_taken":[{"damage":2,"enemies":"Cultist","floor":1,"turns":4},{"damage":5,"enemies":"Small Slimes","floor":2,"turns":3},{"damage":7,"enemies":"Jaw Worm","floor":3,"turns":3},{"damage":12,"enemies":"3 Sentries","floor":7,"turns":3},{"damage":1,"enemies":"2 Fungi Beasts","floor":8,"turns":2},{"damage":26,"enemies":"Lagavulin","floor":13,"turns":6},{"damage":7,"enemies":"Large Slime","floor":14,"turns":5},{"damage":36,"enemies":"Hexaghost","floor":16,"turns":8},{"damage":12,"enemies":"3 Byrds","floor":18,"turns":2},{"damage":0,"enemies":"2 Thieves","floor":19,"turns":1},{"damage":41,"enemies":"Masked Bandits","floor":21,"turns":4},{"damage":12,"enemies":"Cultist and Chosen","floor":22,"turns":3},{"damage":35,"enemies":"Book of Stabbing","floor":24,"turns":5},{"damage":49,"enemies":"Chosen and Byrds","floor":27,"turns":5}],"seed_played":"2137477160859736777","potions_obtained":[{"floor":3,"key":"BloodPotion"},{"floor":13,"key":"LiquidBronze"},{"floor":16,"key":"Swift Potion"},{"floor":18,"key":"SteroidPotion"},{"floor":19,"key":"LiquidMemories"},{"floor":21,"key":"Regen Potion"}],"is_trial":false,"path_per_floor":["M","M","M","?","$","R","E","M","T","R","$","R","E","M","R","B",null,"M","M","$","?","M","R","E","R","T","M"],"character_chosen":"IRONCLAD","items_purchased":["Whirlwind","Rupture","Armaments"],"campfire_rested":2,"item_purchase_floors":[5,11,20],"current_hp_per_floor":[66,61,54,54,54,54,42,41,41,41,41,41,27,32,54,30,64,67,67,67,38,47,47,24,46,46,0,0],"gold":170,"neow_bonus":"BOSS_RELIC","is_daily":false,"chose_seed":false,"campfire_upgraded":4,"win_rate":0.0,"timestamp":1609050864,"path_taken":["M","M","M","?","$","R","E","M","T","R","$","R","E","M","R","BOSS","M","?","$","?","M","R","E","R","T","M"],"items_purchased_type":["Card","Card","Card"],"build_version":"2020-12-22","purchased_purges":1,"victory":false,"max_hp_per_floor":[75,75,75,75,75,75,75,75,75,75,75,75,75,75,75,75,75,75,75,75,75,75,75,75,75,75,75,75],"relic_stats":{"Darkstone Periapt":0,"Happy Flower":[1],"counters":[14,54],"CeramicFish":0,"Pandora\u0027s Box":["Body Slam","Battle Trance","Uppercut","Cleave","Immolate","Wild Strike","Clash","Uppercut"],"obtain_stats":[{"Darkstone Periapt":13,"Ice Cream":24,"SlaversCollar":0,"Matryoshka":7,"Happy Flower":26,"CeramicFish":26,"Pandora\u0027s Box":17,"Red Mask":21,"Burning Blood":0,"Akabeko":9,"Meat on the Bone":9},{"Darkstone Periapt":6,"Ice Cream":13,"SlaversCollar":0,"Matryoshka":4,"Happy Flower":13,"CeramicFish":13,"Pandora\u0027s Box":8,"Red Mask":11,"Burning Blood":0,"Akabeko":5,"Meat on the Bone":5},{"Darkstone Periapt":21,"Ice Cream":49,"SlaversCollar":0,"Matryoshka":13,"Happy Flower":49,"CeramicFish":49,"Pandora\u0027s Box":34,"Red Mask":41,"Burning Blood":0,"Akabeko":15,"Meat on the Bone":15}],"Meat on the Bone":72},"card_choices":[{"not_picked":["Havoc","Warcry"],"picked":"Battle Trance","floor":1},{"not_picked":["Intimidate","Wild Strike"],"picked":"Pommel Strike","floor":2},{"not_picked":["Sever Soul","Wild Strike"],"picked":"Combust","floor":3},{"not_picked":["Sword Boomerang","Second Wind"],"picked":"Barricade","floor":7},{"not_picked":["Thunderclap","Whirlwind"],"picked":"True Grit","floor":8},{"not_picked":["Sentinel","Battle Trance"],"picked":"Bloodletting","floor":13},{"not_picked":["Flex","Flame Barrier"],"picked":"Corruption","floor":14},{"not_picked":["Berserk","Barricade"],"picked":"Fiend Fire","floor":16},{"not_picked":["Hemokinesis","Twin Strike"],"picked":"True Grit","floor":18},{"not_picked":["Cleave","Pommel Strike"],"picked":"Shrug It Off","floor":19},{"not_picked":["Thunderclap","Iron Wave"],"picked":"Intimidate","floor":21},{"not_picked":["Intimidate","Bludgeon","Fire Breathing"],"picked":"SKIP","floor":22},{"not_picked":["Perfected Strike+1","Sword Boomerang"],"picked":"Seeing Red+1","floor":24}],"player_experience":995752,"relics_obtained":[{"floor":7,"key":"Matryoshka"},{"floor":9,"key":"Akabeko"},{"floor":9,"key":"Meat on the Bone"},{"floor":13,"key":"Darkstone Periapt"},{"floor":21,"key":"Red Mask"},{"floor":24,"key":"Ice Cream"},{"floor":26,"key":"Happy Flower"},{"floor":26,"key":"CeramicFish"}],"event_choices":[{"damage_healed":0,"gold_gain":50,"player_choice":"Pray","damage_taken":0,"max_hp_gain":0,"max_hp_loss":0,"event_name":"Golden Shrine","floor":4,"gold_loss":0},{"damage_healed":0,"gold_gain":0,"player_choice":"Fought Bandits","damage_taken":0,"max_hp_gain":0,"max_hp_loss":0,"event_name":"Masked Bandits","floor":21,"gold_loss":0}],"is_beta":false,"boss_relics":[{"not_picked":["Empty Cage","Tiny House"],"picked":"Pandora\u0027s Box"}],"items_purged_floors":[5],"is_endless":false,"potions_floor_spawned":[3,13,16,18,19,21],"killed_by":"Chosen and Byrds","ascension_level":20}}