{"host":"43gh4c2f6tt319we","time":1609074191,"event":{"mods":["ATMod(∞¢Ë™Mod)","Act Like it!","BaseMod","Gensokyo","KinomotoSakuraMod(ƒæ÷Æ±æ”£)","Minty Spire (QoL Compilation)","Reimu£®≤©¿ˆ¡È√Œ£©","Remilia£®¿Ÿ√◊¿Ú—«£©","StSLib","The Alterego","The Bug Knight","Youmu£®ªÍ∆«—˝√Œ£©"],"gold_per_floor":[999,1019,1039,1039,969,981,981,981,981,981,1006,1023,1003,529,629,629,728,728,745,695,695,229,229,229,97,97,120,137,153,153,167,191,191,295,295,312,36,36,126,126,185,35,35,35,35,74,74,14,109,109,159,159,159,13,89,114],"floor_reached":107,"playtime":4769,"items_purged":["Clumsy","alterego_mod:Strike","alterego_mod:Stockings","alterego_mod:Strike"],"score":1451,"play_id":"a3a7d909-858e-4b33-8fb9-c453a1e876a0","local_time":"20201227220311","is_ascension_mode":false,"campfire_choices":[{"data":"alterego_mod:BrynhildrsRune","floor":57,"key":"SMITH"},{"data":"alterego_mod:Impale","floor":66,"key":"SMITH"},{"data":"alterego_mod:Defend","floor":74,"key":"SMITH"},{"data":"alterego_mod:TrickOrTreatment","floor":83,"key":"SMITH"},{"floor":97,"key":"RECALL"},{"floor":100,"key":"REST"},{"floor":103,"key":"REST"}],"circlet_count":0,"master_deck":["alterego_mod:Strike","alterego_mod:Strike+1","alterego_mod:Defend+1","alterego_mod:Defend+1","alterego_mod:Defend+1","alterego_mod:Defend+1","alterego_mod:Impale+1","alterego_mod:BigMeatyClaws","alterego_mod:BrynhildrsRune+1","alterego_mod:Cushion+1","alterego_mod:Stockings+1","alterego_mod:InsideBaseball","alterego_mod:SakuraLabyrinth+1","alterego_mod:BrynhildrRomantia+1","alterego_mod:TrickOrTreatment+1","Gensokyo:ShootingStar","alterego_mod:SideboobHour+1","alterego_mod:Cushion+1","alterego_mod:Smother","Gensokyo:CustomPotion","alterego_mod:SideboobHour+1","alterego_mod:Cushion+1"],"relics":["alterego_mod:MasochisticConstitution","AT_ATBox","Gensokyo:PortableGap","Gensokyo:NagashiBinaDoll","AT_SilvercatRing","Vajra","Mummified Hand","AT_BladeRuinedKing","Black Star","HornCleat","StoneCalendar","Gensokyo:RedStar","Toy Ornithopter","AT_RedNoBalance","Gambling Chip","Fusion Hammer","AT_MibuBalloonWealth","Happy Flower","AT_ImmortalShieldbow","FossilizedHelix","Pen Nib","AT_EbonyIvory","Whetstone"],"acts_visited":["Exordium","Gensokyo:Gensokyo","Gensokyo:Gensokyoer","TheEnding"],"potions_floor_usage":[61,81,81,81,84,84,101,106],"damage_taken":[{"damage":4,"enemies":"Gensokyo:Python","floor":52,"turns":4},{"damage":0,"enemies":"Gensokyo:3_Fairies","floor":53,"turns":5},{"damage":1,"enemies":"Gensokyo:2_Kodama","floor":56,"turns":6},{"damage":31,"enemies":"Gensokyo:Cirno","floor":61,"turns":7},{"damage":1,"enemies":"Gensokyo:CorruptedTreant","floor":62,"turns":7},{"damage":7,"enemies":"Gensokyo:3_Kodama","floor":63,"turns":6},{"damage":6,"enemies":"Gensokyo:Kokoro","floor":67,"turns":10},{"damage":16,"enemies":"Gensokyo:Chomper","floor":69,"turns":6},{"damage":4,"enemies":"Gensokyo:CosmicMonolith","floor":78,"turns":4},{"damage":7,"enemies":"Gensokyo:Mirror_and_Dog","floor":79,"turns":6},{"damage":31,"enemies":"Gensokyo:Swordslinger","floor":81,"turns":3},{"damage":34,"enemies":"Gensokyo:Kaguya","floor":84,"turns":13},{"damage":1,"enemies":"Gensokyo:AncientGuardian","floor":86,"turns":4},{"damage":1,"enemies":"Gensokyo:3_Bats","floor":89,"turns":4},{"damage":0,"enemies":"Gensokyo:Doremy","floor":91,"turns":4},{"damage":0,"enemies":"Gensokyo:Sharpion","floor":96,"turns":3},{"damage":0,"enemies":"Gensokyo:3_Boulders","floor":99,"turns":3},{"damage":24,"enemies":"Gensokyo:Shinki","floor":101,"turns":11},{"damage":20,"enemies":"Shield and Spear","floor":105,"turns":7},{"damage":41,"enemies":"The Heart","floor":106,"turns":10}],"seed_played":"2230345070759032233","potions_obtained":[{"floor":52,"key":"EntropicBrew"},{"floor":53,"key":"Weak Potion"},{"floor":56,"key":"DuplicationPotion"},{"floor":67,"key":"Regen Potion"},{"floor":99,"key":"Explosive Potion"},{"floor":105,"key":"Swift Potion"}],"is_trial":false,"path_per_floor":["M","M","?","?","M","R","?","?","T","E","M","M","$","?","R","B",null,"M","?","?","$","?","R","COS","$","T","M","M","?","M","T","R","B",null,"M","$","?","M","?","E","$","COS","T","?","M","R","?","M","R","B",null,"R","$","E","B",null],"character_chosen":"The_Alterego","items_purchased":["Mummified Hand","AT_BladeRuinedKing","alterego_mod:BrynhildrRomantia","StoneCalendar","AT_MibuBalloonWealth","Pen Nib"],"campfire_rested":2,"item_purchase_floors":[64,64,72,72,87,104],"current_hp_per_floor":[70,67,67,67,67,67,67,67,67,67,37,44,52,52,52,52,54,84,69,76,76,76,76,76,76,76,76,83,87,85,70,70,70,62,87,50,50,50,67,67,74,74,74,74,42,53,53,53,74,82,70,87,87,87,75,68],"gold":114,"neow_bonus":"HUNDRED_GOLD","is_daily":false,"chose_seed":false,"campfire_upgraded":4,"win_rate":0.0,"timestamp":1609074191,"path_taken":["M","M","?","?","?","R","?","?","T","E","?","M","$","?","R","BOSS","M","?","?","$","?","R","COS","?","T","?","M","?","?","?","R","BOSS","M","?","?","?","?","E","?","COS","T","?","?","R","?","M","R","BOSS","R","$","E","BOSS"],"items_purchased_type":["Relic","Relic","Card","Relic","Relic","Relic"],"build_version":"2020-12-22","purchased_purges":4,"victory":true,"max_hp_per_floor":[90,91,91,82,82,83,83,83,83,83,84,82,83,83,83,83,84,84,82,86,80,80,80,80,80,80,80,84,88,85,86,86,86,87,87,85,85,85,87,84,84,81,81,81,78,82,82,82,82,82,87,87,87,87,88,89],"card_choices":[{"not_picked":["alterego_mod:TrashNCrash","alterego_mod:PerceptionDisorder"],"picked":"alterego_mod:Cushion","floor":52},{"not_picked":["alterego_mod:RidiculouslyBig","alterego_mod:PresenceConcealment"],"picked":"alterego_mod:Stockings","floor":53},{"not_picked":["alterego_mod:Maid","alterego_mod:DeftHands","alterego_mod:1TonWallop"],"picked":"SKIP","floor":56},{"not_picked":["alterego_mod:PurpleHair","alterego_mod:HighServant"],"picked":"alterego_mod:InsideBaseball","floor":61},{"not_picked":["alterego_mod:TrashNCrash","alterego_mod:Undulate","alterego_mod:DeftHands"],"picked":"SKIP","floor":62},{"not_picked":["alterego_mod:GoddessCore","alterego_mod:Undulate"],"picked":"alterego_mod:SakuraLabyrinth","floor":63},{"not_picked":["alterego_mod:InsideBaseball","alterego_mod:BrynhildrRomantia"],"picked":"alterego_mod:AlterEgo","floor":67},{"not_picked":["alterego_mod:Complex","alterego_mod:Maid"],"picked":"alterego_mod:Stockings","floor":69},{"not_picked":["alterego_mod:Swimsuit","alterego_mod:BiFurious","alterego_mod:Mirror"],"picked":"SKIP","floor":78},{"not_picked":["alterego_mod:HighServant","alterego_mod:Bounce","alterego_mod:DiscoLights"],"picked":"SKIP","floor":79},{"not_picked":["alterego_mod:1TonWallop+1","alterego_mod:MagicResistance","alterego_mod:DustData+1"],"picked":"SKIP","floor":81},{"not_picked":[],"picked":"Gensokyo:ShootingStar","floor":84},{"not_picked":["alterego_mod:PainIsPleasure","alterego_mod:BrynhildrRomantia"],"picked":"alterego_mod:SideboobHour","floor":84},{"not_picked":["alterego_mod:Pet+1","alterego_mod:BeGentle+1","alterego_mod:Santa+1"],"picked":"SKIP","floor":86},{"not_picked":["alterego_mod:Support","alterego_mod:Pet"],"picked":"alterego_mod:Cushion","floor":89},{"not_picked":["alterego_mod:Exercise","alterego_mod:Rip+1"],"picked":"alterego_mod:Smother","floor":91},{"not_picked":["alterego_mod:Belts+1","alterego_mod:DiscoLights+1","alterego_mod:TrashNCrash+1"],"picked":"SKIP","floor":96},{"not_picked":["alterego_mod:MagicResistance+1","alterego_mod:HighServant+1"],"picked":"alterego_mod:SideboobHour","floor":99},{"not_picked":["alterego_mod:BusterCard+1","alterego_mod:Exercise"],"picked":"alterego_mod:Cushion+1","floor":105}],"player_experience":432614,"relics_obtained":[{"floor":60,"key":"AT_SilvercatRing"},{"floor":61,"key":"Vajra"},{"floor":77,"key":"Toy Ornithopter"},{"floor":91,"key":"Happy Flower"},{"floor":94,"key":"AT_ImmortalShieldbow"},{"floor":105,"key":"AT_EbonyIvory"},{"floor":105,"key":"Whetstone"}],"event_choices":[],"is_beta":false,"boss_relics":[{"not_picked":["Runic Pyramid","Pandora\u0027s Box"],"picked":"Black Star"},{"not_picked":["Empty Cage","Tiny House"],"picked":"Fusion Hammer"}],"items_purged_floors":[64,72,87,92],"is_endless":false,"potions_floor_spawned":[52,53,56,67,78,81,99,105],"ascension_level":0}}