{"host":"chv1qanoipyt46jc","time":1609098346,"event":{"mods":["2.2 Compatiblity","AchievementEnabler","BaseMod","BetterRewards","CapriCore","Card Filter","Gold Saver","Grow up Mod","Melee Mod","Minty Spire (QoL Compilation)","Rare Cards Sparkle","Relic Filter","Remove Card Discount Mod","Reorder Act Four","StSLib"],"gold_per_floor":[994,1009,1027,1044,1059,1059,1079,1079,1079,1079,1111,1134,1168,1168,1168,1266,1266,1286,1296,1296,1316,1316,1342,1362,1362,1362,1388,1403,1403,1429,1443,1443,1540,1540,1554,1573,1590,1604,1622,1622,1647,1662,1662,1693,1693,1707,1721,1721,1721,1721,1721,1719,1719,1751,1751],"floor_reached":56,"playtime":1768,"items_purged":["meleeMod_Shield","meleeMod_Shield","meleeMod_Shield","meleeMod_Shield","meleeMod_NeutralAir","meleeMod_SoftKnee","meleeMod_Shine"],"score":1785,"play_id":"d036d517-0a6c-47a4-bce4-243a5b246c4b","local_time":"20201227134546","is_ascension_mode":false,"campfire_choices":[{"data":"meleeMod_BackAir","floor":6,"key":"SMITH"},{"data":"meleeMod_VCancel","floor":10,"key":"SMITH"},{"floor":15,"key":"RECALL"},{"data":"meleeMod_EdgeCancel","floor":25,"key":"SMITH"},{"data":"meleeMod_EdgeCancel","floor":32,"key":"SMITH"},{"data":"meleeMod_Shine","floor":40,"key":"SMITH"},{"data":"meleeMod_Shine","floor":49,"key":"SMITH"},{"data":"meleeMod_Shine","floor":53,"key":"SMITH"}],"circlet_count":0,"master_deck":["meleeMod_BackAir+1","meleeMod_BabActivated+1","meleeMod_Shine+1","meleeMod_Shine","meleeMod_Shine+1","meleeMod_Shine+1","meleeMod_BackAir+1","meleeMod_VCancel+1","meleeMod_EdgeCancel+1","meleeMod_EdgeCancel+1"],"relics":["meleeMod_TeamBeerMang0","meleeMod_B0XX","Shuriken","TheAbacus","meleeMod_NoKnee","Juzu Bracelet","Omamori","meleeMod_AirWobbling","Black Star","HornCleat","Bronze Scales","Sundial","Centennial Puzzle","TungstenRod","Dream Catcher","Potion Belt","Coffee Dripper","Anchor","Calipers","InkBottle","Bag of Preparation","Pen Nib","Ornamental Fan","Mummified Hand"],"acts_visited":["Exordium","TheCity","TheBeyond","TheEnding"],"potions_floor_usage":[55,55,55,55,55],"damage_taken":[{"damage":0,"enemies":"Cultist","floor":1,"turns":1},{"damage":0,"enemies":"2 Louse","floor":2,"turns":1},{"damage":0,"enemies":"Jaw Worm","floor":3,"turns":1},{"damage":0,"enemies":"Blue Slaver","floor":4,"turns":1},{"damage":0,"enemies":"3 Louse","floor":5,"turns":1},{"damage":0,"enemies":"Gremlin Gang","floor":7,"turns":2},{"damage":0,"enemies":"Gremlin Nob","floor":11,"turns":2},{"damage":0,"enemies":"Lagavulin","floor":13,"turns":2},{"damage":0,"enemies":"Slime Boss","floor":16,"turns":3},{"damage":12,"enemies":"Shell Parasite","floor":18,"turns":2},{"damage":0,"enemies":"Spheric Guardian","floor":19,"turns":1},{"damage":18,"enemies":"Shelled Parasite and Fungi","floor":21,"turns":2},{"damage":21,"enemies":"Gremlin Leader","floor":23,"turns":3},{"damage":7,"enemies":"Snake Plant","floor":24,"turns":1},{"damage":12,"enemies":"Book of Stabbing","floor":27,"turns":2},{"damage":8,"enemies":"Chosen and Byrds","floor":28,"turns":2},{"damage":0,"enemies":"Gremlin Leader","floor":30,"turns":3},{"damage":11,"enemies":"Centurion and Healer","floor":31,"turns":2},{"damage":11,"enemies":"Collector","floor":33,"turns":3},{"damage":14,"enemies":"Orb Walker","floor":35,"turns":2},{"damage":15,"enemies":"3 Darklings","floor":36,"turns":2},{"damage":19,"enemies":"Writhing Mass","floor":37,"turns":3},{"damage":0,"enemies":"Transient","floor":38,"turns":5},{"damage":22,"enemies":"Jaw Worm Horde","floor":39,"turns":2},{"damage":0,"enemies":"Giant Head","floor":41,"turns":3},{"damage":0,"enemies":"Maw","floor":42,"turns":4},{"damage":1,"enemies":"Nemesis","floor":44,"turns":3},{"damage":0,"enemies":"3 Darklings","floor":46,"turns":2},{"damage":0,"enemies":"Spire Growth","floor":47,"turns":2},{"damage":15,"enemies":"Time Eater","floor":50,"turns":2},{"damage":0,"enemies":"Shield and Spear","floor":54,"turns":2},{"damage":68,"enemies":"The Heart","floor":55,"turns":4}],"seed_played":"-2751036871088288626","potions_obtained":[{"floor":1,"key":"Strength Potion"},{"floor":3,"key":"Dexterity Potion"},{"floor":33,"key":"Fire Potion"},{"floor":41,"key":"Swift Potion"}],"is_trial":false,"path_per_floor":["M","M","M","M","M","R","M","$","T","R","E","T","E","?","R","B",null,"M","M","$","M","?","E","M","R","T","E","M","$","E","M","R","B",null,"M","M","M","M","M","R","E","M","T","E","?","M","M","?","R","B",null,"$","R","E","B",null],"character_chosen":"FALCON","items_purchased":["meleeMod_SoftKnee","meleeMod_BabActivated","meleeMod_B0XX","Shuriken","TheAbacus","meleeMod_NoKnee","meleeMod_BackAir","Fire Potion"],"campfire_rested":0,"item_purchase_floors":[0,0,0,0,0,0,0,0],"current_hp_per_floor":[51,61,71,81,91,101,111,121,131,141,151,161,171,136,146,156,265,263,273,283,275,285,274,277,287,297,295,297,307,317,316,326,325,435,431,426,417,427,415,425,435,445,455,464,474,484,494,504,514,509,605,615,625,635,577],"gold":1751,"neow_bonus":"","is_daily":false,"chose_seed":false,"campfire_upgraded":7,"win_rate":0.0,"timestamp":1609098346,"path_taken":["M","M","?","?","M","R","M","$","T","R","E","?","E","?","R","BOSS","M","M","$","M","?","E","M","R","T","E","M","$","E","M","R","BOSS","M","M","M","M","M","R","E","M","T","E","?","M","M","?","R","BOSS","$","R","E","BOSS"],"items_purchased_type":["Card","Card","Relic","Relic","Relic","Relic","Card","Potion"],"build_version":"2020-12-22","purchased_purges":7,"victory":true,"max_hp_per_floor":[105,115,125,135,145,155,165,175,185,195,205,215,225,235,245,255,265,275,285,295,305,315,325,335,345,355,365,375,385,395,405,415,425,435,445,455,465,475,485,495,505,515,525,535,545,555,565,575,585,595,605,615,625,635,645],"card_choices":[{"not_picked":["meleeMod_DownSmash","meleeMod_Pause","meleeMod_BackAir"],"picked":"SKIP","floor":1},{"not_picked":["meleeMod_UpAir","meleeMod_Gentleman","meleeMod_FireFlower"],"picked":"SKIP","floor":2},{"not_picked":["meleeMod_UpAir","meleeMod_FalconKick","meleeMod_UpSmash"],"picked":"SKIP","floor":3},{"not_picked":["meleeMod_UnclePunch","meleeMod_UpTilt","meleeMod_FalconDive"],"picked":"SKIP","floor":4},{"not_picked":["meleeMod_ShieldDrop","meleeMod_BackAir","meleeMod_Pause"],"picked":"SKIP","floor":5},{"not_picked":["meleeMod_Wildfire","meleeMod_GetUpAttack"],"picked":"meleeMod_VCancel","floor":7},{"not_picked":["meleeMod_Gentleman","meleeMod_RapidJabs","meleeMod_ShieldPoke"],"picked":"SKIP","floor":11},{"not_picked":["meleeMod_WaveDash","meleeMod_FalconKick","meleeMod_SoftKnee"],"picked":"SKIP","floor":13},{"not_picked":["meleeMod_IKilledMufasa","meleeMod_SomebodyClipThat"],"picked":"meleeMod_EdgeCancel","floor":16},{"not_picked":["meleeMod_Moonwalking","meleeMod_BackAir","meleeMod_PowerShield"],"picked":"SKIP","floor":18},{"not_picked":["meleeMod_WallJump+1","meleeMod_RaptorBoost","meleeMod_ShieldPoke+1"],"picked":"SKIP","floor":19},{"not_picked":["meleeMod_CommandGrab+1","meleeMod_Fishing","meleeMod_SweetSpot"],"picked":"SKIP","floor":21},{"not_picked":["meleeMod_UpAir","meleeMod_SweetSpot+1","meleeMod_UpSmash"],"picked":"SKIP","floor":23},{"not_picked":["meleeMod_WaveLand","meleeMod_DownSmash","meleeMod_DownTilt"],"picked":"SKIP","floor":24},{"not_picked":["meleeMod_ForwardSmash","meleeMod_WaveDash+1","meleeMod_NoDI+1"],"picked":"SKIP","floor":27},{"not_picked":["meleeMod_Cautious+1","meleeMod_Wildfire+1","meleeMod_SoftKnee"],"picked":"SKIP","floor":28},{"not_picked":["meleeMod_BackAir+1","meleeMod_Fishing"],"picked":"meleeMod_EdgeCancel","floor":30},{"not_picked":["meleeMod_WaveLand","meleeMod_RockCrock","meleeMod_Knee"],"picked":"SKIP","floor":31},{"not_picked":["meleeMod_L_Cancel+1","meleeMod_NoDI","meleeMod_ShieldPoke"],"picked":"SKIP","floor":35},{"not_picked":["meleeMod_SuperSpicyCurry","meleeMod_Gentleman+1","meleeMod_WallJump+1"],"picked":"SKIP","floor":36},{"not_picked":["meleeMod_SweetSpot","meleeMod_UnclePunch+1","meleeMod_DashDance+1"],"picked":"SKIP","floor":37},{"not_picked":["meleeMod_FalconKick+1","meleeMod_WaveDash+1","meleeMod_ShieldPoke+1"],"picked":"SKIP","floor":38},{"not_picked":["meleeMod_RapidJabs+1","meleeMod_RockCrock","meleeMod_UpSmash"],"picked":"SKIP","floor":39},{"not_picked":["meleeMod_NippleSpike","meleeMod_ForwardSmash+1","meleeMod_WaveDash+1"],"picked":"SKIP","floor":41},{"not_picked":["meleeMod_WaveDash+1","meleeMod_UpTilt+1","meleeMod_DIMixUp"],"picked":"SKIP","floor":42},{"not_picked":["meleeMod_SweetSpot+1","meleeMod_GetUpAttack+1","meleeMod_Roll"],"picked":"SKIP","floor":44},{"not_picked":["meleeMod_BMoveSpecialist","meleeMod_UpAir+1","meleeMod_Knee"],"picked":"SKIP","floor":46},{"not_picked":["meleeMod_FireFlower+1","meleeMod_DownTilt+1","meleeMod_WallJump"],"picked":"SKIP","floor":47},{"not_picked":["meleeMod_L_Cancel","meleeMod_PowerShield+1","meleeMod_FalconPunch+1"],"picked":"SKIP","floor":54}],"player_experience":300484,"relics_obtained":[{"floor":11,"key":"Juzu Bracelet"},{"floor":12,"key":"Omamori"},{"floor":13,"key":"meleeMod_AirWobbling"},{"floor":23,"key":"HornCleat"},{"floor":23,"key":"Bronze Scales"},{"floor":26,"key":"Sundial"},{"floor":27,"key":"Centennial Puzzle"},{"floor":27,"key":"TungstenRod"},{"floor":30,"key":"Dream Catcher"},{"floor":30,"key":"Potion Belt"},{"floor":41,"key":"Anchor"},{"floor":41,"key":"Calipers"},{"floor":43,"key":"InkBottle"},{"floor":44,"key":"Bag of Preparation"},{"floor":44,"key":"Pen Nib"},{"floor":54,"key":"Ornamental Fan"},{"floor":54,"key":"Mummified Hand"}],"event_choices":[{"damage_healed":0,"gold_gain":0,"player_choice":"Entered Light","damage_taken":45,"max_hp_gain":0,"max_hp_loss":0,"event_name":"Shining Light","floor":14,"gold_loss":0,"cards_upgraded":["meleeMod_BabActivated","meleeMod_BackAir"]},{"damage_healed":0,"gold_gain":0,"player_choice":"Ignored","damage_taken":0,"max_hp_gain":0,"max_hp_loss":0,"event_name":"The Mausoleum","floor":22,"gold_loss":0},{"damage_healed":0,"gold_gain":0,"player_choice":"Memory 1","damage_taken":0,"max_hp_gain":0,"max_hp_loss":0,"event_name":"SensoryStone","floor":45,"gold_loss":0},{"damage_healed":0,"gold_gain":0,"player_choice":"Ignored","damage_taken":0,"max_hp_gain":0,"max_hp_loss":0,"event_name":"Tomb of Lord Red Mask","floor":48,"gold_loss":0}],"is_beta":false,"boss_relics":[{"not_picked":["Calling Bell","SlaversCollar"],"picked":"Black Star"},{"not_picked":["SacredBark","Astrolabe"],"picked":"Coffee Dripper"}],"items_purged_floors":[0,0,0,0,0,0,52],"is_endless":false,"potions_floor_spawned":[1,3,4,16,19,23,24,28,33,36,39,41,46,47],"ascension_level":0}}