{"host":"qj91dvco5uhu9oti","time":1609095778,"event":{"mods":["BaseMod","Colored Map","Keyboard Shortcuts","Minty Spire (QoL Compilation)","Permanent Neow","Quick Restart","Relic Stats","StSLib","SuperFastMode","everything is the same but u backflip on backflip"],"gold_per_floor":[117,3,78,93,93,93,122,122,122,135,148,165,165,175,175,175,175],"floor_reached":16,"playtime":264,"items_purged":["Strike_R"],"score":204,"play_id":"51cb8084-bd75-4d4c-9b43-fdbfb2663332","local_time":"20201228040258","is_ascension_mode":true,"campfire_choices":[{"data":"Uppercut","floor":6,"key":"SMITH"},{"data":"Sword Boomerang","floor":8,"key":"SMITH"},{"data":"Flex","floor":13,"key":"SMITH"},{"data":"Sword Boomerang","floor":15,"key":"SMITH"}],"circlet_count":0,"master_deck":["AscendersBane","Strike_R","Strike_R","Strike_R","Strike_R","Defend_R","Defend_R","Defend_R","Defend_R","Bash","Wild Strike","Flex+1","Uppercut+1","Sword Boomerang+1","Sword Boomerang+1","Carnage","Shrug It Off","Burning Pact"],"relics":["Burning Blood","Prayer Wheel","Singing Bowl"],"acts_visited":["Exordium"],"potions_floor_usage":[7],"damage_taken":[{"damage":1,"enemies":"Cultist","floor":1,"turns":3},{"damage":10,"enemies":"Small Slimes","floor":4,"turns":3},{"damage":42,"enemies":"Lagavulin","floor":7,"turns":7},{"damage":12,"enemies":"Jaw Worm","floor":10,"turns":2},{"damage":1,"enemies":"3 Louse","floor":11,"turns":3},{"damage":7,"enemies":"2 Fungi Beasts","floor":12,"turns":3},{"damage":3,"enemies":"Looter","floor":14,"turns":2},{"damage":35,"enemies":"The Guardian","floor":16,"turns":9}],"seed_played":"4028303758798432617","potions_obtained":[{"floor":4,"key":"SkillPotion"},{"floor":7,"key":"Explosive Potion"},{"floor":10,"key":"ElixirPotion"}],"is_trial":false,"path_per_floor":["M","$","?","M","?","R","E","R","T","M","M","M","R","M","R","B"],"character_chosen":"IRONCLAD","items_purchased":["Uppercut"],"campfire_rested":0,"item_purchase_floors":[2],"current_hp_per_floor":[73,73,62,58,58,58,22,22,22,16,25,26,26,33,33,0,0],"gold":175,"neow_bonus":"THREE_CARDS","is_daily":false,"chose_seed":false,"campfire_upgraded":4,"win_rate":0.0,"timestamp":1609095778,"path_taken":["M","$","?","M","?","R","E","R","T","M","M","M","R","M","R","BOSS"],"items_purchased_type":["Card"],"build_version":"2020-12-22","purchased_purges":1,"victory":false,"max_hp_per_floor":[75,75,75,75,75,75,75,75,75,75,79,81,81,85,85,85,85],"relic_stats":{"Singing Bowl":10,"counters":[8,32],"Prayer Wheel":4,"obtain_stats":[{"Singing Bowl":9,"Prayer Wheel":7,"Burning Blood":0},{"Singing Bowl":3,"Prayer Wheel":3,"Burning Blood":0},{"Singing Bowl":13,"Prayer Wheel":13,"Burning Blood":0}],"Burning Blood":42},"card_choices":[{"not_picked":["Evolve","Thunderclap"],"picked":"Wild Strike","floor":0},{"not_picked":["Warcry","Anger"],"picked":"Flex","floor":1},{"not_picked":["Twin Strike","Shrug It Off"],"picked":"Sword Boomerang","floor":4},{"not_picked":["Rupture","Evolve"],"picked":"Sword Boomerang","floor":7},{"not_picked":["Iron Wave","Heavy Blade"],"picked":"Carnage","floor":10},{"not_picked":["Offering","Perfected Strike"],"picked":"Shrug It Off","floor":10},{"not_picked":["Anger","Sever Soul","Havoc"],"picked":"Singing Bowl","floor":11},{"not_picked":["Wild Strike","Thunderclap","Seeing Red"],"picked":"Singing Bowl","floor":11},{"not_picked":["Headbutt","Reckless Charge","Clash"],"picked":"Singing Bowl","floor":12},{"not_picked":["Armaments","Headbutt"],"picked":"Burning Pact","floor":12},{"not_picked":["Rage","Havoc","Thunderclap"],"picked":"Singing Bowl","floor":14},{"not_picked":["Havoc","Pummel","Pommel Strike"],"picked":"Singing Bowl","floor":14}],"player_experience":307241,"relics_obtained":[{"floor":7,"key":"Prayer Wheel"},{"floor":9,"key":"Singing Bowl"}],"event_choices":[{"damage_healed":0,"gold_gain":75,"player_choice":"Gather Gold","damage_taken":11,"max_hp_gain":0,"max_hp_loss":0,"event_name":"World of Goop","floor":3,"gold_loss":0},{"damage_healed":0,"gold_gain":0,"player_choice":"Ignored","damage_taken":0,"max_hp_gain":0,"max_hp_loss":0,"event_name":"Liars Game","floor":5,"gold_loss":0}],"is_beta":false,"boss_relics":[],"items_purged_floors":[2],"is_endless":false,"potions_floor_spawned":[4,7,10],"killed_by":"The Guardian","ascension_level":20}}