{"host":"1zjc08c6hob33401","time":1609030161,"event":{"mods":["AchievementEnabler","Act Like it!","Aspiration","BaseMod","Downfall","Energized Spire","GifTheSpireLib","Hubris","Infinite Spire","Jedi Mod","Jorbs\u0027s Wanderer Trilogy","Marisa????????","Minty Spire (QoL Compilation)","Pale of the Ancients","Quick Restart","Replay The Spire","Retaliation","Shop Mod","StSLib","Stuff the Spire","Swap Starting Deck Mod","The Blue Laboratory","Wandering Minibosses","vexMod"],"gold_per_floor":[118,7,7,20,20,20,35,35,107,107,138,148,160,160,160,259,259,270,270,270,287,287,287,300,300,326,326,341,355,390,390,390,486,486,497,31,31,42,61,61,61,61,109,109,119,174,29,49,49,49,66,66,66,66,66,86,86,113,113,113,113],"floor_reached":60,"playtime":3403,"items_purged":["sneckomod:Defend","sneckomod:Defend"],"score":1011,"play_id":"3da59847-5b35-4e47-a6db-9d8ada8d45aa","local_time":"20201227024921","is_ascension_mode":false,"campfire_choices":[{"data":"sneckomod:UnknownClassBLESSING","floor":6.0,"key":"SMITH"},{"data":"sneckomod:ImprovisedAttack","floor":8.0,"key":"SMITH"},{"data":"sneckomod:SlitherStrike","floor":10.0,"key":"SMITH"},{"data":"sneckomod:DangerNoodle","floor":15.0,"key":"SMITH"},{"data":"sneckomod:MorePower","floor":23.0,"key":"SMITH"},{"data":"sneckomod:UnknownClassGREEN","floor":25.0,"key":"SMITH"},{"data":"sneckomod:UnknownEthereal","floor":27.0,"key":"SMITH"},{"data":"hubris:InfiniteBlow+2","floor":32.0,"key":"SMITH"},{"data":"hubris:InfiniteBlow+5","floor":40.0,"key":"SMITH"},{"data":"hubris:InfiniteBlow+6","floor":42.0,"key":"SMITH"},{"data":"hubris:InfiniteBlow+7","floor":44.0,"key":"SMITH"},{"data":"hubris:InfiniteBlow+8","floor":49.0,"key":"SMITH"},{"data":"hubris:InfiniteBlow+11","floor":55,"key":"SMITH"},{"data":"hubris:InfiniteBlow+12","floor":57,"key":"SMITH"}],"circlet_count":0,"master_deck":["sneckomod:Strike","sneckomod:TailWhip+1","sneckomod:SnekBite+1","sneckomod:Unknown","sneckomod:Unknown","sneckomod:UnknownClassBLESSING+1","sneckomod:SlitherStrike+1","sneckomod:ImprovisedAttack+1","sneckomod:UnknownEthereal+1","sneckomod:UnknownClassHEXA_GHOST_PURPLE+1","sneckomod:TrashToTreasure","sneckomod:DangerNoodle+1","sneckomod:MorePower+1","sneckomod:UnknownX+1","sneckomod:ImprovisedAttack+1","sneckomod:UnknownRareSkill+1","sneckomod:UnknownClassGREEN+1","stsjorbsmod:TrueStrike+1","stsjorbsmod:WastingStrike+1","champ:MurderStrike+1","Replay:Sssssssssstrike+1","Meteor Strike+1","Perfected Strike+1","sneckomod:UnknownClassBLESSING+1","sneckomod:UnknownStrike+1","sneckomod:UnknownColorless+1","sneckomod:UnknownUncommonPower","sneckomod:Unknown3Cost+1","sneckomod:SnakeSap+1","sneckomod:UnknownClassSLIMEBOUND+1","sneckomod:UnknownClassCULL_RED_COLOR+1","hubris:InfiniteBlow+13","sneckomod:UnknownRareAttack+1","sneckomod:UnknownRareSkill+1","sneckomod:QuickBite+1","Perfected Strike+1","sneckomod:SoulRoll+1","sneckomod:UnknownStrike+1","sneckomod:DiceBoulder+1","sneckomod:UnknownDexterity+1","sneckomod:QuickBite+1","sneckomod:SerpentMind","sneckomod:WideSting+1","sneckomod:UnknownStrength+1","sneckomod:UnknownEthereal+1","Replay:Bag of Tricks","Choke+1","StuffTheSpire:FinalStruggle+1","sneckomod:UnknownRareAttack+1","sneckomod:UnknownCommonAttack+1","stsjorbsmod:Procrastination"],"relics":["sneckomod:SneckoSoul","hubris:SphereOfDissonance","hubris:PeanutButter","SlaversCollar","Molten Egg 2","Boot","vexMod:FocusSash","Replay:Bronze Core","Bag of Preparation","Guide Book","infinitespire:Satchel","hubris:TenFootPole","CatCart","StuffTheSpire:Experiment12","paleoftheancients:Timepiece","Oddly Smooth Stone","Gremlin Horn","paleoftheancients:SoulOfTheSilent","Thread and Needle","ReplayTheSpireMod:TigerMarble"],"acts_visited":["Exordium","TheCity","TheBeyond","paleoftheancients:PaleOfTheAncients"],"potions_floor_usage":[60],"damage_taken":[{"damage":0.0,"enemies":"Small Slimes","floor":1.0,"turns":3.0},{"damage":5.0,"enemies":"2 Louse","floor":4.0,"turns":2.0},{"damage":0.0,"enemies":"Cultist","floor":7.0,"turns":2.0},{"damage":10.0,"enemies":"Gremlin Nob","floor":11.0,"turns":3.0},{"damage":0.0,"enemies":"Large Slime","floor":12.0,"turns":3.0},{"damage":0.0,"enemies":"3 Louse","floor":13.0,"turns":3.0},{"damage":42.0,"enemies":"Slime Boss","floor":16.0,"turns":8.0},{"damage":12.0,"enemies":"Spheric Guardian","floor":18.0,"turns":3.0},{"damage":0.0,"enemies":"Shell Parasite","floor":21.0,"turns":2.0},{"damage":16.0,"enemies":"3 Cultists","floor":24.0,"turns":5.0},{"damage":17.0,"enemies":"Centurion and Healer","floor":28.0,"turns":3.0},{"damage":0.0,"enemies":"Snecko","floor":29.0,"turns":3.0},{"damage":0.0,"enemies":"Gremlin Leader","floor":30.0,"turns":3.0},{"damage":0.0,"enemies":"Champ","floor":33.0,"turns":5.0},{"damage":23.0,"enemies":"3 Shapes","floor":35.0,"turns":2.0},{"damage":1.0,"enemies":"3 Darklings","floor":38.0,"turns":2.0},{"damage":9.0,"enemies":"4 Shapes","floor":39.0,"turns":3.0},{"damage":0.0,"enemies":"Transient","floor":45.0,"turns":5.0},{"damage":52.0,"enemies":"Orin","floor":46.0,"turns":6.0},{"damage":4.0,"enemies":"Spire Growth","floor":48.0,"turns":2.0},{"damage":70.0,"enemies":"hubris:GrandSnecko","floor":50.0,"turns":6.0},{"damage":102,"enemies":"hubris:GrandSnecko","floor":51,"turns":5},{"damage":48,"enemies":"hubris:GrandSnecko","floor":52,"turns":2},{"damage":36,"enemies":"hubris:GrandSnecko","floor":56,"turns":3},{"damage":174,"enemies":"paleoftheancients:N","floor":60,"turns":8}],"seed_played":"-5806252334264765136","potions_obtained":[{"floor":11.0,"key":"EssenceOfSteel"},{"floor":13.0,"key":"blueLaboratory:CorrosionFlask"},{"floor":14.0,"key":"SkillPotion"},{"floor":14.0,"key":"jedi:wingpotion"},{"floor":16.0,"key":"Energy Potion"},{"floor":28.0,"key":"DistilledChaos"},{"floor":38.0,"key":"sneckomod:DiceRollPotion"},{"floor":39.0,"key":"blueLaboratory:FruitPreserves"},{"floor":45.0,"key":"blueLaboratory:RememoryPotion"}],"is_trial":false,"path_per_floor":["M","$","?","M","$","R","M","R","T","R","E","M","M","?","R","B",null,"M","?","?","M","?","R","M","R","T","R","M","M","E","AVR","R","B",null,"M","$","?","M","M","R","?","R","T","R","M","?","$","M","R","B","M","M","?","T","R","M","R","T","?","B"],"character_chosen":"THE_SNECKO","items_purchased":["sneckomod:SlitherStrike","Bag of Preparation","Guide Book","infinitespire:Satchel","StuffTheSpire:Experiment12"],"campfire_rested":0,"item_purchase_floors":[2,36,36,36,47],"current_hp_per_floor":[91,91,91,86,86,86,87,87,87,87,78,78,78,78,78,36,93,94,94,94,96,96,96,82,82,82,82,67,68,72,72,72,74,107,88,88,88,88,80,80,80,80,80,80,85,33,33,29,29,110,10,112,112,112,112,78,78,78,78,0,0],"gold":113,"neow_bonus":"UPGRADE_CARD","is_daily":false,"chose_seed":false,"campfire_upgraded":14,"win_rate":0.0,"timestamp":1609030161,"path_taken":["M","$","?","M","$","R","M","R","T","R","E","M","M","?","R","BOSS","M","?","?","M","?","R","?","R","T","R","M","M","E","AVR","R","BOSS","M","$","?","M","?","R","?","R","T","R","?","?","$","M","R","BOSS","M","M","?","T","R","M","R","T","?","BOSS"],"items_purchased_type":["Card","Relic","Relic","Relic","Relic"],"build_version":"2020-12-22","purchased_purges":2,"victory":false,"max_hp_per_floor":[91,91,91,91,91,91,92,92,92,92,93,93,93,93,93,93,93,94,94,94,96,96,96,98,98,98,98,100,101,105,105,105,107,107,107,107,107,108,109,109,109,109,109,109,110,110,110,110,110,110,112,112,112,112,112,114,114,114,114,123,123],"card_choices":[{"not_picked":["sneckomod:SoulDraw","sneckomod:UnknownCommonAttack"],"picked":"sneckomod:UnknownClassBLESSING","floor":1.0},{"not_picked":["sneckomod:UnknownX","sneckomod:UnknownWeak"],"picked":"sneckomod:ImprovisedAttack","floor":4.0},{"not_picked":["sneckomod:UnknownStrike","sneckomod:DiceCrush"],"picked":"sneckomod:UnknownEthereal","floor":7.0},{"not_picked":["sneckomod:ImprovisedAttack","sneckomod:WideSting"],"picked":"sneckomod:UnknownClassHEXA_GHOST_PURPLE","floor":11.0},{"not_picked":["sneckomod:UnknownClassWANDERER_GRAY_COLOR","sneckomod:Nope"],"picked":"sneckomod:TrashToTreasure","floor":12.0},{"not_picked":["sneckomod:IronFang","sneckomod:CheapStock"],"picked":"sneckomod:DangerNoodle","floor":13.0},{"not_picked":["sneckomod:UnknownRareAttack","sneckomod:UnknownRarePower"],"picked":"sneckomod:MorePower","floor":16.0},{"not_picked":["sneckomod:UnknownClassWANDERER_GRAY_COLOR+1","sneckomod:UnknownCommonSkill+1"],"picked":"sneckomod:UnknownX+1","floor":18.0},{"not_picked":["sneckomod:SoulRoll+1","sneckomod:IronFang"],"picked":"sneckomod:ImprovisedAttack+1","floor":18.0},{"not_picked":["sneckomod:Unknown3Cost+1","sneckomod:UnknownClassCULL_RED_COLOR+1"],"picked":"sneckomod:UnknownRareSkill+1","floor":21.0},{"not_picked":["sneckomod:QuickMove","sneckomod:UnknownBlock"],"picked":"sneckomod:UnknownClassGREEN","floor":21.0},{"not_picked":["sneckomod:UnknownClassTHE_CHAMP_GRAY+1","sneckomod:UnknownStrike+1"],"picked":"sneckomod:UnknownClassBLESSING+1","floor":24.0},{"not_picked":["sneckomod:UnknownCommonSkill","sneckomod:Rotation"],"picked":"sneckomod:UnknownStrike+1","floor":24.0},{"not_picked":["sneckomod:UnknownClassDEFAULT_GRAY_COLOR+1","sneckomod:Unknown+1"],"picked":"sneckomod:UnknownColorless+1","floor":28.0},{"not_picked":["sneckomod:UnknownCommonSkill","sneckomod:UnknownBlock"],"picked":"sneckomod:UnknownUncommonPower","floor":28.0},{"not_picked":["sneckomod:UnknownBlock+1","sneckomod:UnknownClassPALE_SHOWMAN_PURPLE_COLOR+1"],"picked":"sneckomod:Unknown3Cost+1","floor":29.0},{"not_picked":["sneckomod:UnknownClassHEXA_GHOST_PURPLE","sneckomod:Unknown0Cost"],"picked":"sneckomod:SnakeSap+1","floor":29.0},{"not_picked":["sneckomod:Unknown+1","sneckomod:UnknownClassMARISA_COLOR+1"],"picked":"sneckomod:UnknownClassSLIMEBOUND+1","floor":30.0},{"not_picked":["sneckomod:UnknownWeak","sneckomod:SoulRoll"],"picked":"sneckomod:UnknownClassCULL_RED_COLOR+1","floor":30.0},{"not_picked":["sneckomod:UnknownStrength+1","sneckomod:UnknownClassWANDERER_GRAY_COLOR+1"],"picked":"sneckomod:UnknownRareAttack+1","floor":33.0},{"not_picked":["sneckomod:Cheat","sneckomod:Unknown3Cost"],"picked":"sneckomod:UnknownRareSkill","floor":33.0},{"not_picked":["sneckomod:UnknownWeak","sneckomod:UnknownCommonAttack+1"],"picked":"sneckomod:QuickBite+1","floor":35.0},{"not_picked":["sneckomod:UnknownWeak","sneckomod:TrashToTreasure"],"picked":"sneckomod:SoulRoll+1","floor":38.0},{"not_picked":["sneckomod:UnknownUncommonSkill+1","sneckomod:UnknownClassWANDERER_GRAY_COLOR+1"],"picked":"sneckomod:UnknownStrike+1","floor":39.0},{"not_picked":["sneckomod:Unknown1Cost+1","sneckomod:DefensiveFlair+1"],"picked":"sneckomod:DiceBoulder+1","floor":39.0},{"not_picked":["sneckomod:Unknown+1","sneckomod:UnknownWeak+1"],"picked":"sneckomod:UnknownDexterity+1","floor":45.0},{"not_picked":["sneckomod:UnknownCommonSkill","sneckomod:DiceCrush+1"],"picked":"sneckomod:QuickBite+1","floor":45.0},{"not_picked":["sneckomod:UnknownClassBLUE+1","sneckomod:MasterEye+1"],"picked":"sneckomod:SerpentMind","floor":46.0},{"not_picked":["sneckomod:UnknownClassMARISA_COLOR","sneckomod:UnknownX"],"picked":"sneckomod:WideSting+1","floor":48.0},{"not_picked":["sneckomod:UnknownDexterity+1","sneckomod:UnknownX+1"],"picked":"sneckomod:UnknownStrength+1","floor":51},{"not_picked":["sneckomod:UnknownStrike+1","sneckomod:MasterEye+1"],"picked":"sneckomod:UnknownEthereal+1","floor":51},{"not_picked":["sneckomod:UnknownClassSLIMEBOUND+1","sneckomod:UnknownCommonAttack+1"],"picked":"sneckomod:UnknownRareAttack+1","floor":56},{"not_picked":["sneckomod:SlitherStrike+1","sneckomod:SerpentIdol"],"picked":"sneckomod:UnknownCommonAttack+1","floor":56}],"player_experience":406060,"relics_obtained":[{"floor":9.0,"key":"hubris:SphereOfDissonance"},{"floor":11.0,"key":"hubris:PeanutButter"},{"floor":26.0,"key":"Boot"},{"floor":30.0,"key":"vexMod:FocusSash"},{"floor":43.0,"key":"hubris:TenFootPole"},{"floor":46.0,"key":"CatCart"},{"floor":51,"key":"paleoftheancients:SoulOfTheSilent"},{"floor":54,"key":"Thread and Needle"},{"floor":58,"key":"ReplayTheSpireMod:TigerMarble"}],"event_choices":[{"damage_healed":0.0,"max_hp_gain":0.0,"max_hp_loss":0.0,"gold_gain":0.0,"event_name":"Lab","player_choice":"Got Potions","floor":14.0,"gold_loss":0.0,"damage_taken":0.0},{"damage_healed":0.0,"max_hp_gain":0.0,"max_hp_loss":0.0,"gold_gain":0.0,"event_name":"Duplicator","player_choice":"Copied","floor":37.0,"gold_loss":0.0,"damage_taken":0.0,"cards_obtained":["Perfected Strike"]},{"damage_healed":0.0,"max_hp_gain":0.0,"max_hp_loss":0.0,"gold_gain":0.0,"event_name":"WeMeetAgain","player_choice":"Ignored","floor":41.0,"gold_loss":0.0,"damage_taken":0.0},{"damage_healed":0.0,"max_hp_gain":0.0,"max_hp_loss":0.0,"gold_gain":0.0,"event_name":"OrinTheCat","player_choice":"Fight","floor":46.0,"gold_loss":0.0,"damage_taken":0.0}],"is_beta":false,"boss_relics":[{"not_picked":["energizedSpire:HugeHouse","aspiration:PoetsPen_weak"],"picked":"SlaversCollar"},{"not_picked":["SacredBark","Abe\u0027s Treasure"],"picked":"Replay:Bronze Core"}],"items_purged_floors":[2,31],"is_endless":false,"potions_floor_spawned":[11,13,16,24,28,29,38,39,45,52],"killed_by":"paleoftheancients:N","ascension_level":0}}