{"host":"o54aw4mfims5m8ve","time":1609111220,"event":{"mods":["BaseMod","Downfall","Minty Spire (QoL Compilation)","StSLib","The Cursed","The Saiyan","The Senshi"],"gold_per_floor":[109,128,12,26,41,41,70,70,146,146,146,174,193,205,205,310,310,328,346,38,52,69,69,88,88,88,88,88,13,42,60,60,162,162,180,191,191,0,14,41,41,57,57,57,75,103,3,19,19,19],"floor_reached":51,"playtime":5049,"items_purged":["theSenshi:SailorBlock","theSenshi:SailorKick"],"score":848,"play_id":"d2d004d1-48ae-421b-86ef-901eae0a7796","local_time":"20201227232020","is_ascension_mode":true,"campfire_choices":[{"data":"theSenshi:MoonPrincessHalation","floor":6,"key":"SMITH"},{"data":"theSenshi:MoonCrisisMakeUp","floor":8,"key":"SMITH"},{"floor":11,"key":"REST"},{"data":"theSenshi:MoonCrisisMakeUp","floor":15,"key":"SMITH"},{"data":"theSenshi:MoonCrisisMakeUp","floor":23,"key":"SMITH"},{"data":"theSenshi:MoonCosmicPowerMakeUp","floor":25,"key":"SMITH"},{"data":"theSenshi:MoonHealingEscalation","floor":28,"key":"SMITH"},{"data":"theSenshi:UranusStrength","floor":32,"key":"SMITH"},{"data":"theSenshi:SilverMoonCrystalPowerKiss","floor":41,"key":"SMITH"},{"data":"theSenshi:MoonCosmicPowerMakeUp","floor":44,"key":"SMITH"},{"data":"theSenshi:MoonPrismPowerMakeUp","floor":49,"key":"SMITH"}],"circlet_count":0,"master_deck":["theSenshi:SailorKick+1","theSenshi:SailorKick+1","theSenshi:SailorBlock","theSenshi:SailorBlock","theSenshi:SailorBlock","theSenshi:RoseThrow+1","theSenshi:MoonPrismPowerMakeUp+1","theSenshi:MoonPunch","theSenshi:Sidestep","theSenshi:MoonCrisisMakeUp+1","theSenshi:MoonPrincessHalation+1","theSenshi:MoonsReflection","theSenshi:MoonHealingEscalation+1","theSenshi:MoonCrisisMakeUp+1","theSenshi:SailorChibiMoonAssists","theSenshi:MoonTiaraMagic","theSenshi:MoonCosmicPowerMakeUp+1","theSenshi:SailorCosmosAssists","theSenshi:RainbowMoonHeartAche+1","theSenshi:MoonCrisisMakeUp+1","theSenshi:SailorMercuryAssists","theSenshi:MercurysCunning","theSenshi:MoonHealingEscalation+1","theSenshi:UranusStrength+1","theSenshi:SilverMoonCrystalPowerKiss+1","theSenshi:MoonKick+1","theSenshi:MoonCosmicPowerMakeUp+1","theSenshi:MoonCrisisMakeUp+1","Parasite"],"relics":["theSenshi:TransformationBroochRelic","Prayer Wheel","theSenshi:TransformationPenRelic","theSenshi:CosmicHeartCompactRelic","SacredBark","theSenshi:SpiralHeartMoonRodRelic","Question Card","Whetstone","Runic Pyramid","Medical Kit","Ornamental Fan","Du-Vu Doll","theSenshi:CrescentMoonWandRelic"],"acts_visited":["Exordium","TheCity","TheBeyond"],"potions_floor_usage":[12,16,16,30,30,30,33,39,40,40,50,50],"damage_taken":[{"damage":3,"enemies":"Small Slimes","floor":1,"turns":7},{"damage":0,"enemies":"Cultist","floor":2,"turns":4},{"damage":9,"enemies":"2 Louse","floor":4,"turns":3},{"damage":4,"enemies":"Exordium Wildlife","floor":5,"turns":4},{"damage":17,"enemies":"Lagavulin","floor":7,"turns":6},{"damage":10,"enemies":"3 Sentries","floor":12,"turns":11},{"damage":0,"enemies":"2 Fungi Beasts","floor":13,"turns":2},{"damage":0,"enemies":"Exordium Thugs","floor":14,"turns":5},{"damage":8,"enemies":"Hexaghost","floor":16,"turns":12},{"damage":0,"enemies":"Chosen","floor":18,"turns":6},{"damage":0,"enemies":"Shell Parasite","floor":19,"turns":5},{"damage":17,"enemies":"Centurion and Healer","floor":21,"turns":8},{"damage":15,"enemies":"Snake Plant","floor":22,"turns":5},{"damage":0,"enemies":"Snecko","floor":24,"turns":4},{"damage":2,"enemies":"Slavers","floor":30,"turns":9},{"damage":2,"enemies":"Centurion and Healer","floor":31,"turns":5},{"damage":7,"enemies":"Champ","floor":33,"turns":11},{"damage":0,"enemies":"Orb Walker","floor":35,"turns":3},{"damage":0,"enemies":"3 Shapes","floor":36,"turns":5},{"damage":0,"enemies":"3 Darklings","floor":39,"turns":6},{"damage":36,"enemies":"Nemesis","floor":40,"turns":9},{"damage":11,"enemies":"4 Shapes","floor":42,"turns":7},{"damage":20,"enemies":"Jaw Worm Horde","floor":45,"turns":6},{"damage":11,"enemies":"Giant Head","floor":46,"turns":8},{"damage":0,"enemies":"Writhing Mass","floor":48,"turns":5},{"damage":16,"enemies":"Awakened One","floor":50,"turns":14}],"seed_played":"701786719482943314","potions_obtained":[{"floor":2,"key":"Explosive Potion"},{"floor":12,"key":"LiquidMemories"},{"floor":13,"key":"EssenceOfSteel"},{"floor":18,"key":"Explosive Potion"},{"floor":19,"key":"GamblersBrew"},{"floor":22,"key":"Dexterity Potion"},{"floor":31,"key":"Fire Potion"},{"floor":35,"key":"Fire Potion"},{"floor":39,"key":"EntropicBrew"},{"floor":46,"key":"Regen Potion"}],"is_trial":false,"path_per_floor":["M","M","$","M","M","R","E","R","T","?","R","E","M","M","R","B",null,"M","M","$","M","M","R","M","R","T","$","R","$","E","M","R","B",null,"M","M","?","$","M","E","R","M","T","R","M","E","$","M","R","B",null],"character_chosen":"THE_SENSHI","items_purchased":["theSenshi:MoonCrisisMakeUp","theSenshi:SpiralHeartMoonRodRelic","theSenshi:UranusStrength","Medical Kit","theSenshi:MoonCosmicPowerMakeUp"],"campfire_rested":1,"item_purchase_floors":[3,20,29,38,38],"current_hp_per_floor":[72,72,72,63,59,59,42,42,42,42,64,54,59,69,69,72,75,75,75,75,67,59,59,61,61,61,61,61,61,75,75,75,75,75,75,75,71,71,71,69,69,70,70,70,71,71,71,71,71,66],"gold":19,"neow_bonus":"REMOVE_CARD","is_daily":false,"chose_seed":false,"campfire_upgraded":10,"win_rate":0.0,"timestamp":1609111220,"path_taken":["M","M","$","M","M","R","E","R","T","?","R","E","M","M","R","BOSS","M","M","$","M","M","R","M","R","T","?","R","$","E","M","R","BOSS","M","M","?","$","M","E","R","M","T","R","M","E","$","M","R","BOSS"],"items_purchased_type":["Card","Relic","Card","Relic","Card"],"build_version":"2020-12-22","purchased_purges":2,"victory":true,"max_hp_per_floor":[75,75,75,75,75,75,75,75,75,75,75,75,75,75,75,75,75,75,75,75,75,75,75,75,75,75,75,75,75,75,75,75,75,75,75,75,71,71,71,71,71,71,71,71,71,71,71,71,71,71],"card_choices":[{"not_picked":["theSenshi:SchoolBag","theSenshi:SailorVenusAssists"],"picked":"theSenshi:MoonPunch","floor":1},{"not_picked":["theSenshi:SchoolBag","theSenshi:MoonPunch"],"picked":"theSenshi:Sidestep","floor":2},{"not_picked":["theSenshi:SailorVenusAssists","theSenshi:FatedKiss","theSenshi:MoonSpiralHeartAttack"],"picked":"SKIP","floor":4},{"not_picked":["theSenshi:SchoolBag","theSenshi:SupersonicWaves"],"picked":"theSenshi:MoonPrincessHalation","floor":5},{"not_picked":["theSenshi:SchoolBag","theSenshi:LunaSensingAllies"],"picked":"theSenshi:MoonsReflection","floor":7},{"not_picked":["theSenshi:MarsPride","theSenshi:SailorPlutoAssists"],"picked":"theSenshi:MoonHealingEscalation","floor":12},{"not_picked":["theSenshi:MoonPower","theSenshi:DramaticEntrance"],"picked":"theSenshi:MoonCrisisMakeUp","floor":13},{"not_picked":["theSenshi:HesSoDreamy","theSenshi:MoonHealingEscalation"],"picked":"theSenshi:SailorChibiMoonAssists","floor":13},{"not_picked":["theSenshi:SchoolBag","theSenshi:SupersonicWaves"],"picked":"theSenshi:MoonTiaraMagic","floor":14},{"not_picked":["theSenshi:MoonPunch","theSenshi:TuxedoMaskAssists"],"picked":"theSenshi:MoonCosmicPowerMakeUp","floor":14},{"not_picked":["theSenshi:GlimpseOfThePast","theSenshi:ChibiMoonsLove"],"picked":"theSenshi:SailorCosmosAssists","floor":16},{"not_picked":["theSenshi:LunasBite","theSenshi:MoonsReflection"],"picked":"theSenshi:RainbowMoonHeartAche+1","floor":18},{"not_picked":["theSenshi:Sidestep","theSenshi:TuxedoSmokingBomber+1"],"picked":"theSenshi:MoonCrisisMakeUp","floor":18},{"not_picked":["theSenshi:TallSilhouette","theSenshi:Sidestep"],"picked":"theSenshi:SailorMercuryAssists","floor":19},{"not_picked":["theSenshi:Overload+1","theSenshi:MoonTiaraMagic","theSenshi:MoonPrincessHalation"],"picked":"SKIP","floor":19},{"not_picked":["theSenshi:MoonKick","theSenshi:Sidestep+1"],"picked":"theSenshi:MercurysCunning","floor":21},{"not_picked":["theSenshi:LunaWiseMentor","theSenshi:Overload+1","theSenshi:MoonKick"],"picked":"SKIP","floor":21},{"not_picked":["theSenshi:SailorPlanetAttack+1","theSenshi:MoonSpiralHeartAttack+1","theSenshi:SailorStarMakerAssists"],"picked":"SKIP","floor":22},{"not_picked":["theSenshi:EncouragingSpeech","theSenshi:TuxedoSmokingBomber","theSenshi:InTheNickOfTime"],"picked":"SKIP","floor":22},{"not_picked":["theSenshi:SailorPlutoAssists","theSenshi:VenusGlamour"],"picked":"theSenshi:MoonHealingEscalation+1","floor":24},{"not_picked":["theSenshi:MoonPunch","theSenshi:MoonTiaraMagic+1","theSenshi:EncouragingSpeech"],"picked":"SKIP","floor":24},{"not_picked":["theSenshi:MoonPower+1","theSenshi:SailorJupiterAssists","theSenshi:MoonlightKnight","theSenshi:OdangoHead"],"picked":"SKIP","floor":30},{"not_picked":["theSenshi:TallSilhouette","theSenshi:MoonPower","theSenshi:SailorChibiMoonAssists+1","theSenshi:SailorMercuryAssists"],"picked":"SKIP","floor":31},{"not_picked":["theSenshi:MoonTiaraMagic","theSenshi:SailorStarMakerAssists+1","theSenshi:NeptunesGrace+1","theSenshi:SailorVenusAssists"],"picked":"SKIP","floor":31},{"not_picked":["theSenshi:IWillPunishYou","theSenshi:SailorPlutoAssists","theSenshi:InTheNameOfTheMoon"],"picked":"theSenshi:SilverMoonCrystalPowerKiss","floor":33},{"not_picked":["theSenshi:MoonPower","theSenshi:LunaWiseMentor","theSenshi:LateForSchool+1"],"picked":"theSenshi:MoonKick+1","floor":35},{"not_picked":["theSenshi:MoonPrincessHalation+1","theSenshi:CrisisMakeUp","theSenshi:SailorVenusAssists","theSenshi:TallSilhouette+1"],"picked":"SKIP","floor":35},{"not_picked":["theSenshi:MoonTiaraMagic","theSenshi:TuxedoSmokingBomber","theSenshi:SailorMarsAssists+1","theSenshi:SailorStarFighterAssists+1"],"picked":"SKIP","floor":36},{"not_picked":["theSenshi:SilverMoonCrystalPowerKiss","theSenshi:HesSoDreamy","theSenshi:EncouragingSpeech","theSenshi:LunasBite"],"picked":"SKIP","floor":36},{"not_picked":["theSenshi:Sidestep+1","theSenshi:SchoolBag","theSenshi:MoonPower+1","theSenshi:MoonSpiralHeartAttack"],"picked":"SKIP","floor":39},{"not_picked":["theSenshi:Overload","theSenshi:SailorNeptuneAssists","theSenshi:LunaWiseMentor","theSenshi:KlutzyLuck"],"picked":"SKIP","floor":39},{"not_picked":["theSenshi:SailorCosmosAssists","theSenshi:LateForSchool+1","theSenshi:TuxedoSmokingBomber","theSenshi:MoonPunch"],"picked":"SKIP","floor":40},{"not_picked":["theSenshi:SailorMercuryAssists","theSenshi:MoonPunch+1","theSenshi:MarsPride"],"picked":"theSenshi:MoonCrisisMakeUp+1","floor":42},{"not_picked":["theSenshi:LunasBite","theSenshi:MoonsReflection","theSenshi:MoonlightKnight","theSenshi:SailorCosmosAssists"],"picked":"SKIP","floor":42},{"not_picked":["theSenshi:MoonTiaraMagic","theSenshi:SailorChibiMoonAssists+1","theSenshi:SailorVenusAssists","theSenshi:TuxedoSmokingBomber+1"],"picked":"SKIP","floor":45},{"not_picked":["theSenshi:MoonsReflection+1","theSenshi:MoonSpiralHeartAttack+1","theSenshi:MoonlightKnight+1","theSenshi:InTheNickOfTime+1"],"picked":"SKIP","floor":45},{"not_picked":["theSenshi:GlimpseOfThePast","theSenshi:SailorStarMakerAssists+1","theSenshi:MoonPrincessHalation+1","theSenshi:EncouragingSpeech+1"],"picked":"SKIP","floor":46},{"not_picked":["theSenshi:SailorNeptuneAssists+1","theSenshi:MoonPrincessHalation+1","theSenshi:MoonKick","theSenshi:HesSoDreamy"],"picked":"SKIP","floor":48},{"not_picked":["theSenshi:TallSilhouette","theSenshi:SailorJupiterAssists+1","theSenshi:MoonPower","theSenshi:LunaSensingAllies"],"picked":"SKIP","floor":48}],"player_experience":176888,"relics_obtained":[{"floor":7,"key":"Prayer Wheel"},{"floor":9,"key":"theSenshi:TransformationPenRelic"},{"floor":12,"key":"theSenshi:CosmicHeartCompactRelic"},{"floor":26,"key":"Question Card"},{"floor":30,"key":"Whetstone"},{"floor":40,"key":"Ornamental Fan"},{"floor":43,"key":"Du-Vu Doll"},{"floor":46,"key":"theSenshi:CrescentMoonWandRelic"}],"event_choices":[{"damage_healed":0,"gold_gain":0,"player_choice":"Upgraded","damage_taken":0,"max_hp_gain":0,"max_hp_loss":0,"event_name":"Upgrade Shrine","floor":10,"gold_loss":0,"cards_upgraded":["theSenshi:RoseThrow"]},{"damage_healed":0,"gold_gain":0,"player_choice":"Max HP","damage_taken":0,"max_hp_gain":0,"max_hp_loss":4,"event_name":"Winding Halls","floor":37,"gold_loss":0}],"is_beta":false,"boss_relics":[{"not_picked":["Sozu","Runic Dome"],"picked":"SacredBark"},{"not_picked":["Fusion Hammer","Cursed Key"],"picked":"Runic Pyramid"}],"items_purged_floors":[3,47],"is_endless":false,"potions_floor_spawned":[2,12,13,18,19,22,31,35,39,46,48],"ascension_level":3}}