{"host":"qhhcmep1unj6mpf7","time":1609045196,"event":{"mods":["2.2 Compatiblity","AchievementEnabler","BaseMod","Colored Map","DeckTracker","Highlight Path","Keyboard Shortcuts","Minty Spire (QoL Compilation)","Permanent Neow","Quick Restart","Random Character Button","StSLib","SuperFastMode","everything is the same but u backflip on backflip"],"gold_per_floor":[110,128,203,40,40,40,40,40],"floor_reached":7,"playtime":175,"items_purged":["Strike_B"],"score":41,"play_id":"4abd4a04-cb9f-415e-ba8a-0da1896fc07a","local_time":"20201227135956","is_ascension_mode":true,"campfire_choices":[{"data":"Enlightenment","floor":6.0,"key":"SMITH"}],"circlet_count":0,"master_deck":["Strike_B","Strike_B","Defend_B","Defend_B","Defend_B","Defend_B","Zap","Dualcast","Meteor Strike","Recycle","Turbo","Enlightenment+1"],"relics":["Cracked Core"],"acts_visited":["Exordium"],"potions_floor_usage":[],"damage_taken":[{"damage":0.0,"enemies":"2 Louse","floor":1.0,"turns":2.0},{"damage":1.0,"enemies":"Jaw Worm","floor":2.0,"turns":3.0},{"damage":21,"enemies":"Lagavulin","floor":7,"turns":7}],"seed_played":"-2091845129924460464","potions_obtained":[{"floor":1.0,"key":"Weak Potion"}],"is_trial":false,"path_per_floor":["M","M","?","$","?","R","E"],"character_chosen":"DEFECT","items_purchased":["Enlightenment"],"campfire_rested":0,"item_purchase_floors":[4],"current_hp_per_floor":[68,67,56,56,49,49,28,28],"gold":40,"neow_bonus":"THREE_RARE_CARDS","is_daily":false,"chose_seed":false,"campfire_upgraded":1,"win_rate":0.0,"timestamp":1609045196,"path_taken":["M","M","?","$","?","R","E"],"items_purchased_type":["Card"],"build_version":"2020-12-22","purchased_purges":1,"victory":false,"max_hp_per_floor":[68,68,68,68,68,68,68,68],"card_choices":[{"not_picked":["Rainbow","Thunder Strike"],"picked":"Meteor Strike","floor":0.0},{"not_picked":["Coolheaded","Go for the Eyes"],"picked":"Recycle","floor":1.0},{"not_picked":["Sunder","White Noise"],"picked":"Turbo","floor":2.0}],"player_experience":327446,"relics_obtained":[],"event_choices":[{"damage_healed":0.0,"max_hp_gain":0.0,"max_hp_loss":0.0,"gold_gain":75.0,"event_name":"World of Goop","player_choice":"Gather Gold","floor":3.0,"gold_loss":0.0,"damage_taken":11.0},{"cards_removed":["Strike_B"],"damage_healed":0.0,"max_hp_gain":0.0,"max_hp_loss":0.0,"gold_gain":0.0,"event_name":"Golden Wing","player_choice":"Card Removal","floor":5.0,"gold_loss":0.0,"damage_taken":7.0}],"is_beta":false,"boss_relics":[],"items_purged_floors":[4],"is_endless":false,"potions_floor_spawned":[1],"killed_by":"Lagavulin","ascension_level":1}}