{"host":"sabve5zmqufxyc5o","time":1609040130,"event":{"mods":["2.2 Compatiblity","AchievementEnabler","Act Like it!","BaseMod","Block Reminder","Colored Map","Colored Powertips","DeckTracker","KOR Keyword Fix","Keyboard Shortcuts","Minty Spire (QoL Compilation)","Quick Restart","Rare Cards Sparkle","Relic Stats","StSLib","SuperFastMode"],"gold_per_floor":[119,137,147,147,163,192,192,6,33,58,70,70,104,121,121,198,198,215,215,233,233,8,8,8,8,84,84,84],"floor_reached":27,"playtime":576,"items_purged":[],"score":487,"play_id":"619aab94-a19d-40a7-a57d-1fb724e7e7d9","local_time":"20201227123530","is_ascension_mode":true,"campfire_choices":[{"floor":7,"key":"REST"},{"floor":12,"key":"REST"},{"floor":15,"key":"REST"},{"floor":23,"key":"REST"},{"data":"Hologram","floor":25,"key":"SMITH"}],"circlet_count":0,"master_deck":["AscendersBane","Defend_B","Defend_B","Defend_B","Zap","Dualcast","Conserve Battery","Self Repair","Go for the Eyes","Coolheaded","Rebound","Melter","Rebound","Lockon","Stack","Seek","Cold Snap","Go for the Eyes","Capacitor","Core Surge","Stack","Bite","Bite","Bite","Bite","Bite","Hologram+1","Barrage"],"relics":["Cracked Core","Art of War","Bag of Preparation","Anchor","Toy Ornithopter","SacredBark","Blood Vial","Bottled Lightning"],"acts_visited":["Exordium","TheCity"],"potions_floor_usage":[3,6,27,27],"damage_taken":[{"damage":0,"enemies":"Cultist","floor":1,"turns":3},{"damage":7,"enemies":"Jaw Worm","floor":2,"turns":4},{"damage":4,"enemies":"Small Slimes","floor":3,"turns":3},{"damage":16,"enemies":"Looter","floor":5,"turns":5},{"damage":28,"enemies":"3 Sentries","floor":6,"turns":8},{"damage":27,"enemies":"Lagavulin","floor":10,"turns":6},{"damage":0,"enemies":"3 Louse","floor":11,"turns":2},{"damage":32,"enemies":"Gremlin Nob","floor":13,"turns":4},{"damage":5,"enemies":"Blue Slaver","floor":14,"turns":3},{"damage":26,"enemies":"The Guardian","floor":16,"turns":13},{"damage":14,"enemies":"Shell Parasite","floor":18,"turns":7},{"damage":33,"enemies":"3 Byrds","floor":20,"turns":8},{"damage":56,"enemies":"Slavers","floor":27,"turns":7}],"seed_played":"7534500392252815125","potions_obtained":[{"floor":2,"key":"Explosive Potion"},{"floor":5,"key":"Swift Potion"},{"floor":11,"key":"SkillPotion"},{"floor":13,"key":"SkillPotion"}],"is_trial":false,"path_per_floor":["M","M","M","?","M","E","R","$","T","E","M","R","E","M","R","B",null,"M","?","M","?","$","R","?","R","T","E"],"character_chosen":"DEFECT","items_purchased":["Rebound","Lockon","Stack","Blood Vial","Barrage"],"campfire_rested":4,"item_purchase_floors":[8,8,8,22,22],"current_hp_per_floor":[64,64,67,60,51,30,51,51,51,31,31,52,27,29,50,31,61,54,49,27,27,27,41,41,41,41,1,1],"gold":84,"neow_bonus":"TRANSFORM_CARD","is_daily":false,"chose_seed":false,"campfire_upgraded":1,"win_rate":0.0,"timestamp":1609040130,"path_taken":["M","M","?","?","M","E","R","$","T","E","M","R","E","M","R","BOSS","M","?","M","?","$","R","?","R","T","E"],"items_purchased_type":["Card","Card","Card","Relic","Card"],"build_version":"2020-12-22","purchased_purges":0,"victory":false,"max_hp_per_floor":[71,71,71,71,71,71,71,71,71,71,71,71,71,71,71,71,71,71,49,49,49,49,49,49,49,49,49,49],"relic_stats":{"Blood Vial":2,"counters":[13,73],"Art of War":[5],"Bag of Preparation":[16],"obtain_stats":[{"Blood Vial":22,"Anchor":10,"SacredBark":17,"Art of War":6,"Bag of Preparation":9,"Bottled Lightning":26,"Cracked Core":0,"Toy Ornithopter":13},{"Blood Vial":12,"Anchor":6,"SacredBark":10,"Art of War":5,"Bag of Preparation":5,"Bottled Lightning":12,"Cracked Core":0,"Toy Ornithopter":8},{"Blood Vial":66,"Anchor":29,"SacredBark":51,"Art of War":23,"Bag of Preparation":23,"Bottled Lightning":66,"Cracked Core":0,"Toy Ornithopter":35}],"Toy Ornithopter":10},"card_choices":[{"not_picked":["Cold Snap","Streamline"],"picked":"Self Repair","floor":1},{"not_picked":["Hello World","Leap"],"picked":"Go for the Eyes","floor":2},{"not_picked":["Steam","Darkness"],"picked":"Coolheaded","floor":3},{"not_picked":["Doom and Gloom","Hologram"],"picked":"Rebound","floor":5},{"not_picked":["Force Field","Fusion"],"picked":"Melter","floor":6},{"not_picked":["Coolheaded","Melter"],"picked":"Seek","floor":10},{"not_picked":["Conserve Battery","White Noise"],"picked":"Cold Snap","floor":11},{"not_picked":["Redo","Rebound"],"picked":"Go for the Eyes","floor":13},{"not_picked":["Redo","Machine Learning"],"picked":"Capacitor","floor":14},{"not_picked":["Biased Cognition","Seek"],"picked":"Core Surge","floor":16},{"not_picked":["Gash","Cold Snap"],"picked":"Stack","floor":18},{"not_picked":["Rebound","Steam"],"picked":"Hologram","floor":20}],"player_experience":813855,"relics_obtained":[{"floor":6,"key":"Art of War"},{"floor":9,"key":"Bag of Preparation"},{"floor":10,"key":"Anchor"},{"floor":13,"key":"Toy Ornithopter"},{"floor":26,"key":"Bottled Lightning"}],"event_choices":[{"cards_removed":["Defend_B"],"damage_healed":0,"gold_gain":0,"player_choice":"Card Removal","damage_taken":7,"max_hp_gain":0,"max_hp_loss":0,"event_name":"Golden Wing","floor":4,"gold_loss":0},{"damage_healed":0,"gold_gain":0,"player_choice":"Became a vampire","damage_taken":0,"max_hp_gain":0,"max_hp_loss":22,"event_name":"Vampires","floor":19,"gold_loss":0,"cards_obtained":["Bite","Bite","Bite","Bite","Bite"]},{"damage_healed":0,"gold_gain":0,"player_choice":"Ignored","damage_taken":0,"max_hp_gain":0,"max_hp_loss":0,"event_name":"Cursed Tome","floor":21,"gold_loss":0},{"damage_healed":0,"gold_gain":0,"player_choice":"Ignored","damage_taken":0,"max_hp_gain":0,"max_hp_loss":0,"event_name":"Ghosts","floor":24,"gold_loss":0}],"is_beta":false,"boss_relics":[{"not_picked":["Tiny House","Philosopher\u0027s Stone"],"picked":"SacredBark"}],"items_purged_floors":[],"is_endless":false,"potions_floor_spawned":[2,5,11,13],"killed_by":"Slavers","ascension_level":20}}