{"host":"43pogpu2c981a0zh","time":1609032442,"event":{"mods":["ATMod(阿瑾Mod)","AchievementEnabler","Act Like it!","Ascension Reborn","Aspiration","Astrologer","BaseMod","Better Altar","Better Match","Better Sensory Stone","CapriCore","Chen","Colored Powertips","Conspire","Custom Start","Downfall","Friendly Minions","Gensokyo","Highlight Path","HololiveMod","Hubris","Koishi","KomeijiMod","Lobotomy","LobotomyExtend","Marked Mod","Minty Spire (QoL Compilation)","Pale of the Ancients","Permanent Neow","Prisma Mod","Quarter Circle Forward PUNCH!","Quick Restart","Reimu（博丽灵梦）","Replay The Spire","RumiaBox-露米娅的神秘盒子","Shop Mod","Spicy Shops","StSLib","TestMod","The Administrix","The Animator","The Cursed","The Gatherer","The Immortal","UnlockEverythingMod","Waifu the Spire","WarShipGirlsR/战舰少女R mod","Yuyuko","【遗物卡牌】REMEMod","篝火指南"],"gold_per_floor":[117,17,17,17,122,600,131,161,185,205,224,236,236,250,250,348,348,361,361,375,375,375],"floor_reached":21,"playtime":1521,"items_purged":["MokouMod:Strike"],"score":179,"play_id":"fdf1bea3-694a-49e0-8ac1-065e44d080f6","local_time":"20201227092722","is_ascension_mode":true,"campfire_choices":[{"data":"AT_FamilyPortrait","floor":6,"key":"SMITH"},{"data":"MokouMod:Extinguish","floor":15,"key":"SMITH"}],"circlet_count":0,"master_deck":["MokouMod:Strike","MokouMod:Strike","MokouMod:Strike","MokouMod:Defend","MokouMod:Defend","MokouMod:Defend","MokouMod:Defend","MokouMod:HeatSpark","astrologer:DarkMatter","AT_FamilyPortrait+1","MokouMod:PhoenixFeathers","MokouMod:InfernalWave","MokouMod:CrimsonFlare","MokouMod:FlareStarter","MokouMod:HeartofFire+1","MokouMod:BurningDraft","MokouMod:HouraiForge+1","Ghost Spot","MokouMod:Extinguish+1","MokouMod:Ventilation","MokouMod:IllusoryBattlefield","MokouMod:EnchantingBambooForest","MokouMod:DanceofFlames","MokouMod:IgnitionBlast","MokouMod:BlazingComet","Injury","Machine Learning","MokouMod:ImperishableFlame","MokouMod:Geothermal","Fire Breathing","MokouMod:ShiftIgnition","MokouMod:Overheat+1","MokouMod:BlazingComet+1","MokouMod:SearingBlow"],"relics":["MokouMod:PhoenixFeather","testmod-TestBox","REME_ComplimentaryCards","AT_ATBox","testmod-HeartOfDaVinci","Prayer Wheel","testmod-BalancedPeriapt","RuthlessExorcism:ReiMu","champ:BerserkersGuideToSlaughter","Sling","Blue Kimono (Sakura)","Toy Ornithopter","Replay:Multitool","hubris:SoftwareUpdate","Mark of Pain","Gensokyo:ConquerorOfFear"],"acts_visited":["Gensokyo:Gensokyo","Gensokyo:Gensokyoer"],"potions_floor_usage":[21],"damage_taken":[{"damage":14,"enemies":"Gensokyo:2_Kodama","floor":1,"turns":5},{"damage":36,"enemies":"Gensokyo:Mamizou","floor":8,"turns":11},{"damage":0,"enemies":"Gensokyo:3_Fairies","floor":10,"turns":4},{"damage":9,"enemies":"Gensokyo:Python","floor":11,"turns":4},{"damage":12,"enemies":"Gensokyo:5_Fairies","floor":12,"turns":5},{"damage":0,"enemies":"Gensokyo:LivingMonolith","floor":14,"turns":2},{"damage":53,"enemies":"Gensokyo:Yukari","floor":16,"turns":8},{"damage":22,"enemies":"Gensokyo:CosmicMonolith","floor":18,"turns":5},{"damage":43,"enemies":"Gensokyo:3_Dogs","floor":20,"turns":6},{"damage":35,"enemies":"Gensokyo:Wraith","floor":21,"turns":2}],"seed_played":"-8786870746094101978","potions_obtained":[{"floor":8,"key":"ColorlessPotion"},{"floor":11,"key":"Strength Potion"}],"is_trial":false,"path_per_floor":["M","?","?","?","$","R","COS","E","T","M","M","M","?","M","R","B",null,"M","?","M","M"],"character_chosen":"MKU","items_purchased":["MokouMod:CrimsonFlare","MokouMod:FlareStarter","MokouMod:HeartofFire+1","MokouMod:BurningDraft","RuthlessExorcism:ReiMu"],"campfire_rested":0,"item_purchase_floors":[5,5,5,5,5],"current_hp_per_floor":[61,61,75,75,75,75,75,39,39,39,30,18,18,18,18,18,75,53,53,10,0,0],"gold":375,"neow_bonus":"REMOVE_CARD","is_daily":false,"chose_seed":false,"campfire_upgraded":2,"win_rate":0.0,"timestamp":1609032442,"path_taken":["M","?","?","?","$","R","COS","E","T","M","M","?","?","M","R","BOSS","M","?","M","M"],"items_purchased_type":["Card","Card","Card","Card","Relic"],"build_version":"2020-12-22","purchased_purges":1,"victory":false,"max_hp_per_floor":[75,75,75,75,75,75,75,75,75,75,75,75,75,75,75,75,75,75,75,75,75,75],"card_choices":[{"not_picked":["MokouMod:Burn","MokouMod:Trailblazer"],"picked":"MokouMod:PhoenixFeathers","floor":1},{"not_picked":["MokouMod:ScorchingColumn","MokouMod:IcarusDive"],"picked":"MokouMod:InfernalWave","floor":1},{"not_picked":["MokouMod:BlazingComet+1","MokouMod:WarmUp+1"],"picked":"MokouMod:HouraiForge+1","floor":8},{"not_picked":["MokouMod:SubterraneanCore","MokouMod:RoaringFlare"],"picked":"MokouMod:Extinguish","floor":8},{"not_picked":["MokouMod:Geothermal","MokouMod:HouraiForge"],"picked":"MokouMod:Ventilation","floor":10},{"not_picked":["MokouMod:HeatCyclone","MokouMod:FlickeringFlame"],"picked":"MokouMod:IllusoryBattlefield","floor":10},{"not_picked":["MokouMod:FlickeringFlame","MokouMod:TemporalFireSeal"],"picked":"MokouMod:EnchantingBambooForest","floor":10},{"not_picked":["MokouMod:ResoluteFlare","MokouMod:Refresh"],"picked":"MokouMod:DanceofFlames","floor":11},{"not_picked":["MokouMod:HeatCyclone","MokouMod:FlickeringFlame","MokouMod:Sear"],"picked":"SKIP","floor":11},{"not_picked":["MokouMod:IgneousBlow","MokouMod:AdaptivePyromancy"],"picked":"MokouMod:IgnitionBlast","floor":12},{"not_picked":["MokouMod:CrimsonFlare","MokouMod:Singe"],"picked":"MokouMod:BlazingComet","floor":12},{"not_picked":["MokouMod:HeatFactory","MokouMod:IndiscriminateIgnition"],"picked":"MokouMod:ImperishableFlame","floor":14},{"not_picked":["MokouMod:FusionFlare","MokouMod:EternalBurstReactor","MokouMod:Cataclysm"],"picked":"SKIP","floor":14},{"not_picked":["MokouMod:ExplosiveFlame","MokouMod:Ventilation"],"picked":"MokouMod:Geothermal","floor":16},{"not_picked":["MokouMod:Overheat","MokouMod:SubterraneanCore"],"picked":"MokouMod:ShiftIgnition","floor":18},{"not_picked":["MokouMod:ResoluteFlare","MokouMod:IndiscriminateIgnition"],"picked":"MokouMod:Overheat+1","floor":18},{"not_picked":["MokouMod:ScorchingColumn","MokouMod:SearingShot+1"],"picked":"MokouMod:BlazingComet+1","floor":20},{"not_picked":["MokouMod:IgneousBlow","MokouMod:Stoke"],"picked":"MokouMod:SearingBlow","floor":20}],"player_experience":258410,"relics_obtained":[{"floor":8,"key":"Blue Kimono (Sakura)"},{"floor":9,"key":"Toy Ornithopter"},{"floor":20,"key":"Gensokyo:ConquerorOfFear"}],"event_choices":[{"damage_healed":0,"gold_gain":0,"player_choice":"Leave","damage_taken":0,"max_hp_gain":0,"max_hp_loss":0,"event_name":"conspire:Investor","floor":4,"gold_loss":0}],"is_beta":false,"boss_relics":[{"not_picked":["ReplayTheSpireMod:DimensionalGlitch","testmod-DeterminationOfClimber"],"picked":"Mark of Pain"}],"items_purged_floors":[5],"is_endless":false,"potions_floor_spawned":[8,11,16,18,20],"killed_by":"Gensokyo:Wraith","ascension_level":0}}