{"host":"reretk0dz0kj8f1n","time":1609073658,"event":{"mods":["Arknights The Spire","BaseMod","Colored Map","Minty Spire (QoL Compilation)","StSLib"],"gold_per_floor":[110,110,122,47,47,72,85,85,85,14,14,25,25,80,80,80,80],"floor_reached":16,"playtime":347,"items_purged":["ats:Defend"],"score":128,"play_id":"06a189f7-b9f6-4c45-94c2-2989cb9186d7","local_time":"20201227215418","is_ascension_mode":true,"campfire_choices":[{"floor":8,"key":"DIG"},{"floor":15,"key":"REST"}],"circlet_count":0,"master_deck":["ats:Strike C","ats:Strike G","ats:Strike S","ats:Armor Crushing Shot","ats:Defend","ats:Defend","ats:Defend","ats:Emotion Absorption+1","ats:Explosion Area Strengthen+1","ats:Poison Spread","Regret","ats:Hammer On","ats:Poison Spread","ats:Healing Strengthening","Injury"],"relics":["ats:Sanity","Mango","Shovel","ats:Originium","ats:Military Tradition","InkBottle","Singing Bowl","Golden Idol","Pen Nib"],"acts_visited":["Exordium"],"potions_floor_usage":[12,16],"damage_taken":[{"damage":11,"enemies":"Jaw Worm","floor":1,"turns":3},{"damage":0,"enemies":"2 Louse","floor":3,"turns":3},{"damage":29,"enemies":"Gremlin Nob","floor":6,"turns":4},{"damage":0,"enemies":"Small Slimes","floor":7,"turns":2},{"damage":0,"enemies":"Exordium Thugs","floor":12,"turns":3},{"damage":34,"enemies":"Hexaghost","floor":16,"turns":7}],"seed_played":"4026745486896550890","potions_obtained":[{"floor":1,"key":"Weak Potion"},{"floor":6,"key":"DistilledChaos"}],"is_trial":false,"path_per_floor":["M","?","M","$","?","E","M","R","T","$","?","M","?","T","R","B"],"character_chosen":"DOCTOR_CLASS","items_purchased":["ats:Healing Strengthening"],"campfire_rested":1,"item_purchase_floors":[10],"current_hp_per_floor":[54,47,47,47,47,18,18,18,18,18,1,4,4,4,30,0,0],"gold":80,"neow_bonus":"ONE_RARE_RELIC","is_daily":false,"chose_seed":false,"campfire_upgraded":0,"win_rate":0.0,"timestamp":1609073658,"path_taken":["M","?","M","$","?","E","M","R","T","?","?","M","?","?","R","BOSS"],"items_purchased_type":["Card"],"build_version":"2020-12-22","purchased_purges":1,"victory":false,"max_hp_per_floor":[86,86,86,86,86,86,86,86,86,86,86,88,88,88,88,88,88],"card_choices":[{"not_picked":["ats:Spore Proliferation","ats:Hook Shot"],"picked":"ats:Explosion Area Strengthen","floor":1},{"not_picked":["ats:Healing Drone","ats:Consecutive Shot Auto"],"picked":"ats:Poison Spread","floor":3},{"not_picked":["ats:Healing Drone","ats:Leaping Hammer"],"picked":"ats:Hammer On","floor":6},{"not_picked":["ats:Cat Scratch","ats:Closed Bolt Burst Fire"],"picked":"ats:Poison Spread","floor":7},{"not_picked":["ats:Shell Defense","ats:Cat Scratch","ats:Consecutive Shot Auto"],"picked":"Singing Bowl","floor":12}],"player_experience":252294,"relics_obtained":[{"floor":6,"key":"ats:Originium"},{"floor":6,"key":"ats:Military Tradition"},{"floor":8,"key":"InkBottle"},{"floor":9,"key":"Singing Bowl"},{"floor":14,"key":"Pen Nib"}],"event_choices":[{"cards_removed":["ats:Strike V"],"damage_healed":0,"gold_gain":0,"player_choice":"Card Removal","damage_taken":7,"max_hp_gain":0,"max_hp_loss":0,"event_name":"Golden Wing","floor":2,"gold_loss":0},{"damage_healed":0,"gold_gain":0,"player_choice":"Box","damage_taken":0,"relics_obtained":["Shovel"],"max_hp_gain":0,"max_hp_loss":0,"event_name":"Big Fish","floor":5,"gold_loss":0,"cards_obtained":["Regret"]},{"damage_healed":0,"gold_gain":0,"player_choice":"Entered Light","damage_taken":17,"max_hp_gain":0,"max_hp_loss":0,"event_name":"Shining Light","floor":11,"gold_loss":0,"cards_upgraded":["ats:Emotion Absorption","ats:Explosion Area Strengthen"]},{"damage_healed":0,"gold_gain":0,"player_choice":"Take Wound","damage_taken":0,"relics_obtained":["Golden Idol"],"max_hp_gain":0,"max_hp_loss":0,"event_name":"Golden Idol","floor":13,"gold_loss":0,"cards_obtained":["Injury"]}],"is_beta":false,"boss_relics":[],"items_purged_floors":[4],"is_endless":false,"potions_floor_spawned":[1,6],"killed_by":"Hexaghost","ascension_level":1}}