{"host":"94qggqh0xz0sp6ai","time":1609043243,"event":{"mods":["Abigail Mod","Act Like it!","BaseMod","CapriCore","Downfall","Friendly Minions","Gensokyo","Hermit","Jorbs\u0027s Wanderer Trilogy","Koishi","Marisa（霧雨　魔理沙）","Minty Spire (QoL Compilation)","Permanent Neow","Reimu（博??梦）","StSLib","The Alterego","The Construct","The Cursed","The Hierophant","The Immortal","The Senshi","The Servant 0.9.4","TheBandit","Waifu the Spire"],"gold_per_floor":[119,130,105,105,55,55,83,83,137,137,151,166,177,187,187,290,290,280,280,280,296,315,315,343,343,343,44,44,44,44,57,57,57,57],"floor_reached":33,"playtime":1061,"items_purged":["MokouMod:Strike"],"score":345,"play_id":"800929d2-e080-483b-aed8-077b32d952d7","local_time":"20201226222723","is_ascension_mode":true,"campfire_choices":[{"data":"MokouMod:IgneousBlow","floor":6,"key":"SMITH"},{"data":"MokouMod:Firecracker","floor":8,"key":"SMITH"},{"data":"MokouMod:BlazingComet","floor":10,"key":"SMITH"},{"floor":15,"key":"REST"},{"data":"MokouMod:SpontaneousHumanCombustion","floor":23,"key":"SMITH"},{"data":"MokouMod:TemporalFireSeal","floor":25,"key":"SMITH"},{"floor":29,"key":"REST"},{"data":"MokouMod:Afterburner","floor":32,"key":"SMITH"}],"circlet_count":0,"master_deck":["MokouMod:Strike","MokouMod:Defend","MokouMod:Defend","MokouMod:Defend","MokouMod:Defend","MokouMod:HeatSpark","MokouMod:IgneousBlow+1","MokouMod:BlazingComet+1","MokouMod:Firecracker+1","MokouMod:SearingShot","MokouMod:Overheat","MokouMod:Afterburner+1","MokouMod:TemporalFireSeal+1","MokouMod:SpontaneousHumanCombustion+1","MokouMod:AdaptivePyromancy","Necronomicurse","MokouMod:BurningDraft","MokouMod:RoaringFlare","MokouMod:BurningDraft","MokouMod:IgnitionBlast","MokouMod:TemporalFireSeal+1"],"relics":["MokouMod:PhoenixFeather","Happy Flower","Bag of Preparation","construct:ClawGrip","Necronomicon","alterego_mod:SomeoneToFightFor","Potion Belt","Meat on the Bone","Guardian:PocketSentry"],"acts_visited":["Exordium","TheCity"],"potions_floor_usage":[18,18,18],"damage_taken":[{"damage":3,"enemies":"Jaw Worm","floor":1,"turns":4},{"damage":8,"enemies":"2 Louse","floor":2,"turns":3},{"damage":24,"enemies":"Gremlin Nob","floor":7,"turns":4},{"damage":12,"enemies":"Small Slimes","floor":11,"turns":3},{"damage":10,"enemies":"3 Louse","floor":12,"turns":3},{"damage":2,"enemies":"Red Slaver","floor":13,"turns":4},{"damage":0,"enemies":"2 Fungi Beasts","floor":14,"turns":2},{"damage":43,"enemies":"Hexaghost","floor":16,"turns":13},{"damage":12,"enemies":"2 Thieves","floor":18,"turns":4},{"damage":0,"enemies":"3 Byrds","floor":21,"turns":3},{"damage":15,"enemies":"Snake Plant","floor":22,"turns":5},{"damage":26,"enemies":"Slavers","floor":24,"turns":4},{"damage":0,"enemies":"Snecko","floor":31,"turns":2},{"damage":82,"enemies":"Champ","floor":33,"turns":9}],"seed_played":"2087654377486257702","potions_obtained":[{"floor":1,"key":"sneckomod:MuddlingPotion"},{"floor":2,"key":"Fire Potion"},{"floor":14,"key":"SpeedPotion"}],"is_trial":false,"path_per_floor":["M","M","$","?","?","R","E","R","T","R","M","M","M","M","R","B",null,"M","?","?","M","M","R","E","R","T","$","?","R","?","M","R","B"],"character_chosen":"MKU","items_purchased":["MokouMod:BlazingComet","MokouMod:IgnitionBlast","Guardian:PocketSentry"],"campfire_rested":2,"item_purchase_floors":[3,27,27],"current_hp_per_floor":[72,64,64,57,57,57,33,33,33,33,21,11,9,9,33,12,65,53,37,37,37,22,22,20,20,20,20,20,44,44,44,44,0,0],"gold":57,"neow_bonus":"TEN_PERCENT_HP_BONUS","is_daily":false,"chose_seed":false,"campfire_upgraded":6,"win_rate":0.0,"timestamp":1609043243,"path_taken":["M","M","$","?","?","R","E","R","T","R","M","M","M","M","R","BOSS","M","?","?","M","M","R","E","R","T","$","?","R","?","?","R","BOSS"],"items_purchased_type":["Card","Card","Relic"],"build_version":"2020-12-22","purchased_purges":1,"victory":false,"max_hp_per_floor":[82,82,82,82,82,82,82,82,82,82,82,82,82,82,82,82,82,82,82,82,82,82,82,82,82,82,82,82,82,82,82,82,82,82],"card_choices":[{"not_picked":["MokouMod:IndiscriminateIgnition","MokouMod:Cataclysm"],"picked":"MokouMod:IgneousBlow","floor":1},{"not_picked":["MokouMod:SubterraneanCore","MokouMod:EternalBurstReactor","MokouMod:PhoenixFeathers"],"picked":"SKIP","floor":2},{"not_picked":["MokouMod:Fireball","MokouMod:Stoke"],"picked":"MokouMod:Firecracker","floor":7},{"not_picked":["MokouMod:BlazingComet","MokouMod:Meltdown"],"picked":"MokouMod:SearingShot","floor":11},{"not_picked":["MokouMod:FujiyamaVolcano","MokouMod:Extinguish"],"picked":"MokouMod:Overheat","floor":12},{"not_picked":["MokouMod:Singe","MokouMod:FlickeringFlame"],"picked":"MokouMod:Afterburner","floor":13},{"not_picked":["MokouMod:IndiscriminateIgnition","MokouMod:Overheat"],"picked":"MokouMod:TemporalFireSeal","floor":14},{"not_picked":["MokouMod:HouraiForge","MokouMod:BurningHiddenBullet"],"picked":"MokouMod:SpontaneousHumanCombustion","floor":16},{"not_picked":["MokouMod:SearingShot","MokouMod:Firecracker"],"picked":"MokouMod:AdaptivePyromancy","floor":18},{"not_picked":["MokouMod:Ember","MokouMod:BlazingComet"],"picked":"MokouMod:BurningDraft","floor":21},{"not_picked":["MokouMod:ProfanedFlare","MokouMod:ShiftIgnition"],"picked":"MokouMod:RoaringFlare","floor":22},{"not_picked":["MokouMod:Overheat","MokouMod:Cataclysm"],"picked":"MokouMod:BurningDraft","floor":24},{"not_picked":["MokouMod:ScorchedEarth","MokouMod:SearingShot"],"picked":"MokouMod:TemporalFireSeal+1","floor":31}],"player_experience":1398893,"relics_obtained":[{"floor":7,"key":"Happy Flower"},{"floor":9,"key":"Bag of Preparation"},{"floor":19,"key":"Necronomicon"},{"floor":24,"key":"Potion Belt"},{"floor":26,"key":"Meat on the Bone"}],"event_choices":[{"cards_removed":["MokouMod:Strike"],"damage_healed":0,"gold_gain":0,"player_choice":"Card Removal","damage_taken":7,"max_hp_gain":0,"max_hp_loss":0,"event_name":"Golden Wing","floor":4,"gold_loss":0},{"cards_removed":["MokouMod:Strike"],"damage_healed":0,"gold_gain":0,"player_choice":"Card Removal","damage_taken":0,"max_hp_gain":0,"max_hp_loss":0,"event_name":"The Cleric","floor":5,"gold_loss":50},{"damage_healed":0,"gold_gain":0,"player_choice":"Obtained Book","damage_taken":16,"max_hp_gain":0,"max_hp_loss":0,"event_name":"Cursed Tome","floor":19,"gold_loss":0},{"damage_healed":0,"gold_gain":0,"player_choice":"Choice 2","damage_taken":0,"relics_obtained":["alterego_mod:SomeoneToFightFor"],"max_hp_gain":0,"max_hp_loss":0,"event_name":"Secret Garden","floor":20,"gold_loss":0},{"damage_healed":0,"gold_gain":0,"player_choice":"Ignored","damage_taken":0,"max_hp_gain":0,"max_hp_loss":0,"event_name":"Vampires","floor":28,"gold_loss":0},{"cards_removed":["MokouMod:Strike"],"damage_healed":0,"gold_gain":0,"player_choice":"Purged","damage_taken":0,"max_hp_gain":0,"max_hp_loss":0,"event_name":"Purifier","floor":30,"gold_loss":0}],"is_beta":false,"boss_relics":[{"not_picked":["RedLine:ReiMu","Astrolabe"],"picked":"construct:ClawGrip"}],"items_purged_floors":[27],"is_endless":false,"potions_floor_spawned":[1,2,14],"killed_by":"Champ","ascension_level":6}}