{"host":"sp1zv0ju5tlq9i78","time":1609044696,"event":{"mods":["2.2 Compatiblity","Act Like it!","BaseMod","Better Match","Better Note","Better Skull","Better Third Choice","CapriCore","Marked Mod","Minty Spire (QoL Compilation)","StSLib","The Marked","vexMod"],"gold_per_floor":[110,125,72,147,147,147,176,176,176,176,186,218,238,264,264,360,360,376,351,367,367,367,367,382,382,382,382,393,393,170,181,181,282,282,295,310,100,100,112,112,124,124,124],"floor_reached":42,"playtime":1464,"items_purged":["Injury"],"score":479,"play_id":"abe675d5-61bd-485e-a68d-be353654be49","local_time":"20201226225136","is_ascension_mode":true,"campfire_choices":[{"floor":6,"key":"RECALL"},{"data":"theMarked:Polarize","floor":8,"key":"SMITH"},{"data":"theMarked:SoldierOfQuellstein","floor":10,"key":"SMITH"},{"floor":15,"key":"REST"},{"floor":23,"key":"REST"},{"floor":25,"key":"REST"},{"floor":32,"key":"REST"},{"floor":40,"key":"REST"}],"circlet_count":0,"master_deck":["theMarked:Strike","theMarked:Strike","theMarked:Strike","theMarked:Strike","theMarked:Strike","theMarked:Defend","theMarked:Defend","theMarked:Defend","theMarked:Defend","theMarked:SoldierOfQuellstein+1","theMarked:Static","theMarked:TwofoldDefense","theMarked:BanishingStrike","theMarked:Polarize+1","theMarked:TakeOffHeels","theMarked:TwofoldDefense","theMarked:Static","theMarked:SuspiciousRaven","theMarked:SoldierForm","theMarked:SwordAndMagic","theMarked:Electrify+1","theMarked:PowerFlow","vexMod:UltimateCard","theMarked:BanishingWave+1","theMarked:Static","theMarked:TakeOffHeels","theMarked:Electrocute+1","theMarked:Electrocute","theMarked:Parkour","theMarked:ChainLightning+1","theMarked:WardOff+1"],"relics":["theMarked:ArtifactOfAir","NeowsBlessing","Gremlin Horn","Bronze Scales","Juzu Bracelet","Odd Mushroom","Cursed Key","TungstenRod","HornCleat","Pen Nib","Blood Vial","MealTicket","Lantern"],"acts_visited":["Exordium","TheCity","TheBeyond"],"potions_floor_usage":[12,33,33,39],"damage_taken":[{"damage":0,"enemies":"Small Slimes","floor":1,"turns":1},{"damage":0,"enemies":"2 Louse","floor":2,"turns":1},{"damage":0,"enemies":"Lagavulin","floor":7,"turns":1},{"damage":0,"enemies":"Cultist","floor":11,"turns":4},{"damage":13,"enemies":"Gremlin Nob","floor":12,"turns":4},{"damage":0,"enemies":"Looter","floor":13,"turns":3},{"damage":18,"enemies":"The Mushroom Lair","floor":14,"turns":4},{"damage":28,"enemies":"Slime Boss","floor":16,"turns":6},{"damage":0,"enemies":"3 Byrds","floor":18,"turns":4},{"damage":17,"enemies":"Spheric Guardian","floor":20,"turns":5},{"damage":42,"enemies":"Snake Plant","floor":24,"turns":4},{"damage":9,"enemies":"3 Cultists","floor":28,"turns":5},{"damage":23,"enemies":"Cultist and Chosen","floor":31,"turns":5},{"damage":22,"enemies":"Collector","floor":33,"turns":7},{"damage":0,"enemies":"Orb Walker","floor":35,"turns":3},{"damage":13,"enemies":"3 Darklings","floor":36,"turns":5},{"damage":0,"enemies":"Transient","floor":39,"turns":5},{"damage":48,"enemies":"Sphere and 2 Shapes","floor":41,"turns":7},{"damage":0,"enemies":"Nemesis","floor":42,"turns":1}],"seed_played":"1468499935621101448","potions_obtained":[{"floor":2,"key":"Ancient Potion"},{"floor":7,"key":"Ancient Potion"},{"floor":11,"key":"Block Potion"},{"floor":31,"key":"Weak Potion"},{"floor":33,"key":"Fire Potion"},{"floor":41,"key":"SpeedPotion"}],"is_trial":false,"path_per_floor":["M","M","$","?","?","R","E","R","T","R","M","E","M","?","R","B",null,"M","?","M","?","?","R","M","R","T","T","M","?","$","M","R","B",null,"M","M","$","?","M","R","M","E"],"character_chosen":"THE_DEFAULT","items_purchased":["theMarked:BanishingStrike","Pen Nib","Blood Vial","theMarked:Parkour"],"campfire_rested":5,"item_purchase_floors":[3,30,37,37],"current_hp_per_floor":[70,70,70,59,59,59,59,59,59,59,59,46,46,28,49,21,70,70,70,53,40,40,62,20,42,42,42,33,33,33,10,32,10,75,75,62,62,30,32,54,8,10,10],"gold":124,"neow_bonus":"THREE_ENEMY_KILL","is_daily":false,"chose_seed":false,"campfire_upgraded":2,"win_rate":0.0,"timestamp":1609044696,"path_taken":["M","M","$","?","?","R","E","R","T","R","M","E","M","?","R","BOSS","M","?","M","?","?","R","M","R","T","?","M","?","$","M","R","BOSS","M","M","$","?","M","R","M","E"],"items_purchased_type":["Card","Relic","Relic","Card"],"build_version":"2020-12-22","purchased_purges":1,"victory":false,"max_hp_per_floor":[70,70,70,70,70,70,70,70,70,70,70,70,70,70,70,70,70,70,70,70,75,75,75,75,75,75,75,75,75,75,75,75,75,75,75,75,75,75,75,75,75,75,75],"card_choices":[{"not_picked":["theMarked:BanishingStrike","theMarked:RepellingDischarge"],"picked":"theMarked:Static","floor":1},{"not_picked":["theMarked:ParalyzingBlade","theMarked:Improvise"],"picked":"theMarked:TwofoldDefense","floor":2},{"not_picked":["theMarked:BanishingStrike","theMarked:Electrocute"],"picked":"theMarked:Polarize","floor":7},{"not_picked":["theMarked:RepellingDischarge","theMarked:WardOff"],"picked":"theMarked:TakeOffHeels","floor":11},{"not_picked":["theMarked:Improvise","theMarked:EmpowerWeapon"],"picked":"theMarked:TwofoldDefense","floor":12},{"not_picked":["theMarked:Improvise","theMarked:WastefulAttack"],"picked":"theMarked:Static","floor":13},{"not_picked":["theMarked:Electrocute","theMarked:HeritageOfTheMarked"],"picked":"theMarked:SuspiciousRaven","floor":14},{"not_picked":["theMarked:Snap","theMarked:ChannelForce"],"picked":"theMarked:SoldierForm","floor":16},{"not_picked":["theMarked:ParalyzingBlade","theMarked:WastefulAttack"],"picked":"theMarked:SwordAndMagic","floor":18},{"not_picked":["theMarked:MagicAdept","theMarked:ResourceFulStrike+1"],"picked":"theMarked:Electrify+1","floor":20},{"not_picked":["theMarked:WastefulAttack","theMarked:Electrify"],"picked":"theMarked:PowerFlow","floor":24},{"not_picked":["theMarked:ShockingTouch","theMarked:ResourceFulStrike"],"picked":"theMarked:BanishingWave+1","floor":28},{"not_picked":["theMarked:ReduceFriction+1","theMarked:FavorableWinds"],"picked":"theMarked:Static","floor":31},{"not_picked":["theMarked:Snap","theMarked:SoldierForm"],"picked":"theMarked:TakeOffHeels","floor":33},{"not_picked":["theMarked:Improvise+1","theMarked:Electrify+1"],"picked":"theMarked:Electrocute+1","floor":35},{"not_picked":["theMarked:BanishingWave+1","theMarked:WastefulDefense+1"],"picked":"theMarked:Electrocute","floor":36},{"not_picked":["theMarked:Parkour","theMarked:ParalyzingBlade"],"picked":"theMarked:ChainLightning+1","floor":39},{"not_picked":["theMarked:MysticalArsenal","theMarked:PowerFlow"],"picked":"theMarked:WardOff+1","floor":41}],"player_experience":283651,"relics_obtained":[{"floor":7,"key":"Bronze Scales"},{"floor":12,"key":"Juzu Bracelet"},{"floor":14,"key":"Odd Mushroom"},{"floor":26,"key":"TungstenRod"},{"floor":27,"key":"HornCleat"}],"event_choices":[{"damage_healed":0,"gold_gain":75,"player_choice":"Gold","damage_taken":11,"max_hp_gain":0,"max_hp_loss":0,"event_name":"betterThird:BetterGoop","floor":4,"gold_loss":0},{"damage_healed":0,"gold_gain":0,"player_choice":"Gave Potion","damage_taken":0,"relics_obtained":["Gremlin Horn"],"max_hp_gain":0,"max_hp_loss":0,"event_name":"WeMeetAgain","floor":5,"gold_loss":0},{"damage_healed":0,"gold_gain":0,"player_choice":"Fought Mushrooms","damage_taken":0,"max_hp_gain":0,"max_hp_loss":0,"event_name":"Mushrooms","floor":14,"gold_loss":0},{"damage_healed":0,"gold_gain":0,"player_choice":"Shed Blood","damage_taken":18,"max_hp_gain":5,"max_hp_loss":0,"event_name":"Forgotten Altar","floor":21,"gold_loss":0},{"damage_healed":0,"gold_gain":0,"player_choice":"Ignored","damage_taken":0,"max_hp_gain":0,"max_hp_loss":0,"event_name":"Vampires","floor":22,"gold_loss":0},{"damage_healed":0,"gold_gain":0,"player_choice":"Ignored","damage_taken":0,"max_hp_gain":0,"max_hp_loss":0,"event_name":"Ghosts","floor":29,"gold_loss":0},{"damage_healed":0,"gold_gain":0,"player_choice":"RE RE ","damage_taken":39,"relics_obtained":["MealTicket","Lantern"],"max_hp_gain":0,"max_hp_loss":0,"event_name":"betterSkull:BetterSkull","floor":38,"gold_loss":0,"cards_upgraded":[]}],"is_beta":false,"boss_relics":[{"not_picked":["Runic Dome","vexMod:EndlessSickness"],"picked":"Cursed Key"},{"not_picked":["vexMod:RockOfEvil","Pandora\u0027s Box","vexMod:TanglingVine"]}],"items_purged_floors":[30],"is_endless":false,"potions_floor_spawned":[2,7,11,31,33,41],"killed_by":"Nemesis","ascension_level":1}}