{"host":"z9grmtg2w0nmz8n1","time":1609042434,"event":{"mods":["Aspiration","Bard","BaseMod","Beaked The Cultist","Better Altar","Better Match","Better Note","Better Sensory Stone","Better Skull","Better Third Choice","BetterRewards","CCEM","Colored Map","Conspire","Downfall","GifTheSpireLib","Googly Eyes","Halation","Hermit","Highlight Path","Hubris","Hunter ??","Jedi Mod","Jorbs\u0027s Wanderer Trilogy","Mad Scientist","Marisa????????","Minty Spire (QoL Compilation)","Permanent Neow","Replay The Spire","Shade Mod","Shop Mod","Spicy Shops","StSLib","Stuff the Spire","The Bug Knight","The Construct","The Necromancer","The Runesmith","The Witch"],"gold_per_floor":[111,111,111,121,11,44,62,87,162,162,7,40,58,28,28,28,28],"floor_reached":16,"playtime":818,"items_purged":["Injury"],"score":124,"play_id":"066ba284-63b6-4203-bf4b-8992a6ba78ad","local_time":"20201227021354","is_ascension_mode":true,"campfire_choices":[{"floor":10,"key":"RECALL"},{"floor":15,"key":"REST"}],"circlet_count":0,"master_deck":["Runesmith:Strike_RS","Runesmith:Strike_RS","Runesmith:Strike_RS","Runesmith:Strike_RS","Runesmith:Defend_RS","Runesmith:Defend_RS","Runesmith:Defend_RS","Runesmith:Defend_RS","Runesmith:CraftFirestone","Runesmith:Fortify","Runesmith:UnlimitedPower","Runesmith:GoWithTheFlow","Runesmith:CraftSpiculum+1","Runesmith:Firestorm","Runesmith:RuneHurl","Runesmith:LithiumIon","Runesmith:Attraction+1","Runesmith:RuneHurl"],"relics":["Runesmith:BrokenRuby","Torii","Toxic Egg 2","Pantograph","Happy Flower","Tiny Chest","hubris:Teleporter"],"acts_visited":["Exordium"],"potions_floor_usage":[8,8,16],"damage_taken":[{"damage":0,"enemies":"Small Slimes","floor":1,"turns":4},{"damage":1,"enemies":"Jaw Worm","floor":4,"turns":6},{"damage":28,"enemies":"HollowMod:MossKnight","floor":6,"turns":13},{"damage":2,"enemies":"Cultist","floor":7,"turns":4},{"damage":2,"enemies":"3 Sentries","floor":8,"turns":6},{"damage":14,"enemies":"Lagavulin","floor":12,"turns":8},{"damage":14,"enemies":"Exordium Thugs","floor":13,"turns":5},{"damage":0,"enemies":"Looter","floor":14,"turns":4},{"damage":68,"enemies":"Fading Forest","floor":16,"turns":8}],"seed_played":"-8594371996012266322","potions_obtained":[{"floor":1,"key":"Energy Potion"},{"floor":4,"key":"DistilledChaos"},{"floor":7,"key":"SpeedPotion"},{"floor":13,"key":"jedi:holywater"}],"is_trial":false,"path_per_floor":["M","?","?","M","$","E","M","E","T","R","$","E","M","M","R","B"],"character_chosen":"RUNESMITH_CLASS","items_purchased":["Runesmith:Firestorm","Tiny Chest"],"campfire_rested":1,"item_purchase_floors":[5,11],"current_hp_per_floor":[70,67,67,66,66,38,36,34,34,34,34,20,6,6,27,0,0],"gold":28,"neow_bonus":"ONE_RANDOM_RARE_CARD","is_daily":false,"chose_seed":false,"campfire_upgraded":0,"win_rate":0.0,"timestamp":1609042434,"path_taken":["M","?","?","?","?","E","M","E","T","R","$","E","M","M","R","BOSS"],"items_purchased_type":["Card","Relic"],"build_version":"2020-12-22","purchased_purges":1,"victory":false,"max_hp_per_floor":[70,70,70,70,70,70,70,70,70,70,70,70,70,70,70,70,70],"card_choices":[{"not_picked":["Runesmith:HeatExchange","Runesmith:HammerTime"],"picked":"Runesmith:GoWithTheFlow","floor":1},{"not_picked":["Runesmith:CraftReservo+1","Runesmith:Reinforce+1"],"picked":"Runesmith:CraftSpiculum+1","floor":4},{"not_picked":["Runesmith:EnergizedChisel","Runesmith:UnstableHammer"],"picked":"Runesmith:RuneHurl","floor":6},{"not_picked":["Runesmith:HeatedChisel","Runesmith:Discharge"],"picked":"Runesmith:LithiumIon","floor":7},{"not_picked":["Runesmith:Supernova+1","Runesmith:Repurpose+1","Runesmith:LastStand+1"],"picked":"SKIP","floor":8},{"not_picked":["Runesmith:Malloc+1","Runesmith:BackupBattery+1"],"picked":"Runesmith:Attraction+1","floor":12},{"not_picked":["Runesmith:ShiftingStrike","Runesmith:Permafrost","Runesmith:HeatExchange"],"picked":"SKIP","floor":13},{"not_picked":["Runesmith:ElementalConversion+1","Runesmith:Overpower"],"picked":"Runesmith:RuneHurl","floor":14}],"player_experience":720057,"relics_obtained":[{"floor":6,"key":"Pantograph"},{"floor":8,"key":"Happy Flower"},{"floor":12,"key":"hubris:Teleporter"}],"event_choices":[{"damage_healed":0,"gold_gain":0,"player_choice":"Relic ","damage_taken":3,"max_hp_gain":0,"max_hp_loss":0,"event_name":"betterThird:BetterScrap","floor":2,"gold_loss":0,"cards_obtained":["hubris:Ukulele"]}],"is_beta":false,"boss_relics":[],"items_purged_floors":[5],"is_endless":false,"potions_floor_spawned":[1,4,7,13],"killed_by":"Fading Forest","ascension_level":1}}