{"host":"pe0zhl1vvtkxuc0p","time":1609040110,"event":{"mods":["AchievementEnabler","Act Like it!","Bard","BaseMod","Card Forge","CatGirl Mod","Chen","Colored Powertips","Curses Come First","GifTheSpireLib","Glutton Mod","Gremlin Mod","Hunter 猎人","KinomotoSakuraMod(木之本樱)","LagranYue(拉格朗・月)","Luminous","Minty Spire (QoL Compilation)","Pale of the Ancients","Quick Restart","StSLib","SuperFastMode","The Clintock","The Dragon Tamer","The Druid","The Factory","The Hierophant","The Jungle","The Necromancer"],"gold_per_floor":[113,113,125,135,146,178,178,196,250,250,278,292,292,304,304,405,405,416,426,426,426,426,457,457,457,457,70,90,90,103,103,103,200,200,289,289,289,289,316,316,419,511,511,8,103,103,103,189,189,189,189,189,189],"floor_reached":51,"playtime":3634,"items_purged":["DTMod:Strike","DTMod:Strike+1"],"score":805,"play_id":"c4a444b5-c58a-4b85-948c-fdc9743e98b9","local_time":"20201227113510","is_ascension_mode":false,"metric_token":1815,"campfire_choices":[{"floor":10.0,"key":"REST"},{"floor":13.0,"key":"REST"},{"data":"DTMod:ShadowImage","floor":15.0,"key":"SMITH"},{"floor":25.0,"key":"DIG"},{"floor":29.0,"key":"REST"},{"data":"DTMod:SealedStrike","floor":32.0,"key":"SMITH"},{"floor":40.0,"key":"DIG"},{"floor":49.0,"key":"REST"}],"dtmod_dragon_data":[50,50,1,4,8,7],"circlet_count":0,"master_deck":["DTMod:Strike+1","DTMod:DoubleHit+1","DTMod:SwitchingTactic+1","DTMod:StarRain+1","DTMod:Punisher+1","DTMod:WarmUp+1","DTMod:SneakAttack+1","DTMod:LightShield+1","DTMod:CrossStep+1","DTMod:CleansingStrike+1","DTMod:Cover+1","DTMod:FlameSlash+1","DTMod:TauntingStrike+1","DTMod:ShadowImage+1","DTMod:ComboAttack+1","DTMod:GearUp+1","CurseOfTheBell","DTMod:Training+1","DTMod:Conduct+1","DTMod:MagicField+1","theJungle:Gourd+1","theJungle:Gourd+1","theJungle:Gourd+1","theJungle:Gourd+1","theJungle:Gourd+1","DTMod:InvisibleFlame+1","DTMod:Observe+1","DTMod:SealedStrike+5","DTMod:RepeatStrike+1","DTMod:Astonish+1","Flash of Steel","DTMod:MagiciansMark+1","DTMod:RunningTactic"],"relics":["DTMod:MagicStone","Hammer of Thor","Seething Fire","Anvil of the Gods","LagranYue:RandomDrawCardRelic","Dream Catcher","Akabeko","The Courier","Calling Bell","Toy Ornithopter","Question Card","Bird Faced Urn","Shovel","Bag of Marbles","Sundial","DTMod:AncientBone","Pantograph","Potion Belt","Juzu Bracelet","Lantern","TungstenRod","Blood Vial","HornCleat","WarpedTongs","paleoftheancients:Timepiece","paleoftheancients:KeyRelic","Meat on the Bone","Ice Cream","Bronze Scales"],"acts_visited":["Exordium","Exordium","TheBeyond","TheBeyond"],"potions_floor_usage":[],"damage_taken":[{"damage":0.0,"enemies":"2 Louse","floor":1.0,"turns":2.0},{"damage":0.0,"enemies":"Cultist","floor":3.0,"turns":3.0},{"damage":0.0,"enemies":"Jaw Worm","floor":4.0,"turns":4.0},{"damage":0.0,"enemies":"Exordium Thugs","floor":5.0,"turns":5.0},{"damage":7.0,"enemies":"3 Sentries","floor":6.0,"turns":9.0},{"damage":8.0,"enemies":"Large Slime","floor":8.0,"turns":5.0},{"damage":9.0,"enemies":"Gremlin Nob","floor":11.0,"turns":3.0},{"damage":0.0,"enemies":"Looter","floor":12.0,"turns":1.0},{"damage":0.0,"enemies":"3 Louse","floor":14.0,"turns":3.0},{"damage":26.0,"enemies":"Hexaghost","floor":16.0,"turns":10.0},{"damage":0.0,"enemies":"Shell Parasite","floor":18.0,"turns":5.0},{"damage":0.0,"enemies":"theJungle:GiantWrat","floor":19.0,"turns":4.0},{"damage":7.0,"enemies":"theJungle:Cassacara","floor":23.0,"turns":9.0},{"damage":0.0,"enemies":"theJungle:SlimyTreeVines","floor":28.0,"turns":8.0},{"damage":0.0,"enemies":"Snake Plant","floor":30.0,"turns":4.0},{"damage":3.0,"enemies":"theJungle:QueenSpyder","floor":33.0,"turns":13.0},{"damage":1.0,"enemies":"3 Shapes","floor":35.0,"turns":6.0},{"damage":0.0,"enemies":"Nemesis","floor":41.0,"turns":9.0},{"damage":0.0,"enemies":"Orb Walker","floor":42.0,"turns":1.0},{"damage":0.0,"enemies":"Spire Growth","floor":45.0,"turns":3.0},{"damage":0.0,"enemies":"3 Darklings","floor":48.0,"turns":4.0},{"damage":60.0,"enemies":"Donu and Deca","floor":50.0,"turns":11.0},{"damage":0,"enemies":"","floor":51,"turns":1}],"seed_played":"3012367981244389179","potions_obtained":[{"floor":1.0,"key":"SteroidPotion"},{"floor":2.0,"key":"GamblersBrew"},{"floor":2.0,"key":"Fire Potion"},{"floor":2.0,"key":"LiquidBronze"},{"floor":4.0,"key":"EssenceOfSteel"},{"floor":11.0,"key":"FairyPotion"},{"floor":12.0,"key":"DistilledChaos"},{"floor":16.0,"key":"SkillPotion"},{"floor":18.0,"key":"SkillPotion"},{"floor":23.0,"key":"Weak Potion"},{"floor":42.0,"key":"SmokeBomb"}],"is_trial":false,"path_per_floor":["M","?","M","M","M","E","?","M","T","R","E","M","R","M","R","B",null,"M","M","?","?","?","E","?","R","T","$","M","R","M","$","R","B",null,"M","?","?","?","T","R","E","M","T","$","M","?","?","M","R","B","M"],"character_chosen":"THE_DT","items_purchased":["Pantograph","Potion Belt","Blood Vial","Block Potion","HornCleat","LiquidBronze"],"campfire_rested":4,"item_purchase_floors":[27,27,44,44,44,44],"current_hp_per_floor":[49,49,49,49,49,42,42,34,34,48,39,39,49,49,49,23,49,49,49,49,39,39,42,42,42,42,42,48,49,49,49,49,46,49,48,48,48,48,48,48,49,49,49,49,49,49,49,49,49,49,49,49,49],"gold":189,"neow_bonus":"TEN_PERCENT_HP_BONUS","is_daily":false,"chose_seed":false,"campfire_upgraded":2,"win_rate":0.0,"timestamp":1609040110,"path_taken":["M","?","M","?","M","E","?","M","T","R","E","M","R","M","R","BOSS","M","M","?","?","?","E","?","R","T","$","M","R","M","?","R","BOSS","M","?","?","?","?","R","E","M","T","?","M","?","?","M","R","BOSS","M"],"items_purchased_type":["Relic","Relic","Relic","Potion","Relic","Potion"],"build_version":"2020-12-22","purchased_purges":2,"victory":false,"max_hp_per_floor":[49,49,49,49,49,49,49,49,49,49,49,49,49,49,49,49,49,49,49,49,49,49,49,49,49,49,49,49,49,49,49,49,49,49,49,49,49,49,49,49,49,49,49,49,49,49,49,49,49,49,49,49,49],"card_choices":[{"not_picked":["DTMod:MagiciansMark","DTMod:DarkBreath"],"picked":"DTMod:StarRain","floor":1.0},{"not_picked":["DTMod:BlazingStrike","DTMod:BurningEnergy"],"picked":"DTMod:Punisher","floor":3.0},{"not_picked":["DTMod:BizarreTactic","DTMod:InvisibleFlame"],"picked":"DTMod:WarmUp","floor":4.0},{"not_picked":["DTMod:Cover","DTMod:BreakAttack"],"picked":"DTMod:SneakAttack","floor":5.0},{"not_picked":["DTMod:StunTrap","DTMod:Training"],"picked":"DTMod:LightShield","floor":6.0},{"not_picked":["DTMod:QuickFly","DTMod:BreakAttack"],"picked":"DTMod:CleansingStrike","floor":8.0},{"not_picked":["DTMod:Weaken","DTMod:BlazingStrike"],"picked":"DTMod:Cover","floor":10.0},{"not_picked":["DTMod:StarRain","DTMod:BizarreTactic"],"picked":"DTMod:FlameSlash","floor":11.0},{"not_picked":["DTMod:BizarreTactic","DTMod:BlazingStrike"],"picked":"DTMod:TauntingStrike","floor":12.0},{"not_picked":["DTMod:CrossStep","DTMod:Feint"],"picked":"DTMod:ShadowImage","floor":13.0},{"not_picked":["DTMod:Shift","DTMod:Threaten"],"picked":"DTMod:ComboAttack","floor":14.0},{"not_picked":["DTMod:TriAttack","DTMod:LightShield"],"picked":"DTMod:GearUp","floor":16.0},{"not_picked":["DTMod:Punisher","DTMod:CleansingStrike","DTMod:QuickFly"],"picked":"DTMod:Training+1","floor":18.0},{"not_picked":["DTMod:BreakAttack+1","DTMod:Haste","DTMod:Dissolve"],"picked":"DTMod:Conduct","floor":19.0},{"not_picked":["DTMod:FlameSlash+1","DTMod:MaximumCharge","DTMod:BlazingStrike+1"],"picked":"DTMod:MagicField+1","floor":23.0},{"not_picked":["DTMod:BuildUp+1","DTMod:Dissolve+1","DTMod:ComboAttack"],"picked":"DTMod:InvisibleFlame","floor":28.0},{"not_picked":["DTMod:MasterPlan","DTMod:Cover","DTMod:BreakAttack"],"picked":"DTMod:Observe","floor":29.0},{"not_picked":["DTMod:Threaten","DTMod:Training","DTMod:Adaptation+1"],"picked":"DTMod:SealedStrike","floor":30.0},{"not_picked":["DTMod:ExcessFootwork","DTMod:GearUp","DTMod:Prediction"],"picked":"DTMod:RepeatStrike","floor":33.0},{"not_picked":["DTMod:Threaten+1","DTMod:BizarreTactic+1","DTMod:Cover+1"],"picked":"DTMod:Astonish","floor":35.0},{"not_picked":["Mind Blast","Swift Strike","Impatience"],"picked":"Flash of Steel","floor":38.0},{"not_picked":["DTMod:Astonish+1","DTMod:Weaken+1","DTMod:Training","DTMod:Punisher"],"picked":"SKIP","floor":41.0},{"not_picked":["DTMod:Hide+1","DTMod:MasterPlan+1","DTMod:MagicField"],"picked":"DTMod:MagiciansMark+1","floor":42.0},{"not_picked":["DTMod:Multitask","DTMod:Weaken+1","DTMod:HeatWave","DTMod:InvisibleFlame"],"picked":"SKIP","floor":45.0},{"not_picked":["DTMod:BurningEnergy+1","DTMod:Training+1","DTMod:StarRain+1","DTMod:HeatWave+1"],"picked":"SKIP","floor":48.0},{"not_picked":["DTMod:MasterPlan","DTMod:CleansingStrike+1","DTMod:BizarreTactic"],"picked":"DTMod:RunningTactic","floor":49.0}],"player_experience":480956,"relics_obtained":[{"floor":6.0,"key":"Dream Catcher"},{"floor":9.0,"key":"Akabeko"},{"floor":11.0,"key":"The Courier"},{"floor":17.0,"key":"Toy Ornithopter"},{"floor":17.0,"key":"Question Card"},{"floor":17.0,"key":"Bird Faced Urn"},{"floor":23.0,"key":"Bag of Marbles"},{"floor":25.0,"key":"Sundial"},{"floor":26.0,"key":"DTMod:AncientBone"},{"floor":40.0,"key":"Juzu Bracelet"},{"floor":41.0,"key":"Lantern"},{"floor":43.0,"key":"TungstenRod"}],"event_choices":[{"damage_healed":0.0,"max_hp_gain":0.0,"max_hp_loss":0.0,"gold_gain":0.0,"event_name":"Lab","player_choice":"Got Potions","floor":2.0,"gold_loss":0.0,"damage_taken":0.0},{"damage_healed":0.0,"max_hp_gain":0.0,"max_hp_loss":0.0,"gold_gain":0.0,"cards_transformed":["DTMod:TargetDefense"],"event_name":"Living Wall","player_choice":"Change","floor":7.0,"gold_loss":0.0,"damage_taken":0.0,"cards_obtained":["DTMod:CrossStep"]},{"cards_removed":["DTMod:Strike"],"damage_healed":0.0,"max_hp_gain":0.0,"max_hp_loss":0.0,"gold_gain":0.0,"event_name":"Purifier","player_choice":"Purged","floor":36.0,"gold_loss":0.0,"damage_taken":0.0},{"damage_healed":0.0,"max_hp_gain":0.0,"max_hp_loss":0.0,"gold_gain":0.0,"event_name":"Mysterious Sphere","player_choice":"Ignored","floor":37.0,"gold_loss":0.0,"damage_taken":0.0},{"damage_healed":0.0,"max_hp_gain":0.0,"max_hp_loss":0.0,"gold_gain":0.0,"event_name":"SensoryStone","player_choice":"Memory 1","floor":38.0,"gold_loss":0.0,"damage_taken":0.0},{"damage_healed":0.0,"max_hp_gain":0.0,"max_hp_loss":0.0,"gold_gain":0.0,"event_name":"Accursed Blacksmith","player_choice":"Rummage","floor":46.0,"gold_loss":0.0,"damage_taken":0.0,"relics_obtained":["WarpedTongs"],"cards_obtained":["Pain"]},{"damage_healed":0.0,"max_hp_gain":0.0,"max_hp_loss":0.0,"gold_gain":0.0,"event_name":"SecretPortal","player_choice":"Ignored","floor":47.0,"gold_loss":0.0,"damage_taken":0.0}],"is_beta":false,"boss_relics":[{"not_picked":["Pandora\u0027s Box","Velvet Choker"],"picked":"Calling Bell"},{"not_picked":["DTMod:TheChair","Coffee Dripper"],"picked":"DTMod:MagicStone"}],"items_purged_floors":[27,44],"is_endless":false,"potions_floor_spawned":[1,4,11,12,16,18,23,42],"killed_by":"","ascension_level":0}}