{"host":"w2kjv12xyhtt0cv2","time":1609091828,"event":{"mods":["10 clothes from DAL","Act Like it!","BaseMod","Colored Map","Conspire","Friendly Minions","Gensokyo","Highlight Path","Hubris","Marisa（F雨　魔理沙）","Minty Spire (QoL Compilation)","Quick Restart","Reimu（博丽灵梦）","Relic Stats","Replay The Spire","RumiaBox-露米娅的神秘盒子","Spicy Shops","StSLib","The Servant 0.9.4","UnlockEverythingMod","Waifu the Spire","[功能]功能增强和修复MOD","vexMod","【功能Mod】Neow奖励","【功能Mod】混沌之环修复补丁","【遗物卡牌】REMEMod","没有小屋子和绿帽子啦"],"gold_per_floor":[119,42,42,54,54,54,91,91,91,108,108,121,121,121,121,219,885,896,877,569,587,418,418,281,281,281,306,316,81,81,169,169,265,265,281,281,6,79,93,93,119,131,131,159,159,233,233,533,533,533,533,533,112,145,145],"floor_reached":56,"playtime":4049,"items_purged":["vexMod:UltimateCard","Defend_Lin:ReiMu"],"score":1671,"play_id":"a8cd0674-03be-4833-8d8e-54536aa730c2","local_time":"20201228015708","is_ascension_mode":true,"campfire_choices":[{"data":"conspire:Banana","floor":6.0,"key":"SMITH"},{"data":"Enchanting:ReiMu","floor":15.0,"key":"SMITH"},{"data":"AirStrike:ReiMu","floor":23.0,"key":"SMITH"},{"data":"ManaGlint:ReiMu","floor":25.0,"key":"SMITH"},{"data":"REME_HeartOfCthun","floor":32.0,"key":"SMITH"},{"data":"KamiRite:ReiMu","floor":40.0,"key":"SMITH"},{"floor":47.0,"key":"RECALL"},{"floor":49.0,"key":"REST"},{"floor":52.0,"key":"REST"}],"circlet_count":0,"master_deck":["NB:ReiMu","Stagnation:ReiMu","REME_HeartOfCthun+1","EmergencyTakeOff:ReiMu","Crusade:ReiMu","conspire:Banana+1","Enchanting:ReiMu+1","FantasyMoon:ReiMu+1","KamiRite:ReiMu+1","REME_TwoStrings","FoulBorder2:ReiMu+1","ManaGlint:ReiMu+1","AirStrike:ReiMu+1","RainPray2:ReiMu","Determination:ReiMu","Amulet:ReiMu+1","NineCharacters:ReiMu+1","REME_PuzzleBox+1","hubris:Insight","HandOfGreedSenior","FineLineFantasy:ReiMu","AirManeuver:ReiMu+1","SealNeedle:ReiMu","Gathering:ReiMu"],"relics":["FlyPower:ReiMu","REME_ComplimentaryCards","ReplayTheSpireMod:CursedCoin","Ring of Peace","conspire:DecoderRing","Dream Catcher","FaceOfCleric","Replay:Grab Bag","vexMod:RockOfEvil","Busted Crown","SoulBox","AddBug","Ring of Peace","ReplayTheSpireMod:TigerMarble","HandDrill","hubris:EmptyBottle","Kunai","MealTicket","GodSword5","Vajra","Replay:Drink Me","hubris:CrystalStatue","Ring of Peace","hubris:SphereOfDissonance","Gremlin Food","vexMod:FocusSash","Ornamental Fan","Art of War"],"acts_visited":["Exordium","TheCity","TheBeyond","TheEnding"],"potions_floor_usage":[],"damage_taken":[{"damage":0.0,"enemies":"Cultist","floor":1.0,"turns":3.0},{"damage":0.0,"enemies":"2 Louse","floor":4.0,"turns":2.0},{"damage":0.0,"enemies":"Small Slimes","floor":10.0,"turns":3.0},{"damage":7.0,"enemies":"Exordium Thugs","floor":12.0,"turns":4.0},{"damage":30.0,"enemies":"Fading Forest","floor":16.0,"turns":11.0},{"damage":0.0,"enemies":"Shell Parasite","floor":18.0,"turns":4.0},{"damage":0.0,"enemies":"2 Thieves","floor":19.0,"turns":4.0},{"damage":0.0,"enemies":"Centurion and Healer","floor":21.0,"turns":6.0},{"damage":0.0,"enemies":"Shelled Parasite and Fungi","floor":28.0,"turns":3.0},{"damage":0.0,"enemies":"Slavers","floor":31.0,"turns":3.0},{"damage":0.0,"enemies":"Champ","floor":33.0,"turns":8.0},{"damage":10.0,"enemies":"3 Shapes","floor":35.0,"turns":3.0},{"damage":0.0,"enemies":"3 Darklings","floor":38.0,"turns":3.0},{"damage":0.0,"enemies":"Spire Growth","floor":39.0,"turns":3.0},{"damage":0.0,"enemies":"R_Hoarder","floor":41.0,"turns":5.0},{"damage":0.0,"enemies":"Maw","floor":42.0,"turns":5.0},{"damage":0.0,"enemies":"Giant Head","floor":44.0,"turns":4.0},{"damage":0.0,"enemies":"R_Hoarder","floor":46.0,"turns":4.0},{"damage":10.0,"enemies":"hubris:GrandSnecko","floor":50.0,"turns":6.0},{"damage":0.0,"enemies":"Shield and Spear","floor":54.0,"turns":4.0},{"damage":31,"enemies":"The Heart","floor":55,"turns":10}],"seed_played":"1812770456846063951","potions_obtained":[{"floor":4.0,"key":"LiquidBronze"},{"floor":11.0,"key":"CultistPotion"},{"floor":11.0,"key":"Languid Potion"},{"floor":12.0,"key":"LiquidFlight:ReiMu"},{"floor":21.0,"key":"ColorlessPotion"},{"floor":28.0,"key":"REME_GoldPotion"},{"floor":28.0,"key":"ColorlessPotion"},{"floor":30.0,"key":"CultistPotion"},{"floor":31.0,"key":"ColorlessPotion"},{"floor":33.0,"key":"SpeedPotion"},{"floor":38.0,"key":"Elixir"},{"floor":41.0,"key":"LifebloodPotion"},{"floor":44.0,"key":"SkillPotion"},{"floor":46.0,"key":"CultistPotion"},{"floor":46.0,"key":"SkillPotion"}],"is_trial":false,"path_per_floor":["M","$","?","M","?","R","$","?","T","M","?","M","T","?","R","B",null,"M","M","$","M","$","R","$","R","T","T","M","$","?","E","R","B",null,"M","?","$","M","M","R","E","M","T","E","?","E","R","?","R","B",null,"R","$","E","B",null],"character_chosen":"REIMU","items_purchased":["conspire:Banana","ReplayTheSpireMod:CursedCoin","Enchanting:ReiMu","ReplayTheSpireMod:TigerMarble","REME_TwoStrings","HandDrill","ManaGlint:ReiMu","AirStrike:ReiMu","hubris:EmptyBottle","GodSword5","hubris:CrystalStatue","REME_GoldPotion","SealNeedle:ReiMu","Ornamental Fan","Toxic Potion","Gathering:ReiMu"],"campfire_rested":2,"item_purchase_floors":[2,7,7,20,20,22,22,22,24,29,37,37,53,53,53,53],"current_hp_per_floor":[59,59,59,60,60,60,60,60,60,62,62,57,57,57,57,40,34,37,40,40,43,43,43,43,43,43,43,46,46,46,49,49,58,44,39,39,49,52,57,57,62,67,67,72,62,67,67,67,77,72,82,82,82,86,58],"gold":145,"neow_bonus":"TRANSFORM_TWO_CARDS","is_daily":false,"chose_seed":false,"campfire_upgraded":6,"win_rate":0.0,"timestamp":1609091828,"path_taken":["M","?","?","?","?","R","?","?","T","M","?","?","?","?","R","BOSS","M","?","$","M","$","R","$","R","T","?","?","$","?","E","R","BOSS","M","?","$","M","M","R","E","?","T","E","?","E","R","?","R","BOSS","R","$","E","BOSS"],"items_purchased_type":["Card","Relic","Card","Relic","Card","Relic","Card","Card","Relic","Relic","Relic","Potion","Card","Relic","Potion","Card"],"build_version":"2020-12-22","purchased_purges":2,"victory":true,"max_hp_per_floor":[59,59,59,60,60,60,60,60,60,62,62,64,64,64,64,67,34,37,40,40,43,43,43,43,43,43,43,46,46,46,49,49,58,44,49,49,49,52,57,57,62,67,67,72,72,77,77,77,77,82,82,82,82,86,89],"relic_stats":{"Dream Catcher":2,"Busted Crown":38,"FaceOfCleric":17,"counters":[21,97],"Ornamental Fan":[32],"MealTicket":10,"HandDrill":[24],"Art of War":[1],"Kunai":[23],"obtain_stats":[{"hubris:CrystalStatue":37,"Vajra":31,"SoulBox":17,"hubris:EmptyBottle":24,"vexMod:RockOfEvil":17,"Dream Catcher":13,"FaceOfCleric":14,"Ring of Peace":8,"conspire:DecoderRing":9,"MealTicket":27,"HandDrill":22,"Kunai":26,"Replay:Drink Me":34,"Gremlin Food":44,"ReplayTheSpireMod:CursedCoin":7,"Replay:Grab Bag":17,"hubris:SphereOfDissonance":41,"AddBug":17,"vexMod:FocusSash":46,"Busted Crown":17,"Ornamental Fan":53,"ReplayTheSpireMod:TigerMarble":20,"Art of War":54,"GodSword5":29,"FlyPower:ReiMu":0,"REME_ComplimentaryCards":0},{"hubris:CrystalStatue":12,"Vajra":10,"SoulBox":5,"hubris:EmptyBottle":8,"vexMod:RockOfEvil":5,"Dream Catcher":4,"FaceOfCleric":4,"Ring of Peace":2,"conspire:DecoderRing":2,"MealTicket":8,"HandDrill":8,"Kunai":8,"Replay:Drink Me":11,"Gremlin Food":17,"ReplayTheSpireMod:CursedCoin":2,"Replay:Grab Bag":5,"hubris:SphereOfDissonance":15,"AddBug":5,"vexMod:FocusSash":18,"Busted Crown":5,"Ornamental Fan":19,"ReplayTheSpireMod:TigerMarble":7,"Art of War":20,"GodSword5":9,"FlyPower:ReiMu":0,"REME_ComplimentaryCards":0},{"hubris:CrystalStatue":54,"Vajra":43,"SoulBox":23,"hubris:EmptyBottle":37,"vexMod:RockOfEvil":23,"Dream Catcher":12,"FaceOfCleric":12,"Ring of Peace":5,"conspire:DecoderRing":5,"MealTicket":37,"HandDrill":37,"Kunai":37,"Replay:Drink Me":51,"Gremlin Food":74,"ReplayTheSpireMod:CursedCoin":5,"Replay:Grab Bag":23,"hubris:SphereOfDissonance":65,"AddBug":23,"vexMod:FocusSash":78,"Busted Crown":23,"Ornamental Fan":84,"ReplayTheSpireMod:TigerMarble":31,"Art of War":88,"GodSword5":40,"FlyPower:ReiMu":0,"REME_ComplimentaryCards":0}]},"card_choices":[{"not_picked":["UpKicking:ReiMu","SpreadBorder2:ReiMu","UniversalSpiritual:ReiMu"],"picked":"SKIP","floor":1.0},{"not_picked":["KamiSacrifice:ReiMu","DoubleButterfly:ReiMu","UpKicking:ReiMu"],"picked":"SKIP","floor":4.0},{"not_picked":["UniversalSpiritual:ReiMu","AirStrike:ReiMu"],"picked":"FantasyMoon:ReiMu","floor":10.0},{"not_picked":["UniversalSpiritual:ReiMu","WonderfulDomain:ReiMu","SubcavityInstant:ReiMu"],"picked":"SKIP","floor":12.0},{"not_picked":["RunawayExorcism:ReiMu","PrayRite:ReiMu"],"picked":"KamiRite:ReiMu","floor":16.0},{"not_picked":["SpreadBorder2:ReiMu+1"],"picked":"SKIP","floor":18.0},{"not_picked":["Conquer:ReiMu"],"picked":"SKIP","floor":19.0},{"not_picked":[],"picked":"FoulBorder2:ReiMu+1","floor":21.0},{"not_picked":[],"picked":"RainPray2:ReiMu","floor":28.0},{"not_picked":["SpreadBorder2:ReiMu"],"picked":"SKIP","floor":31.0},{"not_picked":[],"picked":"Determination:ReiMu","floor":33.0},{"not_picked":["UpKicking:ReiMu"],"picked":"SKIP","floor":35.0},{"not_picked":[],"picked":"Amulet:ReiMu+1","floor":38.0},{"not_picked":["SpringWay:ReiMu"],"picked":"SKIP","floor":39.0},{"not_picked":[],"picked":"NineCharacters:ReiMu+1","floor":41.0},{"not_picked":["Enchanting:ReiMu"],"picked":"SKIP","floor":42.0},{"not_picked":["Amulet:ReiMu"],"picked":"SKIP","floor":44.0},{"not_picked":[],"picked":"REME_PuzzleBox","floor":45.0},{"not_picked":[],"picked":"hubris:Insight","floor":45.0},{"not_picked":[],"picked":"HandOfGreedSenior","floor":45.0},{"not_picked":["UniversalSpiritual:ReiMu"],"picked":"SKIP","floor":46.0},{"not_picked":[],"picked":"FineLineFantasy:ReiMu","floor":49.0},{"not_picked":[],"picked":"AirManeuver:ReiMu+1","floor":52.0},{"not_picked":["Meditation:ReiMu"],"picked":"SKIP","floor":54.0}],"player_experience":37642,"relics_obtained":[{"floor":8.0,"key":"Ring of Peace"},{"floor":9.0,"key":"conspire:DecoderRing"},{"floor":13.0,"key":"Dream Catcher"},{"floor":18.0,"key":"Ring of Peace"},{"floor":26.0,"key":"Kunai"},{"floor":27.0,"key":"MealTicket"},{"floor":31.0,"key":"Vajra"},{"floor":38.0,"key":"Ring of Peace"},{"floor":41.0,"key":"hubris:SphereOfDissonance"},{"floor":44.0,"key":"Gremlin Food"},{"floor":46.0,"key":"vexMod:FocusSash"},{"floor":54.0,"key":"Art of War"}],"event_choices":[{"cards_removed":["Strike_Lin:ReiMu"],"damage_healed":0.0,"max_hp_gain":0.0,"max_hp_loss":0.0,"gold_gain":0.0,"event_name":"Bonfire Elementals","player_choice":"Offered Basic","floor":3.0,"gold_loss":0.0,"damage_taken":0.0},{"cards_removed":["Strike_Lin:ReiMu"],"damage_healed":0.0,"max_hp_gain":0.0,"max_hp_loss":0.0,"gold_gain":0.0,"event_name":"Purifier","player_choice":"Purged","floor":5.0,"gold_loss":0.0,"damage_taken":0.0},{"damage_healed":0.0,"max_hp_gain":0.0,"max_hp_loss":0.0,"gold_gain":0.0,"event_name":"Lab","player_choice":"Got Potions","floor":11.0,"gold_loss":0.0,"damage_taken":0.0},{"damage_healed":0.0,"max_hp_gain":0.0,"max_hp_loss":0.0,"gold_gain":0.0,"event_name":"FaceTrader","player_choice":"Trade","floor":14.0,"gold_loss":0.0,"damage_taken":0.0,"relics_obtained":["FaceOfCleric"]},{"damage_healed":0.0,"max_hp_gain":0.0,"max_hp_loss":0.0,"gold_gain":0.0,"event_name":"SecretPortal","player_choice":"Ignored","floor":36.0,"gold_loss":0.0,"damage_taken":0.0},{"damage_healed":0.0,"max_hp_gain":0.0,"max_hp_loss":0.0,"gold_gain":0.0,"event_name":"SensoryStone","player_choice":"Memory 3","floor":45.0,"gold_loss":0.0,"damage_taken":10.0},{"damage_healed":0.0,"max_hp_gain":0.0,"max_hp_loss":0.0,"gold_gain":300.0,"event_name":"Wheel of Change","player_choice":"Gold","floor":48.0,"gold_loss":0.0,"damage_taken":0.0}],"is_beta":false,"boss_relics":[{"not_picked":["RedLine:ReiMu","Replay:Bronze Core"],"picked":"Replay:Grab Bag"},{"not_picked":["vexMod:FluxCapacitor","SlaversCollar"],"picked":"vexMod:RockOfEvil"},{"not_picked":["Fusion Hammer","hubris:CrackedHourglass"],"picked":"Busted Crown"},{"not_picked":["Pandora\u0027s Box","conspire:RunicOctahedron"],"picked":"SoulBox"},{"not_picked":["EasyGame_NEW","conspire:SpecialSausage"],"picked":"AddBug"},{"not_picked":["Replay:Ancient Bell","REME_ChargedStone"],"picked":"Replay:Drink Me"}],"items_purged_floors":[7,20],"is_endless":false,"potions_floor_spawned":[4,12,21,21,28,28,31,33,38,41,44,46,46],"ascension_level":1}}