{"host":"a464imauj9yqom7y","time":1609062770,"event":{"mods":["AchievementEnabler","BaseMod","Better Altar","Better Match","Better Note","Better Sensory Stone","Better Skull","BetterRewards","Colored Map","Colored Powertips","Hubris","Minty Spire (QoL Compilation)","Rare Cards Sparkle","Shade Mod","StSLib"],"gold_per_floor":[113,113,113,128,128,155,172,172,172,172,172,188,188,188,188,283,283,298,315,315,315],"floor_reached":20,"playtime":870,"items_purged":[],"score":197,"play_id":"247993d5-e62b-4f9f-ba6a-a885b8a08143","local_time":"20201227035250","is_ascension_mode":false,"campfire_choices":[{"data":"Pommel Strike","floor":8,"key":"SMITH"},{"data":"Bash","floor":10,"key":"SMITH"},{"data":"Barricade","floor":13,"key":"SMITH"},{"data":"Armaments","floor":15,"key":"SMITH"}],"circlet_count":0,"master_deck":["Strike_R","Strike_R","Strike_R","Strike_R","Defend_R","Defend_R","Defend_R","Defend_R","Bash+1","Armaments+1","Fiend Fire","Pommel Strike+1","Flex","Barricade+1","Impervious","Body Slam","Perfected Strike"],"relics":["Black Blood","NeowsBlessing","hubris:Towel","Boot","hubris:Metronome"],"acts_visited":["Exordium","TheCity"],"potions_floor_usage":[16,18,19,20],"damage_taken":[{"damage":0,"enemies":"Jaw Worm","floor":1,"turns":1},{"damage":0,"enemies":"Small Slimes","floor":4,"turns":1},{"damage":0,"enemies":"Lagavulin","floor":6,"turns":1},{"damage":1,"enemies":"Cultist","floor":7,"turns":3},{"damage":7,"enemies":"2 Fungi Beasts","floor":12,"turns":3},{"damage":30,"enemies":"Slime Boss","floor":16,"turns":13},{"damage":47,"enemies":"3 Byrds","floor":18,"turns":9},{"damage":40,"enemies":"Chosen","floor":19,"turns":9},{"damage":19,"enemies":"3 Cultists","floor":20,"turns":4}],"seed_played":"199526118558711117","potions_obtained":[{"floor":1,"key":"BlessingOfTheForge"},{"floor":6,"key":"Strength Potion"},{"floor":11,"key":"SpeedPotion"},{"floor":18,"key":"ColorlessPotion"},{"floor":19,"key":"Explosive Potion"}],"is_trial":false,"path_per_floor":["M","?","$","M","?","E","M","R","T","R","?","M","R","$","R","B",null,"M","M","M"],"character_chosen":"IRONCLAD","items_purchased":[],"campfire_rested":0,"item_purchase_floors":[],"current_hp_per_floor":[80,80,80,80,73,79,80,80,80,80,80,79,79,79,79,55,80,45,17,0,0],"gold":315,"neow_bonus":"THREE_ENEMY_KILL","is_daily":false,"chose_seed":false,"campfire_upgraded":4,"win_rate":0.0,"timestamp":1609062770,"path_taken":["M","?","$","M","?","E","M","R","T","R","?","M","R","$","R","BOSS","M","M","M"],"items_purchased_type":[],"build_version":"2020-12-22","purchased_purges":0,"victory":false,"max_hp_per_floor":[80,80,80,80,80,80,80,80,80,80,80,80,80,80,80,80,80,80,80,80,80],"card_choices":[{"not_picked":["Second Wind","Thunderclap"],"picked":"Armaments","floor":1},{"not_picked":["Twin Strike","Intimidate"],"picked":"Fiend Fire","floor":4},{"not_picked":["Twin Strike","Shrug It Off"],"picked":"Pommel Strike","floor":6},{"not_picked":["Intimidate","Sword Boomerang"],"picked":"Flex","floor":7},{"not_picked":["Cleave","Headbutt"],"picked":"Barricade","floor":12},{"not_picked":["Bludgeon","Double Tap"],"picked":"Impervious","floor":16},{"not_picked":["Dark Embrace","Flex"],"picked":"Body Slam","floor":18},{"not_picked":["Dual Wield+1","hubris:ReadiedAction"],"picked":"Perfected Strike","floor":19}],"player_experience":10533,"relics_obtained":[{"floor":6,"key":"Boot"},{"floor":9,"key":"hubris:Metronome"}],"event_choices":[{"cards_removed":["Strike_R"],"damage_healed":0,"gold_gain":0,"player_choice":"Card Removal","damage_taken":7,"max_hp_gain":0,"max_hp_loss":0,"event_name":"Golden Wing","floor":5,"gold_loss":0},{"damage_healed":0,"gold_gain":0,"player_choice":"Got Potions","damage_taken":0,"max_hp_gain":0,"max_hp_loss":0,"event_name":"Lab","floor":11,"gold_loss":0}],"is_beta":false,"boss_relics":[{"not_picked":["hubris:HollowSoul","hubris:BlackHole"],"picked":"Black Blood"}],"items_purged_floors":[],"is_endless":false,"potions_floor_spawned":[1,6,18,19],"killed_by":"3 Cultists","ascension_level":0}}