{"host":"1tkoe3l8wf0xx8if","time":1609085456,"event":{"mods":["AchievementEnabler","BaseMod","Colored Map","Minty Spire (QoL Compilation)","Quick Restart","StSLib","SuperFastMode"],"gold_per_floor":[11,11,22,38,38,63,63,76,76,76,91,91,16,91,91,91,91],"floor_reached":16,"playtime":370,"items_purged":["Strike_B"],"score":125,"play_id":"080b80cf-2cd9-4da7-9aec-a42c12c3b979","local_time":"20201228011056","is_ascension_mode":true,"campfire_choices":[{"data":"Dualcast","floor":7,"key":"SMITH"},{"data":"Thunder Strike","floor":10,"key":"SMITH"},{"data":"Sweeping Beam","floor":12,"key":"SMITH"},{"data":"Gash","floor":15,"key":"SMITH"}],"circlet_count":0,"master_deck":["Strike_B","Strike_B","Strike_B","Defend_B","Defend_B","Defend_B","Defend_B","Zap+1","Dualcast+1","Thunder Strike+1","Sweeping Beam+1","Cold Snap","Gash+1","Compile Driver","Skim","Sunder+1"],"relics":["Cracked Core","Lantern","Molten Egg 2"],"acts_visited":["Exordium"],"potions_floor_usage":[16,16],"damage_taken":[{"damage":3,"enemies":"Jaw Worm","floor":1,"turns":4},{"damage":1,"enemies":"Cultist","floor":3,"turns":3},{"damage":0,"enemies":"2 Louse","floor":4,"turns":2},{"damage":26,"enemies":"3 Sentries","floor":6,"turns":6},{"damage":8,"enemies":"Large Slime","floor":8,"turns":4},{"damage":7,"enemies":"3 Louse","floor":11,"turns":2},{"damage":19,"enemies":"The Guardian","floor":16,"turns":6}],"seed_played":"-4541408450935210601","potions_obtained":[{"floor":1,"key":"SpeedPotion"},{"floor":6,"key":"FearPotion"}],"is_trial":false,"path_per_floor":["M","?","M","M","$","E","R","M","T","R","M","R","$","?","R","B"],"character_chosen":"DEFECT","items_purchased":[],"campfire_rested":0,"item_purchase_floors":[],"current_hp_per_floor":[72,72,71,71,71,45,45,37,37,37,30,30,30,19,19,0,0],"gold":91,"neow_bonus":"THREE_RARE_CARDS","is_daily":false,"chose_seed":false,"campfire_upgraded":4,"win_rate":0.0,"timestamp":1609085456,"path_taken":["M","?","M","M","?","E","R","M","T","R","M","R","$","?","R","BOSS"],"items_purchased_type":[],"build_version":"2020-12-22","purchased_purges":1,"victory":false,"max_hp_per_floor":[75,75,75,75,75,75,75,75,75,75,75,75,75,75,75,75,75],"card_choices":[{"not_picked":["Creative AI","Meteor Strike"],"picked":"Thunder Strike","floor":0},{"not_picked":["Doom and Gloom","Redo"],"picked":"Sweeping Beam","floor":1},{"not_picked":["Turbo","Steam Power"],"picked":"Cold Snap","floor":3},{"not_picked":["Redo","Steam"],"picked":"Gash","floor":4},{"not_picked":["Sweeping Beam","Reprogram"],"picked":"Compile Driver","floor":6},{"not_picked":["Steam","Sweeping Beam"],"picked":"Skim","floor":8},{"not_picked":["Undo","Cold Snap+1"],"picked":"Sunder+1","floor":11}],"player_experience":319135,"relics_obtained":[{"floor":6,"key":"Lantern"},{"floor":9,"key":"Molten Egg 2"}],"event_choices":[{"damage_healed":0,"gold_gain":0,"player_choice":"Forge","damage_taken":0,"max_hp_gain":0,"max_hp_loss":0,"event_name":"Accursed Blacksmith","floor":2,"gold_loss":0,"cards_upgraded":["Zap"]},{"damage_healed":0,"gold_gain":75,"player_choice":"Gather Gold","damage_taken":11,"max_hp_gain":0,"max_hp_loss":0,"event_name":"World of Goop","floor":14,"gold_loss":0}],"is_beta":false,"boss_relics":[],"items_purged_floors":[13],"is_endless":false,"potions_floor_spawned":[1,6],"killed_by":"The Guardian","ascension_level":5}}