{"host":"873t0y8ybyo38pfq","time":1609078804,"event":{"mods":["BaseMod","Bestiary","Colored Map","Colored Powertips","Highlight Path","Minty Spire (QoL Compilation)","Quick Restart","RNG Fix","Rare Cards Sparkle","Relic Stats","StSLib"],"gold_per_floor":[118,43,43,43,53,53,66,66,66,96,39,57,73,86,86,160,160,173,173,193,207,207,238,238,238,238],"floor_reached":25,"playtime":747,"items_purged":["Strike_G"],"score":546,"play_id":"cb44b8c4-49f0-4d73-8177-2e3b4fe92fce","local_time":"20201227092004","is_ascension_mode":true,"campfire_choices":[{"data":"Neutralize","floor":6,"key":"SMITH"},{"data":"Slice","floor":8,"key":"SMITH"},{"data":"Skewer","floor":15,"key":"SMITH"},{"floor":24,"key":"REST"}],"circlet_count":0,"master_deck":["AscendersBane","Strike_G","Strike_G","Strike_G","Defend_G","Defend_G","Defend_G","Defend_G","Defend_G","Survivor","Neutralize+1","Backstab","Slice+1","Terror","Slice","Skewer+1","Predator","Corpse Explosion","J.A.X.","Blade Dance","PiercingWail"],"relics":["Ring of the Snake","Dream Catcher","Gremlin Horn","Black Star","Bird Faced Urn","Turnip"],"acts_visited":["Exordium","TheCity"],"potions_floor_usage":[10,10,16,16,23,23],"damage_taken":[{"damage":0,"enemies":"Small Slimes","floor":1,"turns":6},{"damage":0,"enemies":"Cultist","floor":5,"turns":4},{"damage":2,"enemies":"2 Louse","floor":7,"turns":3},{"damage":0,"enemies":"Lagavulin","floor":10,"turns":5},{"damage":1,"enemies":"Looter","floor":12,"turns":3},{"damage":2,"enemies":"Gremlin Gang","floor":13,"turns":4},{"damage":0,"enemies":"Large Slime","floor":14,"turns":4},{"damage":20,"enemies":"Slime Boss","floor":16,"turns":6},{"damage":9,"enemies":"Chosen","floor":18,"turns":3},{"damage":13,"enemies":"2 Thieves","floor":20,"turns":4},{"damage":3,"enemies":"3 Cultists","floor":21,"turns":2},{"damage":18,"enemies":"Gremlin Leader","floor":23,"turns":6},{"damage":57,"enemies":"Slavers","floor":25,"turns":6}],"seed_played":"3470765879540205590","potions_obtained":[{"floor":1,"key":"Swift Potion"},{"floor":7,"key":"ColorlessPotion"},{"floor":13,"key":"AttackPotion"},{"floor":20,"key":"Swift Potion"},{"floor":21,"key":"PowerPotion"}],"is_trial":false,"path_per_floor":["M","$","?","?","M","R","M","R","T","E","$","M","M","M","R","B",null,"M","?","M","M","?","E","R","E"],"character_chosen":"THE_SILENT","items_purchased":["Poison Potion"],"campfire_rested":1,"item_purchase_floors":[11],"current_hp_per_floor":[65,65,65,65,65,65,63,63,63,63,63,62,60,60,60,40,64,55,55,42,39,53,35,56,0,0],"gold":238,"neow_bonus":"TEN_PERCENT_HP_BONUS","is_daily":false,"chose_seed":false,"campfire_upgraded":3,"win_rate":0.0,"timestamp":1609078804,"path_taken":["M","$","?","?","M","R","M","R","T","E","?","M","M","M","R","BOSS","M","?","M","M","?","E","R","E"],"items_purchased_type":["Potion"],"build_version":"2020-12-22","purchased_purges":1,"victory":false,"max_hp_per_floor":[72,72,72,72,72,72,72,72,72,72,72,72,72,72,72,72,72,72,72,72,72,72,72,72,72,72],"relic_stats":{"Dream Catcher":1,"Gremlin Horn":[12,12],"counters":[13,56],"Bird Faced Urn":[0],"Turnip":[0],"Black Star":1,"obtain_stats":[{"Dream Catcher":9,"Gremlin Horn":10,"Bird Faced Urn":23,"Turnip":23,"Black Star":17,"Ring of the Snake":0},{"Dream Catcher":3,"Gremlin Horn":4,"Bird Faced Urn":12,"Turnip":12,"Black Star":8,"Ring of the Snake":0},{"Dream Catcher":13,"Gremlin Horn":18,"Bird Faced Urn":50,"Turnip":50,"Black Star":35,"Ring of the Snake":0}],"Ring of the Snake":[26]},"card_choices":[{"not_picked":["Acrobatics","Flechettes"],"picked":"Backstab","floor":1},{"not_picked":["Outmaneuver","Deflect"],"picked":"Slice","floor":5},{"not_picked":["Setup","Bane"],"picked":"Terror","floor":7},{"not_picked":["Flying Knee","Prepared"],"picked":"Slice","floor":10},{"not_picked":["Bouncing Flask","Dodge and Roll"],"picked":"Skewer","floor":12},{"not_picked":["Concentrate","Slice","All Out Attack"],"picked":"SKIP","floor":13},{"not_picked":["Concentrate","Masterful Stab"],"picked":"Predator","floor":14},{"not_picked":["Night Terror","After Image"],"picked":"Corpse Explosion","floor":16},{"not_picked":["Accuracy","Dagger Spray","Bane"],"picked":"SKIP","floor":18},{"not_picked":["Choke","Prepared","Setup"],"picked":"SKIP","floor":20},{"not_picked":["Caltrops","Prepared"],"picked":"Blade Dance","floor":21},{"not_picked":["Eviscerate+1","Deadly Poison+1"],"picked":"PiercingWail","floor":23}],"player_experience":1367584,"relics_obtained":[{"floor":9,"key":"Dream Catcher"},{"floor":10,"key":"Gremlin Horn"},{"floor":23,"key":"Bird Faced Urn"},{"floor":23,"key":"Turnip"}],"event_choices":[{"cards_removed":["Strike_G"],"damage_healed":0,"gold_gain":0,"player_choice":"Purged","damage_taken":0,"max_hp_gain":0,"max_hp_loss":0,"event_name":"Purifier","floor":3,"gold_loss":0},{"damage_healed":0,"gold_gain":0,"player_choice":"Leave","damage_taken":0,"max_hp_gain":0,"max_hp_loss":0,"event_name":"The Cleric","floor":4,"gold_loss":0},{"damage_healed":0,"gold_gain":0,"player_choice":"Obtain J.A.X.","damage_taken":0,"max_hp_gain":0,"max_hp_loss":0,"event_name":"Drug Dealer","floor":19,"gold_loss":0,"cards_obtained":["J.A.X."]},{"damage_healed":14,"gold_gain":0,"player_choice":"Heal","damage_taken":0,"max_hp_gain":0,"max_hp_loss":0,"event_name":"The Library","floor":22,"gold_loss":0}],"is_beta":false,"boss_relics":[{"not_picked":["Snecko Eye","Philosopher\u0027s Stone"],"picked":"Black Star"}],"items_purged_floors":[2],"is_endless":false,"potions_floor_spawned":[1,7,13,20,21],"killed_by":"Slavers","ascension_level":20}}