{"host":"97k5lqmr6aaz1p9r","time":1609060413,"event":{"mods":["BaseMod","Colored Map","Downfall","Jorbs\u0027s Wanderer Trilogy","Minty Spire (QoL Compilation)","StSLib"],"gold_per_floor":[99,99,99,99,99,99,126,156,168,105,147,159,156,178,208,322,334,346,372,402,414,446,87,111,111,123,48,48,82,7,41,54,156,156,156,167,32,32,32,32,57,80,80,92,105,30,30,61,80,80,80,110,110,110,110],"floor_reached":56,"playtime":5690,"items_purged":["Guardian:GemFinder"],"score":1470,"play_id":"82e552c6-a748-4220-89b3-91114c582349","local_time":"20201227091333","is_ascension_mode":true,"campfire_choices":[{"floor":1,"key":"RECALL"},{"data":"Guardian:CurlUp","floor":10,"key":"SMITH"},{"data":"Guardian:PrismaticBarrier","floor":18,"key":"SMITH"},{"data":"Guardian:BaubleBeam","floor":27,"key":"SMITH"},{"data":"Guardian:Repulse","floor":30,"key":"SMITH"},{"data":"Guardian:PrismaticBeam","floor":35,"key":"SMITH"},{"data":"Guardian:TimeCapacitor","floor":43,"key":"SMITH"},{"data":"Guardian:WalkerClaw","floor":47,"key":"SMITH"},{"data":"Guardian:SentryBeam","floor":54,"key":"SMITH"}],"circlet_count":0,"master_deck":["Guardian:CurlUp+1","Guardian:TwinSlam+1","Guardian:BronzeOrb","Guardian:PrismaticBarrier+1","Guardian:SentryBeam+1","Guardian:Suspension+1","Guardian:BaubleBeam+1","Guardian:TemporalStrike","Guardian:PolyBeam","Guardian:SentryBeam","Guardian:StasisStrike","Guardian:Repulse+1","Guardian:PrismaticBeam+1","Guardian:ChargeCore","Guardian:WalkerClaw+1","Guardian:TimeCapacitor+1","Guardian:DecasProtection+1","Guardian:VentSteam+1","Guardian:FloatingOrbs","Guardian:Suspension+1"],"relics":["Guardian:ModeShifter","downfall:HeartsMalice","Regal Pillow","downfall:ShatteredFragment","Bronze Scales","MawBank","downfall:HeartBlessingRed","Tiny Chest","Pandora\u0027s Box","Ornamental Fan","downfall:HeartBlessingBlue","Gremlin Horn","Du-Vu Doll","downfall:HeartBlessingGreen","White Beast Statue","Runic Pyramid","Guardian:PickAxe","Pear","Pen Nib","MealTicket","War Paint","Strawberry"],"acts_visited":["Exordium","TheCity","TheBeyond","TheEnding"],"potions_floor_usage":[23,26,29,37,45,55,55],"damage_taken":[{"damage":0,"enemies":"Jaw Worm","floor":3,"turns":1},{"damage":0,"enemies":"Gremlin Nob","floor":8,"turns":1},{"damage":0,"enemies":"Small Slimes","floor":9,"turns":1},{"damage":21,"enemies":"Lagavulin","floor":11,"turns":4},{"damage":2,"enemies":"downfall:FleeingMerchant","floor":13,"turns":4},{"damage":0,"enemies":"Cultist","floor":14,"turns":2},{"damage":0,"enemies":"Blue Slaver","floor":15,"turns":2},{"damage":24,"enemies":"downfall:Ironclad","floor":16,"turns":6},{"damage":5,"enemies":"Chosen","floor":19,"turns":2},{"damage":0,"enemies":"Spheric Guardian","floor":20,"turns":2},{"damage":0,"enemies":"Cultist and Chosen","floor":22,"turns":3},{"damage":0,"enemies":"downfall:FleeingMerchant","floor":23,"turns":4},{"damage":0,"enemies":"Snake Plant","floor":26,"turns":3},{"damage":20,"enemies":"Slavers","floor":29,"turns":3},{"damage":2,"enemies":"Book of Stabbing","floor":31,"turns":3},{"damage":0,"enemies":"Shelled Parasite and Fungi","floor":32,"turns":3},{"damage":0,"enemies":"downfall:Watcher","floor":33,"turns":5},{"damage":0,"enemies":"3 Darklings","floor":36,"turns":4},{"damage":0,"enemies":"downfall:FleeingMerchant","floor":37,"turns":2},{"damage":10,"enemies":"3 Shapes","floor":44,"turns":3},{"damage":0,"enemies":"Transient","floor":45,"turns":5},{"damage":0,"enemies":"Giant Head","floor":48,"turns":5},{"damage":0,"enemies":"Sphere and 2 Shapes","floor":49,"turns":3},{"damage":19,"enemies":"downfall:Silent","floor":50,"turns":5},{"damage":18,"enemies":"downfall:CharBossMerchant","floor":52,"turns":7},{"damage":24,"enemies":"downfall:NeowBoss","floor":55,"turns":14}],"seed_played":"384081986473822110","potions_obtained":[{"floor":8,"key":"sneckomod:MuddlingPotion"},{"floor":11,"key":"SneckoOil"},{"floor":16,"key":"Guardian:AcceleratePotion"},{"floor":21,"key":"CultistPotion"},{"floor":22,"key":"LiquidMemories"},{"floor":26,"key":"Weak Potion"},{"floor":29,"key":"Energy Potion"},{"floor":31,"key":"SkillPotion"},{"floor":33,"key":"SpeedPotion"},{"floor":36,"key":"Guardian:DefensiveModePotion"},{"floor":44,"key":"ColorlessPotion"},{"floor":45,"key":"LiquidMemories"},{"floor":48,"key":"SteroidPotion"},{"floor":49,"key":"DuplicationPotion"}],"is_trial":false,"path_per_floor":["R","?","M","?","?","?","T","E","M","R","E","?","$","M","M","B",null,"R","M","M","?","M","$","T","?","M","R","T","E","R","E","M","B",null,"R","M","$","?","?","R","T","T","R","M","M","$","R","E","M","B",null,"E","$","R","B",null],"character_chosen":"GUARDIAN","items_purchased":["Guardian:Repulse","Ornamental Fan","Guardian:PrismaticBeam","Guardian:TimeCapacitor","Guardian:PickAxe","Pear"],"campfire_rested":0,"item_purchase_floors":[23,23,23,37,37,37],"current_hp_per_floor":[80,80,80,80,80,56,56,56,56,56,35,35,33,33,33,9,80,80,75,75,75,75,75,75,60,60,70,70,50,50,48,48,48,95,95,95,105,105,105,105,105,105,105,95,95,105,105,105,105,86,105,94,109,109,85],"gold":110,"neow_bonus":"THREE_ENEMY_KILL","is_daily":false,"chose_seed":false,"campfire_upgraded":8,"win_rate":0.0,"timestamp":1609060413,"path_taken":["R","?","M","?","?","?","T","E","?","R","E","?","$","M","M","BOSS","R","M","M","?","M","$","T","?","M","R","?","E","R","E","M","BOSS","R","M","?","?","?","R","T","?","R","M","?","?","R","E","M","BOSS","E","$","R","BOSS"],"items_purchased_type":["Card","Relic","Card","Card","Relic","Relic"],"build_version":"2020-12-22","purchased_purges":1,"victory":true,"max_hp_per_floor":[80,80,80,80,80,80,80,80,80,80,80,80,80,80,80,80,80,80,80,80,80,80,80,80,85,85,95,95,95,95,95,95,95,95,95,95,105,105,105,105,105,105,105,105,105,105,105,105,105,105,105,112,112,112,112],"card_choices":[{"not_picked":["Guardian:WalkerClaw","Guardian:Gem_Green"],"picked":"Guardian:BronzeOrb","floor":3},{"not_picked":["Guardian:PrimingBeam","Guardian:Preprogram"],"picked":"Guardian:PrismaticBarrier","floor":8},{"not_picked":["Guardian:TimeCapacitor","Guardian:BronzeOrb"],"picked":"Guardian:Gem_Red","floor":9},{"not_picked":["Guardian:GatlingBeam","Guardian:ConstructionForm"],"picked":"Guardian:SentryBeam","floor":11},{"not_picked":["Guardian:Reroute","Guardian:Harden"],"picked":"Guardian:Suspension","floor":13},{"not_picked":["Guardian:TemporalShield","Guardian:ChargeUp"],"picked":"Guardian:Gem_Crimson","floor":14},{"not_picked":["Guardian:Reroute","Guardian:Planning"],"picked":"Guardian:Gem_Crimson","floor":15},{"not_picked":["Guardian:GemFire","Guardian:FastForward"],"picked":"Guardian:BaubleBeam","floor":16},{"not_picked":["Guardian:Gem_Lightblue","Guardian:Gem_Red"],"picked":"Guardian:Gem_Cyan","floor":19},{"not_picked":["Guardian:Planning","Guardian:Suspension","Guardian:WalkerClaw"],"picked":"SKIP","floor":19},{"not_picked":["Guardian:VentSteam","Guardian:TemporalStrike","Guardian:WalkerClaw"],"picked":"SKIP","floor":20},{"not_picked":["Guardian:Gem_Green","Guardian:Gem_Red"],"picked":"Guardian:Gem_Cyan","floor":22},{"not_picked":["Guardian:RollAttack","Guardian:ArmoredProtocol"],"picked":"Guardian:Gem_Cyan","floor":22},{"not_picked":["Guardian:ArmoredProtocol+1","Guardian:HyperBeam_Guardian"],"picked":"Guardian:Gem_Fragmented","floor":23},{"not_picked":["Guardian:Gem_Lightblue","Guardian:Gem_Green"],"picked":"Guardian:Gem_Red","floor":26},{"not_picked":["Guardian:Clone","Guardian:Repulse"],"picked":"Guardian:ChargeCore","floor":26},{"not_picked":["Guardian:Clone+1","Guardian:Planning"],"picked":"Guardian:WalkerClaw","floor":29},{"not_picked":["Guardian:PolyBeam","Guardian:Gem_Lightblue"],"picked":"Guardian:ShieldCharger+1","floor":31},{"not_picked":["Guardian:ChargeCore","Guardian:MultiBeam","Guardian:SentryBeam"],"picked":"SKIP","floor":32},{"not_picked":["Guardian:FastForward","Guardian:ConstructionForm"],"picked":"Guardian:Gem_Synthetic","floor":33},{"not_picked":["Guardian:PolyBeam","Guardian:Clone","Guardian:ShieldSpikes"],"picked":"SKIP","floor":36},{"not_picked":["Guardian:ShieldCharger+1","Guardian:CrystalBeam"],"picked":"Guardian:Gem_Yellow","floor":37},{"not_picked":["Guardian:Suspension+1","Guardian:Planning"],"picked":"Guardian:DecasProtection+1","floor":44},{"not_picked":["Guardian:Gem_Green","Guardian:BronzeOrb+1","Guardian:TimeCapacitor+1"],"picked":"SKIP","floor":45},{"not_picked":["Guardian:TemporalStrike","Guardian:Recover+1"],"picked":"Guardian:VentSteam+1","floor":48},{"not_picked":["Guardian:Gem_Red","Guardian:ChargeCore"],"picked":"Guardian:FloatingOrbs","floor":49},{"not_picked":["Guardian:Planning","Guardian:PolyBeam+1"],"picked":"Guardian:Suspension+1","floor":52}],"player_experience":549612,"relics_obtained":[{"floor":7,"key":"Bronze Scales"},{"floor":8,"key":"MawBank"},{"floor":11,"key":"Tiny Chest"},{"floor":28,"key":"Gremlin Horn"},{"floor":29,"key":"Du-Vu Doll"},{"floor":31,"key":"White Beast Statue"},{"floor":41,"key":"Pen Nib"},{"floor":42,"key":"MealTicket"},{"floor":48,"key":"War Paint"},{"floor":52,"key":"Strawberry"}],"event_choices":[{"cards_removed":["Regret"],"damage_healed":0,"gold_gain":0,"player_choice":"Card Removal","damage_taken":0,"max_hp_gain":0,"max_hp_loss":0,"event_name":"The Cleric","floor":4,"gold_loss":0},{"damage_healed":0,"gold_gain":0,"player_choice":"Box","damage_taken":0,"relics_obtained":["Regal Pillow"],"max_hp_gain":0,"max_hp_loss":0,"event_name":"Big Fish","floor":5,"gold_loss":0,"cards_obtained":["Regret"]},{"cards_removed":["Guardian:ShieldCharger"],"damage_healed":0,"gold_gain":0,"player_choice":"Removed Skill","damage_taken":0,"max_hp_gain":0,"max_hp_loss":0,"event_name":"Falling","floor":38,"gold_loss":0}],"is_beta":false,"boss_relics":[{"not_picked":["Empty Cage","Philosopher\u0027s Stone"],"picked":"Pandora\u0027s Box"},{"not_picked":["Coffee Dripper","Guardian:StasisSlotReductionRelic"],"picked":"Runic Pyramid"}],"items_purged_floors":[46],"is_endless":false,"potions_floor_spawned":[8,11,16,22,26,29,31,32,33,36,37,44,45,48,49,52],"ascension_level":1}}