{"host":"l4jj3li0klahglqo","time":1609031085,"event":{"mods":["BaseMod","Conspire","Hubris","Infinite Spire","Minty Spire (QoL Compilation)","Quick Restart","Replay The Spire","Shop Mod","StSLib","The Animator"],"gold_per_floor":[118,118,142,15,15,41,41],"floor_reached":6,"playtime":582,"items_purged":["Pain"],"score":46,"play_id":"8edd98f6-345b-4fd1-a847-edb14add7d4a","local_time":"20201226190445","is_ascension_mode":true,"campfire_choices":[],"circlet_count":0,"master_deck":["animator:Strike_Konosuba","animator:Defend_Konosuba","animator:Strike","animator:Strike","animator:Strike","animator:Defend","animator:Defend","animator:Defend","animator:Kazuma","animator:Aqua","Bash","hubris:Strike_Merchant","animator:Eve","animator:Arpeggio","animator:Verdia","animator:NagisaMomoe+1","animator:Verdia"],"relics":["animator:LivingPicture","animator:TheMissingPiece","WarpedTongs","conspire:BottledYoYo"],"acts_visited":["Exordium"],"potions_floor_usage":[6],"damage_taken":[{"damage":2,"enemies":"conspire:RoseBush","floor":1,"turns":4},{"damage":6,"enemies":"Cultist","floor":3,"turns":4},{"damage":35,"enemies":"3 Sentries","floor":6,"turns":17}],"seed_played":"87377142518408176","potions_obtained":[{"floor":3,"key":"Weak Potion"}],"is_trial":false,"path_per_floor":["M","?","M","$","?","E"],"character_chosen":"THE_ANIMATOR","items_purchased":["animator:NagisaMomoe+1"],"campfire_rested":0,"item_purchase_floors":[4],"current_hp_per_floor":[64,64,60,60,60,27,27],"gold":41,"neow_bonus":"THREE_RARE_CARDS","is_daily":false,"chose_seed":false,"campfire_upgraded":0,"win_rate":0.0,"timestamp":1609031085,"path_taken":["M","?","?","$","?","E"],"items_purchased_type":["Card"],"build_version":"2020-12-22","purchased_purges":1,"victory":false,"max_hp_per_floor":[66,66,66,66,66,66,66],"card_choices":[{"not_picked":["animator:HomuraAkemi","animator:SwordMaiden"],"picked":"animator:Eve","floor":0},{"not_picked":["animator:Ciel","animator:Azekura"],"picked":"animator:Arpeggio","floor":1},{"not_picked":["animator:GuildGirl","animator:LizardPriest"],"picked":"animator:Verdia","floor":3},{"not_picked":["animator:Elsword","animator:Arpeggio"],"picked":"animator:Verdia","floor":6}],"player_experience":1174068,"relics_obtained":[{"floor":6,"key":"conspire:BottledYoYo"}],"event_choices":[{"damage_healed":0,"gold_gain":0,"player_choice":"Rummage","damage_taken":0,"relics_obtained":["WarpedTongs"],"max_hp_gain":0,"max_hp_loss":0,"event_name":"Accursed Blacksmith","floor":2,"gold_loss":0,"cards_obtained":["Pain"]},{"damage_healed":0,"gold_gain":0,"player_choice":"Ignored","damage_taken":0,"max_hp_gain":0,"max_hp_loss":0,"event_name":"NoteForYourself","floor":5,"gold_loss":0}],"is_beta":false,"boss_relics":[],"items_purged_floors":[4],"is_endless":false,"potions_floor_spawned":[3],"killed_by":"3 Sentries","ascension_level":1}}