{"host":"owox7x4ngjt9htcc","time":1609052581,"event":{"mods":["BaseMod","Colored Map","DeckTracker","Keyboard Shortcuts","Minty Spire (QoL Compilation)","SuperFastMode"],"gold_per_floor":[114,129,129,144,159,189,16,16,16,16,31,61,61,76,76,176,176,191,206,221,221,236,266,281,281,281,296,296,296],"floor_reached":28,"playtime":866,"items_purged":[],"score":304,"play_id":"e52610df-0805-49b8-8fea-4cec8b31c771","local_time":"20201227160301","daily_mods":["Chimera","Red Cards","Lethality"],"is_ascension_mode":false,"campfire_choices":[{"data":"True Grit","floor":8.0,"key":"SMITH"},{"data":"Body Slam","floor":15.0,"key":"SMITH"},{"floor":25,"key":"REST"}],"circlet_count":0,"master_deck":["Bash+1","Survivor","Zap","Strike_G","Strike_B","Defend_R","Defend_G","Defend_P","Armaments+1","ThirdEye","Whirlwind","TalkToTheHand","Seeing Red","True Grit+1","Body Slam+1","Metallicize","Pray","Limit Break","Prostrate","Dark Embrace","Armaments","Cleave","Sentinel","Intimidate"],"relics":["PureWater","Regal Pillow","TheAbacus","Question Card","Dead Branch","SlaversCollar","Pantograph","Girya"],"acts_visited":["Exordium","TheCity"],"potions_floor_usage":[23],"damage_taken":[{"damage":0.0,"enemies":"2 Louse","floor":1.0,"turns":2.0},{"damage":0.0,"enemies":"Small Slimes","floor":2.0,"turns":2.0},{"damage":0.0,"enemies":"Cultist","floor":4.0,"turns":2.0},{"damage":0.0,"enemies":"Blue Slaver","floor":5.0,"turns":3.0},{"damage":16.0,"enemies":"Lagavulin","floor":6.0,"turns":8.0},{"damage":5.0,"enemies":"Red Slaver","floor":11.0,"turns":3.0},{"damage":6.0,"enemies":"Gremlin Nob","floor":12.0,"turns":3.0},{"damage":4.0,"enemies":"Exordium Wildlife","floor":14.0,"turns":2.0},{"damage":0.0,"enemies":"Hexaghost","floor":16.0,"turns":8.0},{"damage":3.0,"enemies":"Shell Parasite","floor":18.0,"turns":5.0},{"damage":0.0,"enemies":"2 Thieves","floor":19.0,"turns":4.0},{"damage":22.0,"enemies":"Shelled Parasite and Fungi","floor":20.0,"turns":7.0},{"damage":0.0,"enemies":"3 Cultists","floor":22.0,"turns":3.0},{"damage":37,"enemies":"Book of Stabbing","floor":23,"turns":4},{"damage":14,"enemies":"Snake Plant","floor":24,"turns":4},{"damage":36,"enemies":"Cultist and Chosen","floor":27,"turns":7},{"damage":0,"enemies":"Slavers","floor":28,"turns":1}],"seed_played":"4726349093531193793","potions_obtained":[{"floor":4.0,"key":"CultistPotion"},{"floor":5.0,"key":"BlessingOfTheForge"},{"floor":6.0,"key":"BottledMiracle"},{"floor":22.0,"key":"DuplicationPotion"}],"is_trial":false,"path_per_floor":["M","M","?","M","M","E","$","R","T","?","M","E","?","M","R","B",null,"M","M","M","?","M","E","M","R","T","M","E"],"character_chosen":"WATCHER","items_purchased":["TheAbacus","True Grit"],"campfire_rested":1,"item_purchase_floors":[7,7],"current_hp_per_floor":[72,72,58,58,58,42,42,42,42,42,37,31,36,32,32,32,77,74,74,52,52,52,15,1,39,39,3,3,3],"gold":296,"neow_bonus":"","is_daily":true,"chose_seed":false,"campfire_upgraded":2,"win_rate":0.0,"timestamp":1609052581,"path_taken":["M","M","?","M","M","E","$","R","T","?","?","E","?","M","R","BOSS","M","M","M","?","M","E","?","R","T","M","E"],"items_purchased_type":["Relic","Card"],"build_version":"2020-12-22","purchased_purges":0,"victory":false,"max_hp_per_floor":[72,72,72,72,72,72,72,72,72,72,72,72,77,77,77,77,77,77,77,77,77,77,77,77,77,77,77,77,77],"card_choices":[{"not_picked":["Warcry","Power Through"],"picked":"Armaments","floor":1.0},{"not_picked":["ReachHeaven","Study"],"picked":"ThirdEye","floor":2.0},{"not_picked":["Consecrate","Wild Strike"],"picked":"Whirlwind","floor":4.0},{"not_picked":["EmptyFist","Wild Strike"],"picked":"TalkToTheHand","floor":5.0},{"not_picked":["Blood for Blood","EmptyBody"],"picked":"Seeing Red","floor":6.0},{"not_picked":["Second Wind","BattleHymn","Protect"],"picked":"Body Slam","floor":11.0},{"not_picked":["MasterReality","SashWhip","Iron Wave"],"picked":"Metallicize","floor":12.0},{"not_picked":["Pommel Strike","Whirlwind","Dropkick"],"picked":"Pray","floor":14.0},{"not_picked":["DeusExMachina","Offering","Establishment"],"picked":"Limit Break","floor":16.0},{"not_picked":["Havoc+1","Spot Weakness","True Grit+1"],"picked":"Prostrate","floor":18.0},{"not_picked":["JustLucky","Warcry","Rupture+1"],"picked":"Dark Embrace","floor":19.0},{"not_picked":["EmptyBody","FlurryOfBlows","WindmillStrike+1"],"picked":"Armaments","floor":20.0},{"not_picked":["FearNoEvil","EmptyMind","Havoc+1","Vengeance"],"picked":"SKIP","floor":22.0},{"not_picked":["EmptyFist","SandsOfTime","Conclude","Sentinel"],"picked":"SKIP","floor":23},{"not_picked":["EmptyFist","SandsOfTime","Conclude"],"picked":"Sentinel","floor":23},{"not_picked":["Blood for Blood","Establishment","CutThroughFate","ThirdEye+1"],"picked":"SKIP","floor":24},{"not_picked":["Evolve+1","EmptyBody","FlurryOfBlows"],"picked":"Intimidate","floor":27}],"player_experience":856775,"relics_obtained":[{"floor":6.0,"key":"Regal Pillow"},{"floor":9.0,"key":"Question Card"},{"floor":12.0,"key":"Dead Branch"},{"floor":23,"key":"Pantograph"},{"floor":26,"key":"Girya"}],"event_choices":[{"damage_healed":0.0,"max_hp_gain":0.0,"max_hp_loss":0.0,"gold_gain":0.0,"event_name":"Shining Light","player_choice":"Entered Light","floor":3.0,"gold_loss":0.0,"damage_taken":14.0,"cards_upgraded":["Armaments","Bash"]},{"cards_removed":["Eruption"],"damage_healed":0.0,"max_hp_gain":0.0,"max_hp_loss":0.0,"gold_gain":0.0,"event_name":"Bonfire Elementals","player_choice":"Offered Basic","floor":10.0,"gold_loss":0.0,"damage_taken":0.0},{"damage_healed":0.0,"max_hp_gain":5.0,"max_hp_loss":0.0,"gold_gain":0.0,"event_name":"Big Fish","player_choice":"Donut","floor":13.0,"gold_loss":0.0,"damage_taken":0.0},{"damage_healed":0.0,"max_hp_gain":0.0,"max_hp_loss":0.0,"gold_gain":0.0,"cards_transformed":["Strike_R"],"event_name":"Transmorgrifier","player_choice":"Transformed","floor":21.0,"gold_loss":0.0,"damage_taken":0.0,"cards_obtained":["Cleave"]}],"is_beta":false,"boss_relics":[{"not_picked":["Pandora\u0027s Box","Empty Cage"],"picked":"SlaversCollar"}],"items_purged_floors":[],"is_endless":false,"potions_floor_spawned":[4,5,6,11,18,19,22],"killed_by":"Slavers","ascension_level":0}}