{"host":"lhth1efayex2023z","time":1609095902,"event":{"mods":["BaseMod","Colored Map","Googly Eyes","Minty Spire (QoL Compilation)","StSLib"],"gold_per_floor":[111,123,123,123,198,198,213,245,299,331,331,359,359,371,371,473,473,484,500,48,48,0,0,28,28,28,55,55,82,42,53,53,148,148,164,164,64,83,0,0,34,34,60,76,106,31,31,56,56,56,56,56,56,91,91],"floor_reached":56,"playtime":2510,"items_purged":["Strike_G","Strike_G"],"score":2140,"play_id":"2b2638d0-2227-4a59-b9ec-8c7e29309bc2","local_time":"20201227120502","is_ascension_mode":true,"campfire_choices":[{"floor":6.0,"key":"REST"},{"data":"Phantasmal Killer","floor":15.0,"key":"SMITH"},{"data":"Phantasmal Killer","floor":23.0,"key":"SMITH"},{"data":"Flechettes","floor":25.0,"key":"SMITH"},{"data":"Calculated Gamble","floor":32,"key":"SMITH"},{"data":"Envenom","floor":40,"key":"SMITH"},{"data":"Madness","floor":42,"key":"SMITH"},{"data":"After Image","floor":47,"key":"SMITH"},{"floor":49,"key":"RECALL"},{"data":"Choke","floor":52,"key":"SMITH"}],"circlet_count":0,"master_deck":["AscendersBane","Strike_G","Defend_G","Defend_G","Defend_G","Defend_G","Defend_G","Survivor","Neutralize","Footwork","Blade Dance","Blur","Phantasmal Killer+1","Flechettes+1","Deflect","Phantasmal Killer+1","Calculated Gamble+1","Cloak And Dagger+1","Accuracy","Acrobatics","Footwork+1","Escape Plan","Blur","Envenom+1","Choke+1","Backflip","Madness+1","Acrobatics","Writhe","Choke+1","After Image+1","Backflip+1","Burst"],"relics":["Runic Pyramid","Oddly Smooth Stone","Potion Belt","Happy Flower","Vajra","Bag of Marbles","Black Star","Lantern","Nunchaku","MutagenicStrength","Calipers","Snake Skull","Thread and Needle","Ice Cream","Prayer Wheel","Pear","StoneCalendar","Cursed Key","Red Mask","Ancient Tea Set","Du-Vu Doll","Pantograph","Paper Crane","Regal Pillow","Bottled Tornado","Anchor","Orichalcum"],"acts_visited":["Exordium","TheCity","TheBeyond","TheEnding"],"potions_floor_usage":[50,55,55],"damage_taken":[{"damage":0.0,"enemies":"Small Slimes","floor":1.0,"turns":3.0},{"damage":1.0,"enemies":"2 Louse","floor":2.0,"turns":4.0},{"damage":1.0,"enemies":"Jaw Worm","floor":7.0,"turns":4.0},{"damage":7.0,"enemies":"3 Sentries","floor":8.0,"turns":14.0},{"damage":0.0,"enemies":"Lagavulin","floor":10.0,"turns":10.0},{"damage":6.0,"enemies":"3 Sentries","floor":12.0,"turns":6.0},{"damage":1.0,"enemies":"2 Fungi Beasts","floor":14.0,"turns":2.0},{"damage":1.0,"enemies":"Hexaghost","floor":16.0,"turns":8.0},{"damage":2.0,"enemies":"2 Thieves","floor":18.0,"turns":4.0},{"damage":0.0,"enemies":"3 Byrds","floor":19.0,"turns":5.0},{"damage":10.0,"enemies":"Book of Stabbing","floor":24.0,"turns":5.0},{"damage":1.0,"enemies":"Gremlin Leader","floor":27.0,"turns":6.0},{"damage":28.0,"enemies":"Slavers","floor":29.0,"turns":8.0},{"damage":0.0,"enemies":"Snecko","floor":31.0,"turns":5.0},{"damage":0,"enemies":"Champ","floor":33,"turns":9},{"damage":1,"enemies":"3 Shapes","floor":35,"turns":5},{"damage":0,"enemies":"Orb Walker","floor":38,"turns":4},{"damage":0,"enemies":"Giant Head","floor":41,"turns":6},{"damage":18,"enemies":"Sphere and 2 Shapes","floor":44,"turns":5},{"damage":5,"enemies":"Nemesis","floor":45,"turns":3},{"damage":0,"enemies":"Giant Head","floor":48,"turns":6},{"damage":0,"enemies":"Time Eater","floor":50,"turns":7},{"damage":10,"enemies":"Shield and Spear","floor":54,"turns":6},{"damage":53,"enemies":"The Heart","floor":55,"turns":9}],"seed_played":"-2282033787432877093","potions_obtained":[{"floor":2.0,"key":"ColorlessPotion"},{"floor":8.0,"key":"AttackPotion"},{"floor":14.0,"key":"GhostInAJar"},{"floor":24.0,"key":"Explosive Potion"},{"floor":33,"key":"SneckoOil"},{"floor":45,"key":"Strength Potion"},{"floor":54,"key":"Swift Potion"}],"is_trial":false,"path_per_floor":["M","M","?","?","?","R","M","E","T","E","?","E","?","M","R","B",null,"M","M","$","?","?","R","E","R","T","E","$","E","$","M","R","B",null,"M","?","$","M","?","R","E","R","T","M","E","$","R","E","R","B",null,"R","$","E","B",null],"character_chosen":"THE_SILENT","items_purchased":["Accuracy","Lantern","Nunchaku","Blur","After Image"],"campfire_rested":1,"item_purchase_floors":[20,20,20,30,46],"current_hp_per_floor":[63,62,37,37,26,47,46,39,39,39,39,33,26,25,25,24,59,57,57,57,57,57,57,47,47,47,46,46,28,28,28,28,28,67,66,66,66,66,66,66,66,66,66,48,43,43,43,43,43,68,77,77,77,67,27],"gold":91,"neow_bonus":"BOSS_RELIC","is_daily":false,"chose_seed":false,"campfire_upgraded":8,"win_rate":0.0,"timestamp":1609095902,"path_taken":["M","M","?","?","?","R","M","E","T","E","?","E","?","?","R","BOSS","M","M","$","?","?","R","E","R","T","E","$","E","?","M","R","BOSS","M","?","$","M","?","R","E","R","T","M","E","$","R","E","R","BOSS","R","$","E","BOSS"],"items_purchased_type":["Card","Relic","Relic","Card","Card"],"build_version":"2020-12-22","purchased_purges":2,"victory":true,"max_hp_per_floor":[70,70,70,70,70,70,70,70,70,70,70,70,70,70,70,70,70,70,70,70,70,70,70,70,70,70,70,70,80,80,80,80,80,80,80,80,80,80,80,80,80,80,80,80,80,80,80,80,80,80,80,80,80,80,80],"card_choices":[{"not_picked":["Cloak And Dagger","Prepared"],"picked":"Footwork","floor":1.0},{"not_picked":["Outmaneuver","Underhanded Strike"],"picked":"Blade Dance","floor":2.0},{"not_picked":["Dagger Spray","Outmaneuver"],"picked":"Blur","floor":7.0},{"not_picked":["Endless Agony","Cloak And Dagger"],"picked":"Phantasmal Killer","floor":8.0},{"not_picked":["Caltrops","Deflect"],"picked":"Flechettes","floor":10.0},{"not_picked":["Bane","Poisoned Stab"],"picked":"Deflect","floor":12.0},{"not_picked":["Underhanded Strike","Slice","Catalyst"],"picked":"SKIP","floor":14.0},{"not_picked":["Doppelganger","Malaise"],"picked":"Phantasmal Killer","floor":16.0},{"not_picked":["Leg Sweep+1","Poisoned Stab"],"picked":"Calculated Gamble","floor":18.0},{"not_picked":["Deflect+1","Underhanded Strike+1"],"picked":"Cloak And Dagger+1","floor":19.0},{"not_picked":["Dodge and Roll+1","Tactician"],"picked":"Acrobatics","floor":24.0},{"not_picked":["Quick Slash","Dash+1"],"picked":"Footwork+1","floor":27.0},{"not_picked":["Outmaneuver","Deadly Poison+1"],"picked":"Escape Plan","floor":29.0},{"not_picked":["Bane","Deadly Poison","Flying Knee"],"picked":"SKIP","floor":31},{"not_picked":["Sucker Punch","Dash","PiercingWail"],"picked":"SKIP","floor":31},{"not_picked":["Venomology","Die Die Die"],"picked":"Envenom","floor":33},{"not_picked":["Bane+1","Expertise"],"picked":"Choke+1","floor":35},{"not_picked":["Dagger Throw+1","Riddle With Holes+1"],"picked":"Backflip","floor":35},{"not_picked":["PanicButton","Blind"],"picked":"Madness","floor":36},{"not_picked":["Heel Hook+1","Terror+1","Underhanded Strike+1"],"picked":"SKIP","floor":38},{"not_picked":["Acrobatics","Leg Sweep","Glass Knife"],"picked":"SKIP","floor":38},{"not_picked":["Prepared","Sucker Punch"],"picked":"Acrobatics","floor":41},{"not_picked":["Underhanded Strike+1","Acrobatics+1","Sucker Punch"],"picked":"SKIP","floor":44},{"not_picked":["Underhanded Strike+1","Riddle With Holes","Sucker Punch+1"],"picked":"SKIP","floor":44},{"not_picked":["Masterful Stab+1","Deadly Poison"],"picked":"Choke","floor":45},{"not_picked":["Dagger Spray","Endless Agony+1"],"picked":"Backflip+1","floor":48},{"not_picked":["Escape Plan","Leg Sweep+1"],"picked":"Burst","floor":54}],"player_experience":414744,"relics_obtained":[{"floor":8.0,"key":"Potion Belt"},{"floor":9.0,"key":"Happy Flower"},{"floor":10.0,"key":"Vajra"},{"floor":12.0,"key":"Bag of Marbles"},{"floor":24.0,"key":"Calipers"},{"floor":24.0,"key":"Snake Skull"},{"floor":26.0,"key":"Thread and Needle"},{"floor":27.0,"key":"Ice Cream"},{"floor":27.0,"key":"Prayer Wheel"},{"floor":29.0,"key":"Pear"},{"floor":29.0,"key":"StoneCalendar"},{"floor":41,"key":"Ancient Tea Set"},{"floor":41,"key":"Du-Vu Doll"},{"floor":45,"key":"Pantograph"},{"floor":45,"key":"Paper Crane"},{"floor":48,"key":"Regal Pillow"},{"floor":48,"key":"Bottled Tornado"},{"floor":54,"key":"Anchor"},{"floor":54,"key":"Orichalcum"}],"event_choices":[{"damage_healed":0.0,"max_hp_gain":0.0,"max_hp_loss":0.0,"gold_gain":0.0,"event_name":"Scrap Ooze","player_choice":"Success","floor":3.0,"gold_loss":0.0,"damage_taken":25.0,"relics_obtained":["Oddly Smooth Stone"]},{"cards_removed":["Strike_G"],"damage_healed":0.0,"max_hp_gain":0.0,"max_hp_loss":0.0,"gold_gain":0.0,"event_name":"Living Wall","player_choice":"Forget","floor":4.0,"gold_loss":0.0,"damage_taken":0.0},{"damage_healed":0.0,"max_hp_gain":0.0,"max_hp_loss":0.0,"gold_gain":75.0,"event_name":"World of Goop","player_choice":"Gather Gold","floor":5.0,"gold_loss":0.0,"damage_taken":11.0},{"damage_healed":0.0,"max_hp_gain":0.0,"max_hp_loss":0.0,"gold_gain":0.0,"event_name":"Liars Game","player_choice":"Ignored","floor":11.0,"gold_loss":0.0,"damage_taken":0.0},{"cards_removed":["Strike_G"],"damage_healed":0.0,"max_hp_gain":0.0,"max_hp_loss":0.0,"gold_gain":0.0,"event_name":"Golden Wing","player_choice":"Card Removal","floor":13.0,"gold_loss":0.0,"damage_taken":7.0},{"damage_healed":0.0,"max_hp_gain":0.0,"max_hp_loss":0.0,"gold_gain":0.0,"event_name":"Drug Dealer","player_choice":"Inject Mutagens","floor":21.0,"gold_loss":0.0,"damage_taken":0.0,"relics_obtained":["MutagenicStrength"]},{"damage_healed":0.0,"max_hp_gain":0.0,"max_hp_loss":0.0,"gold_gain":0.0,"event_name":"Masked Bandits","player_choice":"Paid Fearfully","floor":22.0,"gold_loss":48.0,"damage_taken":0.0},{"damage_healed":0,"gold_gain":0,"player_choice":"Memory 1","damage_taken":0,"max_hp_gain":0,"max_hp_loss":0,"event_name":"SensoryStone","floor":36,"gold_loss":0},{"damage_healed":0,"gold_gain":0,"player_choice":"Paid","damage_taken":0,"relics_obtained":["Red Mask"],"max_hp_gain":0,"max_hp_loss":0,"event_name":"Tomb of Lord Red Mask","floor":39,"gold_loss":83}],"is_beta":false,"boss_relics":[{"not_picked":["Philosopher\u0027s Stone","SlaversCollar"],"picked":"Black Star"},{"not_picked":["Pandora\u0027s Box","Empty Cage"],"picked":"Cursed Key"}],"items_purged_floors":[20,37],"is_endless":false,"potions_floor_spawned":[2,8,14,24,33,45,54],"ascension_level":11}}