{"host":"vydapxfau6612551","time":1609077565,"event":{"mods":["AchievementEnabler","BaseMod","Minty Spire (QoL Compilation)","StSLib","SuperFastMode"],"gold_per_floor":[364,374,391,164,180,180,212,222,247,275,304,316,345,375,387,501,513,538,560,572,599,630,677,689,701,713,742,754,754],"floor_reached":28,"playtime":1314,"items_purged":["Doubt"],"score":358,"play_id":"14160142-777c-4856-b161-aff1a1638c96","local_time":"20201227225925","is_ascension_mode":true,"campfire_choices":[{"data":"Fire Breathing","floor":6.0,"key":"SMITH"},{"floor":12.0,"key":"REST"},{"data":"Second Wind","floor":15.0,"key":"SMITH"},{"floor":24.0,"key":"REST"}],"circlet_count":0,"master_deck":["Strike_R","Strike_R","Strike_R","Strike_R","Strike_R","Defend_R","Defend_R","Defend_R","Defend_R","Bash","Pummel","Second Wind+1","Carnage","Dark Embrace","Power Through","Reckless Charge","Fire Breathing+1","Evolve","Fire Breathing","Feel No Pain","Impervious","Pummel","Burning Pact","Shockwave","Immolate","Wild Strike+1","Warcry","Havoc+1","Feel No Pain+1","Writhe"],"relics":["Burning Blood","Orrery","Ornamental Fan","MawBank","Mark of Pain","Toy Ornithopter","InkBottle","Eternal Feather"],"acts_visited":["Exordium","TheCity"],"potions_floor_usage":[],"damage_taken":[{"damage":6.0,"enemies":"2 Louse","floor":1.0,"turns":4.0},{"damage":12.0,"enemies":"Small Slimes","floor":2.0,"turns":4.0},{"damage":10.0,"enemies":"Cultist","floor":3.0,"turns":5.0},{"damage":12.0,"enemies":"Looter","floor":5.0,"turns":4.0},{"damage":35.0,"enemies":"Lagavulin","floor":7.0,"turns":8.0},{"damage":12.0,"enemies":"Large Slime","floor":8.0,"turns":4.0},{"damage":8.0,"enemies":"Gremlin Nob","floor":10.0,"turns":4.0},{"damage":19.0,"enemies":"Exordium Thugs","floor":11.0,"turns":6.0},{"damage":6.0,"enemies":"Looter","floor":13.0,"turns":3.0},{"damage":1.0,"enemies":"Large Slime","floor":14.0,"turns":5.0},{"damage":25.0,"enemies":"Slime Boss","floor":16.0,"turns":7.0},{"damage":20.0,"enemies":"2 Thieves","floor":18.0,"turns":4.0},{"damage":28.0,"enemies":"3 Byrds","floor":19.0,"turns":5.0},{"damage":14.0,"enemies":"Centurion and Healer","floor":21.0,"turns":5.0},{"damage":24.0,"enemies":"Snake Plant","floor":22.0,"turns":5.0},{"damage":21.0,"enemies":"Gremlin Leader","floor":23.0,"turns":6.0},{"damage":13.0,"enemies":"3 Cultists","floor":27.0,"turns":3.0},{"damage":35,"enemies":"Snecko","floor":28,"turns":5}],"seed_played":"1706988486843048892","potions_obtained":[{"floor":2.0,"key":"Explosive Potion"},{"floor":3.0,"key":"Regen Potion"},{"floor":8.0,"key":"SkillPotion"},{"floor":11.0,"key":"BlessingOfTheForge"},{"floor":13.0,"key":"BlessingOfTheForge"},{"floor":14.0,"key":"LiquidMemories"},{"floor":18.0,"key":"BloodPotion"},{"floor":22.0,"key":"ElixirPotion"}],"is_trial":false,"path_per_floor":["M","M","M","$","M","R","E","M","T","E","M","R","M","M","R","B",null,"M","M","$","M","M","E","R","?","T","M","M"],"character_chosen":"IRONCLAD","items_purchased":["Orrery"],"campfire_rested":2,"item_purchase_floors":[4],"current_hp_per_floor":[72,66,62,62,56,56,42,36,36,34,21,45,45,50,50,31,68,54,32,32,40,22,7,31,31,31,24,0,0],"gold":754,"neow_bonus":"TWO_FIFTY_GOLD","is_daily":false,"chose_seed":false,"campfire_upgraded":2,"win_rate":0.0,"timestamp":1609077565,"path_taken":["M","M","M","$","M","R","E","M","T","E","M","R","M","M","R","BOSS","M","M","$","M","M","E","R","?","T","M","M"],"items_purchased_type":["Relic"],"build_version":"2020-12-22","purchased_purges":1,"victory":false,"max_hp_per_floor":[80,80,80,80,80,80,80,80,80,80,80,80,80,80,80,80,80,80,80,80,80,80,80,80,80,80,80,80,80],"card_choices":[{"not_picked":["Warcry","Heavy Blade"],"picked":"Pummel","floor":1.0},{"not_picked":["Clash","Seeing Red"],"picked":"Second Wind","floor":2.0},{"not_picked":["Havoc","Ghostly Armor"],"picked":"Carnage","floor":3.0},{"not_picked":["Body Slam","Sever Soul"],"picked":"Dark Embrace","floor":4.0},{"not_picked":["Shrug It Off","Dropkick"],"picked":"Power Through","floor":4.0},{"not_picked":["Warcry","Thunderclap"],"picked":"Reckless Charge","floor":4.0},{"not_picked":["Flex","Anger"],"picked":"Fire Breathing","floor":4.0},{"not_picked":["Carnage","Feel No Pain"],"picked":"Evolve","floor":4.0},{"not_picked":["Dual Wield","Whirlwind"],"picked":"Fire Breathing","floor":5.0},{"not_picked":["Metallicize","Carnage"],"picked":"Feel No Pain","floor":7.0},{"not_picked":["Carnage","Havoc"],"picked":"Impervious","floor":8.0},{"not_picked":["Perfected Strike","Pommel Strike"],"picked":"Pummel","floor":10.0},{"not_picked":["Perfected Strike","True Grit"],"picked":"Burning Pact","floor":11.0},{"not_picked":["Double Tap","Cleave"],"picked":"Shockwave","floor":13.0},{"not_picked":["Flex","Thunderclap","Combust"],"picked":"SKIP","floor":14.0},{"not_picked":["Corruption","Berserk"],"picked":"Immolate","floor":16.0},{"not_picked":["Pommel Strike","True Grit","Infernal Blade"],"picked":"SKIP","floor":18.0},{"not_picked":["Headbutt+1","Iron Wave"],"picked":"Wild Strike+1","floor":19.0},{"not_picked":["Shockwave","Clash"],"picked":"Warcry","floor":21.0},{"not_picked":["Iron Wave+1","Armaments"],"picked":"Havoc+1","floor":22.0},{"not_picked":["Shrug It Off","Perfected Strike+1"],"picked":"Feel No Pain+1","floor":23.0},{"not_picked":["Flex+1","Anger","Bludgeon"],"picked":"SKIP","floor":27.0}],"player_experience":401215,"relics_obtained":[{"floor":7.0,"key":"Ornamental Fan"},{"floor":10.0,"key":"MawBank"},{"floor":23.0,"key":"Toy Ornithopter"},{"floor":26.0,"key":"Eternal Feather"}],"event_choices":[{"damage_healed":0.0,"max_hp_gain":0.0,"max_hp_loss":0.0,"gold_gain":0.0,"event_name":"The Mausoleum","player_choice":"Opened","floor":25.0,"gold_loss":0.0,"damage_taken":0.0,"relics_obtained":["InkBottle"],"cards_obtained":["Writhe"]}],"is_beta":false,"boss_relics":[{"not_picked":["Black Star","Coffee Dripper"],"picked":"Mark of Pain"}],"items_purged_floors":[4],"is_endless":false,"potions_floor_spawned":[2,3,8,11,13,14,18,22],"killed_by":"Snecko","ascension_level":8}}