{"host":"6kpik4p6m02tzjjt","time":1609047501,"event":{"mods":["BaseMod","Colored Map","Downfall","Minty Spire (QoL Compilation)","Quick Restart","Relic Stats","Replay The Spire","StSLib"],"gold_per_floor":[99,99,99,99,99,199,199,199,212,245,245,259,259,259,276,376,426,426,446,546,546,546,546,572,572,572,587,603,79,79,79,91,91,91,91],"floor_reached":33,"playtime":1740,"items_purged":["Normality"],"score":239,"play_id":"cbc8fe6d-7aef-42bf-9f79-dedb9e6a5f74","local_time":"20201227003821","is_ascension_mode":false,"campfire_choices":[{"floor":1,"key":"DIG"},{"data":"Slimebound:Split","floor":8,"key":"SMITH"},{"data":"Slimebound:Teamwork","floor":11,"key":"SMITH"},{"floor":18,"key":"DIG"},{"data":"Slimebound:PrepareCrush","floor":25,"key":"SMITH"}],"circlet_count":0,"master_deck":["Slimebound:Defend_Slimebound","Slimebound:Defend_Slimebound","Slimebound:Defend_Slimebound","Slimebound:Defend_Slimebound","Slimebound:Split+1","Slimebound:CorrosiveSpit+1","Slimebound:SplitMire","Slimebound:Equalize","Slimebound:SplitBruiser","Slimebound:Teamwork+1","Slimebound:SplitAcid","Slimebound:SplitLeeching","Slimebound:ServeAndProtect","Slimebound:MinionMaster","Slimebound:ServeAndProtect","Slimebound:RejuvenatingLick","Slimebound:WasteNot","Slimebound:AcidTongue","J.A.X.","Slimebound:PrepareCrush+1","Slimebound:Tackle+1","Slimebound:Tackle+1","Slimebound:Tackle+1","Slimebound:Repurpose","Slimebound:ComboTackle+1","Slimebound:SamplingLick","Slimebound:OneTwoCombo","Slimebound:LeadByExample","Slimebound:TongueLash","Slimebound:GoopSpray"],"relics":["downfall:HeartsMalice","Gambling Chip","m_BurningSludge","Replay:Accelerometer","WingedGreaves","Counterbalance","Tiny House","Bag of Preparation","MutagenicStrength","Ring of Panic","Ring of Fangs","Nunchaku","Slimebound:SelfDamagePreventRelic"],"acts_visited":["Exordium","TheCity"],"potions_floor_usage":[16,19,33],"damage_taken":[{"damage":0,"enemies":"2 Louse","floor":2,"turns":1},{"damage":0,"enemies":"Jaw Worm","floor":3,"turns":1},{"damage":0,"enemies":"Cultist","floor":4,"turns":1},{"damage":32,"enemies":"2 Fungi Beasts","floor":9,"turns":3},{"damage":25,"enemies":"Lagavulin","floor":10,"turns":5},{"damage":16,"enemies":"Blue Slaver","floor":12,"turns":3},{"damage":32,"enemies":"Exordium Wildlife","floor":15,"turns":3},{"damage":53,"enemies":"downfall:Ironclad","floor":16,"turns":7},{"damage":23,"enemies":"Shell Parasite","floor":19,"turns":7},{"damage":47,"enemies":"downfall:Augmenter","floor":20,"turns":7},{"damage":23,"enemies":"Chosen","floor":27,"turns":3},{"damage":37,"enemies":"Shelled Parasite and Fungi","floor":28,"turns":4},{"damage":23,"enemies":"downfall:FleeingMerchant","floor":29,"turns":4},{"damage":17,"enemies":"Cultist and Chosen","floor":32,"turns":4},{"damage":46,"enemies":"downfall:Silent","floor":33,"turns":3}],"seed_played":"-8577704395660774284","potions_obtained":[{"floor":9,"key":"Slimebound:SlimyTonguePotion"},{"floor":10,"key":"Explosive Potion"},{"floor":16,"key":"FearPotion"},{"floor":17,"key":"sneckomod:MuddlingPotion"},{"floor":19,"key":"Elixir"},{"floor":26,"key":"Death Potion"}],"is_trial":false,"path_per_floor":["R_BF","M","M","M","?","?","T","R","M","E","R","M","?","T","M","B",null,"R_BF","M","?","?","?","?","T","R","?","M","M","$","?","?","M","B"],"character_chosen":"SLIMEBOUND","items_purchased":["Slimebound:OneTwoCombo","Slimebound:LeadByExample","Slimebound:TongueLash","Slimebound:SelfDamagePreventRelic"],"campfire_rested":0,"item_purchase_floors":[29,29,29,29],"current_hp_per_floor":[60,60,60,60,60,60,60,60,46,47,47,43,43,43,41,22,65,65,60,39,39,39,39,39,39,39,36,29,36,36,36,39,0,0,0],"gold":91,"neow_bonus":"THREE_ENEMY_KILL","is_daily":false,"chose_seed":false,"campfire_upgraded":3,"win_rate":0.0,"timestamp":1609047501,"path_taken":["R_BF","M","M","M","?","?","T","R","M","E","R","?","?","?","M","BOSS","R_BF","M","?","?","?","?","T","R","?","M","?","$","?","?","M","BOSS"],"items_purchased_type":["Card","Card","Card","Relic"],"build_version":"2020-12-22","purchased_purges":1,"victory":false,"max_hp_per_floor":[60,60,60,60,60,60,60,60,60,60,60,60,60,60,60,60,65,65,65,65,65,65,65,65,65,65,65,65,65,65,65,65,65,65,65],"relic_stats":{"Nunchaku":[2],"counters":[15,51],"Gambling Chip":[43],"Bag of Preparation":[14],"obtain_stats":[{"Replay:Accelerometer":7,"Tiny House":17,"Slimebound:SelfDamagePreventRelic":29,"Counterbalance":14,"downfall:HeartsMalice":0,"Bag of Preparation":18,"Nunchaku":24,"Ring of Fangs":21,"Gambling Chip":1,"MutagenicStrength":20,"WingedGreaves":10,"Slimebound:AbsorbEndCombat":0,"Ring of Panic":21,"m_BurningSludge":5},{"Replay:Accelerometer":3,"Tiny House":8,"Slimebound:SelfDamagePreventRelic":13,"Counterbalance":6,"downfall:HeartsMalice":0,"Bag of Preparation":8,"Nunchaku":10,"Ring of Fangs":10,"Gambling Chip":0,"MutagenicStrength":10,"WingedGreaves":5,"Slimebound:AbsorbEndCombat":0,"Ring of Panic":10,"m_BurningSludge":3},{"Replay:Accelerometer":0,"Tiny House":19,"Slimebound:SelfDamagePreventRelic":44,"Counterbalance":10,"downfall:HeartsMalice":0,"Bag of Preparation":19,"Nunchaku":33,"Ring of Fangs":33,"Gambling Chip":0,"MutagenicStrength":33,"WingedGreaves":7,"Slimebound:AbsorbEndCombat":0,"Ring of Panic":33,"m_BurningSludge":0}]},"card_choices":[{"not_picked":["Slimebound:FinishingTackle","Slimebound:ComboTackle"],"picked":"Slimebound:SplitMire","floor":2},{"not_picked":["Slimebound:SlimeSpikes","Slimebound:FinishingTackle"],"picked":"Slimebound:Equalize","floor":3},{"not_picked":["Slimebound:FlameTackle","Slimebound:GoopSpray"],"picked":"Slimebound:SplitBruiser","floor":4},{"not_picked":["Slimebound:SlimeSpikes","Slimebound:Nibble"],"picked":"Slimebound:Teamwork","floor":9},{"not_picked":["Slimebound:Teamwork","Sword Boomerang"],"picked":"Slimebound:SplitAcid","floor":10},{"not_picked":["Evolve","Slimebound:SlimeSpikes"],"picked":"Slimebound:SplitLeeching","floor":12},{"not_picked":["Slimebound:MegaLick","Sword Boomerang"],"picked":"Slimebound:ServeAndProtect","floor":15},{"not_picked":["Slimebound:Teamwork","Slimebound:RallyTheTroops"],"picked":"Slimebound:MinionMaster","floor":16},{"not_picked":["Slimebound:SplitAcid","Slimebound:LivingWall"],"picked":"Slimebound:ServeAndProtect","floor":17},{"not_picked":["Slimebound:SplitLeeching","Slimebound:SlimeSpikes"],"picked":"Slimebound:RejuvenatingLick","floor":19},{"not_picked":[],"picked":"J.A.X.","floor":20},{"not_picked":["Slimebound:SplitMire+1","Slimebound:GoopSpray"],"picked":"Slimebound:PrepareCrush","floor":20},{"not_picked":["Slimebound:Schlurp","Slimebound:FinishingTackle"],"picked":"Slimebound:Repurpose","floor":27},{"not_picked":["Slimebound:LeechingTouch","Slimebound:SplitBruiser"],"picked":"Slimebound:ComboTackle+1","floor":28},{"not_picked":["Slimebound:Grow","Slimebound:ItLooksTasty+1"],"picked":"Slimebound:SamplingLick","floor":29},{"not_picked":["Slimebound:Grow","Slimebound:DouseInSlime"],"picked":"Slimebound:GoopSpray","floor":32}],"player_experience":41538,"relics_obtained":[{"floor":1,"key":"Gambling Chip"},{"floor":7,"key":"Replay:Accelerometer"},{"floor":10,"key":"WingedGreaves"},{"floor":14,"key":"Counterbalance"},{"floor":18,"key":"Bag of Preparation"},{"floor":20,"key":"MutagenicStrength"},{"floor":21,"key":"Ring of Panic"},{"floor":21,"key":"Ring of Fangs"},{"floor":24,"key":"Nunchaku"}],"event_choices":[{"damage_healed":0,"gold_gain":100,"player_choice":"Gold","damage_taken":0,"max_hp_gain":0,"max_hp_loss":0,"event_name":"Wheel of Change","floor":6,"gold_loss":0},{"cards_removed":["Slimebound:Tackle"],"damage_healed":0,"gold_gain":0,"player_choice":"Elegance","damage_taken":0,"max_hp_gain":0,"max_hp_loss":0,"event_name":"Back to Basics","floor":23,"gold_loss":0},{"damage_healed":0,"gold_gain":0,"player_choice":"Got Potions","damage_taken":0,"max_hp_gain":0,"max_hp_loss":0,"event_name":"Lab","floor":26,"gold_loss":0},{"damage_healed":0,"gold_gain":0,"player_choice":"Ignored","damage_taken":0,"max_hp_gain":0,"max_hp_loss":0,"event_name":"Vampires","floor":30,"gold_loss":0}],"is_beta":false,"boss_relics":[{"not_picked":["Empty Cage","Replay:Wanted Poster"],"picked":"Tiny House"}],"items_purged_floors":[29],"is_endless":false,"potions_floor_spawned":[9,10,16,19,27],"killed_by":"downfall:Silent","ascension_level":0}}