{"host":"4lmgp360m6ghntre","time":1609053392,"event":{"mods":["Ascension Reborn","Ascension Unlocker","BaseMod","Block Reminder","Colored Powertips","Colorless Booster Pack","Conspire","Dota2Spire","Downfall","GifTheSpireLib","HololiveMod","Hubris","Keyboard Shortcuts","Minty Spire (QoL Compilation)","Quarter Circle Forward PUNCH!","Quick Restart","Relic Sorter","Relic Stats","Replay The Spire","SCP261 Mod","SacredBarkPlus","Small Relic Pack","Spicy Shops","Spikes Relics","StSLib","Stuff the Spire","TheArtist","Trackpad","Uncapped","UnlockEverythingMod"],"gold_per_floor":[86,86,102,102,118,151,7,7,7,35,35,55,71,71,71,168,168,186,200,48,48,67,67,100,100,123,50,60,95,114,129,129,229,229,239,239,251,261,261,287,298,325,371,386,420,177,177,177,177,177,177],"floor_reached":50,"playtime":5965,"items_purged":[],"score":832,"play_id":"df6cfee4-dbf4-403f-9306-785b76425001","local_time":"20201227021632","is_ascension_mode":true,"campfire_choices":[{"data":"Hololive_CallHoshimachiSuisei","floor":15.0,"key":"SMITH"},{"data":"Hololive_CallFriendA","floor":23.0,"key":"SMITH"},{"data":"Hololive_CallTokinoSora","floor":32,"key":"SMITH"},{"data":"Hololive_DDD","floor":47,"key":"SMITH"},{"data":"Hololive_CallArtia","floor":49,"key":"SMITH"}],"circlet_count":0,"master_deck":["Hololive_CallHoshimachiSuisei+1","Hololive_CallTokinoSora+1","Hololive_CallFriendA+1","Hololive_Strike","Hololive_Strike","Hololive_Strike","Hololive_Defend","Hololive_Defend","Hololive_ManjiGathering","Hololive_CallAyundaRisu","Hololive_Spy","Hololive_CallArtia+1","Hololive_LuckPotion","Hololive_CallAZKi+1","Hololive_FlyingPonyTail","Hololive_Nanodesu","Hololive_CandyCastle","Hololive_CallNakiriAyame+1","Hololive_ILoveYou","Hololive_AWSL","Hololive_CallHimemoriLuna+1","Hololive_CallFriendA+1","Hololive_DDD+1","Hololive_CallNakiriAyame","Hololive_CallAkaiHaato+1","Parasite","Hololive_ScarfAndHalo"],"relics":["Hololive_TheStar","hubris:Icosahedron","Hololive_Chaos","trackpad:ToughGloves","relicPack:SpireResearchBook","Dota2Spire:EyeOfSkadi","Akabeko","Boot","Painkiller Herb","StuffTheSpire:Experiment12","Bag of Marbles","Singing Bowl","Hololive_FriedShrimpLion","OrangePellets","SpikesRelics:DaevaFist","Busted Crown","hubris:SphereOfDissonance","Smiling Mask","trackpad:PetRock","ReplayTheSpireMod:TigerMarble","qcfpunch:Mixed_Paint_Bucket"],"acts_visited":["Exordium","TheCity","TheBeyond"],"potions_floor_usage":[33,33,41,41],"damage_taken":[{"damage":3.0,"enemies":"Jaw Worm","floor":1.0,"turns":3.0},{"damage":0.0,"enemies":"conspire:RoseBush","floor":3.0,"turns":2.0},{"damage":0.0,"enemies":"Small Slimes","floor":5.0,"turns":2.0},{"damage":5.0,"enemies":"3 Sentries","floor":6.0,"turns":4.0},{"damage":0.0,"enemies":"Replay:BlueRogue","floor":10.0,"turns":3.0},{"damage":0.0,"enemies":"3 Louse","floor":12.0,"turns":2.0},{"damage":5.0,"enemies":"Looter","floor":13.0,"turns":3.0},{"damage":0.0,"enemies":"Hexaghost","floor":16.0,"turns":4.0},{"damage":0.0,"enemies":"2 Thieves","floor":18.0,"turns":3.0},{"damage":0.0,"enemies":"conspire:FuzzyDice","floor":19.0,"turns":5.0},{"damage":0.0,"enemies":"3 Cultists","floor":22.0,"turns":3.0},{"damage":27.0,"enemies":"Slavers","floor":24.0,"turns":4.0},{"damage":0,"enemies":"conspire:HollyBat","floor":28,"turns":6},{"damage":0,"enemies":"Book of Stabbing","floor":29,"turns":4},{"damage":0,"enemies":"Snecko","floor":30,"turns":4},{"damage":0,"enemies":"Centurion and Healer","floor":31,"turns":5},{"damage":0,"enemies":"Pondfish","floor":33,"turns":7},{"damage":0,"enemies":"3 Shapes","floor":35,"turns":3},{"damage":0,"enemies":"Orb Walker","floor":37,"turns":2},{"damage":0,"enemies":"Sphere and 2 Shapes","floor":38,"turns":3},{"damage":0,"enemies":"R_Hoarder","floor":40,"turns":4},{"damage":0,"enemies":"Transient","floor":41,"turns":5},{"damage":10,"enemies":"Nemesis","floor":42,"turns":9},{"damage":0,"enemies":"Writhing Mass","floor":44,"turns":3},{"damage":0,"enemies":"Giant Head","floor":45,"turns":9},{"damage":76,"enemies":"Awakened One","floor":50,"turns":6}],"seed_played":"-5949941032856441166","potions_obtained":[{"floor":1.0,"key":"Explosive Potion"},{"floor":5.0,"key":"SCP261:EnergyGasPotion"},{"floor":16.0,"key":"Adrenaline Potion"},{"floor":19.0,"key":"Dota2Spire:HealingSalve"},{"floor":24.0,"key":"Weak Potion"},{"floor":30,"key":"Guardian:BlockOnCardUsePotion"},{"floor":35,"key":"SCP261:BarrettColaPotion"},{"floor":40,"key":"ColorlessPotion"},{"floor":41,"key":"Fire Potion"},{"floor":45,"key":"FearPotion"}],"is_trial":false,"path_per_floor":["M","?","M","?","M","E","$","?","T","E","?","M","M","?","R","B",null,"?","?","T","?","?","T","E","?","T","T","?","E","?","?","T","B",null,"?","?","?","?","?","E","?","E","T","?","E","T","T","?","T","B"],"character_chosen":"Hololive_HololiveCharacter","items_purchased":["relicPack:SpireResearchBook","StuffTheSpire:Experiment12","OrangePellets","qcfpunch:Mixed_Paint_Bucket"],"campfire_rested":0,"item_purchase_floors":[7,20,27,46],"current_hp_per_floor":[35,35,35,35,35,30,30,30,35,35,35,35,30,30,30,30,43,43,43,43,43,43,43,22,22,22,22,25,26,27,30,30,31,52,55,55,58,61,61,64,67,58,58,61,64,64,64,64,64,0,0],"gold":177,"neow_bonus":"TEN_PERCENT_HP_BONUS","is_daily":false,"chose_seed":false,"campfire_upgraded":5,"win_rate":0.0,"timestamp":1609053392,"path_taken":["M","?","M","?","M","E","$","?","T","E","?","M","M","?","R","BOSS","?","?","T","?","?","T","E","?","T","?","?","E","?","?","T","BOSS","?","?","?","?","?","E","?","E","T","?","E","T","T","?","T","BOSS"],"items_purchased_type":["Relic","Relic","Relic","Relic"],"build_version":"2020-12-22","purchased_purges":0,"victory":false,"max_hp_per_floor":[38,38,38,38,38,38,38,38,43,43,43,43,43,43,43,43,43,43,43,43,43,43,43,43,43,43,43,46,47,48,51,51,52,52,55,55,58,61,61,64,67,68,68,71,74,74,74,74,74,75,75],"relic_stats":{"OrangePellets":[1],"Busted Crown":16,"Singing Bowl":18,"counters":[26,108],"Boot":[90],"Smiling Mask":0,"obtain_stats":[{"Hololive_Chaos":0,"qcfpunch:Mixed_Paint_Bucket":46,"Singing Bowl":25,"hubris:SphereOfDissonance":40,"Painkiller Herb":17,"trackpad:PetRock":43,"Boot":11,"Smiling Mask":42,"relicPack:SpireResearchBook":7,"Akabeko":10,"trackpad:ToughGloves":6,"StuffTheSpire:Experiment12":20,"OrangePellets":27,"hubris:Icosahedron":2,"Busted Crown":34,"Dota2Spire:EyeOfSkadi":9,"Hololive_TheStar":0,"Hololive_FriedShrimpLion":26,"Bag of Marbles":24,"SpikesRelics:DaevaFist":29,"ReplayTheSpireMod:TigerMarble":45},{"Hololive_Chaos":0,"qcfpunch:Mixed_Paint_Bucket":25,"Singing Bowl":12,"hubris:SphereOfDissonance":21,"Painkiller Herb":8,"trackpad:PetRock":23,"Boot":5,"Smiling Mask":23,"relicPack:SpireResearchBook":4,"Akabeko":5,"trackpad:ToughGloves":4,"StuffTheSpire:Experiment12":10,"OrangePellets":12,"hubris:Icosahedron":1,"Busted Crown":17,"Dota2Spire:EyeOfSkadi":4,"Hololive_TheStar":0,"Hololive_FriedShrimpLion":12,"Bag of Marbles":12,"SpikesRelics:DaevaFist":14,"ReplayTheSpireMod:TigerMarble":25},{"Hololive_Chaos":0,"qcfpunch:Mixed_Paint_Bucket":102,"Singing Bowl":38,"hubris:SphereOfDissonance":76,"Painkiller Herb":23,"trackpad:PetRock":90,"Boot":14,"Smiling Mask":90,"relicPack:SpireResearchBook":11,"Akabeko":14,"trackpad:ToughGloves":11,"StuffTheSpire:Experiment12":31,"OrangePellets":38,"hubris:Icosahedron":3,"Busted Crown":64,"Dota2Spire:EyeOfSkadi":11,"Hololive_TheStar":0,"Hololive_FriedShrimpLion":38,"Bag of Marbles":38,"SpikesRelics:DaevaFist":48,"ReplayTheSpireMod:TigerMarble":102}]},"card_choices":[{"not_picked":["Hololive_CocoNews","Hololive_Watashimo"],"picked":"Hololive_CallAyundaRisu","floor":1.0},{"not_picked":["Hololive_Trident","Hololive_OvertimeWork"],"picked":"Hololive_Spy","floor":3.0},{"not_picked":["Hololive_Sequa","Hololive_RevenueBasedLive"],"picked":"Hololive_CallArtia","floor":5.0},{"not_picked":["Hololive_CallShiranuiFlare","Hololive_CallInugamiKorone"],"picked":"Hololive_LuckPotion","floor":6.0},{"not_picked":["Hololive_CallHoshimachiSuisei","Hololive_Psychosis"],"picked":"Hololive_CallAZKi","floor":10.0},{"not_picked":["Hololive_HuntDinosaur","Hololive_CallNekomataOkayu","Hololive_CallFriendA"],"picked":"SKIP","floor":12.0},{"not_picked":["Hololive_Drill","Hololive_Recruit"],"picked":"Hololive_FlyingPonyTail","floor":13.0},{"not_picked":["Hololive_WolfAndLamb","Hololive_OpenUp"],"picked":"Hololive_Nanodesu","floor":16.0},{"not_picked":["Hololive_Drill","Hololive_OvertimeWork+1"],"picked":"Hololive_CandyCastle","floor":18.0},{"not_picked":["Hololive_Sequa+1","Hololive_HuntDinosaur"],"picked":"Hololive_CallNakiriAyame+1","floor":19.0},{"not_picked":["Hololive_Psychosis","Hololive_RevenueBasedLive"],"picked":"Hololive_ILoveYou","floor":22.0},{"not_picked":["Hololive_LuckPotion+1","Hololive_Psychosis"],"picked":"Hololive_AWSL","floor":24.0},{"not_picked":["Hololive_Psychosis","Hololive_CallRoboco+1","Hololive_Breathe"],"picked":"Singing Bowl","floor":28},{"not_picked":["Hololive_CallShirakamiFubuki","Hololive_LuckPotion"],"picked":"Hololive_CallHimemoriLuna+1","floor":29},{"not_picked":["Hololive_CallAmaneKanata+1","Hololive_Sequa"],"picked":"Hololive_CallFriendA+1","floor":30},{"not_picked":["Hololive_Rebound","Hololive_OvertimeWork","Hololive_CocoNews"],"picked":"Singing Bowl","floor":31},{"not_picked":["Hololive_Thief","Hololive_FlareMind"],"picked":"Hololive_DDD","floor":33},{"not_picked":["Hololive_Trident"],"picked":"Singing Bowl","floor":35},{"not_picked":["Hololive_Sequa+1"],"picked":"Singing Bowl","floor":37},{"not_picked":["Hololive_FlyingPonyTail+1"],"picked":"Singing Bowl","floor":38},{"not_picked":["Hololive_Rebirth"],"picked":"Singing Bowl","floor":40},{"not_picked":["Hololive_CocoNews+1"],"picked":"Singing Bowl","floor":41},{"not_picked":[],"picked":"Hololive_CallAkaiHaato+1","floor":42},{"not_picked":["Hololive_OvertimeWork"],"picked":"Singing Bowl","floor":44},{"not_picked":["Hololive_CallCivia+1"],"picked":"Singing Bowl","floor":45}],"player_experience":1711,"relics_obtained":[{"floor":6.0,"key":"trackpad:ToughGloves"},{"floor":9.0,"key":"Dota2Spire:EyeOfSkadi"},{"floor":10.0,"key":"Akabeko"},{"floor":24.0,"key":"Bag of Marbles"},{"floor":26.0,"key":"Hololive_FriedShrimpLion"},{"floor":29,"key":"SpikesRelics:DaevaFist"},{"floor":40,"key":"hubris:SphereOfDissonance"},{"floor":42,"key":"Smiling Mask"},{"floor":43,"key":"trackpad:PetRock"},{"floor":45,"key":"ReplayTheSpireMod:TigerMarble"}],"event_choices":[{"damage_healed":0.0,"max_hp_gain":0.0,"max_hp_loss":0.0,"gold_gain":0.0,"event_name":"conspire:Investor","player_choice":"Leave","floor":8.0,"gold_loss":0.0,"damage_taken":0.0},{"damage_healed":0.0,"max_hp_gain":0.0,"max_hp_loss":0.0,"gold_gain":0.0,"event_name":"Big Fish","player_choice":"Box","floor":11.0,"gold_loss":0.0,"damage_taken":0.0,"relics_obtained":["Boot"],"cards_obtained":["Regret"]},{"cards_removed":["Regret"],"damage_healed":0.0,"max_hp_gain":0.0,"max_hp_loss":0.0,"gold_gain":0.0,"event_name":"Back to Basics","player_choice":"Elegance","floor":21.0,"gold_loss":0.0,"damage_taken":0.0},{"damage_healed":0,"gold_gain":0,"cards_transformed":["Hololive_Defend"],"player_choice":"Transformed","damage_taken":0,"max_hp_gain":0,"max_hp_loss":0,"event_name":"Transmorgrifier","floor":36,"gold_loss":0,"cards_obtained":["Hololive_CallNakiriAyame"]},{"damage_healed":0,"gold_gain":0,"player_choice":"1 cards matched","damage_taken":0,"max_hp_gain":0,"max_hp_loss":0,"event_name":"Match and Keep!","floor":48,"gold_loss":0,"cards_obtained":["Hololive_ScarfAndHalo"]}],"is_beta":false,"boss_relics":[{"not_picked":["hubris:HollowSoul","Replay:Ancient Bell"],"picked":"Painkiller Herb"},{"not_picked":["relicPack:KazumaCape","relicPack:StarArrow"],"picked":"Busted Crown"}],"items_purged_floors":[],"is_endless":false,"potions_floor_spawned":[1,5,10,16,18,19,24,30,35,40,41,45],"killed_by":"Awakened One","ascension_level":0}}