{"host":"8g24zuco0epbjwbo","time":1609045364,"event":{"mods":["BaseMod","Downfall","Minty Spire (QoL Compilation)","Relic Stats","StSLib"],"gold_per_floor":[99,118,118,132,147,147,147,147,173,173,173,173,98,118,132,132,132,132],"floor_reached":16,"playtime":448,"items_purged":[],"score":105,"play_id":"79a510ab-7e1e-4f80-9ebb-0cb81bd9b5ee","local_time":"20201227000244","is_ascension_mode":true,"campfire_choices":[{"floor":1,"key":"RECALL"},{"data":"champ:CalledShot","floor":13,"key":"SMITH"}],"circlet_count":0,"master_deck":["champ:Strike+1","champ:Strike","champ:Strike","champ:Strike","champ:Defend","champ:Defend","champ:Defend","champ:Execute","champ:Taunt+1","champ:PerfectedStrike+1","champ:CrookedStrike","champ:AdrenalArmor","champ:BringItOn","champ:CalledShot+1","Regret","Regret","champ:FlashCut","champ:AdrenalArmor"],"relics":["champ:ChampionCrown","Singing Bowl","Letter Opener","downfall:BrokenWingStatue","hexamod:BolsterEngine","downfall:HeartBlessingRed"],"acts_visited":["Exordium"],"potions_floor_usage":[],"damage_taken":[{"damage":0,"enemies":"Cultist","floor":2,"turns":3},{"damage":4,"enemies":"Jaw Worm","floor":4,"turns":3},{"damage":0,"enemies":"2 Louse","floor":5,"turns":2},{"damage":16,"enemies":"Lagavulin","floor":9,"turns":6},{"damage":8,"enemies":"Large Slime","floor":14,"turns":3},{"damage":4,"enemies":"2 Fungi Beasts","floor":15,"turns":3},{"damage":74,"enemies":"downfall:Defect","floor":16,"turns":6}],"seed_played":"-3552761612015950677","potions_obtained":[{"floor":2,"key":"Strength Potion"},{"floor":5,"key":"SteroidPotion"},{"floor":14,"key":"DistilledChaos"}],"is_trial":false,"path_per_floor":["R","M","?","M","M","?","T","?","E","?","?","?","R","M","M","B"],"character_chosen":"THE_CHAMP","items_purchased":[],"campfire_rested":0,"item_purchase_floors":[],"current_hp_per_floor":[90,90,90,88,88,88,88,88,78,78,78,78,78,75,71,0,0,0],"gold":132,"neow_bonus":"THREE_CARDS","is_daily":false,"chose_seed":false,"campfire_upgraded":1,"win_rate":0.0,"timestamp":1609045364,"path_taken":["R","M","?","M","?","?","T","?","E","?","?","?","R","M","M","BOSS"],"items_purchased_type":[],"build_version":"2020-12-22","purchased_purges":0,"victory":false,"max_hp_per_floor":[90,90,90,90,90,90,90,90,92,92,92,92,92,92,92,92,92,92],"relic_stats":{"Singing Bowl":2,"counters":[7,26],"Letter Opener":[0],"obtain_stats":[{"downfall:BrokenWingStatue":11,"Singing Bowl":7,"downfall:HeartBlessingRed":13,"champ:ChampionCrown":0,"Letter Opener":9,"hexamod:BolsterEngine":12},{"downfall:BrokenWingStatue":4,"Singing Bowl":3,"downfall:HeartBlessingRed":4,"champ:ChampionCrown":0,"Letter Opener":4,"hexamod:BolsterEngine":4},{"downfall:BrokenWingStatue":14,"Singing Bowl":8,"downfall:HeartBlessingRed":14,"champ:ChampionCrown":0,"Letter Opener":14,"hexamod:BolsterEngine":14}]},"card_choices":[{"not_picked":["champ:TornadoPunch","champ:GutPunch"],"picked":"champ:PerfectedStrike","floor":0},{"not_picked":["champ:FalseCounter","champ:Circumvent"],"picked":"champ:CrookedStrike","floor":2},{"not_picked":["champ:RageSigil","champ:DefensiveShout"],"picked":"champ:BringItOn","floor":4},{"not_picked":["champ:BladeFlurry","champ:ArenaPreparation"],"picked":"champ:CalledShot","floor":5},{"not_picked":["champ:Riposte","champ:Circumvent","champ:StanceDance"],"picked":"Singing Bowl","floor":9},{"not_picked":["champ:GladiatorsShout","champ:Shatter"],"picked":"champ:FlashCut","floor":14},{"not_picked":["champ:DefensiveShout","champ:FightOn"],"picked":"champ:AdrenalArmor","floor":15}],"player_experience":439933,"relics_obtained":[{"floor":7,"key":"Singing Bowl"},{"floor":9,"key":"Letter Opener"}],"event_choices":[{"damage_healed":0,"gold_gain":0,"cards_transformed":["champ:Defend"],"player_choice":"Transformed","damage_taken":0,"max_hp_gain":0,"max_hp_loss":0,"event_name":"Transmorgrifier","floor":3,"gold_loss":0,"cards_obtained":["champ:AdrenalArmor"]},{"damage_healed":0,"gold_gain":0,"player_choice":"Box","damage_taken":0,"relics_obtained":["hexamod:BolsterEngine"],"max_hp_gain":0,"max_hp_loss":0,"event_name":"Big Fish","floor":12,"gold_loss":0,"cards_obtained":["Regret"]}],"is_beta":false,"boss_relics":[],"items_purged_floors":[],"is_endless":false,"potions_floor_spawned":[2,5,14],"killed_by":"downfall:Defect","ascension_level":1}}