{"host":"6azrrw3tf7wb0f4b","time":1609040353,"event":{"mods":["BaseMod","DeckTracker","Minty Spire (QoL Compilation)","SuperFastMode"],"gold_per_floor":[114,18,36,36,50,125,136,150,195,195,216,216,230,261,261,387,387,411,411,3,3,3,36,60,60,85,106,106,121,36,24,24,154,154,170,48,61,81,139,139,178,0,50,50,94,94,115,134,134,134,134],"floor_reached":50,"playtime":1323,"items_purged":["Strike_B"],"score":756,"play_id":"3cbdfc40-85ae-475f-8301-1907c9720e32","local_time":"20201227123913","is_ascension_mode":true,"campfire_choices":[{"floor":12,"key":"REST"},{"data":"Darkness","floor":15,"key":"SMITH"},{"floor":25,"key":"REST"},{"floor":28,"key":"REST"},{"data":"Defragment","floor":32,"key":"SMITH"},{"floor":40,"key":"REST"},{"floor":46,"key":"REST"},{"floor":49,"key":"REST"}],"circlet_count":0,"master_deck":["Strike_B","Defend_B","Defend_B","Defend_B","Zap","Dualcast","Conserve Battery","Ball Lightning","Turbo","Darkness+1","Hello World","Rebound","Defragment+1","Leap","Undo","Buffer","Glacier+1","Amplify","Tempest","Hello World","Rainbow","Recycle+1","Go for the Eyes","Barrage+1","Compile Driver","Core Surge","Turbo+1","Beam Cell+1","Redo+1","Darkness+1","Chaos+1","Hologram"],"relics":["Cracked Core","NeowsBlessing","Centennial Puzzle","Golden Idol","Gremlin Horn","Philosopher\u0027s Stone","Enchiridion","Membership Card","DataDisk","Pen Nib","MealTicket","Bronze Scales","Fusion Hammer","Matryoshka","Dead Branch","InkBottle","Red Mask","Dream Catcher","Bottled Tornado"],"acts_visited":["Exordium","TheCity","TheBeyond"],"potions_floor_usage":[11,14,18,23,23,27,37,41,45,45,50],"damage_taken":[{"damage":0,"enemies":"Cultist","floor":1,"turns":1},{"damage":0,"enemies":"Small Slimes","floor":3,"turns":1},{"damage":0,"enemies":"2 Louse","floor":5,"turns":1},{"damage":0,"enemies":"Large Slime","floor":7,"turns":4},{"damage":14,"enemies":"Blue Slaver","floor":8,"turns":3},{"damage":11,"enemies":"Looter","floor":11,"turns":2},{"damage":1,"enemies":"3 Louse","floor":13,"turns":3},{"damage":3,"enemies":"Lagavulin","floor":14,"turns":5},{"damage":6,"enemies":"The Guardian","floor":16,"turns":9},{"damage":19,"enemies":"2 Thieves","floor":18,"turns":4},{"damage":12,"enemies":"Slavers","floor":23,"turns":3},{"damage":9,"enemies":"Chosen","floor":24,"turns":3},{"damage":9,"enemies":"3 Cultists","floor":27,"turns":6},{"damage":3,"enemies":"Centurion and Healer","floor":29,"turns":4},{"damage":10,"enemies":"Champ","floor":33,"turns":10},{"damage":0,"enemies":"Orb Walker","floor":35,"turns":3},{"damage":10,"enemies":"3 Shapes","floor":37,"turns":2},{"damage":0,"enemies":"Sphere and 2 Shapes","floor":38,"turns":2},{"damage":16,"enemies":"2 Orb Walkers","floor":39,"turns":2},{"damage":8,"enemies":"Nemesis","floor":41,"turns":5},{"damage":9,"enemies":"Reptomancer","floor":45,"turns":7},{"damage":0,"enemies":"Transient","floor":47,"turns":5},{"damage":0,"enemies":"Maw","floor":48,"turns":6},{"damage":70,"enemies":"Awakened One","floor":50,"turns":9}],"seed_played":"-9105224634786572055","potions_obtained":[{"floor":7,"key":"SkillPotion"},{"floor":8,"key":"SneckoOil"},{"floor":13,"key":"Regen Potion"},{"floor":23,"key":"PotionOfCapacity"},{"floor":24,"key":"LiquidMemories"},{"floor":29,"key":"AttackPotion"},{"floor":33,"key":"Dexterity Potion"},{"floor":37,"key":"SpeedPotion"},{"floor":47,"key":"Weak Potion"}],"is_trial":false,"path_per_floor":["M","$","M","?","M","?","M","M","T","?","M","R","M","E","R","B",null,"M","?","$","?","?","E","M","R","T","M","R","M","?","$","R","B",null,"M","$","M","M","?","R","E","?","T","?","E","R","M","M","R","B"],"character_chosen":"DEFECT","items_purchased":["Ball Lightning","Turbo","Membership Card","DataDisk","Amplify","DuplicationPotion","SkillPotion","Compile Driver","Matryoshka"],"campfire_rested":6,"item_purchase_floors":[2,2,20,20,20,20,20,31,36],"current_hp_per_floor":[68,68,68,61,61,50,50,36,36,36,25,45,44,55,55,49,64,45,29,29,29,29,17,8,28,28,19,39,36,36,51,51,41,62,62,69,59,59,43,63,55,55,55,49,40,60,60,60,69,0,0],"gold":134,"neow_bonus":"THREE_ENEMY_KILL","is_daily":false,"chose_seed":false,"campfire_upgraded":2,"win_rate":0.0,"timestamp":1609040353,"path_taken":["M","$","?","?","M","?","M","M","T","?","M","R","M","E","R","BOSS","M","?","$","?","?","E","M","R","T","?","R","M","?","$","R","BOSS","M","$","M","M","?","R","E","?","T","?","E","R","?","M","R","BOSS"],"items_purchased_type":["Card","Card","Relic","Relic","Card","Potion","Potion","Card","Relic"],"build_version":"2020-12-22","purchased_purges":1,"victory":false,"max_hp_per_floor":[75,75,75,75,75,75,75,75,75,69,69,69,69,69,69,69,69,69,69,69,69,69,69,69,69,69,69,69,69,69,69,69,69,69,69,69,69,69,69,69,69,69,69,69,69,69,69,69,69,69,69],"card_choices":[{"not_picked":["Gash","Redo"],"picked":"Conserve Battery","floor":1},{"not_picked":["Coolheaded","Beam Cell"],"picked":"Darkness","floor":3},{"not_picked":["Lockon","Steam"],"picked":"Hello World","floor":5},{"not_picked":["Fusion","Steam"],"picked":"Rebound","floor":7},{"not_picked":["Sunder","Barrage"],"picked":"Defragment","floor":8},{"not_picked":["Turbo","Hologram","Conserve Battery"],"picked":"SKIP","floor":11},{"not_picked":["Multi-Cast","Coolheaded"],"picked":"Leap","floor":13},{"not_picked":["Stack","Steam Power"],"picked":"Undo","floor":14},{"not_picked":["Meteor Strike","Hyperbeam"],"picked":"Buffer","floor":16},{"not_picked":["Ball Lightning+1","Defragment"],"picked":"Glacier+1","floor":18},{"not_picked":["Rebound","Coolheaded"],"picked":"Recycle+1","floor":23},{"not_picked":["Hologram","Leap"],"picked":"Go for the Eyes","floor":24},{"not_picked":["Coolheaded","Conserve Battery"],"picked":"Barrage+1","floor":27},{"not_picked":["Self Repair","Turbo","Rip and Tear"],"picked":"SKIP","floor":29},{"not_picked":["Reboot","Amplify"],"picked":"Core Surge","floor":33},{"not_picked":["Barrage+1","Hello World"],"picked":"Turbo+1","floor":35},{"not_picked":["Doom and Gloom","Scrape+1","Barrage+1"],"picked":"SKIP","floor":37},{"not_picked":["Rip and Tear","Gash","Sunder"],"picked":"SKIP","floor":38},{"not_picked":["Rip and Tear","Tempest"],"picked":"Beam Cell+1","floor":39},{"not_picked":["Leap+1","Streamline"],"picked":"Redo+1","floor":41},{"not_picked":["Streamline","Redo"],"picked":"Darkness+1","floor":45},{"not_picked":["Cold Snap","Stack"],"picked":"Chaos+1","floor":46},{"not_picked":["Thunder Strike","Recycle","Genetic Algorithm"],"picked":"SKIP","floor":47},{"not_picked":["Darkness","Aggregate","Double Energy"],"picked":"SKIP","floor":48},{"not_picked":["Self Repair+1","Go for the Eyes"],"picked":"Hologram","floor":49}],"player_experience":644089,"relics_obtained":[{"floor":9,"key":"Centennial Puzzle"},{"floor":14,"key":"Gremlin Horn"},{"floor":19,"key":"Enchiridion"},{"floor":23,"key":"Pen Nib"},{"floor":26,"key":"MealTicket"},{"floor":39,"key":"Dead Branch"},{"floor":41,"key":"InkBottle"},{"floor":43,"key":"Dream Catcher"},{"floor":45,"key":"Bottled Tornado"}],"event_choices":[{"cards_removed":["Strike_B"],"damage_healed":0,"gold_gain":0,"player_choice":"Card Removal","damage_taken":7,"max_hp_gain":0,"max_hp_loss":0,"event_name":"Golden Wing","floor":4,"gold_loss":0},{"damage_healed":0,"gold_gain":75,"player_choice":"Gather Gold","damage_taken":11,"max_hp_gain":0,"max_hp_loss":0,"event_name":"World of Goop","floor":6,"gold_loss":0},{"damage_healed":0,"gold_gain":0,"player_choice":"Lose Max HP","damage_taken":0,"relics_obtained":["Golden Idol"],"max_hp_gain":0,"max_hp_loss":6,"event_name":"Golden Idol","floor":10,"gold_loss":0},{"damage_healed":0,"gold_gain":0,"player_choice":"Obtained Book","damage_taken":16,"max_hp_gain":0,"max_hp_loss":0,"event_name":"Cursed Tome","floor":19,"gold_loss":0},{"damage_healed":0,"gold_gain":0,"cards_transformed":["Strike_B","Defend_B"],"player_choice":"Became Test Subject","damage_taken":0,"max_hp_gain":0,"max_hp_loss":0,"event_name":"Drug Dealer","floor":21,"gold_loss":0,"cards_obtained":["Tempest","Hello World"]},{"damage_healed":0,"gold_gain":0,"player_choice":"1 cards matched","damage_taken":0,"max_hp_gain":0,"max_hp_loss":0,"event_name":"Match and Keep!","floor":22,"gold_loss":0,"cards_obtained":["Rainbow"]},{"damage_healed":0,"gold_gain":0,"player_choice":"Obtained Relic","damage_taken":0,"relics_obtained":["Bronze Scales"],"max_hp_gain":0,"max_hp_loss":0,"event_name":"Addict","floor":30,"gold_loss":85},{"damage_healed":0,"gold_gain":0,"player_choice":"Fight","damage_taken":0,"max_hp_gain":0,"max_hp_loss":0,"event_name":"Mysterious Sphere","floor":39,"gold_loss":0},{"damage_healed":0,"gold_gain":0,"player_choice":"Paid","damage_taken":0,"relics_obtained":["Red Mask"],"max_hp_gain":0,"max_hp_loss":0,"event_name":"Tomb of Lord Red Mask","floor":42,"gold_loss":178},{"damage_healed":0,"gold_gain":0,"player_choice":"Damaged","damage_taken":6,"max_hp_gain":0,"max_hp_loss":0,"event_name":"Wheel of Change","floor":44,"gold_loss":0}],"is_beta":false,"boss_relics":[{"not_picked":["Runic Pyramid","Inserter"],"picked":"Philosopher\u0027s Stone"},{"not_picked":["Cursed Key","Coffee Dripper"],"picked":"Fusion Hammer"}],"items_purged_floors":[20],"is_endless":false,"potions_floor_spawned":[7,8,13,23,24,29,33,37,38,47],"killed_by":"Awakened One","ascension_level":8}}