{"host":"w4b7hmige5bnqipq","time":1609106084,"event":{"mods":["BaseMod","Minty Spire (QoL Compilation)","Rare Cards Sparkle","SuperFastMode","everything is the same but u backflip on backflip","slay the spire mod where everything is the same but ironclad has a cowboy hat"],"gold_per_floor":[114,114,39,55,55,82,82,109,109,124,134,159,179,214,214,214,214],"floor_reached":16,"playtime":350,"items_purged":[],"score":276,"play_id":"ae0f0bf6-4e81-4183-b546-319cd3220c60","local_time":"20201228065444","is_ascension_mode":true,"campfire_choices":[{"data":"Pommel Strike","floor":7,"key":"SMITH"},{"data":"Juggernaut","floor":15,"key":"SMITH"}],"circlet_count":0,"master_deck":["AscendersBane","Strike_R","Strike_R","Strike_R","Strike_R","Strike_R","Defend_R","Defend_R","Defend_R","Bash+1","Burning Pact","Juggernaut+1","Pommel Strike+1","Shrug It Off","Exhume"],"relics":["Burning Blood","NeowsBlessing","Singing Bowl","Mercury Hourglass","Lantern","Kunai","Gremlin Horn","Dream Catcher"],"acts_visited":["Exordium"],"potions_floor_usage":[14,14],"damage_taken":[{"damage":0.0,"enemies":"Jaw Worm","floor":1.0,"turns":1.0},{"damage":0.0,"enemies":"Small Slimes","floor":4.0,"turns":1.0},{"damage":0,"enemies":"Gremlin Nob","floor":6,"turns":1},{"damage":6,"enemies":"Cultist","floor":10,"turns":3},{"damage":9,"enemies":"2 Fungi Beasts","floor":11,"turns":3},{"damage":36,"enemies":"3 Sentries","floor":12,"turns":6},{"damage":2,"enemies":"3 Louse","floor":13,"turns":3},{"damage":9,"enemies":"Lagavulin","floor":14,"turns":6},{"damage":26,"enemies":"Hexaghost","floor":16,"turns":9}],"seed_played":"8594145999884615332","potions_obtained":[{"floor":4,"key":"LiquidBronze"},{"floor":6,"key":"Dexterity Potion"},{"floor":10,"key":"FearPotion"},{"floor":13,"key":"Fire Potion"},{"floor":14,"key":"Swift Potion"}],"is_trial":false,"path_per_floor":["M","?","?","M","?","E","R","T","T","M","M","E","M","E","R","B"],"character_chosen":"IRONCLAD","items_purchased":[],"campfire_rested":0,"item_purchase_floors":[],"current_hp_per_floor":[74,74,74,75,64,70,70,70,70,70,69,39,45,44,44,18,18],"gold":214,"neow_bonus":"THREE_ENEMY_KILL","is_daily":false,"chose_seed":false,"campfire_upgraded":2,"win_rate":0.0,"timestamp":1609106084,"path_taken":["M","?","?","M","?","E","R","?","T","M","M","E","M","E","R","BOSS"],"items_purchased_type":[],"build_version":"2020-12-22","purchased_purges":0,"victory":false,"max_hp_per_floor":[75,75,75,75,75,75,75,75,75,75,77,77,79,81,81,81,81],"card_choices":[{"not_picked":["Havoc","Thunderclap"],"picked":"Burning Pact","floor":1.0},{"not_picked":["Flex","Clothesline"],"picked":"Juggernaut","floor":4},{"not_picked":["Pummel","Searing Blow"],"picked":"Pommel Strike","floor":6},{"not_picked":["Iron Wave","Clash"],"picked":"Shrug It Off","floor":10},{"not_picked":["Flex","True Grit","Clash"],"picked":"Singing Bowl","floor":11},{"not_picked":["Dropkick","Clash"],"picked":"Exhume","floor":12},{"not_picked":["Warcry","Heavy Blade","Hemokinesis"],"picked":"Singing Bowl","floor":13},{"not_picked":["Flex","True Grit","Whirlwind"],"picked":"Singing Bowl","floor":14}],"player_experience":435518,"relics_obtained":[{"floor":6,"key":"Mercury Hourglass"},{"floor":8,"key":"Lantern"},{"floor":9,"key":"Kunai"},{"floor":12,"key":"Gremlin Horn"},{"floor":14,"key":"Dream Catcher"}],"event_choices":[{"damage_healed":0.0,"max_hp_gain":0.0,"max_hp_loss":0.0,"gold_gain":0.0,"event_name":"Living Wall","player_choice":"Grow","floor":2.0,"gold_loss":0.0,"damage_taken":0.0,"cards_upgraded":["Bash"]},{"cards_removed":["Defend_R"],"damage_healed":0.0,"max_hp_gain":0.0,"max_hp_loss":0.0,"gold_gain":0.0,"event_name":"The Cleric","player_choice":"Card Removal","floor":3.0,"gold_loss":75.0,"damage_taken":0.0},{"damage_healed":0,"gold_gain":0,"player_choice":"Success","damage_taken":11,"relics_obtained":["Singing Bowl"],"max_hp_gain":0,"max_hp_loss":0,"event_name":"Scrap Ooze","floor":5,"gold_loss":0}],"is_beta":false,"boss_relics":[],"items_purged_floors":[],"is_endless":false,"potions_floor_spawned":[4,6,10,13,14],"killed_by":"Hexaghost","ascension_level":18}}