{"host":"cjhtzh7tp54jdfyv","time":1609056360,"event":{"mods":["AchievementEnabler","BaseMod","Colored Map","Colored Powertips","Curses Come First","DeckTracker","Filter the Spire","Minty Spire (QoL Compilation)","RNG Fix","Relic Sorter","Relic Stats","StSLib","The Cursed","The Disciple","The Marked","UnlockEverythingMod","ojb\u0027s Better Paths Mod","ojb\u0027s Info Mod"],"gold_per_floor":[114,127,144,294,306,306,306,306],"floor_reached":7,"playtime":594,"items_purged":[],"score":86,"play_id":"3cc7d888-f5fc-4bd8-a033-d6212a185d1d","local_time":"20201227030600","is_ascension_mode":true,"campfire_choices":[{"floor":6,"key":"REST"}],"circlet_count":0,"master_deck":["AscendersBane","TheCursedMod:Strike_TheCursed","TheCursedMod:Strike_TheCursed","TheCursedMod:Strike_TheCursed","TheCursedMod:Strike_TheCursed","TheCursedMod:Defend_TheCursed","TheCursedMod:Defend_TheCursed","TheCursedMod:Defend_TheCursed","TheCursedMod:Defend_TheCursed","TheCursedMod:CursedWand","TheCursedMod:CleanUpWorkshop","TheCursedMod:Dregs","TheCursedMod:CursedShiv","Doubt","TheCursedMod:Stigma"],"relics":["Black Star"],"acts_visited":["Exordium"],"potions_floor_usage":[5,5],"damage_taken":[{"damage":9,"enemies":"Small Slimes","floor":1,"turns":6},{"damage":8,"enemies":"Jaw Worm","floor":2,"turns":6},{"damage":3,"enemies":"2 Louse","floor":3,"turns":3},{"damage":41,"enemies":"Large Slime","floor":5,"turns":11},{"damage":26,"enemies":"Gremlin Nob","floor":7,"turns":3}],"seed_played":"2605845761313389810","potions_obtained":[{"floor":1,"key":"Weak Potion"},{"floor":2,"key":"Ancient Potion"}],"is_trial":false,"path_per_floor":["M","M","M","?","M","R","E"],"character_chosen":"THE_CURSED","items_purchased":[],"campfire_rested":1,"item_purchase_floors":[],"current_hp_per_floor":[55,47,44,44,3,24,0,0],"gold":306,"neow_bonus":"BOSS_RELIC","is_daily":false,"chose_seed":false,"campfire_upgraded":0,"win_rate":0.0,"timestamp":1609056360,"path_taken":["M","M","M","?","?","R","E"],"items_purchased_type":[],"build_version":"2020-12-22","purchased_purges":0,"victory":false,"max_hp_per_floor":[71,71,71,71,71,71,71,71],"relic_stats":{"counters":[5,29],"Black Star":0,"obtain_stats":[{"TheCursedMod:BlackMagic101":0,"Black Star":0},{"TheCursedMod:BlackMagic101":0,"Black Star":0},{"TheCursedMod:BlackMagic101":0,"Black Star":0}]},"card_choices":[{"not_picked":["TheCursedMod:Obscuration","TheCursedMod:RavingStaff","TheCursedMod:BlessingInDisguise"],"picked":"SKIP","floor":1},{"not_picked":["TheCursedMod:Stretching","TheCursedMod:CursedArmor","TheCursedMod:FleshFromBone"],"picked":"SKIP","floor":2},{"not_picked":["TheCursedMod:SpitefulStrike","TheCursedMod:VitalStrike"],"picked":"TheCursedMod:CursedShiv","floor":3},{"not_picked":["TheCursedMod:VitalStrike","TheCursedMod:CircleOfBlood"],"picked":"TheCursedMod:Stigma","floor":5}],"player_experience":4415993,"relics_obtained":[],"event_choices":[{"damage_healed":0,"gold_gain":150,"player_choice":"AGREE","damage_taken":0,"max_hp_gain":0,"max_hp_loss":0,"event_name":"Liars Game","floor":4,"gold_loss":0,"cards_obtained":["Doubt"]}],"is_beta":false,"boss_relics":[],"items_purged_floors":[],"is_endless":false,"potions_floor_spawned":[1,2],"killed_by":"Gremlin Nob","ascension_level":20}}