{"host":"me5zrznhexxkd3qy","time":1609030950,"event":{"mods":["2.2 Compatiblity","AchievementEnabler","BaseMod","Colored Map","Colored Powertips","Highlight Path","Minty Spire (QoL Compilation)","Replay The Spire","StSLib","The Animator","Waifu the Spire"],"gold_per_floor":[113,126,301,271,291,291,310,339,339,355,58,69,89,106,106,202,202,214,214,214,226,239,239,164,190,190,224,17,17,45,64,64,167,167,181,0,275,295,307,307,317,317,317,333,333,333,333,362,416,27,27,27,27],"floor_reached":52,"playtime":4082,"items_purged":["Doubt"],"score":584,"play_id":"490694ee-a874-41cf-bb04-71c4d3461afc","local_time":"20201226170230","is_ascension_mode":false,"campfire_choices":[{"data":"Rage","floor":6,"key":"SMITH"},{"data":"Uppercut","floor":15,"key":"SMITH"},{"floor":23,"key":"RECALL"},{"floor":32,"key":"REST"},{"data":"Searing Blow","floor":40,"key":"SMITH"},{"floor":46,"key":"REST"},{"floor":51,"key":"REST"}],"circlet_count":0,"master_deck":["Strike_R+1","Strike_R+1","Strike_R+1","Strike_R+1","Strike_R+1","Defend_R+1","Defend_R+1","Defend_R+1","Defend_R+1","Armaments","Rage+1","Battle Trance","Shrug It Off","Whirlwind","Carnage+1","Dropkick","Flex","Double Tap+1","Headbutt+1","Pommel Strike+1","Clothesline+1","Twin Strike","Flex+1","Searing Blow+1","Flame Barrier","Iron Wave","Impervious+1","Berserk+1","Shrug It Off+1","Hemogenesis+1","Twin Strike+1","Regret","Headbutt+1","Perfected Strike","Hemokinesis+1","Run Through","Madness","Madness","Body Slam","Flex+1","The Bomb+1"],"relics":["Burning Blood","NeowsBlessing","Thread and Needle","Golden Egg","Sling","Velvet Choker","Onion Ring","HornCleat","Replay:Baseball","Whetstone","Snack Pack","Astrolabe","Red Mask","Potion Belt","Pet Ghost","Centennial Puzzle"],"acts_visited":["Exordium","TheCity","TheBeyond"],"potions_floor_usage":[25,33,33,52,52,52],"damage_taken":[{"damage":0,"enemies":"Jaw Worm","floor":1,"turns":1},{"damage":0,"enemies":"Cultist","floor":2,"turns":1},{"damage":0,"enemies":"2 Louse","floor":5,"turns":1},{"damage":11,"enemies":"Blue Slaver","floor":7,"turns":4},{"damage":6,"enemies":"Looter","floor":10,"turns":3},{"damage":0,"enemies":"3 Louse","floor":12,"turns":3},{"damage":9,"enemies":"Exordium Wildlife","floor":13,"turns":5},{"damage":0,"enemies":"2 Fungi Beasts","floor":14,"turns":3},{"damage":44,"enemies":"Fading Forest","floor":16,"turns":11},{"damage":6,"enemies":"2 Thieves","floor":18,"turns":2},{"damage":0,"enemies":"3 Byrds","floor":21,"turns":4},{"damage":16,"enemies":"Shelled Parasite and Fungi","floor":22,"turns":3},{"damage":6,"enemies":"Gremlin Leader","floor":25,"turns":4},{"damage":20,"enemies":"Slavers","floor":27,"turns":3},{"damage":26,"enemies":"Gremlin Leader","floor":30,"turns":2},{"damage":0,"enemies":"Centurion and Healer","floor":31,"turns":5},{"damage":22,"enemies":"Collector","floor":33,"turns":4},{"damage":3,"enemies":"3 Darklings","floor":35,"turns":2},{"damage":4,"enemies":"Orb Walker","floor":38,"turns":4},{"damage":2,"enemies":"4 Shapes","floor":39,"turns":3},{"damage":38,"enemies":"Jaw Worm Horde","floor":41,"turns":5},{"damage":12,"enemies":"Spire Growth","floor":44,"turns":4},{"damage":18,"enemies":"Reptomancer","floor":48,"turns":5},{"damage":96,"enemies":"Awakened One","floor":52,"turns":13}],"seed_played":"-8923481946568424861","potions_obtained":[{"floor":1,"key":"LiquidBronze"},{"floor":4,"key":"Flashbang"},{"floor":4,"key":"Flashbang"},{"floor":7,"key":"SpeedPotion"},{"floor":16,"key":"PowerPotion"},{"floor":21,"key":"Regen Potion"},{"floor":22,"key":"DuplicationPotion"},{"floor":27,"key":"Death Potion"},{"floor":30,"key":"SteroidPotion"},{"floor":38,"key":"Toxic Potion"},{"floor":44,"key":"Strength Potion"},{"floor":48,"key":"Adrenaline Potion"}],"is_trial":false,"path_per_floor":["M","M","?","?","M","R","M","?","T","M","$","M","M","M","R","B",null,"M","?","?","M","M","R","?","E","T","E","$","?","E","M","R","B",null,"M","?","?","M","M","R","M","PTL","PTL","M","T","R","?","E","T","$","R","B"],"character_chosen":"IRONCLAD","items_purchased":["Sling","Carnage","Whetstone","Flex","Centennial Puzzle","Flex","The Bomb"],"campfire_rested":3,"item_purchase_floors":[11,11,28,28,50,50,50],"current_hp_per_floor":[80,80,80,80,80,80,75,55,55,55,55,61,58,64,64,51,80,80,80,65,71,61,61,61,61,61,47,47,47,27,33,58,46,85,85,85,85,85,85,85,53,53,53,49,49,74,63,61,61,61,85,0,0],"gold":27,"neow_bonus":"THREE_ENEMY_KILL","is_daily":false,"chose_seed":false,"campfire_upgraded":3,"win_rate":0.0,"timestamp":1609030950,"path_taken":["M","M","?","?","M","R","?","?","T","M","$","M","M","M","R","BOSS","M","?","?","M","M","R","?","E","T","E","$","?","E","M","R","BOSS","M","?","?","M","?","R","M","PTL","PTL","M","T","R","?","E","?","$","R","BOSS"],"items_purchased_type":["Relic","Card","Relic","Card","Relic","Card","Card"],"build_version":"2020-12-22","purchased_purges":1,"victory":false,"max_hp_per_floor":[80,80,80,80,80,80,80,80,80,80,80,80,80,80,80,80,80,80,80,85,85,85,85,85,85,85,85,85,85,85,85,85,85,85,85,85,85,85,85,85,85,85,85,85,85,85,85,85,85,85,85,85,85],"card_choices":[{"not_picked":["Blood for Blood","Twin Strike"],"picked":"Armaments","floor":1},{"not_picked":["Pommel Strike","Bloodletting"],"picked":"Rage","floor":2},{"not_picked":["ReplayTheSpireMod:Corrosion Curse","Anger"],"picked":"Battle Trance","floor":5},{"not_picked":["Clash","Armaments"],"picked":"Shrug It Off","floor":7},{"not_picked":["Anger","Replay:Undeath\u0027s Touch"],"picked":"Heavy Blade","floor":8},{"not_picked":["Blood for Blood","True Grit"],"picked":"Whirlwind","floor":10},{"not_picked":["Hemogenesis","Bloodletting"],"picked":"Dropkick","floor":12},{"not_picked":["Perfected Strike","Battle Trance"],"picked":"Uppercut","floor":13},{"not_picked":["Defy Death","Shrug It Off"],"picked":"Flex","floor":14},{"not_picked":["Replay:Many Hands","Hemogenesis"],"picked":"Double Tap","floor":16},{"not_picked":["Flame Barrier","Thunderclap+1"],"picked":"Headbutt+1","floor":18},{"not_picked":["Warcry","Dark Embrace"],"picked":"Clash","floor":21},{"not_picked":["True Grit","Cleave"],"picked":"Pommel Strike+1","floor":22},{"not_picked":["Iron Wave+1","Spot Weakness"],"picked":"Clothesline","floor":25},{"not_picked":["ReplayTheSpireMod:Strike From Hell","Cleave"],"picked":"Twin Strike","floor":27},{"not_picked":["Hemokinesis","Juggernaut"],"picked":"Flame Barrier","floor":30},{"not_picked":["Run Through","Dropkick+1"],"picked":"Iron Wave","floor":31},{"not_picked":["Corruption","Reaper"],"picked":"Impervious","floor":33},{"not_picked":["Shrug It Off+1","Clash"],"picked":"Twin Strike+1","floor":35},{"not_picked":["Body Slam+1","Clash"],"picked":"Headbutt+1","floor":38},{"not_picked":["Pommel Strike+1","Dark Embrace"],"picked":"Perfected Strike","floor":39},{"not_picked":["Corruption","Warcry+1"],"picked":"Hemokinesis+1","floor":41},{"not_picked":["Feel No Pain","True Grit"],"picked":"Run Through","floor":44},{"not_picked":["Uppercut","Anger+1"],"picked":"Body Slam","floor":48}],"player_experience":9514,"relics_obtained":[{"floor":8,"key":"Thread and Needle"},{"floor":9,"key":"Golden Egg"},{"floor":25,"key":"Onion Ring"},{"floor":26,"key":"HornCleat"},{"floor":27,"key":"Replay:Baseball"},{"floor":30,"key":"Snack Pack"},{"floor":48,"key":"Potion Belt"},{"floor":49,"key":"Pet Ghost"}],"event_choices":[{"damage_healed":0,"gold_gain":175,"player_choice":"AGREE","damage_taken":0,"max_hp_gain":0,"max_hp_loss":0,"event_name":"Liars Game","floor":3,"gold_loss":0,"cards_obtained":["Doubt"]},{"damage_healed":0,"gold_gain":0,"player_choice":"Bought 2 Potions","damage_taken":0,"max_hp_gain":0,"max_hp_loss":0,"event_name":"The Woman in Blue","floor":4,"gold_loss":0},{"damage_healed":0,"gold_gain":0,"player_choice":"Simplicity","damage_taken":0,"max_hp_gain":0,"max_hp_loss":0,"event_name":"Back to Basics","floor":19,"gold_loss":0,"cards_upgraded":["Strike_R","Strike_R","Strike_R","Strike_R","Strike_R","Defend_R","Defend_R","Defend_R","Defend_R"]},{"damage_healed":0,"gold_gain":0,"player_choice":"Shed Blood","damage_taken":20,"max_hp_gain":5,"max_hp_loss":0,"event_name":"Forgotten Altar","floor":20,"gold_loss":0},{"cards_removed":["Clash"],"damage_healed":0,"gold_gain":0,"player_choice":"Gave Gold","damage_taken":0,"max_hp_gain":0,"max_hp_loss":0,"event_name":"Beggar","floor":24,"gold_loss":75},{"damage_healed":0,"gold_gain":0,"player_choice":"Read","damage_taken":0,"max_hp_gain":0,"max_hp_loss":0,"event_name":"The Library","floor":29,"gold_loss":0,"cards_obtained":["Searing Blow"]},{"damage_healed":0,"gold_gain":0,"player_choice":"Paid","damage_taken":0,"relics_obtained":["Red Mask"],"max_hp_gain":0,"max_hp_loss":0,"event_name":"Tomb of Lord Red Mask","floor":36,"gold_loss":181},{"damage_healed":0,"gold_gain":275,"player_choice":"Desecrate","damage_taken":0,"max_hp_gain":0,"max_hp_loss":0,"event_name":"Golden Shrine","floor":37,"gold_loss":0,"cards_obtained":["Regret"]},{"damage_healed":0,"gold_gain":0,"player_choice":"Embrace Madness","damage_taken":11,"max_hp_gain":0,"max_hp_loss":0,"event_name":"Winding Halls","floor":47,"gold_loss":0,"cards_obtained":["Madness","Madness"]}],"is_beta":false,"boss_relics":[{"not_picked":["Replay:Drink Me","ReplayTheSpireMod:DimensionalGlitch"],"picked":"Velvet Choker"},{"not_picked":["Fusion Hammer","ChewingGum"],"picked":"Astrolabe"}],"items_purged_floors":[11],"is_endless":false,"potions_floor_spawned":[1,7,16,21,22,27,30,31,38,44,48],"killed_by":"Awakened One","ascension_level":0}}