{"host":"j019w4cyowrad0mf","time":1609035665,"event":{"mods":["2.2 Compatiblity","Act Like it!","BaseMod","CapriCore","Gensokyo","HololiveMod","Marisa????????","Minty Spire (QoL Compilation)","Reimu??????","StSLib","Waifu the Spire","WarShipGirlsR/????R mod"],"gold_per_floor":[109,123,90,122,135,135,167,24,48,48,48,59,59,79,79,79,79],"floor_reached":16,"playtime":1445,"items_purged":[],"score":110,"play_id":"8bbcbb54-9ba8-4bc5-be41-ead742032f70","local_time":"20201226182105","is_ascension_mode":false,"campfire_choices":[{"data":"rmod:basicallowance","floor":6.0,"key":"SMITH"},{"data":"rmod:fuelsupply","floor":10.0,"key":"SMITH"},{"floor":15,"key":"REST"}],"circlet_count":0,"master_deck":["rmod:strick","rmod:strick","rmod:strick","rmod:defend+1","rmod:defend+1","rmod:defend","rmod:defend","rmod:basicallowance+1","rmod:maingunfire","rmod:auspiciousomen","rmod:tearstotiara","rmod:fletcherpendant","rmod:salvage+1","rmod:fuelsupply+1","rmod:fletcherpendant","rmod:fuelsupply","rmod:tearstotiara","Flash of Steel","rmod:overbreakdown","rmod:combined","rmod:fletcher","rmod:stealaluminum"],"relics":["rmod:firstchargereward","War Paint","Anchor","RuthlessExorcism:ReiMu"],"acts_visited":["Exordium"],"potions_floor_usage":[12],"damage_taken":[{"damage":5.0,"enemies":"Gensokyo:Gryphon","floor":1.0,"turns":5.0},{"damage":0.0,"enemies":"Gensokyo:3_Fairies","floor":2.0,"turns":3.0},{"damage":49.0,"enemies":"Gensokyo:Cirno","floor":4.0,"turns":9.0},{"damage":11.0,"enemies":"Gensokyo:Python","floor":5.0,"turns":6.0},{"damage":3.0,"enemies":"Gensokyo:Cirno","floor":7.0,"turns":7.0},{"damage":11,"enemies":"Gensokyo:CorruptedTreant","floor":12,"turns":3},{"damage":0,"enemies":"Gensokyo:Kitsune","floor":14,"turns":3},{"damage":28,"enemies":"Gensokyo:Yukari","floor":16,"turns":7}],"seed_played":"-5088760249701011803","potions_obtained":[{"floor":4.0,"key":"LiquidBronze"},{"floor":5.0,"key":"Weak Potion"},{"floor":7.0,"key":"Regen Potion"}],"is_trial":false,"path_per_floor":["M","M","COS","?","M","R","E","$","T","R","?","M","?","M","R","B"],"character_chosen":"PRAEFECT","items_purchased":["Flash of Steel","rmod:overbreakdown"],"campfire_rested":1,"item_purchase_floors":[8,8],"current_hp_per_floor":[70,70,70,21,10,10,7,7,7,7,7,5,5,5,27,0,0],"gold":79,"neow_bonus":"ONE_RANDOM_RARE_CARD","is_daily":false,"chose_seed":false,"campfire_upgraded":2,"win_rate":0.0,"timestamp":1609035665,"path_taken":["M","M","COS","?","M","R","E","$","T","R","?","M","?","?","R","BOSS"],"items_purchased_type":["Card","Card"],"build_version":"2020-12-22","purchased_purges":0,"victory":false,"max_hp_per_floor":[75,75,75,75,75,75,75,75,75,75,75,75,75,75,75,75,75],"card_choices":[{"not_picked":["rmod:smokecover","rmod:unsinkable"],"picked":"rmod:tearstotiara","floor":1.0},{"not_picked":["rmod:aluminumsupply","rmod:ring"],"picked":"rmod:fletcherpendant","floor":2.0},{"not_picked":["rmod:fletcherpendant+1","rmod:diamondstrike+1"],"picked":"rmod:salvage+1","floor":4.0},{"not_picked":["rmod:tearstotiara","rmod:wife"],"picked":"rmod:fuelsupply","floor":4.0},{"not_picked":["rmod:royalracing","rmod:advancebysurprise"],"picked":"rmod:fuelsupply","floor":5.0},{"not_picked":["rmod:goodfighter","rmod:spoils"],"picked":"rmod:tearstotiara","floor":7.0},{"not_picked":["rmod:fuelsupply","rmod:supportescort"],"picked":"rmod:combined","floor":12},{"not_picked":["rmod:steelsupply","rmod:circuitoustactics"],"picked":"rmod:stealaluminum","floor":14}],"player_experience":312425,"relics_obtained":[{"floor":4.0,"key":"War Paint"},{"floor":7.0,"key":"Anchor"},{"floor":9.0,"key":"RuthlessExorcism:ReiMu"}],"event_choices":[],"is_beta":false,"boss_relics":[],"items_purged_floors":[],"is_endless":false,"potions_floor_spawned":[4,5,7],"killed_by":"Gensokyo:Yukari","ascension_level":0}}