{"host":"cpsd6klcopw7ctxe","time":1609047249,"event":{"mods":["Aspiration","BaseMod","BetterRewards","Colored Powertips","Dota2Spire","Minty Spire (QoL Compilation)","MostiFishMod","Quick Restart","Remove Card Discount Mod","Replay The Spire","RumiaBox-露米娅的神秘盒子","Shop Mod","Spicy Shops","StSLib","TestMod","The Alterego","【遗物卡牌】REMEMod"],"gold_per_floor":[111,131,145,165,240,273,273,303,303,317,317,317,333,349,349,452,452,464,464,475,475,490,490,490,500,551,551,592,218,245,267,267,379,379,394,330,350,386,386,411,424,424,478,503,503,528,528,560,560,560,560,560,21,47,47],"floor_reached":56,"playtime":2176,"items_purged":["Normality","REME_CurseOfMatryoshka","Pain","Injury","alterego_mod:Strike","alterego_mod:Strike","alterego_mod:Defend","alterego_mod:Defend","alterego_mod:Strike","alterego_mod:Skirt","alterego_mod:Strike","alterego_mod:Impale","alterego_mod:BigMeatyClaws","MostiFishMod:Pointsdynamics","alterego_mod:BrynhildrsRune","alterego_mod:Defend","alterego_mod:SakuraFive","alterego_mod:SakuraFive"],"score":1910,"play_id":"99a8324d-1d22-43af-9ef8-e2534f5b66b4","local_time":"20201227133409","is_ascension_mode":false,"campfire_choices":[{"data":"alterego_mod:Birthday","floor":15,"key":"SMITH"},{"data":"Ragnarok","floor":24,"key":"SMITH"},{"data":"alterego_mod:BrynhildrRomantia","floor":27,"key":"SMITH"},{"data":"alterego_mod:ClassAdvantage","floor":32,"key":"SMITH"},{"data":"alterego_mod:Lift","floor":42,"key":"SMITH"},{"data":"alterego_mod:Support","floor":45,"key":"SMITH"},{"floor":47,"key":"RECALL"},{"data":"alterego_mod:Exercise","floor":49,"key":"SMITH"},{"data":"alterego_mod:Pet","floor":52,"key":"SMITH"}],"circlet_count":0,"master_deck":["alterego_mod:Pet+1","alterego_mod:Birthday+1","alterego_mod:Exercise+1","Ragnarok+1","alterego_mod:BrynhildrRomantia+1","alterego_mod:Support+1","alterego_mod:ClassAdvantage+1","alterego_mod:SakuraFive+1","alterego_mod:Lift+1"],"relics":["alterego_mod:MasochisticConstitution","DaveBox","testmod-TestBox","REME_ComplimentaryCards","ReplayTheSpireMod:CursedCoin","Transparent","testmod-Laevatain","aspiration:Nostalgia","Replay:M_SmolderingBlood","BionicSphere","Bag of Marbles","SynthV:TestCard","ReplayTheSpireMod:Shallot","The Courier","Dota2Spire:Desolator","REME_LowDesire","Dota2Spire:DrumOfEndurance","testmod-Antiphasic","Enchiridion","CeramicFish","testmod-Brilliant","Civilization","SynthV:C4","GreenFoldingFan","ZombieArmy","LastBattle","testmod-LifeArmor","Smiling Mask","Shuriken","Ice Cream","Vajra","Pen Nib","Strawberry","Kunai","GodSword4"],"acts_visited":["Exordium","TheCity","TheBeyond","TheEnding"],"potions_floor_usage":[7,28],"damage_taken":[{"damage":7,"enemies":"Small Slimes","floor":1,"turns":1},{"damage":7,"enemies":"Jaw Worm","floor":2,"turns":1},{"damage":7,"enemies":"Cultist","floor":3,"turns":1},{"damage":14,"enemies":"Exordium Thugs","floor":4,"turns":2},{"damage":14,"enemies":"Lagavulin","floor":6,"turns":2},{"damage":8,"enemies":"Gremlin Nob","floor":8,"turns":1},{"damage":8,"enemies":"3 Louse","floor":10,"turns":1},{"damage":8,"enemies":"Exordium Wildlife","floor":13,"turns":1},{"damage":8,"enemies":"Blue Slaver","floor":14,"turns":1},{"damage":8,"enemies":"Slime Boss","floor":16,"turns":1},{"damage":16,"enemies":"3 Byrds","floor":18,"turns":2},{"damage":8,"enemies":"2 Thieves","floor":20,"turns":1},{"damage":8,"enemies":"Shelled Parasite and Fungi","floor":22,"turns":1},{"damage":18,"enemies":"Snake Plant","floor":25,"turns":2},{"damage":18,"enemies":"REME_1_Revenger","floor":28,"turns":2},{"damage":10,"enemies":"Book of Stabbing","floor":30,"turns":1},{"damage":10,"enemies":"Centurion and Healer","floor":31,"turns":1},{"damage":31,"enemies":"Automaton","floor":33,"turns":3},{"damage":14,"enemies":"Orb Walker","floor":35,"turns":1},{"damage":15,"enemies":"3 Shapes","floor":37,"turns":1},{"damage":17,"enemies":"Nemesis","floor":40,"turns":1},{"damage":18,"enemies":"Jaw Worm Horde","floor":41,"turns":1},{"damage":20,"enemies":"R_Hoarder","floor":46,"turns":1},{"damage":21,"enemies":"Giant Head","floor":48,"turns":1},{"damage":43,"enemies":"Donu and Deca","floor":50,"turns":2},{"damage":26,"enemies":"Shield and Spear","floor":54,"turns":1},{"damage":79,"enemies":"The Heart","floor":55,"turns":3}],"seed_played":"-6889358769193097112","potions_obtained":[{"floor":3,"key":"Block Potion"},{"floor":7,"key":"Toxic Potion"},{"floor":7,"key":"SteroidPotion"},{"floor":7,"key":"Fruit Juice"},{"floor":8,"key":"Swift Potion"},{"floor":14,"key":"PowerPotion"},{"floor":28,"key":"Fruit Juice"},{"floor":33,"key":"REME_GoldPotion"}],"is_trial":false,"path_per_floor":["M","M","M","M","?","E","?","E","T","M","T","?","M","M","R","B",null,"M","?","M","?","M","?","R","M","T","R","E","$","E","M","R","B",null,"M","$","M","?","?","E","M","R","T","T","R","E","R","E","R","B",null,"R","$","E","B",null],"character_chosen":"The_Alterego","items_purchased":["ReplayTheSpireMod:CursedCoin","aspiration:Nostalgia","alterego_mod:SakuraFive","alterego_mod:Skirt","Bag of Marbles","Civilization","alterego_mod:ClassAdvantage","ZombieArmy","Vajra","Pen Nib","Strawberry","Kunai"],"campfire_rested":0,"item_purchase_floors":[0,0,0,0,0,29,29,36,53,53,53,53],"current_hp_per_floor":[71,72,73,74,63,75,80,81,81,82,82,75,83,84,84,85,85,86,70,87,87,87,70,70,96,96,96,106,106,108,116,116,123,123,135,135,150,150,150,162,181,181,181,181,181,197,197,214,214,241,241,241,248,273,295],"gold":47,"neow_bonus":"","is_daily":false,"chose_seed":false,"campfire_upgraded":8,"win_rate":0.0,"timestamp":1609047249,"path_taken":["M","M","M","M","?","E","?","E","T","?","?","?","M","M","R","BOSS","M","?","M","?","M","?","R","M","T","R","E","$","E","M","R","BOSS","M","$","M","?","?","E","?","R","T","?","R","E","R","E","R","BOSS","R","$","E","BOSS"],"items_purchased_type":["Relic","Relic","Card","Card","Relic","Relic","Card","Relic","Relic","Relic","Relic","Relic"],"build_version":"2020-12-22","purchased_purges":18,"victory":true,"max_hp_per_floor":[71,72,73,74,74,75,80,81,81,82,82,82,83,84,84,85,85,86,86,87,87,87,92,92,96,96,96,106,106,108,116,116,123,123,135,135,150,150,150,162,181,181,181,181,181,197,197,214,214,241,241,241,248,273,295],"card_choices":[{"not_picked":["alterego_mod:TrashNCrash","WreathOfFlame","alterego_mod:DiscoLights"],"picked":"SKIP","floor":1},{"not_picked":["alterego_mod:PerceptionDisorder","Halt","alterego_mod:Skirt","alterego_mod:Bunnysuit","alterego_mod:1TonWallop"],"picked":"SKIP","floor":2},{"not_picked":["FlyingSleeves","alterego_mod:Clones","alterego_mod:SuperDuperMasochism","alterego_mod:DeftHands","alterego_mod:PresenceConcealment"],"picked":"SKIP","floor":3},{"not_picked":["EmptyFist","alterego_mod:Cycle","alterego_mod:VirginLaserPalladion","FollowUp"],"picked":"alterego_mod:Pet","floor":4},{"not_picked":["Headbutt","alterego_mod:Belts","alterego_mod:Pet","alterego_mod:BiFurious"],"picked":"alterego_mod:Birthday","floor":6},{"not_picked":["alterego_mod:Alter","alterego_mod:TrashNCrash","alterego_mod:Cushion","alterego_mod:PurpleHair","alterego_mod:Cooking"],"picked":"SKIP","floor":8},{"not_picked":["alterego_mod:1TonWallop","alterego_mod:BeGentle","alterego_mod:Maid","alterego_mod:Valentines","alterego_mod:Cycle"],"picked":"SKIP","floor":10},{"not_picked":["alterego_mod:Punishment","alterego_mod:Crossover","alterego_mod:Table","alterego_mod:PerceptionDisorder"],"picked":"alterego_mod:Exercise","floor":13},{"not_picked":["alterego_mod:Schoolgirl","alterego_mod:Table","alterego_mod:Belle","Clash","alterego_mod:Pet"],"picked":"SKIP","floor":14},{"not_picked":["alterego_mod:Schoolgirl","alterego_mod:Table","alterego_mod:Belle","Clash","alterego_mod:Pet"],"picked":"SKIP","floor":14},{"not_picked":["alterego_mod:Schoolgirl","alterego_mod:Table","alterego_mod:Belle","Clash","alterego_mod:Pet"],"picked":"SKIP","floor":14},{"not_picked":["Bludgeon","alterego_mod:Weigh","alterego_mod:Valkyrie","alterego_mod:Vow"],"picked":"Ragnarok","floor":16},{"not_picked":["alterego_mod:Cooking","alterego_mod:BiFurious+1","alterego_mod:RidiculouslyBig","alterego_mod:Skirt","alterego_mod:MagicResistance","testmod-AssimilatedRune"],"picked":"SKIP","floor":18},{"not_picked":["alterego_mod:Exercise","alterego_mod:Complex","alterego_mod:Schoolgirl","alterego_mod:Mirror","alterego_mod:GoddessCore","testmod-RepeatForm"],"picked":"SKIP","floor":20},{"not_picked":["alterego_mod:HighServant","alterego_mod:DiscoLights","alterego_mod:BustOut","alterego_mod:Lingerie+1","alterego_mod:PainIsPleasure","ReplayUltimateDefense"],"picked":"SKIP","floor":22},{"not_picked":["alterego_mod:Punishment+1","alterego_mod:Bunnysuit","alterego_mod:Cooking","alterego_mod:TrashNCrash+1","alterego_mod:SakuraLabyrinth+1","Poisoned Strike"],"picked":"SKIP","floor":25},{"not_picked":["alterego_mod:BoobPocket","alterego_mod:Birthday","alterego_mod:PainIsPleasure","alterego_mod:Punishment","Replay:Parry"],"picked":"alterego_mod:Support","floor":28},{"not_picked":["alterego_mod:Rake","alterego_mod:DiscoLights","alterego_mod:Complex+1","alterego_mod:Crossover","alterego_mod:Maid","testmod-Dream"],"picked":"SKIP","floor":30},{"not_picked":["alterego_mod:Skirt","alterego_mod:DestructionOfProperty","alterego_mod:Jiggle","alterego_mod:Undulate","Blind"],"picked":"alterego_mod:SakuraFive+1","floor":31},{"not_picked":["alterego_mod:SideboobHour","alterego_mod:TrickOrTreatment","alterego_mod:Valkyrie","alterego_mod:STier","Replay:Sssssssssshield+1"],"picked":"alterego_mod:Lift","floor":33},{"not_picked":["alterego_mod:HighServant+1","alterego_mod:GoddessCore+1","alterego_mod:Mirror+1","alterego_mod:BeGentle","alterego_mod:TrashNCrash","Thinking Ahead"],"picked":"SKIP","floor":35},{"not_picked":["alterego_mod:Support+1","alterego_mod:Jiggle","alterego_mod:BusterCard","alterego_mod:Punishment","alterego_mod:DestructionOfProperty+1","Dramatic Entrance"],"picked":"SKIP","floor":37},{"not_picked":["alterego_mod:TrashNCrash+1","alterego_mod:Birthday+1","alterego_mod:HighServant+1","alterego_mod:MagicResistance+1","alterego_mod:Punishment+1","MostiFishMod:BrokenBlackCloak"],"picked":"SKIP","floor":40},{"not_picked":["alterego_mod:ClassAdvantage","alterego_mod:Skirt","alterego_mod:Undulate+1","alterego_mod:MagicResistance","alterego_mod:DiscoLights+1","MostiFishMod:Kaleido"],"picked":"SKIP","floor":41},{"not_picked":["alterego_mod:IndependentAction","alterego_mod:MaintainEyeContact","alterego_mod:RidiculouslyBig","alterego_mod:PerceptionDisorder","alterego_mod:DiscoLights","Apotheosis"],"picked":"SKIP","floor":46},{"not_picked":["alterego_mod:Clones","alterego_mod:Complex+1","alterego_mod:DestructionOfProperty+1","alterego_mod:Undulate","alterego_mod:Bloomers","Secret Weapon"],"picked":"SKIP","floor":48},{"not_picked":["alterego_mod:1TonWallop","alterego_mod:GIGAMILK","alterego_mod:BustOut+1","alterego_mod:DiscoLights+1","alterego_mod:BusterCard+1","Survey Options"],"picked":"SKIP","floor":54}],"player_experience":345389,"relics_obtained":[{"floor":1,"key":"SynthV:TestCard"},{"floor":6,"key":"ReplayTheSpireMod:Shallot"},{"floor":8,"key":"The Courier"},{"floor":11,"key":"Dota2Spire:Desolator"},{"floor":17,"key":"Dota2Spire:DrumOfEndurance"},{"floor":17,"key":"testmod-Antiphasic"},{"floor":19,"key":"Enchiridion"},{"floor":26,"key":"CeramicFish"},{"floor":28,"key":"testmod-Brilliant"},{"floor":30,"key":"SynthV:C4"},{"floor":40,"key":"LastBattle"},{"floor":43,"key":"testmod-LifeArmor"},{"floor":44,"key":"Smiling Mask"},{"floor":46,"key":"Shuriken"},{"floor":48,"key":"Ice Cream"},{"floor":54,"key":"GodSword4"}],"event_choices":[{"damage_healed":0,"gold_gain":75,"player_choice":"Gather Gold","damage_taken":11,"max_hp_gain":0,"max_hp_loss":0,"event_name":"World of Goop","floor":5,"gold_loss":0},{"damage_healed":0,"gold_gain":0,"player_choice":"Got Potions","damage_taken":0,"max_hp_gain":0,"max_hp_loss":0,"event_name":"Lab","floor":7,"gold_loss":0},{"cards_removed":["alterego_mod:Defend"],"damage_healed":0,"gold_gain":0,"player_choice":"Card Removal","damage_taken":7,"max_hp_gain":0,"max_hp_loss":0,"event_name":"Golden Wing","floor":12,"gold_loss":0},{"damage_healed":0,"gold_gain":0,"player_choice":"Obtained Book","damage_taken":16,"max_hp_gain":0,"max_hp_loss":0,"event_name":"Cursed Tome","floor":19,"gold_loss":0},{"damage_healed":0,"gold_gain":0,"player_choice":"Read","damage_taken":0,"max_hp_gain":0,"max_hp_loss":0,"event_name":"The Library","floor":21,"gold_loss":0,"cards_obtained":["alterego_mod:BrynhildrRomantia"]},{"damage_healed":0,"gold_gain":0,"player_choice":"Shed Blood","damage_taken":22,"max_hp_gain":5,"max_hp_loss":0,"event_name":"Forgotten Altar","floor":23,"gold_loss":0},{"damage_healed":0,"gold_gain":0,"player_choice":"Ignored","damage_taken":0,"max_hp_gain":0,"max_hp_loss":0,"event_name":"Tomb of Lord Red Mask","floor":39,"gold_loss":0}],"is_beta":false,"boss_relics":[{"not_picked":["RhineFirstAidKit","aspiration:RunicSpoon"],"picked":"REME_LowDesire"},{"not_picked":["BloodWine","Replay:Drink Me"],"picked":"GreenFoldingFan"}],"items_purged_floors":[0,0,0,0,0,0,0,0,0,0,0,0,0,29,29,29,36,36],"is_endless":false,"potions_floor_spawned":[3,8,13,14,18,20,28,33,37,40,46,48,54],"ascension_level":0}}