{"host":"cgv4xfjbrthxr81g","time":1609112323,"event":{"mods":["2.2 Compatiblity","Act Like it!","BaseMod","Bestiary","Better Altar","Better Match","Better Note","Better Sensory Stone","Better Skull","Better Third Choice","BetterRewards","Block Reminder","Card Forge","Clawfect","Colored Map","Colored Powertips","Curses Come First","DeckTracker","Defuse TimeMaze Blight","Downfall","Energized Spire","Friendly Minions","Hallownest","Highlight Path","Hubris","Infinite Spire","Mimic Mod","Minty Spire (QoL Compilation)","Permanent Neow","Quick Restart","Rare Cards Sparkle","Relic Sorter","Relic Stats","Replay The Spire","Robot Space Explorer","Shop Mod","Spicy Shops","StSLib","SuperFastMode","The Bug Knight","The Caster","The Construct","The Jungle","TheVacant","Uncapped","Wandering Minibosses"],"gold_per_floor":[116,116,116,116],"floor_reached":3,"playtime":117,"items_purged":[],"score":18,"play_id":"77093383-883d-4877-85b8-06f13e14f100","local_time":"20201227183843","daily_mods":["Vintage","Flight","DeadlyEvents","Elite Swarm"],"is_ascension_mode":true,"campfire_choices":[],"circlet_count":0,"master_deck":["theVacant:VacantStarterStrike","theVacant:VacantStarterStrike","theVacant:VacantStarterStrike","theVacant:VacantStarterStrike","theVacant:VacantStarterDefend","theVacant:VacantStarterDefend","theVacant:VacantStarterDefend","theVacant:VacantStarterDefend","theVacant:Release","theVacant:Crunch"],"relics":["Unceasing Top","White Beast Statue"],"acts_visited":["Hallownest:Greenpath"],"potions_floor_usage":[],"damage_taken":[{"damage":23,"enemies":"Hallownest:2_Tiktiks_and_1_Crawlid","floor":1,"turns":4},{"damage":58,"enemies":"Hallownest:BossHornet","floor":3,"turns":7}],"seed_played":"-217915203727422636","potions_obtained":[],"is_trial":true,"path_per_floor":["M","?","B"],"character_chosen":"THE_VACANT","items_purchased":[],"campfire_rested":0,"item_purchase_floors":[],"current_hp_per_floor":[57,57,0,0],"gold":116,"neow_bonus":"","is_daily":false,"chose_seed":false,"campfire_upgraded":0,"win_rate":0.0,"timestamp":1609112323,"path_taken":["M","?","BOSS"],"items_purchased_type":[],"build_version":"2020-12-22","purchased_purges":0,"victory":false,"max_hp_per_floor":[80,80,80,80],"relic_stats":{"counters":[2,11],"obtain_stats":[{"Unceasing Top":0,"White Beast Statue":1},{"Unceasing Top":0,"White Beast Statue":1},{"Unceasing Top":0,"White Beast Statue":4}],"Unceasing Top":[0]},"card_choices":[],"player_experience":82960,"relics_obtained":[{"floor":1,"key":"White Beast Statue"}],"event_choices":[],"is_beta":false,"boss_relics":[],"items_purged_floors":[],"is_endless":false,"potions_floor_spawned":[],"killed_by":"Hallownest:BossHornet","ascension_level":1}}