{"host":"6qo42zgaknezulyg","time":1609050143,"event":{"mods":["2.2 Compatiblity","BaseMod","Colored Map","Downfall","Highlight Path","Keyboard Shortcuts","Minty Spire (QoL Compilation)","Permanent Neow","Quick Restart","StSLib","SuperFastMode"],"gold_per_floor":[99,111,130,142,142,52,134,165,175,190,200,214,230,260,272,372,372,372,372,109,123,123,134,134,153,153,67,100,119,204,154,166,264,264,264,284,296,308,325,102,102,102,129,25,25,38,38,55,69,69],"floor_reached":51,"playtime":1931,"items_purged":["Pain","champ:Strike","champ:Strike","champ:Strike"],"score":1226,"play_id":"63089dc1-72bc-40d5-810a-2758cefaef26","local_time":"20201227152223","is_ascension_mode":true,"campfire_choices":[{"data":"champ:Taunt","floor":1.0,"key":"SMITH"},{"data":"champ:Devastate","floor":18.0,"key":"SMITH"},{"floor":26.0,"key":"REST"},{"data":"champ:HoldFirm","floor":35.0,"key":"SMITH"},{"data":"champ:IgnorePain","floor":42.0,"key":"SMITH"},{"floor":45,"key":"RECALL"}],"circlet_count":0,"master_deck":["AscendersBane","champ:Defend","champ:Defend","champ:Defend","champ:Defend+1","champ:Execute","champ:Taunt+1","champ:RecklessLeap+1","champ:CrookedStrike","champ:HoldFirm+1","champ:Backstep","champ:FanOfKnives","champ:Control","champ:Encircle","champ:Devastate+1","champ:Haymaker+1","champ:FocusedGladiator+1","champ:SwordSigil","champ:IgnorePain+1","champ:Control+1","champ:AdrenalArmor","CurseOfTheBell","champ:AdrenalArmor+1"],"relics":["champ:ChampionCrown","champ:DuelingGlove","WarpedTongs","HornCleat","Orichalcum","Vajra","expansioncontent:StudyCardRelic","Enchiridion","Oddly Smooth Stone","Pantograph","Membership Card","Meat on the Bone","Bag of Marbles","Thread and Needle","Calling Bell","Nunchaku","Sundial","champ:GladiatorsBookOfMartialProwess","champ:Barbells","Blood Vial","Mummified Hand","Du-Vu Doll","sneckomod:BlankCard"],"acts_visited":["Exordium","TheCity","TheBeyond"],"potions_floor_usage":[43,50,50],"damage_taken":[{"damage":5.0,"enemies":"Small Slimes","floor":2.0,"turns":2.0},{"damage":11.0,"enemies":"Cultist","floor":3.0,"turns":3.0},{"damage":15.0,"enemies":"Jaw Worm","floor":4.0,"turns":3.0},{"damage":27.0,"enemies":"downfall:FleeingMerchant","floor":6.0,"turns":4.0},{"damage":7.0,"enemies":"Gremlin Nob","floor":8.0,"turns":3.0},{"damage":0.0,"enemies":"Red Slaver","floor":9.0,"turns":3.0},{"damage":15.0,"enemies":"2 Fungi Beasts","floor":10.0,"turns":3.0},{"damage":28.0,"enemies":"Exordium Wildlife","floor":11.0,"turns":3.0},{"damage":15.0,"enemies":"3 Louse","floor":12.0,"turns":3.0},{"damage":5.0,"enemies":"2 Fungi Beasts","floor":13.0,"turns":2.0},{"damage":39.0,"enemies":"3 Sentries","floor":14.0,"turns":8.0},{"damage":3.0,"enemies":"Red Slaver","floor":15.0,"turns":5.0},{"damage":61.0,"enemies":"downfall:Ironclad","floor":16.0,"turns":8.0},{"damage":39.0,"enemies":"downfall:FleeingMerchant","floor":20.0,"turns":4.0},{"damage":15.0,"enemies":"Chosen","floor":21.0,"turns":3.0},{"damage":23.0,"enemies":"Shell Parasite","floor":23.0,"turns":2.0},{"damage":28.0,"enemies":"Sentry and Sphere","floor":25.0,"turns":2.0},{"damage":11.0,"enemies":"downfall:FleeingMerchant","floor":27.0,"turns":3.0},{"damage":26.0,"enemies":"Gremlin Leader","floor":28.0,"turns":5.0},{"damage":20.0,"enemies":"Snake Plant","floor":29.0,"turns":3.0},{"damage":39.0,"enemies":"Centurion and Healer","floor":32.0,"turns":7.0},{"damage":40.0,"enemies":"downfall:Defect","floor":33.0,"turns":5.0},{"damage":18.0,"enemies":"Orb Walker","floor":36.0,"turns":2.0},{"damage":42.0,"enemies":"3 Shapes","floor":37.0,"turns":5.0},{"damage":37.0,"enemies":"3 Darklings","floor":38.0,"turns":6.0},{"damage":8.0,"enemies":"Jaw Worm Horde","floor":39.0,"turns":4.0},{"damage":19,"enemies":"Reptomancer","floor":43,"turns":3},{"damage":4,"enemies":"Spire Growth","floor":46,"turns":1},{"damage":24,"enemies":"3 Darklings","floor":48,"turns":3},{"damage":43,"enemies":"Maw","floor":49,"turns":7},{"damage":50,"enemies":"downfall:Watcher","floor":50,"turns":5}],"seed_played":"7555535495060741562","potions_obtained":[{"floor":4.0,"key":"Ancient Potion"},{"floor":9.0,"key":"FearPotion"},{"floor":10.0,"key":"Regen Potion"},{"floor":11.0,"key":"Weak Potion"},{"floor":15.0,"key":"DuplicationPotion"},{"floor":23.0,"key":"SteroidPotion"},{"floor":25.0,"key":"ColorlessPotion"},{"floor":33.0,"key":"LiquidMemories"}],"is_trial":false,"path_per_floor":["R","M","M","M","?","$","T","E","M","M","M","M","M","E","M","B",null,"R","?","$","M","?","M","T","M","R","$","E","M","?","?","M","B",null,"R","M","M","M","M","$","T","R","E","$","R","M","?","M","M","B",null],"character_chosen":"THE_CHAMP","items_purchased":["Oddly Smooth Stone","Membership Card","Meat on the Bone","Bag of Marbles","champ:AdrenalArmor","champ:Barbells","Blood Vial","sneckomod:BlankCard","Dexterity Potion"],"campfire_rested":1,"item_purchase_floors":[20,27,27,27,27,40,40,44,44],"current_hp_per_floor":[57,57,51,51,51,49,49,47,47,47,40,40,40,34,34,36,77,77,61,61,61,61,57,57,57,84,84,73,68,50,83,90,76,87,87,86,79,79,79,79,79,79,81,81,81,83,83,85,81,90],"gold":69,"neow_bonus":"ONE_RARE_RELIC","is_daily":false,"chose_seed":false,"campfire_upgraded":4,"win_rate":0.0,"timestamp":1609050143,"path_taken":["R","M","M","M","?","$","T","E","M","M","M","M","?","E","M","BOSS","R","?","$","M","?","?","T","M","R","$","E","M","?","?","M","BOSS","R","M","M","M","M","$","T","R","E","$","R","M","?","M","M","BOSS"],"items_purchased_type":["Relic","Relic","Relic","Relic","Card","Relic","Relic","Relic","Potion"],"build_version":"2020-12-22","purchased_purges":4,"victory":true,"max_hp_per_floor":[90,90,90,90,90,90,90,90,90,90,90,90,90,90,90,90,90,90,90,90,90,90,90,90,90,90,90,90,90,90,90,90,90,90,90,90,90,90,90,90,90,90,90,90,90,90,90,90,90,90],"card_choices":[{"not_picked":["champ:RageSigil","champ:Lariat","champ:StanceDance"],"picked":"SKIP","floor":2.0},{"not_picked":["champ:TornadoPunch","champ:ShieldSigil"],"picked":"champ:RecklessLeap","floor":3.0},{"not_picked":["champ:DefensiveShout","champ:RecklessLeap"],"picked":"champ:CrookedStrike","floor":4.0},{"not_picked":["champ:IronFortress","champ:EndlessRage","champ:BladeFlurry"],"picked":"SKIP","floor":6.0},{"not_picked":["champ:TornadoPunch","champ:BringItOn"],"picked":"champ:HoldFirm","floor":8.0},{"not_picked":["champ:Haymaker","champ:RecklessLeap"],"picked":"champ:Backstep","floor":9.0},{"not_picked":["champ:FlashCut","champ:PerfectedStrike"],"picked":"champ:FanOfKnives","floor":10.0},{"not_picked":["champ:EnGarde","champ:ShieldSigil"],"picked":"champ:Control","floor":11.0},{"not_picked":["champ:Backstep","champ:DefensiveStyle","champ:ShieldSigil"],"picked":"SKIP","floor":12.0},{"not_picked":["champ:TornadoPunch","champ:Riposte","champ:FlashCut"],"picked":"SKIP","floor":13.0},{"not_picked":["champ:HeavySlash","champ:FanOfKnives"],"picked":"champ:Encircle","floor":14.0},{"not_picked":["champ:ShieldSigil","champ:BringItOn","champ:FlashCut"],"picked":"SKIP","floor":15.0},{"not_picked":["champ:MurderStrike","champ:EnchantSword"],"picked":"champ:Devastate","floor":16.0},{"not_picked":["champ:BerserkersShout","champ:FlashCut+1"],"picked":"champ:Haymaker+1","floor":20.0},{"not_picked":["champ:FaceSlap","champ:GladiatorsShout+1"],"picked":"champ:FocusedGladiator+1","floor":21.0},{"not_picked":["champ:Riposte","champ:BerserkersShout","champ:SkillfulDodge"],"picked":"SKIP","floor":23.0},{"not_picked":["champ:BringItOn+1","champ:CrookedStrike"],"picked":"champ:IgnorePain","floor":25.0},{"not_picked":["champ:FocusedGladiator","champ:Balance+1"],"picked":"champ:Control+1","floor":27.0},{"not_picked":["champ:Circumvent","champ:Riposte","champ:ShieldSlam"],"picked":"SKIP","floor":28.0},{"not_picked":["champ:GutPunch","champ:CrookedStrike","champ:BerserkerStyle"],"picked":"SKIP","floor":29.0},{"not_picked":["champ:BerserkersShout","champ:BladeFlurry","champ:Circumvent+1"],"picked":"SKIP","floor":32.0},{"not_picked":["champ:Encircle+1","champ:EndlessRage"],"picked":"champ:AdrenalArmor+1","floor":36.0},{"not_picked":["champ:DeathBlow","champ:SkillfulDodge","champ:FanOfKnives"],"picked":"SKIP","floor":37.0},{"not_picked":["champ:StanceDance+1","champ:RageSigil","champ:GutPunch"],"picked":"SKIP","floor":38.0},{"not_picked":["champ:DefensiveStyle+1","champ:CalledShot+1","champ:BringItOn+1"],"picked":"SKIP","floor":39.0},{"not_picked":["champ:FanOfKnives","champ:GutPunch","champ:StanceDance"],"picked":"SKIP","floor":43},{"not_picked":["champ:EndlessRage+1","champ:DeathBlow","champ:LastStand"],"picked":"SKIP","floor":46},{"not_picked":["champ:DefensiveShout","champ:GutPunch+1","champ:CrookedStrike"],"picked":"SKIP","floor":48},{"not_picked":["champ:FlashCut","champ:FanOfKnives","champ:TornadoPunch"],"picked":"SKIP","floor":49}],"player_experience":1063513,"relics_obtained":[{"floor":7.0,"key":"HornCleat"},{"floor":8.0,"key":"Orichalcum"},{"floor":14.0,"key":"Vajra"},{"floor":19.0,"key":"Enchiridion"},{"floor":24.0,"key":"Pantograph"},{"floor":28.0,"key":"Thread and Needle"},{"floor":34.0,"key":"Nunchaku"},{"floor":34.0,"key":"Sundial"},{"floor":34.0,"key":"champ:GladiatorsBookOfMartialProwess"},{"floor":41.0,"key":"Mummified Hand"},{"floor":43,"key":"Du-Vu Doll"}],"event_choices":[{"damage_healed":0.0,"max_hp_gain":0.0,"max_hp_loss":0.0,"gold_gain":0.0,"event_name":"Accursed Blacksmith","player_choice":"Rummage","floor":5.0,"gold_loss":0.0,"damage_taken":0.0,"relics_obtained":["WarpedTongs"],"cards_obtained":["Pain"]},{"damage_healed":0.0,"max_hp_gain":0.0,"max_hp_loss":0.0,"gold_gain":0.0,"cards_transformed":["champ:Strike"],"event_name":"Transmorgrifier","player_choice":"Transformed","floor":22.0,"gold_loss":0.0,"damage_taken":0.0,"cards_obtained":["champ:SwordSigil"]},{"damage_healed":0,"gold_gain":0,"player_choice":"Ignored","damage_taken":0,"max_hp_gain":0,"max_hp_loss":0,"event_name":"Mysterious Sphere","floor":47,"gold_loss":0}],"is_beta":false,"boss_relics":[{"not_picked":["Runic Pyramid","downfall:Hecktoplasm"],"picked":"expansioncontent:StudyCardRelic"},{"not_picked":["Pandora\u0027s Box","champ:PowerArmor"],"picked":"Calling Bell"}],"items_purged_floors":[6,20,27,40],"is_endless":false,"potions_floor_spawned":[4,9,10,11,13,15,23,25,32,33,36,37,39,46],"ascension_level":10}}