{"host":"mwqnlghgfp5mgeui","time":1609101905,"event":{"mods":["2.2 Compatiblity","BaseMod","DeckTracker","Highlight Path","Minty Spire (QoL Compilation)","SuperFastMode","everything is the same but u backflip on backflip"],"gold_per_floor":[112,128,93,111,127,127,127,141,167,167,61,61,77,93,93,189,189,201,216,216,226,245,265,277,306,358,358,358],"floor_reached":27,"playtime":1320,"items_purged":[],"score":231,"play_id":"ba54f3a2-a454-42f9-945f-e5f5236d016a","local_time":"20201228054505","is_ascension_mode":false,"campfire_choices":[{"floor":6,"key":"REST"},{"floor":10,"key":"REST"},{"floor":15,"key":"REST"}],"circlet_count":0,"master_deck":["Strike_G","Strike_G","Strike_G","Strike_G","Strike_G","Defend_G","Defend_G","Defend_G","Defend_G","Defend_G","Survivor","Neutralize","Choke+1","Caltrops","Slice+1","Backstab","Accuracy+1","Dagger Throw","Cloak And Dagger","Flying Knee","PanicButton","Blade Dance","Deflect","Adrenaline","Blade Dance","Deflect","PiercingWail+1","Blade Dance+1","Poisoned Stab","Slice+1","Riddle With Holes"],"relics":["Ring of the Serpent","Regal Pillow","Bag of Preparation","Whetstone"],"acts_visited":["Exordium","TheCity"],"potions_floor_usage":[16,18,21,23,23,25,25,25,25,25],"damage_taken":[{"damage":10,"enemies":"Cultist","floor":1,"turns":4},{"damage":11,"enemies":"Jaw Worm","floor":2,"turns":4},{"damage":0,"enemies":"2 Louse","floor":4,"turns":2},{"damage":31,"enemies":"Exordium Thugs","floor":5,"turns":4},{"damage":9,"enemies":"Gremlin Gang","floor":8,"turns":5},{"damage":6,"enemies":"3 Louse","floor":13,"turns":4},{"damage":6,"enemies":"Exordium Wildlife","floor":14,"turns":2},{"damage":46,"enemies":"Hexaghost","floor":16,"turns":10},{"damage":1,"enemies":"Chosen","floor":18,"turns":3},{"damage":10,"enemies":"2 Thieves","floor":19,"turns":3},{"damage":28,"enemies":"Sentry and Sphere","floor":21,"turns":5},{"damage":6,"enemies":"Centurion and Healer","floor":22,"turns":6},{"damage":6,"enemies":"Shelled Parasite and Fungi","floor":23,"turns":6},{"damage":5,"enemies":"Snecko","floor":24,"turns":4},{"damage":16,"enemies":"Gremlin Leader","floor":25,"turns":5},{"damage":8,"enemies":"Cultist and Chosen","floor":27,"turns":4}],"seed_played":"697860520743405017","potions_obtained":[{"floor":4,"key":"GamblersBrew"},{"floor":5,"key":"PowerPotion"},{"floor":8,"key":"Fruit Juice"},{"floor":16,"key":"AttackPotion"},{"floor":19,"key":"EntropicBrew"},{"floor":22,"key":"Swift Potion"},{"floor":24,"key":"Swift Potion"}],"is_trial":false,"path_per_floor":["M","M","$","M","M","R","?","M","T","R","$","?","M","M","R","B",null,"M","M","?","M","M","M","M","E","T","M"],"character_chosen":"THE_SILENT","items_purchased":["Backstab","Flying Knee","PanicButton"],"campfire_rested":3,"item_purchase_floors":[3,11,11],"current_hp_per_floor":[60,49,49,49,18,39,39,30,30,66,66,66,60,54,70,24,70,69,59,59,36,30,24,19,3,3,0,0],"gold":358,"neow_bonus":"THREE_CARDS","is_daily":false,"chose_seed":false,"campfire_upgraded":0,"win_rate":0.0,"timestamp":1609101905,"path_taken":["M","M","?","M","M","R","?","M","T","R","$","?","M","M","R","BOSS","M","M","?","?","M","M","M","E","T","M"],"items_purchased_type":["Card","Card","Card"],"build_version":"2020-12-22","purchased_purges":0,"victory":false,"max_hp_per_floor":[70,70,70,70,70,70,70,70,70,70,70,70,70,70,70,70,70,70,70,70,75,75,75,75,75,75,75,75],"card_choices":[{"not_picked":["Bane","Prepared"],"picked":"Choke","floor":0},{"not_picked":["Deadly Poison","Flying Knee"],"picked":"Caltrops","floor":1},{"not_picked":["Prepared","Eviscerate"],"picked":"Slice","floor":2},{"not_picked":["Dagger Throw","Dagger Spray"],"picked":"Accuracy","floor":4},{"not_picked":["Dodge and Roll","Sucker Punch"],"picked":"Dagger Throw","floor":5},{"not_picked":["Calculated Gamble","Flying Knee"],"picked":"Cloak And Dagger","floor":8},{"not_picked":["Night Terror","Dagger Throw"],"picked":"Blade Dance","floor":13},{"not_picked":["Dagger Throw","Poisoned Stab"],"picked":"Deflect","floor":14},{"not_picked":["Doppelganger","Glass Knife"],"picked":"Adrenaline","floor":16},{"not_picked":["Eviscerate","Footwork"],"picked":"Blade Dance","floor":18},{"not_picked":["Bane","Dagger Spray"],"picked":"Deflect","floor":19},{"not_picked":["Underhanded Strike","Slice"],"picked":"PiercingWail+1","floor":21},{"not_picked":["Tactician","Quick Slash"],"picked":"Blade Dance+1","floor":22},{"not_picked":["Corpse Explosion","Skewer"],"picked":"Poisoned Stab","floor":23},{"not_picked":["Dodge and Roll","Endless Agony"],"picked":"Slice+1","floor":24},{"not_picked":["Dagger Throw","Underhanded Strike"],"picked":"Riddle With Holes","floor":25}],"player_experience":121341,"relics_obtained":[{"floor":9,"key":"Regal Pillow"},{"floor":25,"key":"Bag of Preparation"},{"floor":26,"key":"Whetstone"}],"event_choices":[{"damage_healed":0,"gold_gain":0,"player_choice":"Ignored","damage_taken":0,"max_hp_gain":0,"max_hp_loss":0,"event_name":"Liars Game","floor":7,"gold_loss":0},{"damage_healed":0,"gold_gain":0,"player_choice":"Forge","damage_taken":0,"max_hp_gain":0,"max_hp_loss":0,"event_name":"Accursed Blacksmith","floor":12,"gold_loss":0,"cards_upgraded":["Accuracy"]},{"damage_healed":0,"gold_gain":0,"player_choice":"Bought 0 Potions","damage_taken":0,"max_hp_gain":0,"max_hp_loss":0,"event_name":"The Woman in Blue","floor":20,"gold_loss":0}],"is_beta":false,"boss_relics":[{"not_picked":["Cursed Key","Snecko Eye"],"picked":"Ring of the Serpent"}],"items_purged_floors":[],"is_endless":false,"potions_floor_spawned":[4,5,8,16,19,22,24],"killed_by":"Cultist and Chosen","ascension_level":0}}