{"host":"rqd50iigewdjy74u","time":1609067886,"event":{"mods":["AchievementEnabler","BaseMod","BetterRewards","Custom Start","Minty Spire (QoL Compilation)","StSLib"],"gold_per_floor":[114,114,79,92,17,17,43,43,113,131,206,206,235,252,252,355,355,372,68,68,27,46,72,91,103,103,103,130,143,154,164,164,265,265,285,285,304,304,254,287,287,22,22,50,101,101,121,62,62,62],"floor_reached":51,"playtime":1494,"items_purged":["Strike_G","Strike_G+1","Strike_G+1"],"score":928,"play_id":"30a4868c-46f0-4167-9b4e-de0b95b04a7e","local_time":"20201227051806","is_ascension_mode":false,"campfire_choices":[{"data":"Crippling Poison","floor":6,"key":"SMITH"},{"data":"Catalyst","floor":8,"key":"SMITH"},{"data":"Deadly Poison","floor":12,"key":"SMITH"},{"data":"Catalyst","floor":15,"key":"SMITH"},{"data":"Catalyst","floor":32,"key":"SMITH"},{"data":"Catalyst","floor":49,"key":"SMITH"}],"circlet_count":0,"master_deck":["Defend_G+1","Defend_G+1","Defend_G+1","Defend_G+1","Defend_G+1","Survivor","Bane+1","Catalyst+1","Crippling Poison+1","Deadly Poison+1","Prepared","Catalyst+1","Bandage Up","Prepared+1","Catalyst","Catalyst+1","Crippling Poison","Adrenaline","Impatience","Sadistic Nature","After Image","Deadly Poison+1","Catalyst+1"],"relics":["Philosopher\u0027s Stone","Calipers","Bottled Lightning","Paper Crane","Regal Pillow","Empty Cage","Membership Card","The Specimen","Turnip","Mummified Hand","Strawberry","Velvet Choker","Pen Nib","Art of War","Letter Opener","Prayer Wheel","Du-Vu Doll"],"acts_visited":["Exordium","TheCity","TheBeyond"],"potions_floor_usage":[29],"damage_taken":[{"damage":6,"enemies":"Small Slimes","floor":1,"turns":3},{"damage":0,"enemies":"Cultist","floor":4,"turns":4},{"damage":1,"enemies":"Gremlin Nob","floor":7,"turns":4},{"damage":1,"enemies":"Jaw Worm","floor":10,"turns":2},{"damage":6,"enemies":"Lagavulin","floor":13,"turns":4},{"damage":0,"enemies":"Exordium Thugs","floor":14,"turns":3},{"damage":3,"enemies":"The Guardian","floor":16,"turns":4},{"damage":6,"enemies":"2 Thieves","floor":18,"turns":3},{"damage":0,"enemies":"Chosen","floor":22,"turns":3},{"damage":19,"enemies":"Slavers","floor":23,"turns":3},{"damage":0,"enemies":"Centurion and Healer","floor":24,"turns":3},{"damage":0,"enemies":"3 Cultists","floor":25,"turns":2},{"damage":0,"enemies":"Book of Stabbing","floor":28,"turns":3},{"damage":3,"enemies":"Sentry and Sphere","floor":29,"turns":5},{"damage":0,"enemies":"Snecko","floor":30,"turns":2},{"damage":12,"enemies":"Snake Plant","floor":31,"turns":2},{"damage":11,"enemies":"Collector","floor":33,"turns":3},{"damage":2,"enemies":"3 Shapes","floor":35,"turns":3},{"damage":10,"enemies":"3 Darklings","floor":37,"turns":3},{"damage":0,"enemies":"Giant Head","floor":40,"turns":4},{"damage":4,"enemies":"Reptomancer","floor":44,"turns":2},{"damage":18,"enemies":"2 Orb Walkers","floor":45,"turns":4},{"damage":0,"enemies":"Jaw Worm Horde","floor":47,"turns":2},{"damage":0,"enemies":"Time Eater","floor":50,"turns":3}],"seed_played":"-1558982737562080143","potions_obtained":[{"floor":4,"key":"PowerPotion"},{"floor":7,"key":"Fire Potion"},{"floor":10,"key":"BlessingOfTheForge"},{"floor":30,"key":"GamblersBrew"}],"is_trial":false,"path_per_floor":["M","?","$","M","$","R","E","R","T","M","T","R","E","M","R","B",null,"M","$","?","$","M","E","M","M","T","?","E","M","M","M","R","B",null,"M","?","M","?","$","E","?","$","T","E","?","$","M","$","R","B",null],"character_chosen":"THE_SILENT","items_purchased":["Catalyst","Membership Card","The Specimen","Bandage Up","DistilledChaos","Art of War","Sadistic Nature","Catalyst","Poison Potion"],"campfire_rested":0,"item_purchase_floors":[3,19,19,21,42,42,42,48,48],"current_hp_per_floor":[64,64,64,64,64,64,63,63,63,62,62,62,56,56,56,53,70,64,64,80,80,80,65,69,73,73,73,80,81,85,77,77,66,87,87,87,77,77,77,81,81,81,81,81,67,67,67,67,67,71],"gold":62,"neow_bonus":"BOSS_RELIC","is_daily":false,"chose_seed":false,"campfire_upgraded":6,"win_rate":0.0,"timestamp":1609067886,"path_taken":["M","?","?","M","?","R","E","R","T","?","?","R","E","M","R","BOSS","M","$","?","?","M","E","M","M","T","?","E","M","M","M","R","BOSS","M","?","M","?","$","E","?","?","T","E","?","?","M","$","R","BOSS"],"items_purchased_type":["Card","Relic","Relic","Card","Potion","Relic","Card","Card","Potion"],"build_version":"2020-12-22","purchased_purges":3,"victory":true,"max_hp_per_floor":[70,70,70,70,70,70,70,70,70,70,70,70,70,70,70,70,70,70,70,80,80,80,80,80,80,80,80,87,87,87,87,87,87,87,87,87,87,87,87,87,87,87,87,87,87,87,87,87,87,87],"card_choices":[{"not_picked":["Acrobatics","Dagger Throw"],"picked":"Bane","floor":1},{"not_picked":["Endless Agony","Tactician"],"picked":"Crippling Poison","floor":4},{"not_picked":["Footwork","Acrobatics"],"picked":"Deadly Poison","floor":7},{"not_picked":["Backflip","Distraction"],"picked":"Prepared","floor":10},{"not_picked":["Deflect","Outmaneuver","Masterful Stab"],"picked":"SKIP","floor":13},{"not_picked":["Escape Plan","Dagger Spray"],"picked":"Catalyst","floor":14},{"not_picked":["Venomology","Doppelganger"],"picked":"Die Die Die","floor":16},{"not_picked":["Choke+1","Dash","Cloak And Dagger"],"picked":"SKIP","floor":18},{"not_picked":["Backstab+1","Dagger Throw"],"picked":"Prepared+1","floor":22},{"not_picked":["Slice","Footwork","Dodge and Roll+1"],"picked":"SKIP","floor":23},{"not_picked":["Outmaneuver","Acrobatics","Cloak And Dagger"],"picked":"SKIP","floor":24},{"not_picked":["Underhanded Strike","Blade Dance","Outmaneuver"],"picked":"SKIP","floor":25},{"not_picked":["Backflip+1","A Thousand Cuts","Underhanded Strike"],"picked":"SKIP","floor":28},{"not_picked":["Quick Slash+1","Backflip+1"],"picked":"Catalyst","floor":29},{"not_picked":["Dagger Throw","PiercingWail"],"picked":"Catalyst","floor":30},{"not_picked":["PiercingWail+1","Reflex"],"picked":"Crippling Poison","floor":31},{"not_picked":["After Image","Tools of the Trade"],"picked":"Adrenaline","floor":33},{"not_picked":["PiercingWail","Terror","Blade Dance+1"],"picked":"SKIP","floor":35},{"not_picked":["Acrobatics","Outmaneuver","Prepared"],"picked":"SKIP","floor":37},{"not_picked":["The Bomb","Dark Shackles"],"picked":"Impatience","floor":38},{"not_picked":["Quick Slash","Outmaneuver+1","Dagger Throw"],"picked":"SKIP","floor":40},{"not_picked":["Slice","Calculated Gamble"],"picked":"After Image","floor":44},{"not_picked":["Blade Dance+1","Noxious Fumes"],"picked":"Deadly Poison+1","floor":47},{"not_picked":["Quick Slash","Sucker Punch","PiercingWail+1"],"picked":"SKIP","floor":47}],"player_experience":117705,"relics_obtained":[{"floor":7,"key":"Calipers"},{"floor":9,"key":"Bottled Lightning"},{"floor":11,"key":"Paper Crane"},{"floor":13,"key":"Regal Pillow"},{"floor":23,"key":"Turnip"},{"floor":26,"key":"Mummified Hand"},{"floor":28,"key":"Strawberry"},{"floor":40,"key":"Pen Nib"},{"floor":43,"key":"Letter Opener"},{"floor":44,"key":"Prayer Wheel"},{"floor":45,"key":"Du-Vu Doll"}],"event_choices":[{"damage_healed":0,"gold_gain":0,"player_choice":"Forge","damage_taken":0,"max_hp_gain":0,"max_hp_loss":0,"event_name":"Accursed Blacksmith","floor":2,"gold_loss":0,"cards_upgraded":["Bane"]},{"cards_removed":["Die Die Die"],"damage_healed":6,"gold_gain":0,"player_choice":"Offered Rare","damage_taken":0,"max_hp_gain":10,"max_hp_loss":0,"event_name":"Bonfire Elementals","floor":20,"gold_loss":0},{"damage_healed":0,"gold_gain":0,"player_choice":"Simplicity","damage_taken":0,"max_hp_gain":0,"max_hp_loss":0,"event_name":"Back to Basics","floor":27,"gold_loss":0,"cards_upgraded":["Strike_G","Strike_G","Defend_G","Defend_G","Defend_G","Defend_G","Defend_G"]},{"cards_removed":["Neutralize"],"damage_healed":0,"gold_gain":0,"player_choice":"Removed Attack","damage_taken":0,"max_hp_gain":0,"max_hp_loss":0,"event_name":"Falling","floor":36,"gold_loss":0},{"damage_healed":0,"gold_gain":0,"player_choice":"Memory 1","damage_taken":0,"max_hp_gain":0,"max_hp_loss":0,"event_name":"SensoryStone","floor":38,"gold_loss":0},{"damage_healed":0,"gold_gain":0,"player_choice":"Ignored","damage_taken":0,"max_hp_gain":0,"max_hp_loss":0,"event_name":"Tomb of Lord Red Mask","floor":41,"gold_loss":0},{"damage_healed":0,"gold_gain":0,"player_choice":"Fight","damage_taken":0,"max_hp_gain":0,"max_hp_loss":0,"event_name":"Mysterious Sphere","floor":45,"gold_loss":0}],"is_beta":false,"boss_relics":[{"not_picked":["Calling Bell","Runic Dome"],"picked":"Empty Cage"},{"not_picked":["Snecko Eye","Cursed Key"],"picked":"Velvet Choker"}],"items_purged_floors":[5,39,42],"is_endless":false,"potions_floor_spawned":[4,7,10,14,18,22,24,28,30,35,37,40,45],"ascension_level":0}}