{"host":"zn0mr865d8bdqt3v","time":1609077234,"event":{"mods":["Act Like it!","BaseMod","Gensokyo","KinomotoSakuraMod(ƒæ÷Æ±æ”£)","Minty Spire (QoL Compilation)","Reimu£®≤©¿ˆ¡È√Œ£©","Remilia£®¿Ÿ√◊¿Ú—«£©","StSLib","Yakumo Yukari mod","Youmu£®ªÍ∆«—˝√Œ£©","simple"],"gold_per_floor":[117,117,780,780,796,796,796,796,821,821,853,853,95,114,114,209,209,222,222,242,242,144,144,155,155,178,192,225,244,44,37,37,119,119,131,142,122,122,113,147,147,147,147,158,337,349,377,402,414,426],"floor_reached":51,"playtime":4824,"items_purged":["Defend_RM","Pain","Gensokyo:AllTheWorldsEvil"],"score":875,"play_id":"dd212f30-0345-4d2e-8288-fdbed1bf1058","local_time":"20201227215354","is_ascension_mode":false,"campfire_choices":[{"data":"BloodyMagicSquare","floor":6,"key":"SMITH"},{"data":"EmergencyRegeneration","floor":8,"key":"SMITH"},{"data":"TwelveNightmare","floor":15,"key":"SMITH"},{"data":"QueenOfMidnight","floor":23,"key":"SMITH"},{"data":"NightDance","floor":25,"key":"SMITH"},{"data":"DemonKingCradle","floor":32,"key":"SMITH"},{"data":"DemonKingCradle","floor":41,"key":"SMITH"},{"data":"HeartBreak","floor":46,"key":"SMITH"},{"data":"UnstableMagic","floor":49,"key":"SMITH"}],"circlet_count":0,"master_deck":["Strike_RM","Strike_RM","Strike_RM","Strike_RM","Defend_RM","Defend_RM","RedMoon+1","LeisurelyOfLord","ForbiddenFruit","Injury","EmergencyRegeneration+1","BloodyMagicSquare+1","Septette","HeartBreak+1","MillenniumVampire","TwelveNightmare+1","UnstableMagic+1","NightDance+1","QueenOfMidnight+1","BombardNight","BlasphemousPunishment+1","MiserableFate","Ultimatum","BlasphemousPunishment","DemonKingCradle+1","SuperhumanBloodyKnife","LeisurelyOfLord","Stigmanizer+1","ScarletDream+1","Gensokyo:RustyChest","MastersStateliness","EmergencyRegeneration+1","RedNightlessCastle","BombardNight+1","ScarletImprint+1"],"relics":["ScarletHat","Matryoshka","Medical Kit","Gensokyo:LunaticRedEyes","Happy Flower","RuthlessExorcism:ReiMu","Orichalcum","Shuriken","Boot","Membership Card","StoneCalendar","Sozu","Juzu Bracelet","Oddly Smooth Stone","AntiCross","Mastiff:ReiMu","Black Star","Bag of Preparation","Bronze Scales","Toy Ornithopter","Gremlin Horn","FairyMaid","TypeBBloodRedTea","MawBank"],"acts_visited":["Exordium","Gensokyo:Gensokyo","Gensokyo:Gensokyoer"],"potions_floor_usage":[],"damage_taken":[{"damage":0.0,"enemies":"Gensokyo:3_Fairies","floor":1.0,"turns":3.0},{"damage":4,"enemies":"Gensokyo:Python","floor":5,"turns":4},{"damage":74,"enemies":"Gensokyo:Aya","floor":11,"turns":9},{"damage":11,"enemies":"Gensokyo:2_Kodama","floor":14,"turns":2},{"damage":76,"enemies":"Gensokyo:Reimu","floor":16,"turns":7},{"damage":38,"enemies":"Gensokyo:CosmicMonolith","floor":18,"turns":3},{"damage":38,"enemies":"Gensokyo:Chomper","floor":20,"turns":3},{"damage":53,"enemies":"Gensokyo:Wraith","floor":24,"turns":3},{"damage":96,"enemies":"Gensokyo:Mirror_and_Dog","floor":27,"turns":4},{"damage":38,"enemies":"Gensokyo:Tenshi","floor":28,"turns":2},{"damage":43,"enemies":"Gensokyo:Slime_Group","floor":29,"turns":2},{"damage":38,"enemies":"Gensokyo:3_Gloops","floor":31,"turns":3},{"damage":133,"enemies":"Gensokyo:Eiki","floor":33,"turns":4},{"damage":38,"enemies":"Gensokyo:3_Boulders","floor":35,"turns":2},{"damage":95,"enemies":"Gensokyo:AncientGuardian","floor":36,"turns":4},{"damage":102,"enemies":"Gensokyo:Dusk_and_Dawn","floor":39,"turns":4},{"damage":76,"enemies":"Gensokyo:Marisa","floor":40,"turns":3},{"damage":37,"enemies":"Gensokyo:3_Boulders","floor":44,"turns":2},{"damage":42,"enemies":"Gensokyo:Doremy","floor":45,"turns":4},{"damage":78,"enemies":"Gensokyo:SeedOfUnknown","floor":47,"turns":3},{"damage":58,"enemies":"Gensokyo:Rafflesia","floor":48,"turns":3},{"damage":97,"enemies":"Gensokyo:Yuyuko","floor":50,"turns":4}],"seed_played":"7997924874184026882","potions_obtained":[{"floor":1.0,"key":"Dexterity Potion"},{"floor":14,"key":"GrandPatriotsElixir:ReiMu"}],"is_trial":false,"path_per_floor":["M","?","$","?","M","R","?","R","T","?","E","?","$","M","R","B",null,"M","?","M","?","$","R","M","R","T","M","E","M","COS","M","R","B",null,"M","M","COS","?","M","E","R","?","T","M","E","R","M","M","R","B",null],"character_chosen":"REMILIA","items_purchased":["EmergencyRegeneration","Medical Kit","HeartBreak","MillenniumVampire","Boot","Membership Card","StoneCalendar","TwelveNightmare","UnstableMagic","MiserableFate"],"campfire_rested":0,"item_purchase_floors":[3,3,13,13,13,13,13,13,13,22],"current_hp_per_floor":[75,75,75,75,71,71,71,71,71,71,22,22,22,11,11,12,75,75,75,75,75,75,75,75,75,75,75,75,75,75,75,75,75,75,75,75,75,75,75,75,75,64,64,64,64,64,75,75,75,75],"gold":438,"neow_bonus":"TRANSFORM_CARD","is_daily":false,"chose_seed":false,"campfire_upgraded":9,"win_rate":0.0,"timestamp":1609077234,"path_taken":["M","?","$","?","M","R","?","R","T","?","E","?","$","M","R","BOSS","M","?","?","?","$","R","M","R","T","M","E","M","COS","M","R","BOSS","M","M","COS","?","M","E","R","?","T","M","E","R","M","M","R","BOSS"],"items_purchased_type":["Card","Relic","Card","Card","Relic","Relic","Relic","Card","Card","Card"],"build_version":"2020-12-22","purchased_purges":3,"victory":true,"max_hp_per_floor":[75,75,75,75,75,75,75,75,75,75,75,75,75,75,75,75,75,75,75,75,75,75,75,75,75,75,75,75,75,75,75,75,75,75,75,75,75,75,75,75,75,75,75,75,75,75,75,75,75,75],"card_choices":[{"not_picked":["UnderTheZenith","Stigmanizer"],"picked":"ForbiddenFruit","floor":1.0},{"not_picked":["DiffusionOfMisfortune","StarOfDavid"],"picked":"BloodyMagicSquare","floor":5},{"not_picked":["BadLadyScramble","RedMagic"],"picked":"Septette","floor":11},{"not_picked":["TwelveNightmare","DiffusionOfMisfortune"],"picked":"NightDance","floor":14},{"not_picked":["TransientEternity","BloodyHallows"],"picked":"QueenOfMidnight","floor":16},{"not_picked":["RedRainbow","CharismaGuard"],"picked":"BombardNight","floor":18},{"not_picked":["DiffusionOfMisfortune","NightLord+1"],"picked":"BlasphemousPunishment+1","floor":20},{"not_picked":["BloodHunter","ChainGang"],"picked":"Ultimatum","floor":24},{"not_picked":["FavorOfDestiny","Stigmanizer"],"picked":"BlasphemousPunishment","floor":27},{"not_picked":["FavorOfDestiny","NightLord+1"],"picked":"DemonKingCradle","floor":27},{"not_picked":["MillenniumVampire","DiffusionOfMisfortune"],"picked":"SuperhumanBloodyKnife","floor":28},{"not_picked":["SuperhumanBloodyKnife","UnderTheZenith+1"],"picked":"LeisurelyOfLord","floor":29},{"not_picked":["UnstableMagic","CharismaGuard","RedRainbow"],"picked":"SKIP","floor":31},{"not_picked":["HellCatastrophe","HeartBreak"],"picked":"DemonKingCradle","floor":33},{"not_picked":["BloodHunter+1","DiffusionOfMisfortune+1"],"picked":"Stigmanizer+1","floor":35},{"not_picked":["ScarletDevil+1","BloodHunter+1"],"picked":"ScarletDream+1","floor":36},{"not_picked":["BlasphemousPunishment","CharismaGuard+1"],"picked":"MastersStateliness","floor":39},{"not_picked":["BombardNight+1","ScarletDevil"],"picked":"EmergencyRegeneration+1","floor":40},{"not_picked":["TwelveNightmare+1","AfternoonTea+1","BlasphemousPunishment+1"],"picked":"SKIP","floor":44},{"not_picked":["BloodyTrap+1","VampireKiss+1","ScarletGensokyo+1"],"picked":"SKIP","floor":45},{"not_picked":["NightDance+1","SuperhumanBloodyKnife+1"],"picked":"RedNightlessCastle","floor":47},{"not_picked":["UltimateOffering","LeisurelyOfLord"],"picked":"BombardNight+1","floor":47},{"not_picked":["MastersStateliness","VampireSweep"],"picked":"ScarletImprint+1","floor":48}],"player_experience":29756,"relics_obtained":[{"floor":9,"key":"RuthlessExorcism:ReiMu"},{"floor":9,"key":"Orichalcum"},{"floor":11,"key":"Shuriken"},{"floor":26,"key":"Juzu Bracelet"},{"floor":26,"key":"Oddly Smooth Stone"},{"floor":28,"key":"AntiCross"},{"floor":40,"key":"Bag of Preparation"},{"floor":40,"key":"Bronze Scales"},{"floor":43,"key":"Toy Ornithopter"},{"floor":45,"key":"TypeBBloodRedTea"},{"floor":45,"key":"MawBank"}],"event_choices":[],"is_beta":false,"boss_relics":[{"not_picked":["Busted Crown","Runic Dome"],"picked":"Sozu"},{"not_picked":["Astrolabe","SlaversCollar"],"picked":"Black Star"}],"items_purged_floors":[3,13,22],"is_endless":false,"potions_floor_spawned":[1,14,20,27,31,36,39,44],"ascension_level":0}}