{"host":"j019w4cyowrad0mf","time":1609043286,"event":{"mods":["2.2 Compatiblity","Act Like it!","BaseMod","CapriCore","Gensokyo","HololiveMod","Marisa????????","Minty Spire (QoL Compilation)","Reimu??????","StSLib","Waifu the Spire","WarShipGirlsR/????R mod"],"gold_per_floor":[114,114,114,114,44,72,127,160,209,209,225,225,158,188,188,283,283,450,410,425,525,544,571,590,590,590,218,218,218,218,229,229,327,327,342,362,362,362,376,376,376,376,376,396,396,413,427,445,445,445,445,445,192,220,220],"floor_reached":56,"playtime":5151,"items_purged":["rmod:strick","rmod:circuitoustactics+1"],"score":1358,"play_id":"9dc98db0-0820-4f3f-a094-c377f3ce5adf","local_time":"20201226202806","is_ascension_mode":false,"campfire_choices":[{"data":"rmod:ammunitionsupply","floor":10.0,"key":"SMITH"},{"data":"rmod:tearstotiara","floor":12.0,"key":"SMITH"},{"data":"rmod:expeditionaryescort","floor":15.0,"key":"SMITH"},{"data":"rmod:defend","floor":30.0,"key":"PURGE"},{"data":"rmod:defend","floor":32.0,"key":"PURGE"},{"data":"rmod:defend","floor":40.0,"key":"PURGE"},{"data":"rmod:strick","floor":45.0,"key":"PURGE"},{"floor":49.0,"key":"RECALL"},{"data":"rmod:secretscript","floor":52.0,"key":"PURGE"}],"circlet_count":0,"master_deck":["rmod:defend+1","rmod:basicallowance+1","rmod:intelligenceanalysis+1","rmod:ammunitionsupply+1","rmod:firesupport+1","rmod:tearstotiara+1","rmod:fuelsupply+1","rmod:expeditionaryescort+1","rmod:expeditionaryescort+1","CurseOfTheBell","rmod:steelsupply","rmod:royalracing","rmod:aluminumsupply","rmod:lastglory+1","rmod:goodfighter+1","Gensokyo:FourOfAKind","Gensokyo:FourOfAKind","Gensokyo:FourOfAKind","Gensokyo:FourOfAKind","rmod:tearstotiara+1","rmod:supriseattacks","rmod:diamondstrike+1","rmod:tearstotiara+1","rmod:firesupport+1","rmod:maintain","rmod:steelsupply+1","rmod:chargemoney+1"],"relics":["Gensokyo:Mercy","Gremlin Horn","Hololive_LightStick","Meat on the Bone","Anchor","Tiny Chest","Calling Bell","Boot","CrazyTorch:ReiMu","CaptainsWheel","Lizard Tail","Shovel","Molten Egg 2","Pen Nib","Sling","Peace Pipe","Du-Vu Doll","rmod:mogul","Ornamental Fan","Whetstone","TheAbacus","Blood Vial"],"acts_visited":["Exordium","Gensokyo:Gensokyo","Gensokyo:Gensokyoer","TheEnding"],"potions_floor_usage":[55],"damage_taken":[{"damage":5.0,"enemies":"Gensokyo:2_Kodama","floor":1.0,"turns":4.0},{"damage":0.0,"enemies":"Gensokyo:Cirno","floor":6.0,"turns":5.0},{"damage":0.0,"enemies":"Gensokyo:Mamizou","floor":8.0,"turns":5.0},{"damage":0.0,"enemies":"Gensokyo:Gryphon","floor":11.0,"turns":2.0},{"damage":0.0,"enemies":"Gensokyo:Cirno","floor":14.0,"turns":4.0},{"damage":0.0,"enemies":"Gensokyo:Reimu","floor":16.0,"turns":9.0},{"damage":0.0,"enemies":"Gensokyo:Chomper","floor":18.0,"turns":3.0},{"damage":0.0,"enemies":"Gensokyo:3_Dogs","floor":20.0,"turns":4.0},{"damage":3.0,"enemies":"Gensokyo:3_Dogs","floor":21.0,"turns":6.0},{"damage":3.0,"enemies":"Gensokyo:Slime_Group","floor":22.0,"turns":4.0},{"damage":13.0,"enemies":"Gensokyo:Reisen","floor":23.0,"turns":6.0},{"damage":0.0,"enemies":"Gensokyo:Swordslinger","floor":24.0,"turns":7.0},{"damage":0.0,"enemies":"Gensokyo:3_Gloops","floor":31.0,"turns":3.0},{"damage":2.0,"enemies":"Gensokyo:Kaguya","floor":33.0,"turns":9.0},{"damage":0.0,"enemies":"Gensokyo:3_Boulders","floor":35.0,"turns":2.0},{"damage":4.0,"enemies":"Gensokyo:AncientGuardian","floor":36.0,"turns":5.0},{"damage":8.0,"enemies":"Gensokyo:SeedOfUnknown","floor":39.0,"turns":5.0},{"damage":0.0,"enemies":"Gensokyo:Sharpion","floor":44.0,"turns":3.0},{"damage":0.0,"enemies":"Gensokyo:4_Bats","floor":46.0,"turns":1.0},{"damage":9.0,"enemies":"Gensokyo:Rafflesia","floor":47.0,"turns":3.0},{"damage":0.0,"enemies":"Gensokyo:SeedOfUnknown","floor":48.0,"turns":5.0},{"damage":0.0,"enemies":"Gensokyo:Scarlet_Devils","floor":50.0,"turns":6.0},{"damage":4.0,"enemies":"Shield and Spear","floor":54.0,"turns":4.0},{"damage":95,"enemies":"The Heart","floor":55,"turns":9}],"seed_played":"6216022499441251289","potions_obtained":[{"floor":1.0,"key":"ZuzhouPotion:ReiMu"},{"floor":8.0,"key":"Ancient Potion"},{"floor":11.0,"key":"AttackPotion"},{"floor":23.0,"key":"Regen Potion"},{"floor":36.0,"key":"Energy Potion"},{"floor":48.0,"key":"AttackPotion"}],"is_trial":false,"path_per_floor":["M","?","?","?","?","E","T","E","T","R","M","R","COS","E","R","B",null,"M","?","M","?","M","E","M","?","T","$","T","?","R","M","R","B",null,"M","M","?","T","M","R","?","?","T","M","R","M","M","M","R","B",null,"R","$","E","B",null],"character_chosen":"PRAEFECT","items_purchased":["Pen Nib","Sling","TheAbacus"],"campfire_rested":0,"item_purchase_floors":[27,27,53],"current_hp_per_floor":[70,70,70,70,70,70,70,70,70,70,70,70,70,70,70,70,75,75,75,75,72,69,56,56,53,53,53,53,49,49,49,49,47,49,49,45,45,45,37,37,37,37,37,46,46,46,37,37,37,37,49,49,49,45,36],"gold":220,"neow_bonus":"REMOVE_CARD","is_daily":false,"chose_seed":false,"campfire_upgraded":3,"win_rate":0.0,"timestamp":1609043286,"path_taken":["M","?","?","?","?","E","?","E","T","R","?","R","COS","E","R","BOSS","M","?","M","?","M","E","M","?","T","$","?","?","R","?","R","BOSS","M","M","?","?","M","R","?","?","T","M","R","M","?","M","R","BOSS","R","$","E","BOSS"],"items_purchased_type":["Relic","Relic","Relic"],"build_version":"2020-12-22","purchased_purges":2,"victory":true,"max_hp_per_floor":[75,75,75,75,75,75,75,75,75,75,75,75,75,75,75,75,75,75,75,75,75,75,75,75,53,53,53,53,49,49,49,49,49,49,49,49,49,49,49,49,49,49,49,49,49,49,49,49,49,49,49,49,49,49,49],"card_choices":[{"not_picked":["rmod:smokecover","rmod:fuelsupply"],"picked":"rmod:intelligenceanalysis","floor":1.0},{"not_picked":["rmod:auspiciousomen","rmod:intelligenceanalysis"],"picked":"rmod:ammunitionsupply","floor":6.0},{"not_picked":["rmod:intelligenceanalysis","rmod:ammunitionsupply"],"picked":"rmod:firesupport","floor":8.0},{"not_picked":["rmod:combined","rmod:circuitoustactics"],"picked":"rmod:tearstotiara","floor":11.0},{"not_picked":["rmod:steelsupply+1","rmod:sl+1"],"picked":"rmod:fuelsupply+1","floor":14.0},{"not_picked":["rmod:smokecover","rmod:diamondstrike"],"picked":"rmod:expeditionaryescort","floor":14.0},{"not_picked":["rmod:seals","rmod:desperatesituation"],"picked":"rmod:expeditionaryescort","floor":16.0},{"not_picked":["rmod:aggressivemary","rmod:wasp"],"picked":"rmod:steelsupply","floor":18.0},{"not_picked":["rmod:fuelsupply","rmod:wolves"],"picked":"rmod:royalracing","floor":20.0},{"not_picked":["rmod:highspeedshooting","rmod:diamondstrike"],"picked":"rmod:aluminumsupply","floor":21.0},{"not_picked":["rmod:diamondstrike","rmod:fletcherpendant"],"picked":"rmod:lastglory","floor":22.0},{"not_picked":["rmod:unsinkable+1","rmod:combined+1","rmod:supportescort+1"],"picked":"SKIP","floor":23.0},{"not_picked":["rmod:unsinkable","rmod:salvage+1"],"picked":"rmod:goodfighter+1","floor":24.0},{"not_picked":["rmod:unsinkable+1","rmod:combined+1"],"picked":"rmod:tearstotiara+1","floor":31.0},{"not_picked":["rmod:acesubmarine+1","rmod:auspiciousomen"],"picked":"rmod:supriseattacks","floor":33.0},{"not_picked":["rmod:salvage+1","rmod:highspeedshooting+1"],"picked":"rmod:diamondstrike+1","floor":35.0},{"not_picked":["rmod:wolves+1","rmod:aluminumsupply+1"],"picked":"rmod:tearstotiara+1","floor":36.0},{"not_picked":["rmod:openingtorpedo+1","rmod:salvage+1","rmod:fletcherpendant+1"],"picked":"SKIP","floor":39.0},{"not_picked":["rmod:intelligenceanalysis+1","rmod:combined+1"],"picked":"rmod:circuitoustactics+1","floor":44.0},{"not_picked":["rmod:unsinkable","rmod:expedition+1"],"picked":"rmod:firesupport+1","floor":46.0},{"not_picked":["rmod:intelligenceanalysis+1","rmod:tearstotiara+1"],"picked":"rmod:maintain","floor":47.0},{"not_picked":["rmod:highspeedshooting+1","rmod:intelligenceanalysis+1"],"picked":"rmod:steelsupply+1","floor":48.0},{"not_picked":["rmod:fletcher+1","rmod:fletcherpendant+1"],"picked":"rmod:chargemoney+1","floor":54.0}],"player_experience":314869,"relics_obtained":[{"floor":6.0,"key":"Gremlin Horn"},{"floor":7.0,"key":"Hololive_LightStick"},{"floor":8.0,"key":"Meat on the Bone"},{"floor":9.0,"key":"Anchor"},{"floor":14.0,"key":"Tiny Chest"},{"floor":17.0,"key":"Boot"},{"floor":17.0,"key":"CrazyTorch:ReiMu"},{"floor":17.0,"key":"CaptainsWheel"},{"floor":21.0,"key":"Lizard Tail"},{"floor":21.0,"key":"Shovel"},{"floor":23.0,"key":"Molten Egg 2"},{"floor":28.0,"key":"Peace Pipe"},{"floor":38.0,"key":"Ornamental Fan"},{"floor":43.0,"key":"Whetstone"},{"floor":54.0,"key":"Blood Vial"}],"event_choices":[],"is_beta":false,"boss_relics":[{"not_picked":["Coffee Dripper","Runic Dome"],"picked":"Calling Bell"},{"not_picked":["RedLine:ReiMu","Philosopher\u0027s Stone"],"picked":"rmod:mogul"}],"items_purged_floors":[27,53],"is_endless":false,"potions_floor_spawned":[1,8,11,23,24,36,39,48],"ascension_level":0}}